1941 3052
218 144 265 170 658
788 144 829 169 38.

217 218 298 242 tetur.
317 213 389 239 illum
402 213 453 239 sibi
465 212 610 239 officiosam
623 213 788 247 provinciam
799 212 968 248 depoposcit.
983 217 1011 239 ut
1030 214 1033 232 l

214 259 276 277 cum
295 251 377 285 prima
396 250 452 276 lnce
467 250 603 276 consulem
625 250 769 276 salutatum
792 251 906 281 veniret,
929 250 1012 276 intro·
1030 268 1032 277 .

217 289 318 314 missus
331 297 388 313 meo
401 296 471 313 ruore
483 292 507 313 et
521 288 576 312 iure
587 288 732 316 amicitiae,
750 296 791 312 me
803 287 829 313 in
842 296 901 313 meo
914 286 1011 313 lectulo

216 363 282 388 rim«-
293 362 453 387 cnniuratio:
467 361 670 395 ‹piumCatilina
683 361 852 396 egrederetur
864 361 896 387 ad
907 362 1010 388 exerci-
1030 391 1032 395 .

1031 400 1032 409 ¹
1062 403 1151 425 contra
1164 400 1275 433 patriam
1286 400 1490 434 suscipiendum
1506 400 1628 435 putaret?
1647 402 1726 428 cuius
1736 410 1780 428 aes
1791 401 1858 429 slie-

216 404 286 425 tum:
312 398 439 425 Lentulus
453 399 477 424 in
492 398 559 424 Urbe
572 397 782 432 relinqueretur:
796 398 906 425 Cassius
919 399 1010 426 incen-

215 437 281 465 diis,
299 436 431 470 Cethegus
442 435 515 461 caedi
529 440 747 469 praeponeretur:
770 436 913 466 Autronio,
927 441 956 462 ut
966 445 1010 463 oc-

214 482 281 508 cupa
288 478 325 499 ret
337 473 478 502 Etruriam,
492 473 728 506 praescriberetur:
741 481 826 508 quum
839 473 927 500 omnia
938 473 1011 500 ordi-

216 515 353 539 :mn-ntur,
372 510 588 540 instituerentur,
607 515 774 544 pararentur:
798 511 844 536 ubi
862 510 912 537 suit
923 510 1008 542 Sulla,

214 547 338 573 Corneli?
349 548 417 573 Num
431 546 545 573 Itomae?
557 547 639 574 immo
651 547 727 583 longe
739 547 834 574 abluit.
855 548 925 574 Num
937 549 964 575 in
977 548 1010 574 iis

214 584 382 618 regionibus,
405 593 459 619 quo
479 593 508 610 se
523 584 635 611 Catilina
657 584 806 612 inferebat?
826 585 911 612 multo
930 585 1009 612 etiam

215 622 330 657 longius.
363 622 432 648 Num
445 622 471 648 in
483 630 546 657 agro
557 622 680 653 Camerti,
694 622 798 653 Piceno,
812 622 928 655 Gallico;
941 631 1010 658 quas

213 668 271 685 oras
288 659 403 685 maxime
419 659 496 694 quasi
509 659 618 686 morbus
628 659 738 694 quidam
750 660 825 687 illius
839 659 937 687 suroris
950 669 1010 695 per-

215 696 334 723 vaserat?
355 696 421 723 nihil
436 705 496 723 vero
508 696 612 723 minus:
631 697 681 723 l'uit
692 697 777 728 enim,
792 698 885 724 utiam
897 703 956 724 ante
967 697 1010 724 di-

215 735 253 764 xi,
272 733 397 769 Neapoli:
420 733 471 760 suit
482 735 508 760 in
521 743 550 760 ea
563 739 634 769 parte
646 734 748 766 ltaliae,
766 744 835 770 quae
851 735 968 762 maxime
979 744 1008 761 ea

212 772 366 806 suspicione
378 772 471 798 caruit.
504 772 545 798 515.
558 772 628 804 Quid
640 781 702 807 ergo
714 772 821 804 indicat,
835 777 881 799 aut
891 772 957 808 quid
969 772 1010 799 as·
1030 773 1031 787 ³

213 809 262 835 fert
274 813 318 835 aut
334 810 391 844 ipse
404 808 556 840 Cornelius,
574 814 619 836 aut
636 819 696 840 vos,
713 810 760 845 qui
772 810 805 836 ab
816 818 847 836 co
858 810 922 837 haec
934 819 1009 837 man·
1030 814 1031 839 ἶ

211 846 410 873 ‹lata‹lel'ertis‘?
430 846 596 873 Gladiatores
612 852 715 881 emptos
727 855 799 878 esse,
819 847 910 874 Fausti
921 848 1009 874 simu·
1028 857 1031 880 ζ

213 884 322 915 latione,
336 883 368 910 ad
379 883 486 910 caedem
499 893 528 910 ac
541 884 696 910 tumultum.
737 885 773 911 ltu
785 893 908 919 prorsus:
926 886 1008 911 inter-

212 921 291 957 positi
307 926 370 948 sunt
384 921 557 957 gladiatores,
580 930 648 956 quos
664 926 822 948 testamento
839 923 921 957 patris
933 922 1008 949 vide-

210 963 273 986 mus
284 958 385 985 deberi.

211 997 347 1028 termissa,
366 1000 456 1031 posset
471 996 521 1023 alia
538 996 638 1023 familia
650 997 740 1023 Fausti
758 1006 858 1024 munus
870 998 1006 1032 praebere.

211 1034 317 1061 Utinam
332 1034 444 1069 quidem
459 1033 524 1060 haec
539 1035 597 1069 ipsa
613 1042 665 1061 non
681 1034 760 1061 modo
770 1035 925 1069 iniquorum
937 1035 1008 1061 invi-

210 1071 284 1103 diae,
306 1071 353 1098 sed
368 1075 394 1098 et
408 1080 554 1106 aequorum
571 1072 762 1106 exspectationi
777 1072 930 1099 satisfacere
945 1081 1008 1107 pos-

209 1109 264 1136 set!
294 1109 467 1144 Properatum
488 1109 672 1140 vehementer,
695 1118 780 1145 quum
803 1109 880 1145 longe
901 1114 1007 1145 tempus

210 1147 330 1173 muneris
345 1146 459 1173 abesset.
500 1146 581 1178 Quasi
598 1155 661 1173 vero
676 1151 783 1182 tempus
794 1146 875 1173 dandi
887 1148 1007 1173 muneris

210 1192 262 1211 non
292 1183 368 1210 valde
396 1184 630 1219 appropinquaret.

209 1229 295 1256 quum
308 1222 330 1248 is
343 1229 429 1256 neque
440 1222 533 1252 sciret,
552 1230 638 1256 neque
653 1221 744 1253 vellet,
763 1221 864 1248 familia
879 1227 919 1248 est
933 1231 1007 1249 com-

210 1263 309 1293 parata.
350 1260 392 1285 55.
406 1259 439 1285 At
450 1258 551 1285 litterae
562 1264 626 1285 sunt
637 1259 737 1289 Fausti,
752 1267 798 1294 per
809 1268 877 1295 quas
888 1259 934 1286 ille
946 1268 1007 1295 pre-

209 1296 287 1322 cibus
298 1305 311 1322 a
323 1295 352 1322 P.
366 1295 441 1322 Sulla
452 1296 531 1331 petit,
551 1301 580 1322 ut
595 1301 665 1323 emat
679 1296 854 1332 gladiatores,
872 1301 898 1324 et
913 1301 942 1323 ut
957 1297 1006 1324 hos

671 1184 726 1210 Nec
748 1184 873 1219 opinante
897 1185 1004 1216 Fausto,
1028 1203 1029 1206 ,

426 958 535 993 Arrepta
551 964 591 985 est
604 959 717 986 familia:
735 968 804 994 quae
815 960 838 986 si
850 964 921 986 esset
932 968 1008 995 prae-
1028 974 1030 978 ·

209 1334 282 1368 ipsos
294 1338 376 1366 emat3
391 1342 478 1368 neque
489 1333 578 1360 solum
590 1334 622 1360 ad
634 1334 737 1360 Sullam
750 1335 857 1366 missae,
871 1334 919 1361 sed
931 1334 964 1361 ad
974 1335 1004 1361 L.
1028 1352 1029 1356 ,

209 1371 362 1401 Caesarem,
380 1370 412 1403 Q.
424 1371 597 1406 Pompeium,
611 1371 638 1398 C.
651 1372 823 1398 Memmium:
845 1380 961 1407 quorum
973 1371 1006 1399 de

208 1409 338 1435 sententia
350 1412 402 1434 tota
414 1417 456 1434 res
466 1413 540 1444 gesta
552 1413 602 1435 est.
643 1410 675 1435 At
687 1408 802 1444 praefuit
814 1409 931 1436 familiae
942 1409 1006 1436 Cor-

209 1445 306 1472 nelius.
323 1446 376 1472 Iani
388 1446 410 1472 si
424 1446 450 1472 in
462 1445 638 1480 comparanda
649 1446 750 1473 familia
761 1447 882 1482 suspicio
891 1452 932 1474 est
943 1447 1006 1473 nul-

209 1482 246 1509 la:
269 1483 342 1518 quod
353 1483 482 1518 praefuit,
496 1483 562 1510 nihil
575 1483 607 1510 ad
619 1492 675 1510 rem
687 1484 811 1519 pertinet.
851 1484 904 1511 Sed
916 1489 1005 1511 tamen

208 1529 318 1547 munere
334 1520 425 1547 servili
442 1520 540 1547 obtulit
552 1529 582 1547 se
593 1521 625 1547 ad
637 1521 794 1548 ferramenta
807 1521 1003 1557 prospicienda.

208 1558 324 1585 Praesuit
335 1566 398 1585 vero
409 1567 572 1593 numquam3
592 1567 676 1594 eaque
688 1567 729 1585 res
741 1567 788 1594 per
798 1559 916 1591 Bellum,
935 1559 1006 1586 Fau-

207 1596 241 1622 sti
253 1595 388 1627 libertum,
402 1596 474 1622 omni
486 1600 604 1630 tempore
615 1596 798 1623 administrata
809 1601 857 1623 est.

262 1633 325 1659 XX.
343 1635 385 1660 56.
408 1633 441 1660 At
456 1634 527 1660 enim
540 1633 635 1660 Sittius
651 1638 692 1660 est
707 1634 740 1660 ab
750 1634 838 1661 hocin
850 1633 1004 1661 ulteriorem

207 1670 362 1705 Hispaniam
383 1671 498 1702 missus,
520 1675 551 1697 ut
565 1679 623 1697 eam
639 1671 804 1705 provinciam
825 1671 1002 1706 perturbaret.

207 1708 327 1734 Primum
339 1707 447 1739 Sittius,
464 1707 581 1739 iudices,
595 1708 625 1735 L.
638 1708 719 1739 Iulio,
737 1708 766 1735 C.
779 1708 875 1744 Figulo
884 1708 1004 1735 consuli—

207 1745 259 1771 bus
275 1744 409 1780 profectus
423 1749 463 1771 est
478 1745 615 1780 aliquanto
630 1750 690 1772 ante
705 1745 822 1772 furorem
835 1746 963 1773 Catilinae
978 1750 1005 1773 et

207 1787 267 1809 ante
278 1783 460 1817 suspicionem
472 1782 554 1809 huius
565 1783 770 1810 coniurationis:
783 1782 880 1810 deinde
891 1788 931 1810 est
942 1792 1004 1818 pro-

207 1819 292 1846 fectus
309 1828 360 1846 non
377 1824 433 1846 tum
449 1820 580 1854 primum,
603 1819 651 1846 sed
666 1828 751 1855 quum
772 1821 800 1847 in
821 1820 917 1847 iisdem
939 1820 1003 1847 locis

207 1857 344 1892 aliquanto
359 1861 419 1883 ante
433 1857 526 1883 eadem
537 1857 570 1883 de
581 1866 675 1884 caussa
687 1857 789 1892 aliquot
800 1866 883 1884 annos
895 1857 1000 1885 fuisset.

206 1894 243 1921 Ac
255 1893 388 1929 profectus
399 1898 439 1920 est
450 1903 502 1921 non
514 1894 592 1921 modo
602 1894 636 1922 ob
651 1903 774 1921 caussam
783 1916 789 1926 ,
806 1895 853 1922 sed
864 1896 944 1922 etiam
955 1904 1003 1922 ne-

205 1932 349 1958 cessariam
364 1940 501 1963 caussam,
524 1940 620 1967 magna
636 1933 736 1959 ratione
750 1941 813 1959 eum
828 1933 1003 1959 Mauritaniae

207 1977 268 2005 rege
279 1973 420 1995 contracta.
460 1969 527 1995 Tum
540 1974 628 1996 autem
637 1990 643 2000 ,
656 1969 702 1996 illo
714 1969 840 2005 profecto,
854 1970 929 1997 Sulla
941 1979 1003 2005 pro-

206 2010 315 2033 curante
325 2007 384 2032 eius
395 2015 451 2032 rem
463 2010 488 2033 et
498 2011 619 2042 gerente,
638 2006 763 2041 plurimis
774 2012 800 2034 et
810 2007 1002 2042 pulcherrimis

205 2044 234 2070 P.
248 2043 318 2070 Sittii
335 2043 450 2079 praediis
467 2044 597 2075 venditis,
615 2052 659 2071 aes
674 2043 792 2071 alienum
809 2045 930 2072 eiusdem
946 2045 1003 2072 dis·
1022 2045 1024 2059 ³

205 2081 324 2108 solutum
336 2086 389 2108 est:
403 2086 441 2112 ut,
454 2090 522 2116 quae
533 2090 628 2108 caussa
640 2086 740 2109 ceteros
751 2082 785 2109 ad
796 2081 900 2109 facinus
910 2083 1003 2118 impu-

206 2118 248 2149 lit,
271 2118 404 2153 cupiditas
425 2119 578 2145 retinendae
592 2120 784 2154 possessionis,
807 2128 836 2146 ea
852 2120 929 2147 Sittio
949 2129 1002 2147 non

206 2155 294 2186 suerit,
308 2156 424 2191 praediis
435 2156 593 2183 deminutis.
634 2157 676 2183 57.
699 2158 753 2183 lam
766 2165 827 2184 vero
838 2157 908 2184 illud
918 2166 1001 2193 quam

206 2193 378 2220 incredibile!
395 2202 477 2228 quam
488 2193 651 2220 absurdum!
673 2195 721 2229 qui
732 2195 830 2221 Romae
841 2195 950 2222 caedem
962 2195 1002 2221 fa-

205 2239 276 2262 cere,
289 2231 337 2266 qui
348 2231 417 2257 hanc
428 2231 522 2257 urbem
534 2230 698 2258 inflammare
709 2231 798 2263 vellet,
811 2240 874 2258 eum
885 2232 1002 2259 familia—

205 2268 344 2295 rissimum
359 2277 441 2295 suum
457 2268 591 2295 dimittere
606 2268 639 2295 ab
654 2277 684 2295 se
698 2273 724 2296 et
739 2269 881 2296 amandare
896 2271 924 2297 in
936 2269 1001 2297 ulti-

205 2314 261 2332 mas
273 2306 369 2332 terras!
392 2310 483 2332 utrum
495 2315 549 2341 quo
561 2306 667 2333 facilius
678 2307 777 2333 Romae
787 2315 826 2339 ea,
840 2315 909 2342 quae
920 2316 1001 2334 cona-

204 2343 289 2374 batur,
303 2343 427 2375 efiiceret,
435 2344 457 2369 si
468 2344 496 2370 in
507 2344 634 2379 Hispania
646 2344 782 2371 turbatum
793 2344 882 2371 esset?
891 2345 925 2372 At
936 2345 1001 2371 haec

203 2380 261 2415 ipsa
277 2389 324 2415 per
338 2389 367 2407 se
382 2381 441 2407 sine
456 2380 511 2407 ulla
526 2381 712 2408 coniunctione
723 2382 880 2417 agebantur.
919 2383 960 2409 An
971 2382 1000 2409 in

203 2418 283 2444 tantis
294 2418 385 2449 rebus,
399 2423 452 2444 tam
464 2419 541 2445 novis
552 2418 681 2451 consiliis,
698 2423 751 2446 tam
764 2419 931 2454 periculosis,
945 2424 999 2446 tam

204 2454 366 2481 turbulentis
381 2455 518 2482 hominem
529 2456 748 2483 amantissimum
763 2457 821 2488 sui,
844 2456 1000 2483 familiaris—

203 2491 317 2522 simum,
330 2492 582 2519 coniunctissimum
593 2493 703 2524 officiis,
717 2502 779 2524 usu,
792 2494 996 2526 consuetudine,

203 2527 393 2555 dimittendum
409 2538 467 2556 esse
483 2529 673 2557 arbitraretur?
697 2531 757 2558 Veri
773 2531 863 2558 simile
877 2540 932 2558 non
946 2536 995 2563 est,

203 2570 241 2596 ut,
255 2574 336 2600 quem
347 2566 375 2592 in
386 2567 512 2593 secundis
523 2568 613 2599 rebus,
626 2576 708 2603 quem
719 2568 747 2594 in
758 2568 812 2595 otio
821 2577 915 2595 secum
926 2577 998 2596 sem-

203 2611 250 2637 per
270 2602 422 2633 habuisset.
446 2603 518 2630 hunc
537 2605 565 2631 in
586 2605 707 2631 adversis
727 2610 753 2632 et
772 2605 801 2632 in
821 2614 852 2632 eo
866 2605 995 2637 tumultu,

202 2648 283 2675 quem
295 2641 353 2675 ipse
363 2641 539 2674 comparabat,
553 2642 586 2668 ab
597 2650 626 2668 se
636 2642 792 2669 dimitteret.
823 2644 866 2669 58.
878 2643 938 2678 Ipse
948 2652 998 2670 au-

203 2682 255 2704 tem
265 2677 359 2705 Sittius
370 2678 433 2713 (non
444 2678 515 2705 enim
526 2679 593 2706 mihi
604 2679 750 2706 deserenda
761 2684 800 2706 est
811 2688 906 2707 caussa
917 2681 997 2708 amici

1030 305 1040 339 'l

216 325 367 351 trucidaret.
392 324 513 350 xtxstm.
528 325 580 349 lloct
592 329 812 358 tempore,quum
825 324 927 350 arderet
939 333 1011 350 acer·
1030 336 1032 346 ι

865 143 900 169 Μ,
934 143 965 169 T.
1001 142 1278 170 cicERONts

1063 213 1160 239 veteris
1175 218 1254 248 atque
1270 212 1393 248 hospitis)
1409 214 1431 240 is
1447 213 1526 241 homo
1540 218 1593 246 est,
1609 220 1656 242 aut
1669 222 1699 242 es
1715 213 1815 242 familia
1826 223 1857 243 sc

1061 250 1218 285 disciplina,
1237 255 1265 277 ut
1277 250 1326 277 hoc
1336 251 1407 277 credi
1419 252 1516 286 possit,
1534 261 1596 279 eum
1610 252 1712 279 bellum
1724 252 1858 287 reipubli-

1061 296 1107 313 cae
1118 286 1203 313 facere
1214 287 1352 314 voluisse?
1366 293 1404 318 ut.
1417 289 1495 315 cuius
1542 295 1589 320 ter,
1601 298 1687 324 quum
1698 290 1778 316 ceteri
1789 289 1858 316 deli-

1061 329 1152 351 cerent
1163 325 1268 351 tinitimi
1280 333 1310 351 ac
1323 325 1503 361 vicini,singu
1517 327 1553 353 ari
1565 327 1697 354 exstiterit
1708 328 1734 354 in
1747 335 1858 362 rempu-

1062 361 1159 388 blicam
1171 367 1288 388 nostram
1299 361 1388 389 olticio
1397 367 1423 389 et
1434 363 1499 393 lide,
1512 364 1536 390 is
1546 364 1598 391 sibi
1610 364 1741 391 nefarium
1753 364 1857 391 bellum

1062 445 1127 462 num
1140 436 1277 467 videmus,
1294 437 1410 467 iudices,
1428 446 1479 464 non
1496 436 1620 468 libidine.
1637 438 1685 465 scd
1701 439 1798 475 negotii
1809 447 1858 475 ge-

1062 473 1136 500 rendi
1152 474 1242 500 studio
1257 482 1315 500 esse
1330 479 1508 502 contractum:
1530 476 1578 510 qui
1595 476 1628 502 ita
1640 476 1737 503 Romae
1751 476 1855 508 debuit,

1063 515 1091 537 ut
1108 511 1133 537 in
1151 512 1296 545 provinciis
1312 517 1337 538 et
1352 512 1379 538 in
1391 512 1480 547 regnis
1492 513 1624 539 maximae
1634 513 1658 540 ei
1670 514 1798 548 pecuniae
1809 513 1858 540 de-

1062 548 1200 575 berentur:
1223 557 1291 583 quas
1306 557 1392 584 quum
1408 554 1520 584 peteret,
1538 558 1590 576 non
1605 550 1752 582 commisit.
1771 555 1800 578 ut
1811 551 1856 579 sui

1062 591 1243 620 procuratores
1258 587 1408 622 quidquam
1419 587 1507 614 oneris
1518 587 1627 614 absente
1638 596 1667 614 se
1677 589 1854 616 sustinerent:

1063 624 1152 649 venire
1163 632 1256 650 omnes
1267 632 1331 650 suas
1342 624 1539 659 possessiones,
1557 629 1583 651 et
1599 625 1758 660 patrimonio
1771 633 1801 653 se
1812 633 1857 653 or-

1062 661 1202 687 natissimo
1222 660 1330 696 spoliari
1352 661 1456 693 maluit.
1478 670 1561 697 quam
1582 661 1665 689 ullam
1681 671 1783 689 moram
1797 663 1857 690 cui·

1061 706 1142 733 quam
1155 698 1210 724 lieri
1223 698 1384 725 creditorum
1396 707 1518 726 suorum.
1541 700 1612 726 59.A
1623 708 1678 735 quo
1687 699 1798 735 quidem
1808 708 1857 736 ge-

1061 744 1136 766 nere,
1154 735 1272 766 iudices,
1289 744 1338 771 ego
1350 745 1499 771 numquam
1511 737 1598 768 timui,
1611 745 1697 772 quum
1709 738 1735 764 in
1747 736 1792 764 illa
1803 738 1857 764 rei-

1060 772 1184 808 publicae
1196 778 1351 808 tempestate
1363 782 1492 801 versarer.
1525 773 1595 801 lllud
1606 779 1661 801 erat
1670 783 1757 810 genus
1768 774 1857 802 homi-

1060 818 1126 836 num
1142 810 1270 837 horribile
1285 816 1310 837 et
1325 811 1584 846 pertimescendum,
1605 812 1654 847 qui
1675 816 1747 839 tanto
1766 819 1856 839 amore

1059 856 1123 874 suas
1135 849 1318 882 possessiones
1329 848 1447 883 amplexi
1463 849 1600 880 tenebant,
1619 854 1647 875 ut
1663 848 1696 875 ab
1712 849 1755 876 his
1770 857 1856 876 mem-

1059 885 1106 911 bra
1126 884 1219 912 divelli
1234 886 1314 912 citius
1329 894 1359 912 ac
1373 886 1486 913 distrahi
1508 895 1587 922 posse
1606 886 1718 913 diceres.
1758 886 1855 913 Sittius

1059 930 1208 958 numquam
1224 923 1277 950 sibi
1292 924 1476 959 cognationem
1490 933 1552 950 cum
1564 923 1681 959 praediis
1691 932 1751 950 esse
1761 924 1856 951 existi-

1059 960 1143 986 mavit
1157 960 1225 987 suis.
1264 961 1356 996 Itaque
1370 969 1400 988 se
1415 970 1468 988 non
1483 961 1562 988 modo
1577 970 1611 988 ex
1623 961 1778 996 suspicione
1790 961 1855 988 tanti

1058 996 1176 1029 sceleris,
1190 1006 1282 1025 verum
1294 999 1373 1025 etiam
1385 1007 1418 1025 ex
1427 999 1500 1026 omni
1513 999 1652 1025 hominum
1663 1007 1794 1030 sermone,
1802 1006 1855 1026 non

1029 1038 1030 1044 ¹
1059 1035 1150 1065 armis,
1165 1035 1211 1061 sed
1224 1036 1383 1070 patrimonio
1393 1045 1443 1063 suo
1454 1036 1610 1063 vindicavit.

1114 1071 1188 1099 XXI.
1202 1075 1244 1099 60.
1260 1074 1312 1100 Iam
1325 1082 1396 1104 vero,
1409 1073 1482 1109 quod
1493 1073 1611 1104 subiicit,
1624 1073 1801 1108 Pompeianos
1811 1080 1856 1100 es-

1058 1117 1088 1136 se
1102 1118 1116 1136 a
1127 1109 1202 1136 Sulla
1218 1110 1364 1145 impulsos,
1382 1115 1412 1138 ut
1426 1111 1459 1137 ad
1474 1111 1552 1138 istam
1562 1111 1774 1138 coniurationem
1784 1115 1811 1137 et
1821 1109 1855 1137 ad

1058 1147 1108 1174 hoc
1119 1146 1251 1174 nefarium
1263 1147 1367 1175 facinus
1378 1148 1544 1175 accederent:
1558 1148 1585 1175 id
1595 1147 1748 1175 cuiusmodi
1760 1148 1804 1179 ait,
1812 1147 1856 1175 in-

1058 1184 1177 1220 telligere
1188 1193 1240 1211 non
1251 1193 1374 1220 possum.
1413 1186 1455 1213 An
1472 1186 1519 1213 tibi
1530 1186 1685 1220 Pompeiani
1700 1185 1855 1212 coniurasse

1057 1221 1202 1249 videntur?
1224 1222 1291 1255 Quis
1312 1223 1362 1250 boc
1381 1231 1511 1258 umquam
1534 1222 1621 1250 dixit?
1643 1227 1689 1250 aut
1710 1231 1780 1258 quae
1803 1222 1856 1249 l'uit

1057 1260 1137 1286 istius
1148 1260 1186 1286 rei
1197 1259 1240 1286 vel
1252 1260 1363 1287 minima
1374 1259 1512 1295 suspicio?
1531 1260 1680 1292 Disiunxit,
1692 1260 1795 1295 inquit,
1808 1268 1854 1287 eos

1057 1305 1071 1323 a
1082 1296 1192 1328 colonis.
1201 1302 1231 1324 ut
1242 1297 1291 1324 boc
1301 1297 1415 1325 dissidio
1426 1306 1455 1324 ac
1465 1298 1634 1324 dissensione
1645 1297 1712 1324 iacta
1721 1296 1855 1333 oppidum

1057 1335 1085 1361 in
1101 1343 1150 1361 sua
1164 1339 1294 1370 potestate
1309 1339 1400 1370 posset
1414 1340 1440 1362 et
1454 1335 1629 1370 Pompeianos
1649 1334 1756 1362 babere.
1796 1334 1855 1362 Pri-

1057 1380 1133 1398 mum
1148 1372 1236 1399 omnis
1252 1372 1475 1408 Pompeianorum
1489 1373 1699 1408 colonorumque
1719 1371 1855 1399 dissensio

1057 1409 1143 1436 delata
1154 1409 1186 1436 ad
1197 1414 1321 1445 patronos
1331 1414 1381 1441 est,
1396 1418 1482 1446 quum
1493 1410 1546 1437 iam
1558 1410 1733 1437 inveterasset
1741 1417 1772 1437 ac
1782 1408 1855 1436 mul-

1057 1451 1097 1474 tos
1107 1455 1191 1474 annos
1202 1452 1273 1474 esset
1283 1448 1428 1484 exagitata:
1448 1447 1546 1475 deinde
1556 1448 1592 1474 ita
1602 1456 1617 1474 a
1628 1448 1746 1483 patronis
1756 1455 1799 1474 res
1808 1455 1854 1474 oo-

1055 1485 1130 1520 gnita
1144 1489 1197 1515 est,
1220 1489 1250 1512 ut
1264 1484 1338 1512 nulla
1353 1486 1382 1512 in
1396 1493 1424 1512 re
1439 1494 1453 1512 a
1467 1490 1616 1512 ceterorum
1626 1485 1767 1512 sententiis
1777 1483 1854 1512 Sulla

1056 1522 1228 1549 dissenserit:
1251 1527 1386 1557 postremo
1398 1522 1485 1550 coloni
1501 1523 1554 1558 ipsi
1564 1523 1603 1549 sic
1614 1521 1782 1559 intelligunt,
1800 1530 1854 1549 nou

1056 1559 1232 1594 Pompeianos
1247 1568 1261 1586 a
1273 1559 1348 1587 Sulla
1365 1560 1463 1597 magis,
1480 1569 1562 1596 quam
1577 1568 1636 1587 sese
1646 1568 1706 1587 esse
1716 1559 1852 1587 defensos.

1056 1598 1096 1623 Gt.
1110 1597 1197 1631 Atque
1209 1596 1270 1628 hoc,
1285 1597 1402 1629 iudices,
1419 1606 1454 1625 ex
1465 1597 1514 1624 hac
1525 1597 1675 1632 frequentia
1685 1596 1851 1628 colonorum,

1055 1633 1308 1661 honestissimorum
1323 1634 1478 1667 hominum,
1496 1634 1646 1670 intelligere
1656 1635 1782 1670 potestis;
1803 1634 1853 1670 qui

1051 1669 1161 1701 adsunt,
1176 1670 1309 1698 laborant:
1322 1671 1395 1698 hunc
1405 1677 1555 1707 patronum,
1568 1671 1745 1703 defensorem,
1761 1676 1853 1699 custo·

1055 1708 1116 1735 dem
1127 1708 1202 1735 illius
1212 1708 1344 1740 coloniae,
1362 1709 1386 1736 si
1401 1710 1428 1736 in
1443 1710 1517 1736 omni
1533 1709 1638 1736 fortuna
1648 1713 1729 1745 atque
1739 1709 1767 1736 in
1777 1709 1852 1736 omni

1055 1745 1153 1772 honore
1168 1745 1330 1772 incolumem
1345 1745 1444 1773 habere
1459 1755 1510 1773 non
1526 1751 1682 1781 potuerunt,
1703 1746 1732 1773 in
1747 1746 1798 1773 hoc
1812 1751 1853 1773 ta-

1054 1791 1116 1810 men
1127 1791 1191 1810 casu
1199 1803 1205 1813 ,
1217 1791 1272 1818 quo
1283 1782 1396 1810 afflictus
1407 1784 1488 1815 iacet,
1504 1792 1551 1819 per
1562 1792 1609 1810 vos
1620 1784 1699 1810 tutari
1709 1792 1853 1811 conserva-

1054 1821 1131 1855 rique
1142 1821 1265 1855 cupiunt.
1297 1820 1402 1848 Adsunt
1412 1821 1470 1856 pari
1481 1821 1571 1848 studio
1582 1821 1744 1856 Pompeiani,
1757 1821 1805 1856 qui
1817 1821 1851 1848 ab

1053 1857 1108 1884 illis
1120 1858 1199 1884 etiam
1210 1858 1238 1884 in
1248 1858 1349 1885 crimen
1360 1863 1501 1885 vocantur:
1521 1859 1569 1894 qui
1580 1859 1616 1885 ita
1627 1858 1660 1885 de
1670 1857 1853 1885 ambulatione

1053 1894 1122 1922 etde
1133 1894 1268 1931 suffragiis
1278 1896 1336 1922 suis
1346 1904 1409 1922 cum
1421 1895 1522 1923 colonis
1532 1895 1726 1927 dissenserunt,
1739 1900 1770 1923 ut
1779 1895 1852 1922 idem

1053 1932 1086 1959 de
1096 1933 1234 1959 communi
1245 1932 1332 1960 salute
1342 1933 1481 1960 sentirent.
1513 1935 1554 1961 62.
1571 1934 1609 1960 Ac
1620 1941 1653 1960 ne
1663 1933 1729 1960 haec
1739 1932 1851 1969 quidem

1054 1970 1082 1996 P.
1095 1969 1187 1997 Sullae
1203 1970 1270 1997 mihi
1287 1970 1393 1997 videtur
1403 1970 1511 1997 silentio
1522 1969 1714 2006 praetereunda
1725 1978 1785 1998 esse
1795 1971 1852 1997 vir-

1054 2012 1106 2038 tus,
1129 2007 1212 2042 quod,
1235 2016 1322 2043 quum
1337 2008 1371 2035 ab
1387 2008 1437 2034 boc
1452 2007 1498 2035 illa
1513 2007 1615 2035 colonia
1630 2007 1744 2035 deducta
1759 2008 1803 2040 sit,
1825 2012 1852 2035 et

1053 2053 1139 2080 quum
1154 2045 1293 2072 commoda
1307 2044 1462 2072 colonorum
1477 2054 1491 2072 a
1502 2045 1617 2072 fortunis
1628 2045 1851 2080 Pompeianorum

1053 2082 1216 2117 reipublicae
1228 2082 1332 2110 fortuna
1343 2082 1518 2114 disiunxerit,
1536 2083 1571 2110 ita
1585 2090 1663 2109 carus
1678 2083 1800 2118 utrisque
1810 2087 1852 2110 est

1052 2125 1133 2155 atque
1143 2120 1293 2151 iucundus,
1310 2124 1340 2147 ut
1351 2129 1404 2147 nou
1415 2119 1511 2147 alteros
1521 2120 1686 2152 demovisse,
1703 2119 1752 2147 sed
1762 2124 1851 2148 utros-

1051 2166 1105 2193 que
1115 2158 1288 2184 constituisse
1298 2157 1431 2185 videatur.

1107 2194 1193 2221 XXII.
1214 2195 1248 2221 At
1263 2195 1334 2222 enim
1349 2200 1375 2222 et
1389 2195 1549 2231 gladiatores
1559 2198 1585 2221 et
1594 2194 1683 2222 omnis
1693 2194 1745 2221 ista
1755 2194 1796 2221 vis
1807 2202 1851 2221 ro-

1051 2232 1167 2268 gationis
1183 2232 1312 2259 Caeciliae
1331 2241 1426 2259 caussa
1446 2231 1678 2267 comparabantur.
1716 2231 1805 2267 Atque
1821 2232 1849 2258 in

1052 2270 1102 2296 hoc
1113 2269 1170 2296 loco
1180 2269 1208 2296 in
1219 2270 1249 2296 L.
1262 2269 1408 2297 Caecilium
1416 2290 1422 2301 ,
1440 2269 1669 2305 pudentissimum
1681 2273 1761 2304 atque
1771 2277 1850 2296 orna-

1051 2307 1187 2334 tissimum
1199 2307 1288 2333 virum
1296 2327 1302 2338 ,
1320 2308 1492 2334 vehementer
1502 2307 1625 2333 invectus
1635 2310 1688 2332 est:
1709 2306 1789 2333 cuius
1799 2314 1850 2342 ego

1051 2343 1084 2370 de
1095 2344 1193 2371 virtute
1204 2349 1230 2371 et
1243 2345 1402 2376 constantia,
1418 2344 1536 2375 iudices,
1553 2348 1657 2370 tantum
1671 2342 1745 2370 dico:
1769 2343 1848 2370 talem

1052 2381 1124 2408 hunc
1135 2382 1163 2408 in
1173 2382 1223 2408 ista
1235 2383 1384 2418 rogatione,
1401 2390 1484 2417 quam
1498 2379 1679 2416 promulgavit
1690 2389 1743 2407 non
1753 2380 1788 2407 de
1798 2379 1850 2407 tol-

1051 2418 1143 2450 lenda,
1156 2419 1204 2446 sed
1215 2419 1248 2446 de
1260 2419 1372 2446 levanda
1383 2419 1532 2446 calamitate
1543 2417 1632 2444 fratris
1643 2417 1696 2448 sui,
1709 2417 1804 2449 fuisse,
1817 2422 1849 2445 ut

1050 2455 1205 2483 consultum
1215 2464 1274 2483 esse
1285 2456 1400 2483 voluerit
1410 2455 1492 2487 fratri,
1505 2463 1568 2482 cum
1578 2454 1716 2489 republica
1726 2463 1848 2491 pugnare

1028 2498 1029 2507 ¹
1051 2493 1180 2520 noluerit:
1194 2493 1370 2530 promulgarit
1379 2492 1516 2528 impulsus
1527 2500 1616 2519 amore
1627 2491 1750 2524 fraterno,
1762 2492 1849 2519 desti-

1050 2532 1110 2558 terit
1122 2531 1210 2558 l'ratris
1221 2532 1375 2558 auctoritate
1385 2530 1527 2557 deductus.
1568 2531 1610 2556 63.
1631 2530 1720 2565 Atque
1734 2530 1764 2557 in
1777 2538 1808 2557 ea
1818 2537 1848 2556 re

1050 2577 1097 2603 per
1107 2569 1138 2595 L.
1151 2568 1296 2595 Caecilium
1308 2567 1384 2595 Sulla
1397 2571 1551 2598 accusatur,
1568 2567 1597 2593 in
1611 2575 1666 2601 qua
1681 2575 1709 2593 re
1723 2571 1765 2594 est
1773 2571 1849 2594 uter-

1049 2614 1102 2640 que
1114 2605 1278 2632 laudandus:
1292 2606 1410 2640 primum
1421 2603 1562 2635 Caecilius,
1574 2603 1641 2639 *qui
1652 2603 1681 2631 id
1689 2603 1848 2640 promulga-

1049 2643 1096 2673 rit,
1117 2643 1144 2669 in
1160 2651 1214 2678 quo
1229 2642 1318 2669 fratris
1332 2650 1425 2669 casum
1446 2641 1535 2668 levare
1554 2645 1657 2676 posset,
1679 2650 1762 2677 quem
1781 2641 1846 2677 quia

1048 2688 1091 2707 res
1102 2679 1233 2707 iudicatas
1243 2680 1385 2708 videbatur
1395 2679 1514 2707 voluisse
1524 2678 1684 2711 rescindere,
1692 2684 1723 2707 ut
1732 2679 1848 2706 desiste·
