1941 3052
196 126 259 151 ⁴202
407 126 460 150 ¹32.
489 124 522 149 M.
545 123 575 149 T.
598 122 721 149 (IlCER.
745 121 789 147 DE
813 121 858 147 llss
881 120 1044 147 l'L'BLlCA
1069 120 1137 146 ΜΒ.
1163 120 1206 146 Vl.
1230 121 1271 148 25.
1295 121 1335 146 26.
1368 120 1623 146 FRAGMENTA.

195 205 245 222 non
270 194 358 227 datur,
392 203 461 220 nume
486 200 586 221 tumen.
614 198 684 218 tunto
705 193 823 227 praemio
843 192 989 226 proposito,

193 234 278 260 vultur
294 232 377 258 multo
395 231 557 265 vigilantius.
599 230 629 255 lit
642 229 699 255 ille:
718 230 756 255 Tu
776 237 836 254 vero
851 229 951 254 enitere
966 233 992 254 ct

194 272 232 297 ‚uic
255 270 363 299 lmluetn,
387 278 437 294 nun
454 276 512 293 csse
533 272 556 292 ts·
573 266 725 296 mortalem,
748 265 795 291 scil
811 274 909 300 corpus
926 265 988 291 hoc:

195 316 242 334 nec
258 308 329 333 onim
350 311 375 332 tn
394 314 435 335 es,
454 313 534 339 thtn
552 303 634 330 forma
648 305 695 330 ista
708 303 837 335 ‹lc-clarat,
856 302 903 328 scd
916 311 992 328 mens

193 346 325 379 cuiusque
347 345 368 369 is
387 342 562 376 estquisquo.
586 350 637 367 non
657 349 687 367 ea
708 341 806 376 ligura,
823 349 892 375 quae
907 340 992 376 digito

194 381 368 408 demonstrari
391 384 485 414 potest.
528 379 610 404 Deum
632 383 656 404 te
679 379 760 414 igitur
781 378 847 404 scito
867 387 939 403 csse:
968 378 990 403 si

194 419 302 454 quidvm
315 418 382 442 ‹lcus
397 421 450 446 est,
473 417 520 450 qui
533 417 618 451 viget.
637 416 684 450 qui
694 415 783 445 sentit.
797 415 845 450 qui
857 416 989 444 meminit.

194 457 239 491 qni
260 454 394 489 providet,
413 454 460 488 qui
479 458 530 479 tam
544 453 611 488 regit
628 457 654 479 et
666 452 818 479 moderatur
828 457 854 478 et
866 457 954 478 movet
966 451 992 478 id

193 501 303 527 corpus,
316 492 360 517 cui
373 491 542 525 praepositus
556 495 609 521 est.
623 499 704 525 quam
718 490 789 516 hunc
802 490 934 516 mundum
948 489 992 515 illo

194 531 318 565 princeps
333 528 414 555 deus:
437 532 462 554 et
475 533 502 554 ut
516 527 648 554 mundum
663 536 697 554 ex
707 527 824 562 quadam
837 532 910 562 parte
923 535 994 553 mor-

194 567 271 593 talem
290 567 346 601 ipse
362 565 430 592 deus
449 570 586 595 aeternus.
610 566 649 591 sic
666 564 760 601 fragile
775 573 874 599 corpus
885 565 993 590 animus

193 605 373 638 sempiternus
386 607 484 629 movet.

250 641 334 667 XXV.
357 641 399 667 27.
422 641 489 666 Nam
501 639 573 675 quod
585 648 693 674 semper
705 644 841 670 movetur,
855 643 993 665 aetornum

193 684 244 710 1=st;
268 677 340 713 quod
353 682 441 704 nutem
454 682 556 704 motum
568 677 643 704 affert
653 677 748 708 alicui.
763 676 889 712 quodque
903 677 992 710 ipsum

193 717 309 752 agitatur
324 715 448 746 aliunde,
462 714 571 750 quando
582 715 662 741 linem
675 714 756 741 habet
767 719 864 744 motus.
883 713 993 740 vivendi

194 754 273 780 linem
295 753 392 780 habeat
413 761 521 781 necesse
541 757 590 779 est.
632 751 725 778 Solum
747 753 831 788 igitur
845 751 917 786 quod
934 759 994 778 seso

194 795 295 822 movet.
313 791 378 825 quia
394 798 543 825 numquam
559 789 693 816 deseritur
707 798 721 815 a
737 797 780 820 se,
799 797 948 824 numquam
961 797 993 815 ne

194 829 295 855 moveri
319 827 430 863 quidem
451 828 560 854 desinit.
600 826 672 859 Quin
696 828 776 853 etiam
792 827 901 856 ceteris,
923 834 993 861 quae

194 869 347 895 moventur,
374 865 418 891 hic
442 864 514 896 lons.
538 864 586 891 hoc
609 864 774 900 principium
795 869 835 890 est
853 863 991 890 movendi.

194 903 330 938 Principio
345 907 434 929 autem
454 901 528 929 nulla
544 907 584 928 est
597 903 686 937 origo:
719 910 780 928 nam
800 909 834 928 ex
858 901 993 936 principio

193 942 317 967 oriuntur
331 941 436 966 omnia:
469 940 559 974 ipsum
576 944 665 966 autem
682 938 755 966 nulla
771 947 805 965 ex
816 947 843 965 re
855 938 907 965 alia
919 939 992 965 nasci

194 982 293 1013 potest.-
321 985 369 1004 nec
380 978 452 1004 enim
465 977 493 1004 id
504 981 575 1004 esset
587 977 765 1011 principium.
783 976 854 1011 quod
867 976 993 1011 gignere-

194 1021 236 1042 tur
247 1014 370 1042 aliunde:
392 1014 466 1050 quod
477 1015 500 1041 si
511 1023 660 1049 numquam
671 1014 764 1045 oritur,
778 1022 811 1040 ne
822 1013 921 1040 occidit
930 1013 993 1048 qui-

193 1053 253 1079 ‹lcm
267 1060 408 1086 umquam.
444 1052 511 1078 Nam
524 1052 690 1087 principium
702 1052 866 1078 exstinctum
890 1059 938 1077 nec
951 1051 993 1085 ip-

193 1099 254 1117 sum
265 1090 299 1116 ab
310 1090 362 1116 alio
374 1094 536 1119 renascetur,
551 1098 598 1115 nec
610 1097 679 1115 exse
686 1088 759 1115 aliud
766 1088 881 1114 creabit:
903 1088 994 1123 siqui-

192 1128 254 1154 «lem
272 1135 380 1154 necesse
396 1132 436 1154 est
451 1135 465 1153 a
480 1127 614 1161 principio
628 1127 692 1153 oriri
710 1126 810 1152 omnia.
852 1126 888 1152 lta
905 1125 945 1155 fit.
964 1129 994 1151 ut

194 1170 281 1191 motus
296 1165 461 1199 principium
473 1172 506 1190 ex
517 1172 548 1190 eo
558 1165 602 1194 sit,
616 1163 688 1198 quod
702 1164 847 1198 ipsumase
854 1167 990 1189 movetur:

195 1203 220 1228 id
237 1207 326 1228 autem
339 1210 387 1228 nec
399 1202 472 1228 nasci
484 1205 571 1236 potest
582 1209 630 1227 nec
642 1201 723 1227 mori:
746 1200 789 1227 vel
801 1200 924 1227 concidat
934 1208 994 1226 om-

194 1249 225 1266 ne
237 1239 341 1266 caelum
353 1239 496 1273 omnisque
508 1238 737 1265 naturaconsistat
747 1246 857 1264 necesse
867 1242 921 1268 est.
944 1245 993 1263 nec

194 1279 248 1303 vim
270 1276 353 1303 ullam
377 1276 556 1307 nanciscatur,
579 1284 633 1311 qua
654 1283 668 1302 a
689 1275 776 1311 primo
797 1274 919 1310 impulsu
935 1283 994 1301 mo-

194 1319 295 1341 ventur.

247 1351 342 1377 XXVI.
365 1350 433 1385 (IX.)
453 1352 495 1377 28.
518 1349 608 1383 Quum
621 1354 709 1385 pateat
719 1351 802 1386 igitur
815 1354 953 1376 aeternum
965 1348 992 1375 id

192 1398 260 1420 csse,
274 1388 367 1423 quoda
378 1396 407 1414 se
419 1388 478 1423 ipso
485 1392 636 1420 moveatur;
651 1389 768 1423 quisest.
782 1387 907 1422 quihanc
914 1392 993 1413 natu-

194 1435 249 1453 ram
265 1426 364 1452 animis
376 1434 435 1452 esse
446 1425 575 1452 tributam
588 1424 684 1461 neget?
703 1426 856 1452 Inanimum
868 1429 909 1451 est
919 1425 992 1451 enim

191 1472 283 1494 omne,
297 1462 370 1498 quod
384 1462 466 1498 pulsu
477 1463 593 1498 agitatur
604 1468 726 1489 externo:
748 1462 821 1498 quod
833 1467 922 1489 autem
933 1463 993 1488 ani-

193 1501 245 1527 mal
269 1505 322 1532 est,
346 1500 374 1527 id
391 1505 464 1527 motu
479 1501 566 1526 cietur
583 1501 707 1526 interiore
722 1505 749 1527 et
763 1509 827 1526 suo:
850 1508 912 1526 nam
927 1499 993 1526 haec

192 1544 232 1565 est
247 1543 341 1565 natura
356 1538 464 1573 propria
479 1538 562 1564 animi
579 1542 658 1572 atque
674 1538 726 1564 vis.
767 1537 840 1570 Quae
854 1538 878 1564 si
889 1542 929 1564 est
940 1545 992 1563 una

192 1585 226 1603 ex
240 1575 382 1607 omnibus,
400 1583 470 1610 quae
485 1583 545 1601 sese
560 1580 678 1605 moveat.
698 1583 785 1610 neque
797 1580 857 1602 nata
871 1579 912 1601 est
921 1579 993 1601 certe

192 1618 218 1640 et
228 1618 334 1639 aeterna
349 1617 399 1639 est.
439 1614 481 1639 29.
504 1613 576 1639 llanc
587 1617 615 1639 tu
626 1620 721 1639 exerce
731 1613 842 1647 optimis
853 1613 881 1639 in
895 1611 990 1638 rebus!

193 1655 256 1678 sunt
266 1655 355 1677 autem
365 1650 609 1685 optimae—curae
620 1649 653 1676 de
664 1649 750 1676 salute
761 1651 874 1685 patriae:
890 1649 993 1684 quibus

194 1689 310 1724 agitatus
330 1693 356 1714 et
375 1688 537 1714 exercitatus
557 1688 664 1714 animus
682 1686 802 1714 velocius
821 1688 849 1714 iu
865 1687 934 1713 hanc
949 1695 993 1713 se-

193 1725 255 1752 dem
271 1730 297 1752 et
307 1725 418 1751 domum
429 1733 506 1751 suam
518 1724 678 1760 pervolabit.
719 1724 803 1760 quue
814 1725 890 1751 ocius
902 1723 990 1755 faciet,

193 1763 216 1789 si
233 1763 287 1789 iam
296 1767 368 1794 tum,
391 1770 477 1797 quum
493 1763 543 1789 erit
553 1761 676 1789 inclusus
686 1763 714 1789 iu
726 1770 845 1797 corpore.
861 1761 993 1788 eminebit

194 1799 263 1827 l'oras
283 1804 310 1827 et
331 1808 375 1831 ea,
398 1808 468 1834 quae
487 1804 562 1826 extra
581 1804 673 1831 erunt,
694 1799 895 1835 contemplans,
908 1807 991 1834 quam

195 1838 312 1864 maxime
327 1846 356 1864 se
367 1846 380 1864 a
391 1845 501 1872 corpore
511 1836 657 1864 abstrahet.
696 1837 820 1872 Namque
831 1845 924 1863 eorum
934 1836 992 1862 ani-

195 1875 245 1906 mi.
262 1875 311 1910 qui
329 1883 358 1901 se
369 1875 488 1909 corporis
500 1874 685 1909 voluptatibus
695 1874 871 1905 dediderunt,
885 1882 992 1900 earum-

194 1920 247 1946 que
257 1920 286 1939 se
297 1912 375 1948 quasi
387 1912 524 1939 ministros
535 1911 726 1947 praebuerunt,
741 1911 917 1947 impulsuque
930 1911 993 1937 libi-

1043 191 1138 217 dinum
1156 190 1338 225 voluptatibus
1353 190 1551 217 obedientium.
1583 191 1693 217 deorum
1708 197 1734 218 et
1753 191 1841 218 huml-

1044 237 1107 254 num
1126 236 1181 254 iura
1200 227 1379 259 violaverunt,
1403 228 1560 262 corporibus
1578 228 1662 263 elapsi
1674 230 1776 255 circum
1789 235 1838 255 ter-

1044 275 1099 291 rani
1113 266 1198 300 ipsam
1213 264 1380 296 volutantur;
1404 274 1452 291 nec
1468 265 1538 292 liunc
1552 266 1577 292 in
1591 265 1691 297 locum,
1705 267 1757 292 nisi
1771 266 1841 293 mul-

1044 304 1077 329 tis
1102 303 1228 337 exagitati
1245 302 1371 333 sacculis.
1388 307 1567 330 revertuntur.
1585 318 1620 323 —
1642 304 1688 330 lllc
1699 304 1838 335 discessit:

1043 349 1092 376 ego
1103 348 1197 366 somno
1206 339 1310 366 solutus
1322 348 1393 367 sum.

1077 538 1277 565 mulionum
1299 537 1344 564 DE
1368 537 1413 564 RE
1436 537 1601 563 Pontica
1624 538 1814 565 ixcssnTo-

1264 584 1343 610 RUM
1365 583 1621 610 FRAGMENTA.

1102 649 1123 673 l.
1146 647 1165 673 Α
1178 655 1231 682 qua
1245 647 1288 673 isti
1300 651 1420 672 avocant.
1446 654 1532 673 <rmum
1544 653 1595 672 nu.
1611 654 1680 672 nim.
1697 660 1716 673 v.
1727 655 1808 674 Avum
1822 662 1840 678 μ.

1044 685 1097 706 ⁴¹17.)

1103 712 1125 736 2.
1147 710 1235 736 Vitam
1248 709 1336 745 lugeo.
1365 716 1601 738 (talem11·1‹1.v.1mleu
1612 722 1631 740 p.
1642 718 1696 739 ω’..)

1100 749 1123 773 3.
1146 746 1229 782 ldque
1251 748 1308 782 ipsa
1330 752 1422 773 natura
1445 755 1495 772 non
1519 747 1642 773 invitaret
1666 747 1766 777 solum,
1795 747 1841 774 sed

1044 786 1123 812 etiam
1135 790 1251 819 cogeret.
1291 792 1380 814 (Nomas
1391 798 1410 810 v.
1422 791 1513 810 ins-nare
1523 798 1543 815 μ.
1555 792 1608 813 321.)

1103 824 1124 849 t.
1148 822 1240 848 Nitito.
1281 830 1403 851 (Dio-nedem
1415 829 1476 848 lll1.L
1488 835 1508 853 p.
1519 830 1572 851 aaa.)

1098 861 1122 886 5
1146 859 1297 886 Excellunt.
1339 867 1406 890 (idem
1419 867 1468 885 mia.
1484 873 1504 891 ς..
1515 868 1568 889 ³71.)

1098 900 1123 923 6.
1140 905 1162 924 ln
1173 906 1230 924 litu-ln
1241 905 1266 924 do
1277 905 1304 924 Be
1315 906 1398 929 public·
1408 911 1419 923 n
1429 904 1530 924 Cicerone
1541 906 1575 924 llla
1583 897 1669 923 vlnus
1679 905 1762 925 dicitur.
1773 905 1842 932 quae

1044 935 1196 970 prmlenlla.
1227 942 1356 964 (Vletorlnun
1367 948 1460 966 prooem.
1472 943 1497 961 nd
1509 942 1523 961 1.
1536 943 1595 961 Rhet.
1607 943 1650 961 Cle.
1661 948 1681 966 p.
1694 944 1736 962 ΗΓΖ.
1747 942 1841 966 εὼς...-

1044 976 1140 996 peronii.)

1099 999 1124 1024 7.
1148 998 1181 1024 Et
1191 1005 1357 1032 quamquam
1367 998 1567 1032 optatissimum
1579 1002 1632 1027 est.
1649 1003 1778 1032 perpetuo
1790 997 1842 1024 l'or-

1045 1041 1137 1062 tunam
1157 1043 1240 1070 quam
1263 1033 1480 1061 florentissimam
1497 1043 1666 1069 permanere:
1690 1035 1734 1061 illa
1754 1040 1842 1061 tamen

1044 1072 1222 1108 aequabilitas
1237 1073 1306 1099 vitae
1317 1080 1369 1098 non
1381 1077 1483 1098 tantum
1496 1072 1842 1107 habetsensum,quautum

1044 1119 1130 1145 quum
1146 1118 1180 1136 ex
1194 1110 1284 1135 saevis
1295 1114 1321 1136 et
1331 1109 1445 1144 perditis
1456 1109 1538 1136 rebus
1549 1109 1581 1136 ad
1594 1108 1731 1136 meliorem
1743 1115 1842 1137 statum

1046 1147 1150 1174 fortuna
1161 1151 1310 1173 revocatur.
1351 1155 1484 1176 (Ammianus
1494 1154 1558 1173 ssafe.
1569 1155 1582 1172 1.
1593 1154 1647 1175 XV..
1658 1159 1676 1173 c.
1687 1155 1717 1177 ⁵.)

1101 1187 1125 1211 8.
1147 1185 1225 1211 Aliud
1246 1186 1337 1211 civims
1358 1193 1409 1210 uon
1428 1190 1477 1215 εει,
1498 1193 1575 1218 quam
1596 1193 1702 1210 concors
1716 1186 1843 1211 hominum

1045 1224 1188 1249 multitudo.
1229 1229 1352 1253 (augustin.
1363 1228 1387 1248 c.
1399 1229 1425 1248 n.
1436 1230 1449 1248 1.
1460 1229 1477 1248 1.
1488 1234 1506 1248 c.
1518 1230 1548 1248 15.
1559 1229 1619 1248 rom.
1629 1229 1655 1248 v,
1666 1235 1686 1253 ρ.
1697 1230 1738 1252 ⁵⁹.)

1099 1261 1124 1286 9.
1140 1266 1213 1286 cicero
1224 1267 1244 1286 in
1255 1267 1344 1291 dialogis
1353 1268 1471 1286 nominavit
1483 1258 1644 1294 foedifragos
1655 1259 1744 1286 Afros.
1767 1267 1841 1290 (lum-

1045 1302 1092 1341 p'nga
1102 1296 1236 1344 gnqqulanua
1245 1297 1271 1315 ad
1282 1297 1392 1316 Horatium
1402 1297 1437 1315 od.
1447 1296 1483 1315 tv.
1494 1297 1514 1315 Β.
1526 1297 1556 1315 17.
1567 1302 1587 1320 p.
1598 1297 1641 1315 232.
1653 1296 1673 1315 b.
1685 1296 1716 1315 Cf.
1727 1295 1771 1315 cie.
1782 1295 1840 1315 Offil.

1104 1349 1143 1374 ⁴0.
1165 1348 1260 1378 Fanni.
1274 1356 1369 1374 caussa
1381 1347 1503 1374 difficilis
1515 1347 1623 1374 laudare
1638 1355 1767 1382 puerum:
1791 1355 1842 1374 non

1044 1386 1117 1412 enim
1130 1393 1171 1412 res
1184 1384 1326 1416 laudanda,
1340 1384 1388 1411 sed
1398 1393 1461 1421 spes
1471 1390 1521 1412 est.
1534 1392 1629 1415 (Servius
1647 1392 1673 1411 aa
1683 1393 1737 1411 Aen.
1747 1393 1761 1411 1.
1773 1392 1808 1411 w.
1822 1397 1842 1411 v.

1044 1423 1088 1441 877.
1098 1428 1109 1441 e
1120 1422 1226 1441 Ciceronis
1237 1422 1327 1445 dialogo.
1338 1428 1358 1446 p.
1368 1423 1412 1441 44¹1.
1423 1422 1456 1441 ed.
1467 1422 1543 1444 Paria.)

1059 1448 1141 1492 osmflis
1154 1448 1194 1467 trin
1207 1448 1310 1467 accedunt
1323 1448 1448 1471 fragmenta.
1459 1452 1472 1466 a
1481 1447 1536 1466 unio
1547 1448 1567 1465 in
1577 1447 1746 1466 testimoniorum
1755 1452 1843 1466 numero

1044 1479 1056 1497 p
1101 1500 1140 1525 ll.
1164 1516 1190 1520 -
1198 1506 1254 1529 quod
1264 1507 1294 1525 ait
1303 1505 1389 1525 cicero:
1404 1498 1537 1531 Quoniam
1548 1506 1645 1524 sumus
1655 1497 1690 1524 ab
1702 1498 1760 1532 ipsa
1771 1497 1844 1524 calce

1044 1536 1104 1563 eius
1115 1535 1329 1571 interpellatione
1341 1537 1457 1563 revocati
1468 1551 1505 1555 —
1515 1544 1569 1562 nane
1587 1547 1650 1566 qnam
1664 1548 1720 1561 nunc
1737 1544 1759 1562 ln
1783 1543 1844 1562 circo

1044 1576 1123 1617 gestam
1132 1578 1241 1620 {gauium
1251 1573 1330 1592 calcem
1340 1573 1420 1597 antiqui
1431 1573 1536 1592 dicebant.
1558 1572 1647 1595 (Seneca
1657 1572 1696 1596 Ep.
1707 1573 1750 1591 108.
1761 1573 1787 1591 cr.
1799 1572 1843 1591 Cio.

1064 1603 1075 1616 n
1087 1612 1092 1617 .
1103 1604 1122 1617 C.
1145 1610 1148 1615 ι
1158 1612 1162 1617 .

1103 1625 1142 1651 12.
1164 1632 1246 1651 Deinde
1255 1632 1363 1651 Ennianos
1377 1632 1456 1655 cofflglt
1469 1636 1543 1650 ver-ans
1553 1634 1573 1650 et
1583 1632 1603 1650 in
1613 1631 1686 1655 primis
1696 1631 1742 1649 illos
1751 1631 1778 1650 de
1787 1631 1843 1650 Afri-

1045 1666 1098 1680 cano
1108 1662 1210 1685 scriptos:

1081 1702 1304 1707 —————
1315 1687 1360 1713 cui
1371 1694 1450 1713 nemo
1461 1687 1522 1712 civi'
1535 1694 1623 1721 neque
1635 1685 1720 1712 hostis

1099 1725 1189 1759 quivit
1199 1732 1248 1759 pro
1259 1722 1335 1750 factis
1346 1722 1457 1750 reddere
1467 1724 1555 1758 op'rae
1566 1723 1693 1757 pretium.

1119 1761 1187 1783 (Idem
1197 1760 1259 1783 ibid.)

1101 1788 1141 1813 13.
1163 1794 1201 1813 Est
1214 1794 1269 1813 enim
1283 1793 1338 1817 apud
1349 1793 1470 1812 ciceronem
1481 1794 1502 1812 ln
1513 1793 1544 1811 nis
1554 1793 1604 1817 ipsls
1614 1793 1640 1812 tle
1649 1792 1738 1816 Republ.
1749 1793 1788 1812 hnc
1799 1793 1842 1817 epi-

1069 1828 1148 1842 mma:

1043 1828 1068 1847 gr
1081 1849 1109 1875 Si
1121 1848 1160 1875 sas
1171 1848 1240 1875 endo
1251 1848 1345 1884 plagas
1356 1848 1502 1874 caelestum
1513 1847 1657 1874 ascendere
1668 1848 1812 1883 cuiquam:

1103 1887 1140 1913 mi
1152 1886 1203 1914 soli
1214 1885 1281 1912 coeli
1293 1887 1411 1912 maxima
1423 1890 1497 1920 porta
1509 1890 1591 1920 patet.

1195 1923 1263 1946 (mem
1273 1923 1323 1943 inid.
1334 1923 1368 1942 cr.
1378 1923 1476 1942 Laetam.
1486 1922 1538 1942 lust.
1549 1922 1562 1941 1.
1574 1922 1598 1942 v.
1609 1927 1628 1941 c.
1639 1922 1680 1944 19.)
