1941 3052
220 141 267 165 ’.ΝΞ
787 136 842 160 tot.
877 134 911 160 M.

222 209 314 235 I‘ilinm
332 209 392 241 angi
411 212 481 233 veta:
514 207 579 232 antia
590 205 685 231 solitur-
696 213 724 230 οε
736 213 852 231 maerere
864 213 911 239 pro
921 205 1009 230 omni·
1029 203 1039 239 ¹¹
1062 204 1146 229 mium
1168 201 1278 235 longum
1295 201 1411 228 videtur.

223 246 317 301 bursxv
347 282 443 303 (mmm.
454 281 530 297 ‹uc-m
542 279 572 296 ,γ’
585 279 626 296 (···-.
638 285 652 296 ,¹
664 279 707 296 mn.
719 280 775 298 τοῦ.)

406 312 572 340 CICERO
602 312 766 339 ATTICO
796 312 824 339 S.

276 349 359 387 Apud
381 350 554 385 Appuleium.
577 351 704 384 quoniam
727 350 753 376 in
775 354 934 384 perpetuum
959 358 1010 375 non
1040 347 1041 355 ¹

223 390 316 425 placet,
332 389 357 414 in
370 388 427 413 dies
439 392 467 413 ut
478 395 600 417 excuser,
615 387 731 413 videbis.
763 387 791 412 ln
804 387 852 412 hac
866 386 1011 412 solitudine
1033 377 1042 417 l

221 435 297 452 vareo
315 425 435 451 omnium
450 423 596 458 colloquio:
623 432 763 458 quumque
775 432 852 450 mane
864 432 905 449 me
923 424 948 449 in
964 423 1012 449 sil-

223 472 282 489 vam
299 462 414 488 abstrusi
431 461 541 487 densam
554 466 578 487 et
589 469 720 495 asperam,
735 469 786 487 non
798 469 864 487 exeo
877 460 938 486 inde
950 465 1010 486 ante

223 507 377 534 vesperum.
417 497 570 524 Secundum
584 502 616 528 te,
631 497 698 524 nihil
711 502 751 524 est
766 498 832 523 mihi
845 498 959 523 amicius
969 506 1013 523 so—

223 537 347 563 litudine.
388 535 414 561 In
437 544 465 561 ea
487 535 554 561 milii
570 536 658 561 omnis
673 543 761 561 sermo
777 540 817 561 est
831 543 892 560 cum
907 534 1011 560 litteris.

222 575 290 600 Eum
313 578 398 600 tamen
422 571 573 606 interpellat
594 571 683 603 fletus;
707 573 751 598 cui
773 580 907 607 repugno,
925 571 1012 606 quoad
1034 575 1043 608 l.

872 609 965 639 Bruto,
986 613 1015 635 ut
1035 609 1043 633 l.

223 619 343 646 possum.
385 609 438 635 Sed
459 609 547 635 adhuc
563 618 639 644 pares
656 618 706 636 non
725 618 831 635 sumus.

222 648 329 678 suades,
343 647 498 673 rescribam.
526 647 576 672 Eas
590 647 688 673 litteras
699 655 758 673 cras
770 646 893 673 habebis.
924 646 1013 678 Quum

222 686 280 716 erit,
293 685 336 711 cui
348 684 405 715 dee,
418 683 506 710 dabis.

277 754 337 775 XVI.
360 755 456 777 (Auturnr,
467 755 545 772 (menn
558 754 590 772 tv,
602 754 644 772 (ἴω.
656 761 670 772 1.
683 755 726 772 rull.
739 756 794 775 709.)

408 796 573 824 CICERO
602 797 770 823 ATTICO
798 797 826 823 S.

277 831 331 866 Te,
345 835 398 862 tuis
410 835 523 870 negotiis
535 834 643 864 relictis,
658 834 718 860 nolo
729 834 762 860 ad
774 842 816 860 me
828 834 932 860 venire:
965 842 1014 867 ego

223 873 313 908 potius
324 872 457 902 accedam,
470 873 493 898 si
504 871 607 898 diutius
619 871 774 906 impediere.
801 872 857 897 Etsi
870 880 902 897 ne
912 871 1015 896 disces-

222 911 320 937 sissem
339 909 450 944 quidem
469 917 483 935 e
498 913 641 943 conspectu
658 914 716 939 tuo,
733 909 785 934 nisi
802 917 843 934 me
855 908 933 942 plane
945 907 1013 934 nihil

224 947 278 974 ulla
295 955 336 974 res
352 946 500 973 adiuvaret.
539 946 615 978 Quod
627 946 650 972 si
666 950 736 972 esset
754 945 863 980 aliquod
881 945 1012 975 levamen,

223 982 251 1011 id
269 989 340 1011 esset
351 984 377 1010 in
390 988 413 1010 te
427 992 493 1010 uno:
516 988 554 1013 et,
567 991 651 1018 quum
663 983 782 1017 primum
794 983 827 1009 ab
838 982 929 1017 aliquo
940 988 1015 1017 pote-

224 1022 257 1048 rit
277 1029 350 1052 esse,
371 1030 384 1047 a
404 1026 427 1047 te
445 1021 504 1046 erit.
546 1021 622 1046 Nunc
637 1025 724 1046 tamen
740 1021 831 1054 ipsum
847 1020 905 1046 sine
920 1025 944 1046 te
955 1028 1014 1045 esse

225 1067 276 1085 non
301 1066 422 1093 possum.
463 1057 515 1083 Sed
536 1066 583 1083 nec
604 1062 663 1083 tuae
681 1057 753 1083 domi
770 1057 946 1092 probabatur.
965 1065 1014 1083 nec

225 1103 299 1122 meae
310 1100 441 1130 poteram,
464 1103 520 1125 nec,
533 1095 557 1120 si
572 1095 683 1129 propius
694 1103 781 1120 essem
796 1095 912 1129 uspiam,
926 1098 1013 1120 tecum

226 1138 314 1159 tamen
333 1141 430 1159 essem.
471 1132 543 1158 Idem
559 1133 631 1158 enim
647 1136 670 1158 te
685 1131 841 1166 impediret,
858 1140 912 1165 quo
924 1132 1014 1157 minus

224 1178 330 1196 mecum
343 1178 425 1199 esses,
439 1168 509 1204 quod
522 1177 593 1195 nunc
604 1169 684 1195 etiam
696 1168 819 1203 impedit.
848 1168 914 1194 Mihi
926 1168 1014 1194 adhuc

225 1206 292 1233 nibil
306 1207 381 1242 prius
393 1206 444 1232 fuit
456 1206 503 1232 hac-
515 1205 673 1238 solitudine3
697 1214 779 1240 quam
791 1214 884 1231 vereor
907 1214 939 1231 ne
951 1205 1015 1231 Phi-

226 1245 316 1279 lippus
332 1243 414 1270 tollat.
454 1243 515 1269 IIeri
531 1243 604 1269 enim
620 1244 724 1277 vesperi
737 1247 855 1269 venerat.
896 1243 937 1269 Me
948 1242 1016 1269 scri-

224 1282 279 1315 ptio
294 1286 319 1308 et
331 1281 430 1307 litterae
443 1288 494 1307 non
507 1279 618 1311 leniunt,
631 1280 678 1306 sed
689 1280 842 1306 obturbant.

375 1351 470 1373 (Asturae.
481 1351 559 1369 cat-sure
570 1351 603 1369 IV.
614 1351 656 1368 em.
666 1357 681 1368 ι.
692 1351 736 1369 coll.
747 1352 801 1373 709.)

411 1393 578 1421 CICERO
607 1393 775 1420 ATTICO
805 1393 833 1420 S.

280 1427 440 1458 Marcianus
461 1431 493 1458 ad
515 1440 557 1457 me
576 1431 698 1466 scripsit,
724 1440 766 1457 me
782 1435 940 1458 excusatum
956 1439 1015 1457 esse

224 1468 296 1505 apud
311 1468 475 1504 Appuleium
491 1477 505 1495 a
520 1469 674 1499 Laterense,
687 1469 800 1499 Nasone,
815 1469 937 1499 Laenate,
951 1469 1016 1495 Tor-

224 1512 313 1541 quato,
337 1506 476 1533 Strabone.
516 1506 552 1532 lis
567 1505 650 1532 velim
666 1514 725 1532 meo
740 1506 849 1532 nomine
865 1505 1015 1532 reddendas

226 1544 325 1571 litteras
346 1552 436 1574 cures
457 1547 563 1578 gratum
579 1543 647 1569 mihi
665 1551 711 1570 eos
729 1542 835 1569 fecisse.
875 1542 952 1575 Quod
968 1551 1015 1577 pro

224 1580 366 1607 Cornificio
382 1589 424 1607 me
443 1580 541 1606 abhinc
552 1580 670 1615 amplius
681 1581 758 1607 annis
768 1589 827 1606 xxv
837 1579 1015 1615 spopondisse

226 1618 292 1645 dicit
312 1617 432 1648 Flavius,
455 1619 504 1644 etsi
526 1626 587 1644 reus
610 1617 730 1652 locuples
750 1622 803 1648 est,
824 1622 850 1644 et
866 1617 1015 1652 Appuleius

225 1655 375 1690 praediator
398 1654 531 1681 liberalis:
564 1660 651 1682 tamen
673 1654 755 1681 velim
775 1654 823 1680 des
846 1663 968 1689 operam,
986 1659 1016 1680 ut

225 1693 373 1728 investiges
391 1700 425 1718 ex
435 1700 645 1727 consponsorum
658 1691 766 1723 tabulis,
780 1692 850 1718 sitne
862 1692 906 1721 ita,
937 1691 1016 1726 (mihi

225 1730 298 1756 enim
313 1734 373 1756 ante
388 1729 550 1756 aedilitatem
570 1737 656 1756 meam
673 1728 740 1755 nibil
757 1734 812 1755 erat
829 1737 891 1755 cum
903 1728 1017 1755 Cornifi-

321 1771 408 1801 potest
427 1771 515 1793 tamen
532 1766 603 1793 fieri:

279 1350 350 1371 xvu.

225 1768 279 1799 cio:
645 1766 692 1792 sed
708 1766 777 1792 scire
792 1771 896 1792 certum
907 1765 1017 1800 velimz)

225 1808 251 1830 et
261 1803 382 1839 appelles
396 1808 589 1838 procuratores,
602 1804 626 1830 si
637 1804 687 1830 tibi
699 1803 815 1829 videtur.
846 1802 1017 1838 Quamquam
1046 1826 1047 1831 ,

225 1841 293 1876 quid
317 1840 351 1867 ad
375 1840 436 1867 me?
463 1841 664 1867 Verumtamen.
704 1841 804 1866 Pansae
825 1839 1016 1874 profectionem

225 1878 342 1909 scribes,
365 1886 450 1912 quum
465 1878 543 1904 scies.
583 1878 697 1904 Atticam
713 1877 816 1903 salvere
828 1877 905 1908 iube,
923 1882 948 1904 et
958 1885 1016 1903 eam

225 1923 289 1942 cura
300 1915 410 1942 obsecro
421 1914 575 1950 diligenter.
615 1914 698 1941 Piliae
709 1914 834 1941 salutem.

279 1984 357 2005 XVIII
366 1992 384 2003 a.
406 1985 503 2008 (Asturae,
513 1986 590 2004 Caesare
601 1985 633 2004 tv.
644 1985 686 2003 Cos.
697 1992 705 2002 ι

708 1999 712 2004 .
724 1986 768 2004 roll.
781 1987 836 2007 70⁸3.)

408 2028 574 2055 CICERO
603 2028 771 2055 ATTICO
801 2029 830 2055 S.

283 2067 306 2091 4.
328 2060 405 2092 Dum
429 2065 624 2092 recordationes
645 2065 732 2101 fugio,
750 2074 819 2101 quae
834 2065 914 2100 quasi
927 2073 1017 2092 morsu

226 2102 345 2138 quodam
363 2102 481 2129 dolorem
497 2102 631 2134 efficiunt,
649 2103 753 2139 refugio
769 2112 782 2129 a
797 2108 822 2130 te
833 2102 1016 2129 admonendo:

227 2139 300 2175 quod
316 2139 398 2166 velim
417 2140 485 2167 mihi
498 2141 632 2175 ignoscas,
645 2140 810 2167 cuicuimodi
822 2145 872 2167 est.
911 2140 1018 2166 Etenim

226 2176 313 2203 habeo
328 2177 472 2204 nonnullos
487 2186 520 2204 ex
536 2178 583 2208 iis,
596 2185 664 2212 quos
683 2186 754 2204 nunc
766 2177 869 2208 lectito,
886 2182 1016 2208 auctoreS,

227 2215 275 2249 qui
295 2214 398 2245 dicant,
417 2214 474 2241 fieri
490 2214 518 2241 id
528 2219 663 2249 oportere,
681 2214 754 2250 quod
768 2223 848 2250 saepe
860 2219 949 2241 tecum
963 2215 1016 2250 egi,

226 2256 253 2278 et
274 2251 347 2286 quod
363 2260 376 2278 a
395 2256 420 2278 te
435 2252 578 2287 approbari
589 2251 659 2278 volo.
699 2252 736 2278 De
747 2251 809 2278 fano
822 2251 869 2278 illo
878 2251 952 2284 dico:
985 2251 1019 2278 de

226 2296 280 2323 quo
290 2293 403 2319 tantum,
416 2294 548 2324 quantum
558 2297 601 2315 me
614 2297 697 2320 amas,
711 2288 793 2315 velim
800 2289 911 2325 cogites.
932 2289 1020 2323 Equi-

227 2326 290 2352 dem
300 2334 388 2361 neque
398 2325 431 2352 de
442 2335 540 2362 genere
554 2326 661 2359 dubito,
684 2325 771 2361 placet
784 2327 857 2352 enim
864 2325 1019 2353 mihiClua-

227 2363 270 2388 tii:
312 2371 400 2398 neque
416 2363 449 2390 de
465 2372 506 2396 re,
537 2368 713 2390 —statutum
730 2368 771 2390 est
785 2364 873 2390 enim:
914 2363 948 2390 de
962 2362 1019 2389 loco

227 2407 440 2435 nonnumquam.
480 2400 568 2427 Velim
593 2401 677 2436 igitur
691 2401 803 2435 cogites.
842 2401 909 2436 Ego,
932 2408 1020 2435 quan-

227 2441 284 2462 tum
295 2436 338 2463 his
350 2437 516 2472 temporibus
528 2442 581 2464 tam
593 2437 706 2464 eruditis
718 2438 776 2464 fieri
786 2438 893 2472 poterit,
900 2436 1019 2472 profecto

228 2472 302 2499 illam
313 2475 473 2501 consecrabo
484 2475 558 2501 omni
571 2482 670 2510 genere
676 2475 912 2505 monimentorum,
921 2474 955 2501 ab
961 2482 1020 2500 om-

228 2509 303 2535 nium
323 2511 442 2546 ingeniis
458 2516 642 2546 sumptorum,
660 2516 686 2538 et
701 2511 865 2538 Graecorum
876 2516 902 2538 et
911 2512 1020 2538 Latino-

229 2554 301 2572 rum:
333 2556 401 2581 quae
417 2556 458 2574 res
470 2548 580 2575 forsitan
591 2549 626 2574 sit
637 2547 792 2575 refricatura
803 2548 905 2575 vulnus
915 2557 1017 2574 meum.

229 2582 282 2608 Sed
296 2584 349 2609 iam
360 2585 438 2618 quasi
449 2590 509 2612 voto
519 2585 636 2620 quodam
648 2589 674 2611 et
684 2585 817 2620 promisso
828 2586 1020 2620 meteneripu-

227 2624 265 2647 to:
305 2619 469 2655 longumque
484 2622 552 2648 illud
568 2627 687 2656 tempus,
701 2630 786 2657 quum
798 2630 850 2648 non
861 2631 918 2653 ero,
932 2622 1019 2658 magis

228 2663 271 2682 me
285 2661 387 2688 movet,
402 2666 482 2692 quam
496 2659 545 2686 hoc
555 2659 699 2695 exiguum,
713 2659 786 2694 quod
797 2659 866 2686 mihi
877 2664 965 2686 tamen
977 2660 1020 2686 ni-

1042 644 1044 683 }
1065 648 1194 675 Cocceius
1216 647 1278 673 vide
1300 655 1331 672 ne
1354 646 1504 673 frustretur.

1043 865 1044 868 Ἴ
1066 843 1118 861 non
1134 835 1170 860 sit
1187 833 1273 859 facile.

1043 922 1045 929 ν
1065 917 1124 935 stne
1140 917 1237 944 magno
1251 907 1341 934 dolore
1357 907 1500 933 dimittam.

1042 960 1044 984 3
1065 946 1122 981 Ego
1132 947 1213 974 enim.
1229 944 1363 980 quidquid
1377 944 1480 974 feceris,
1495 943 1521 970 id
1533 948 1703 979 quumrecte,
1713 943 1855 969 tumetiam

1043 986 1044 990 ’
1066 992 1123 1010 mea
1135 992 1229 1010 caussa
1241 982 1339 1009 factum
1353 981 1461 1016 putabo,

945 133 975 160 Τ.
1007 132 1282 159 CICERONIS

1452 202 1540 228 liabeo
1555 202 1627 228 enim
1644 200 1726 229 nihil.
1744 202 1850 227 tentatis

1062 240 1142 266 rebus
1153 240 1289 269 omnibus,
1305 240 1396 273 inquo
1406 241 1586 274 acquiescam.
1627 238 1775 266 Samoou}
1784 238 1850 264 illud

1038 279 1040 283 “
1063 277 1221 306 tractabam,
1239 276 1272 302 de
1283 284 1337 310 quo
1348 281 1423 302 antea
1435 277 1531 311 scripsi
1543 276 1575 302 ud
1587 281 1625 305 te,
1637 277 1714 311 quasi
1728 275 1850 301 fou-bam

1040 323 1041 341 2
1063 314 1167 340 dolores
1185 322 1266 339 incon.

1308 313 1384 339 Nunc
1399 313 1488 339 omnin
1501 322 1610 347 respuo:
1643 322 1690 339 nec
1701 312 1851 347 quidquam

1065 351 1149 377 habeo
1164 350 1339 380 tolerabilius,
1353 358 1434 384 quam
1445 349 1632 376 solitudinem:
1666 358 1760 385 quarn.
1779 349 1851 384 quod

1063 397 1134 414 eram
1158 389 1273 417 veritus,
1298 396 1349 413 non
1369 387 1523 413 obturbavit
1540 387 1690 422 Philippus.
1732 387 1807 415 Nam.
1825 392 1854 412 ιιι

1066 426 1121 451 twri
1141 433 1183 451 me
1200 424 1339 452 salutavit,
1357 425 1446 449 atatim
1463 424 1572 449 Romam
1588 423 1721 458 profectus
1735 430 1785 450 est.
1827 425 1850 449 Ξ.

1041 473 1043 498 J
1065 462 1210 497 Epistol-‘im
1220 482 1225 491 ,
1246 470 1327 496 quam
1344 461 1376 486 ad
1389 462 1498 487 Brutum
1508 482 1513 488 .
1528 466 1556 487 ut
1568 461 1616 487 tibi
1629 460 1772 495 placuerat.
1786 462 1853 486 scri-

1066 501 1117 534 psi,
1131 500 1192 525 mini
1205 499 1236 524 ad
1250 503 1283 524 te.
1314 498 1427 524 (jurabis
1439 507 1500 524 eum
1512 503 1555 524 tua
1568 497 1761 532 perferendam.
1788 498 1853 524 Eius

1066 543 1152 563 tamen
1167 537 1227 562 misi
1240 535 1271 561 ad
1285 540 1307 561 te
1319 535 1484 569 exemplum,
1499 539 1535 564 ut,
1549 536 1674 561 siminus
1689 534 1811 569 placeret.
1821 543 1853 560 ne

1067 575 1194 600 mitteres.
1235 576 1260 599 3.
1281 573 1427 598 Domestica
1443 572 1515 607 quod
1527 572 1566 598 ais
1579 571 1672 598 ordine
1684 571 1854 598 administra-

1067 612 1098 642 ri,
1117 611 1234 641 scribes,
1252 618 1321 644 quae
1332 611 1386 635 sint
1401 618 1442 635 ea.
1483 609 1618 641 Quaedam
1635 610 1705 634 enim
1718 615 1851 643 exspecto.

1546 647 1611 672 Nam
1629 645 1695 672 Libo
1709 646 1780 681 qnod
1797 646 1853 680 pol-

1042 693 1044 699 ·
1068 685 1170 714 licetur,
1185 689 1213 711 ut
1225 685 1289 710 Eros
1300 684 1402 713 scribit,
1418 693 1467 710 non
1482 685 1611 709 incertum
1624 687 1697 717 puto.
1739 683 1773 708 De
1786 688 1854 708 sorte

1067 731 1123 749 mea
1150 722 1271 756 Sulpicio
1291 721 1396 747 confido
1416 726 1441 747 et
1462 721 1573 756 Egnatio
1593 720 1706 746 scilicet.
1747 720 1781 746 De
1802 721 1856 754 ‚tp-

1067 759 1165 795 puleio.
1184 758 1250 794 quid
1268 763 1320 787 est,
1340 758 1412 793 quod
1431 758 1547 787 labores,
1565 765 1650 792 quum
1669 758 1702 783 sit
1718 757 1855 783 excusatio

1067 797 1172 823 favilis?
1202 798 1225 823 k.
1242 796 1302 822 Tibi
1317 795 1350 821 nd
1365 804 1407 821 me
1420 797 1525 825 venire,
1542 799 1570 821 ut
1581 794 1715 824 ostendis,
1733 794 1808 822 vide,
1823 802 1855 820 ne

1315 833 1361 859 Est
1375 833 1446 858 enim
1465 832 1573 865 tongum
1587 833 1644 860 iter,
1657 831 1855 857 discedentem-

1065 880 1118 907 que
1131 877 1164 901 te,
1178 870 1248 906 quod
1261 869 1383 896 celeriter
1394 870 1498 896 tibierit
1511 866 1790 897 fortassefaciendum,
1804 876 1855 894 non

1083 909 1087 914 '
1542 906 1594 933 Sed
1609 906 1712 934 omnia,
1731 911 1759 932 ut
1771 905 1854 931 voles.

1119 1051 1195 1072 xvia
1206 1052 1225 1071 b.
1250 1051 1306 1071 uine
1322 1050 1398 1071 Iuniu-
1423 1049 1473 1070 Mili
1491 1049 1525 1069 nui
1544 1048 1676 1069 nui-turim:
1686 1055 1762 1068 nour·
1773 1048 1855 1075 epistu—

1067 1086 1108 1108 lam
1120 1086 1208 1113 incipit.
1220 1085 1316 1112 itemque
1326 1084 1404 1105 Orelli.

1249 1128 1416 1156 CICERO
1446 1128 1614 1154 ATTICO
1643 1128 1670 1153 S.

1124 1170 1146 1193 t.
1168 1163 1246 1197 Heri,
1259 1175 1344 1201 quum
1359 1174 1392 1191 ex
1400 1165 1512 1192 aliorum
1525 1165 1618 1191 litteris
1628 1166 1814 1201 cognouissem
1825 1164 1858 1190 de

1067 1205 1175 1232 Antonii
1191 1204 1322 1234 adventu,
1339 1203 1487 1229 admiratus
1502 1211 1578 1233 sum,
1595 1202 1662 1229 nihil
1678 1210 1737 1228 esse
1754 1202 1780 1228 in
1793 1202 1856 1228 tuis.

1067 1242 1120 1269 Sed
1139 1247 1213 1268 erant
1228 1241 1315 1276 pridie
1330 1239 1439 1267 fortasse
1450 1241 1573 1274 scriptae.
1587 1248 1668 1274 quam
1680 1239 1766 1265 datae.
1806 1239 1859 1265 Ne-

1067 1288 1119 1315 que
1140 1280 1189 1306 ista
1210 1279 1321 1314 quidem
1338 1286 1412 1304 curo.
1462 1277 1515 1304 Sed
1537 1282 1624 1303 tamen
1645 1277 1739 1311 opinor
1753 1280 1860 1311 propter

1067 1317 1179 1352 praedes
1194 1325 1258 1343 suos
1272 1316 1465 1342 accucurrisse.
1505 1316 1530 1340 2.
1545 1313 1622 1346 Quod
1638 1314 1744 1343 scribis,
1761 1313 1860 1339 Teren-

1068 1356 1131 1381 tiam
1142 1354 1175 1380 de
1186 1353 1406 1389 obsignatoribus
1417 1353 1470 1378 mei
1482 1352 1631 1378 testamenti
1645 1351 1726 1386 loqui.
1740 1351 1858 1385 Primum

1067 1392 1116 1418 tibi
1129 1390 1270 1426 persuade,
1283 1398 1326 1416 me
1337 1391 1419 1416 istaec
1430 1398 1481 1416 non
1493 1397 1595 1419 curare,
1609 1397 1695 1423 neque
1706 1396 1765 1414 esse
1778 1387 1860 1423 quid-

1067 1438 1149 1464 quam
1176 1433 1221 1455 aut
1237 1436 1334 1462 parvae
1349 1435 1428 1453 curae
1448 1431 1493 1453 aut
1509 1434 1592 1453 novae
1605 1425 1665 1452 loci.
1705 1425 1758 1451 Sed
1771 1429 1858 1452 tamen

1067 1466 1134 1501 quid
1145 1465 1253 1492 simile?
1286 1465 1331 1491 illa
1345 1473 1390 1491 eos
1402 1472 1453 1490 non
1465 1463 1603 1494 adhibuit,
1616 1471 1684 1498 quos
1693 1462 1861 1489 existimavit

1067 1504 1245 1539 quaesituros,
1260 1503 1313 1528 nisi
1325 1503 1448 1532 scissent,
1460 1501 1527 1536 quid
1538 1505 1618 1527 esset.
1659 1501 1729 1526 Num
1742 1499 1768 1526 id
1779 1500 1859 1526 etiam

1044 1550 1046 1554 ⁴
1068 1541 1139 1567 mihi
1161 1539 1276 1575 periculi
1297 1538 1366 1565 fuit'?
1386 1538 1439 1565 Sed
1455 1544 1542 1565 tamen
1555 1537 1634 1564 faciat
1647 1537 1702 1567 illa,
1715 1536 1787 1572 quod
1799 1545 1858 1572 ego.

1044 1589 1046 1613 5
1066 1578 1139 1605 Dabo
1151 1586 1242 1604 meum
1254 1581 1441 1603 testamentum
1455 1574 1608 1611 legendum,
1620 1575 1665 1601 cui
1677 1573 1804 1601 voluerit:
1819 1575 1860 1599 in-

1044 1619 1046 1623 '
1067 1615 1178 1651 telliget,
1191 1623 1242 1641 non
1258 1614 1377 1649 potuisse
1388 1613 1608 1639 honorificentius
1619 1621 1632 1638 a
1645 1620 1686 1637 me
1698 1611 1755 1637 fieri
1769 1610 1802 1637 de
1814 1620 1860 1636 ne·

1069 1658 1139 1688 pote,
1153 1660 1234 1687 quam
1247 1650 1367 1678 fecerim.
1401 1651 1468 1676 Nam
1479 1649 1551 1684 quod
1564 1657 1615 1676 non
1626 1648 1756 1675 advocavi
1767 1647 1800 1674 ad
1811 1648 1860 1674 ob-

1068 1689 1246 1725 signandum:
1287 1688 1406 1722 primum
1427 1686 1495 1713 mihi
1514 1695 1565 1713 non
1587 1686 1660 1712 venit
1679 1686 1706 1711 in
1728 1690 1857 1711 mentemz

1069 1726 1167 1753 deinde
1179 1734 1207 1752 ea
1220 1733 1247 1752 re
1259 1733 1310 1751 non
1323 1725 1406 1754 venit,
1423 1724 1486 1759 quia
1498 1723 1566 1749 nihil
1579 1723 1695 1749 attinuit.
1717 1722 1783 1748 Tute
1795 1723 1858 1749 scis.

1068 1765 1102 1799 (si
1119 1763 1198 1790 modo
1214 1762 1384 1796 meministi,)
1407 1769 1450 1787 me
1465 1760 1515 1787 tibi
1527 1766 1584 1787 turn
1595 1759 1707 1786 dixisse.
1721 1764 1751 1786 ut
1761 1759 1794 1785 de
1806 1760 1860 1785 tuis

1069 1801 1176 1836 aliquos
1200 1799 1359 1825 adduceres.
1399 1797 1469 1830 Quid
1495 1798 1566 1824 enim
1587 1805 1656 1832 opus
1675 1801 1731 1823 erat
1750 1796 1862 1822 multis?

1069 1837 1203 1873 Equidem
1215 1836 1374 1863 domesticos
1387 1836 1529 1861 iusseram.
1569 1834 1637 1860 Tum
1649 1833 1698 1860 tibi
1709 1833 1819 1868 placuit,
1832 1839 1862 1860 ut

1069 1876 1202 1902 mitterem
1213 1873 1246 1900 ad
1258 1873 1369 1900 Silium:
1389 1872 1450 1899 inde
1465 1877 1506 1899 est
1516 1870 1859 1901 natum,utadPublilium.

1069 1912 1121 1939 Sed
1136 1919 1245 1938 necesse
1261 1916 1386 1937 neutrum
1403 1909 1462 1936 fuit.
1503 1910 1556 1936 Hoc
1572 1914 1600 1936 tu
1615 1908 1754 1938 tractabis,
1772 1913 1802 1934 ut
1812 1907 1861 1934 tibi

1071 1949 1216 1976 videbitur.

1123 2022 1188 2043 XIX.
1211 2023 1308 2047 (Astur-e,
1319 2022 1397 2039 cau-re
1407 2021 1440 2039 n'.
1451 2020 1492 2039 Cos.
1503 2026 1518 2038 s.
1529 2020 1573 2038 mtt.
1584 2021 1640 2041 709.)

1255 2063 1423 2092 CICERO
1451 2061 1616 2090 ATTICO
1646 2062 1674 2089 S.

1128 2106 1150 2130 I.
1172 2099 1223 2129 Est
1235 2102 1279 2129 hic
1290 2101 1401 2137 quidem
1414 2100 1489 2127 locus
1499 2108 1638 2130 amoenus,
1651 2098 1858 2133 etinmariipso,

1070 2141 1118 2176 qui
1139 2145 1165 2167 et
1178 2141 1258 2166 Antio
1273 2144 1299 2166 et
1313 2139 1426 2166 Circeiis
1444 2138 1529 2172 aspici
1545 2137 1644 2172 possit:
1683 2135 1732 2163 sed
1744 2135 1861 2162 ineunda

1071 2178 1150 2205 nobis
1170 2178 1236 2204 ratio
1258 2182 1311 2207 est,
1334 2174 1564 2211 quemadmodum
1585 2174 1612 2200 in
1627 2173 1701 2201 omni
1715 2173 1861 2199 mutatione

1070 2215 1250 2244 dominorum,
1268 2214 1317 2248 qui
1328 2211 1540 2239 innumerabiles
1558 2210 1615 2237 fieri
1683 2214 1745 2236 sunt
1761 2210 1787 2236 in
1799 2209 1862 2236 infi-

1070 2253 1125 2279 nita
1145 2251 1312 2287 posteritate,
1334 2250 1368 2285 (si
1384 2249 1463 2277 modo
1478 2249 1544 2275 haec
1558 2247 1688 2282 stabunt,)
1702 2245 1771 2273 illud
1781 2247 1861 2281 quasi

1069 2293 1254 2316 consecratum
1274 2295 1411 2314 remanere
1431 2286 1526 2321 possit.
1565 2284 1698 2320 Equidem
1717 2284 1770 2310 iam
1792 2282 1860 2310 nihil

1070 2335 1137 2363 egeo
1157 2324 1351 2361 vectigalibus,
1369 2329 1395 2350 et
1409 2331 1493 2359 parvo
1507 2326 1646 2349 contentus
1662 2329 1721 2347 esse
1737 2329 1858 2356 possum.

1070 2364 1163 2400 Cogito
1183 2362 1318 2389 interdum
1334 2366 1406 2388 trans
1422 2360 1540 2387 Tiberim
1557 2359 1646 2386 hortos
1663 2357 1768 2392 aliquos
1783 2365 1862 2392 para-

1070 2409 1108 2432 re,
1123 2405 1149 2427 et
1159 2399 1270 2436 quidem
1281 2399 1316 2426 ob
1330 2398 1399 2425 hanc
1409 2405 1533 2424 caussam
1543 2396 1670 2422 maxime.
1700 2394 1775 2421 Nihil
1787 2395 1860 2421 enim

1071 2438 1163 2468 video,
1185 2436 1258 2472 quod
1277 2441 1331 2463 tam
1345 2434 1451 2462 celebre
1465 2442 1525 2460 esse
1535 2433 1632 2468 possin
1664 2431 1712 2458 sed
1723 2440 1800 2467 quos,
1814 2440 1861 2458 co—

1071 2484 1127 2502 ram
1140 2473 1308 2505 videbimus3
1340 2473 1377 2499 ita
1387 2477 1486 2501 tamen,
1499 2475 1527 2497 ut
1539 2470 1588 2496 hac
1598 2473 1696 2495 aestate
1707 2468 1800 2495 fanum
1811 2468 1861 2494 ab-

1071 2512 1190 2539 solutum
1206 2511 1250 2537 sit.
1291 2510 1331 2536 Tu
1346 2514 1435 2536 tamen
1449 2516 1511 2534 cum
1526 2505 1620 2541 Apella
1633 2505 1701 2532 Chio
1715 2505 1815 2532 confice
1825 2505 1860 2531 de

1070 2549 1215 2575 columnis.
1255 2549 1279 2573 2.
1295 2547 1332 2573 De
1342 2546 1452 2573 Cocceio
1463 2549 1489 2570 et
1498 2543 1599 2570 Libone
1612 2551 1681 2577 quae
1692 2542 1798 2573 scribis,
1811 2550 1860 2577 ap-

1049 2600 1050 2620 3
1071 2586 1167 2620 probo:
1200 2585 1330 2613 maxime,
1348 2582 1420 2618 quod
1435 2580 1467 2607 de
1483 2580 1602 2607 iudicatu
1618 2588 1687 2606 meo.
1727 2580 1763 2606 De
1777 2587 1860 2614 spon-

1049 2623 1050 2636 ³
1071 2631 1113 2653 su,
1130 2623 1154 2649 si
1166 2621 1232 2657 quid
1243 2619 1427 2655 perspexeris:
1448 2622 1474 2644 et
1487 2622 1585 2647 tamen,
1598 2616 1664 2651 quid
1675 2621 1859 2651 procuratores

1049 2675 1051 2681 ι
1071 2659 1206 2686 Cornificii
1217 2658 1315 2687 dicant,
1328 2655 1410 2683 velim
1421 2654 1502 2686 scire:
1527 2655 1563 2681 ita
1574 2658 1603 2681 ut
1614 2655 1641 2680 in
1652 2661 1683 2681 ea
1693 2662 1721 2680 re
1732 2658 1765 2684 te,
1773 2661 1859 2689 quum
