1941 3052
300 96 479 124 EPISTOL.
501 97 549 123 AD
569 94 721 122 DIVERS.
744 94 815 121 LIB.
837 93 886 120 IV.
917 92 973 118 ΕΡ.
998 93 1026 118 13
1047 107 1083 111 -
1106 93 1144 118 15.

61 172 104 198 nis
123 170 188 197 viris
208 169 320 204 probare
341 168 414 203 quod
434 168 547 198 sentias,
568 167 676 193 obtineo
696 166 855 201 dignitatem

61 216 161 240 meam,
179 207 221 233 sin
233 210 322 232 autem
334 206 361 231 in
374 214 404 231 eo
416 205 533 240 dignitas
545 209 597 235 est,
611 205 647 234 si,
661 203 734 238 quod
744 203 853 233 sentias,

61 250 106 272 aut
120 253 147 270 re
163 243 268 270 efficere
284 243 372 277 possis
389 247 433 269 aut
448 242 566 276 denique
581 241 664 267 libera
680 241 797 267 oratione
809 239 857 265 de-

62 282 183 312 fendere,
206 290 238 307 ne
259 281 405 315 vestigium
426 279 537 314 quidem
557 278 644 305 ullum
665 282 705 304 est
721 277 856 312 reliquum

63 319 140 346 nobis
151 318 303 353 dignitatis,
322 318 464 352 agiturque
479 316 626 351 praeclare,
643 316 666 342 si
679 315 857 349 nosmetipsos

63 364 154 392 regere
165 364 320 390 possumus,
334 359 363 380 ut
374 363 413 385 ea,
422 363 490 389 quae
502 354 599 388 partim
611 353 664 379 iam
676 352 782 382 adsunt,
795 360 858 386 par-

63 394 111 420 tim
123 392 292 427 impendent.
311 392 445 418 moderate
458 391 588 417 seramus:
611 390 683 425 quod
695 394 735 416 est
746 388 856 415 difficile

63 432 90 457 in
102 429 236 456 eiusmodi
248 429 327 460 bello,
336 430 414 455 cuius
426 429 514 455 exitus
526 437 559 454 ex
570 427 650 454 altera
662 432 736 462 parte
747 426 856 453 caedem

63 472 188 498 ostentat,
211 476 245 493 ex
260 466 341 492 altera
357 467 525 492 servitutem.
565 467 590 492 2.
612 464 670 497 Quo
690 465 717 490 in
738 463 858 499 periculo

64 504 186 532 nonnihil
199 513 240 530 me
252 504 412 535 consolatur,
429 512 514 538 quum
526 502 657 532 recordor,
672 501 737 527 haec
748 510 790 527 me
801 505 857 526 tum

64 542 179 573 vidisse,
196 550 282 576 quum
293 541 426 567 secundas
437 541 516 566 etiarn
527 548 570 566 res
582 543 698 569 nostras,
716 547 767 565 non
780 537 858 564 modo

64 579 191 606 adversas
202 578 425 613 pertimescebam
437 577 626 611 videbamque,
640 581 740 611 quanto
751 575 859 610 pericu-

66 617 90 644 lo
101 617 134 643 de
146 617 203 642 iure
215 616 324 651 publico
335 615 529 649 disceptaretur
539 614 631 640 armis.
661 613 767 645 Quibus
779 613 802 638 si
816 612 859 638 vi-

64 655 165 681 cissent
177 654 208 685 ii,
222 653 255 679 ad
266 661 334 688 quos
345 661 394 688 ego
405 653 480 687 pacis
492 660 552 686 spe,
571 660 622 677 non
635 650 699 676 belli
711 649 858 684 cupiditate

66 691 198 718 adductus
210 699 383 721 accesseram,
393 694 480 715 tamen
494 688 686 723 intelligebam,
695 692 720 714 et
731 687 858 713 iratorum

67 729 220 759 hominum,
239 732 264 754 et
276 727 450 761 cupidorum,
471 731 497 752 et
513 725 685 752 insolentium
700 733 782 759 quam
797 733 859 750 cru-

67 766 135 792 delis
155 769 225 791 esset
246 764 334 790 futura
357 764 481 795 victoria;
505 763 547 789 sin
568 767 656 789 autem
678 762 742 789 vieti
758 766 857 790 essent,

66 807 182 838 quantus
199 802 322 828 interitus
337 805 408 827 esset
425 800 531 826 futurus
547 800 663 831 civium,
688 800 785 834 partim
802 808 860 825 am-

67 840 260 875 plissimorum,
274 839 371 873 partim
383 839 463 864 etiam
474 838 651 872 optimorum,
663 838 711 872 qui
724 846 779 867 me,
794 837 859 862 haec

67 877 264 912 praedicentem
281 880 360 910 atque
376 876 475 910 optime
489 874 673 901 consulentem
691 874 771 900 saluti
783 883 857 905 suae,

67 914 201 941 malebant
216 914 331 940 nimium
347 913 488 943 timidum,
511 921 593 947 quam
614 913 679 938 satis
699 911 859 947 prudentem

66 951 226 978 existimari.
257 952 281 977 3.
297 949 373 982 Quod
385 954 474 976 autem
486 950 554 975 mihi
565 949 598 975 de
610 958 649 981 eo,
663 949 735 984 quod
747 949 858 985 egerim,

67 988 223 1025 gratularis,
240 992 265 1014 te
276 989 309 1014 ita
324 987 394 1014 velle
405 992 476 1014 certo
488 988 556 1019 scio;
579 987 626 1013 sed
638 995 686 1022 ego
698 991 751 1013 tam
763 987 861 1012 misero

68 1032 185 1061 tempore
201 1025 268 1051 nihil
288 1026 350 1051 novi
365 1024 471 1051 consilii
487 1025 634 1059 cepissem,
658 1025 710 1050 nisi
729 1024 756 1050 in
772 1024 861 1050 reditu

68 1072 126 1090 meo
138 1062 222 1090 nihilo
234 1062 356 1089 meliores
368 1071 410 1088 res
422 1062 595 1093 domesticas,
617 1071 698 1096 quam
711 1060 862 1096 rempubli-

68 1110 126 1128 cam
137 1100 319 1127 offendissem.
359 1099 465 1132 Quibus
480 1101 551 1125 enim
564 1108 611 1133 pro
623 1100 690 1125 meis
703 1098 862 1125 immortali-

70 1139 119 1165 bus
135 1138 273 1164 beneficiis
288 1137 427 1163 carissima
444 1146 502 1163 mea
520 1137 594 1163 salus
610 1142 635 1163 et
650 1145 724 1162 meae
741 1136 861 1162 fortunae

69 1184 127 1202 esse
138 1175 281 1206 debebant,
295 1183 379 1209 quum
391 1179 498 1209 propter
509 1183 601 1200 eorum
613 1174 701 1200 scelus
714 1173 781 1200 nihil
794 1173 861 1200 mihi

71 1215 136 1240 intra
143 1221 217 1239 meos
229 1213 342 1247 parietes
353 1217 450 1242 tutum,
459 1212 527 1238 nihil
539 1212 647 1238 insidiis
660 1220 775 1238 vacuum
786 1211 863 1237 vide-

70 1259 138 1281 rem,
163 1258 291 1276 novarum
309 1258 350 1275 me
371 1249 603 1276 necessitudinum
626 1249 752 1275 fidelitate
772 1253 862 1275 contra

71 1293 190 1314 veterum
205 1287 345 1321 perfidiam
361 1286 540 1313 muniendum
556 1287 660 1321 putavi.
701 1286 754 1312 Sed
771 1286 803 1312 de
815 1295 863 1313 no-

68 1326 130 1352 stris
143 1325 223 1351 rebus
235 1324 308 1355 satis,
323 1324 364 1350 vel
377 1325 456 1350 etiam
468 1324 583 1350 nimium
595 1323 689 1350 multa.
713 1325 736 1350 4.
750 1324 785 1350 De
797 1324 860 1355 tuiS,

69 1362 164 1393 velim,
177 1367 246 1388 uteo
258 1362 296 1387 sis
307 1362 409 1392 animo,
427 1370 481 1396 quo
492 1361 574 1387 (lebes
589 1370 661 1391 esse,
680 1361 707 1387 id
720 1366 772 1392 est,
791 1366 819 1387 ut
831 1369 862 1387 ne

67 1400 134 1435 quid
146 1399 194 1426 tibi
207 1399 348 1433 praecipue
363 1399 513 1425 timendum
524 1403 612 1433 putes.
654 1398 682 1424 Si
694 1399 766 1425 enim
778 1403 863 1425 status

67 1438 117 1464 erit
128 1436 227 1472 aliquis
238 1437 363 1467 civitatis,
378 1437 544 1471 quicumque
555 1437 613 1467 erit,
622 1440 646 1462 te
657 1436 779 1462 omnium
792 1436 864 1471 peri-

67 1474 190 1501 culorum
211 1473 289 1500 video
305 1479 441 1508 expertem
459 1473 527 1500 sore.-
551 1482 612 1499 nam
629 1473 725 1499 alteros
744 1474 793 1500 tibi
810 1474 862 1499 iam

69 1512 185 1546 placatos
196 1520 255 1537 csse
268 1511 396 1546 intelligo,
406 1511 502 1537 alteros
514 1520 662 1546 numquam
676 1511 754 1537 iratos
767 1510 861 1536 fuisse.

70 1551 103 1575 De
121 1558 178 1575 mea
194 1553 282 1574 autem
296 1548 321 1574 in
335 1553 358 1574 te
371 1548 505 1575 voluntate
517 1548 556 1574 sic
573 1548 654 1574 velim
672 1548 791 1577 iudices,
809 1556 860 1579 me,

68 1586 287 1621 quibuscumque
295 1585 375 1611 rebus
382 1594 450 1620 opus
457 1594 515 1611 esse
523 1585 672 1621 intelligam
682 1596 686 1611 z
696 1594 862 1620 quamquam

69 1623 188 1654 videam,
209 1623 257 1658 qui
272 1623 323 1648 sim
341 1623 390 1649 hoc
407 1627 523 1658 tempore
536 1623 637 1658 etquid
651 1624 765 1657 possimg
784 1631 863 1658 opera

69 1666 155 1687 tamen
167 1665 192 1687 et
203 1660 323 1691 consilio,
337 1660 426 1686 studio
437 1660 548 1695 quidem
560 1665 639 1691 certe,
654 1661 701 1691 rei,
711 1660 805 1691 famae,
820 1669 864 1686 sa-

71 1698 117 1724 luti
129 1703 188 1724 tuae
200 1701 304 1732 praesto
316 1696 447 1724 futurum.
479 1698 518 1723 Tu
531 1697 622 1728 velim,
637 1698 738 1732 etquid
751 1706 824 1733 agas,
838 1702 865 1724 et

68 1735 133 1770 quid
146 1740 267 1761 acturum
280 1739 304 1760 te
315 1739 402 1769 putes,
413 1734 493 1761 facias
506 1744 547 1761 nie
559 1744 640 1770 quam
653 1735 863 1771 diligentissime

68 1773 216 1799 certiorem.
259 1771 332 1798 Vale.

124 1897 172 1918 XV.
190 1897 264 1917 Aac.
285 1897 403 1922 tim-nunt,
419 1900 443 1918 ut
456 1904 590 1918 communem
605 1897 714 1918 fortunam
732 1897 822 1918 fortiter
832 1898 863 1918 fe-

71 1936 110 1956 rat,
122 1936 143 1953 et
155 1931 226 1952 nninio
237 1931 259 1952 in
271 1939 294 1952 ue
305 1932 369 1952 bene!
375 1931 410 1952 olo
422 1939 471 1952 ene
481 1935 564 1959 pergat.

250 1977 336 1998 (nom-n„
347 1978 424 1994 ena-m
435 1978 468 1994 ιιι.
484 1978 556 1999 Lepido
568 1984 613 1994 11...
627 1978 681 1997 ros.)

208 2036 243 2062 M.
266 2036 295 2062 Τ.
317 2035 346 2062 C.
369 2035 397 2062 S.
420 2036 449 2063 D.
471 2036 525 2063 CN.
547 2036 728 2063 PLANCIO.

127 2092 149 2116 l.
165 2086 267 2124 Accepi
280 2090 423 2124 perbreves
436 2095 494 2116 tuas
507 2090 616 2122 litteras,
629 2091 731 2125 quibus
743 2090 780 2122 id,
793 2091 865 2126 quod

69 2129 138 2155 scire
150 2127 302 2162 cupiebam,
316 2136 474 2163 cognoscere
487 2137 538 2154 non
551 2128 638 2162 potui:
652 2129 765 2163 cognovi
776 2134 863 2155 autem

71 2165 107 2196 id,
120 2165 192 2200 quod
205 2164 272 2190 mibi
284 2164 398 2190 dubium
412 2174 462 2191 non
476 2164 535 2192 suit.
577 2166 653 2196 Nam,
670 2174 751 2200 quam
766 2165 866 2193 sortiter

71 2202 153 2229 ferres
169 2211 327 2228 communes
344 2203 480 2233 miserias,
498 2211 549 2228 uon
569 2202 703 2235 intellexi;
722 2212 803 2238 quam
824 2213 865 2230 me

71 2248 187 2271 amares,
207 2239 283 2265 facile
300 2240 439 2274 perspexi:
457 2240 504 2265 sed
521 2239 570 2266 hoc
586 2240 716 2266 sciebam.
758 2241 826 2267 Illud
841 2242 865 2267 si

71 2278 196 2308 scissem,
220 2276 253 2303 ad
270 2277 296 2302 id
312 2286 383 2303 meas
401 2277 501 2303 litteras
512 2277 798 2305 acconuuodavissem.
839 2281 864 2305 2.

71 2313 123 2341 Sed
134 2319 220 2340 tamen
237 2314 287 2340 etsi
303 2318 379 2340 antea
395 2315 506 2349 scripsi,
528 2323 597 2349 quae
612 2315 767 2341 existimavi
783 2316 865 2342 scribi

71 2356 204 2386 oportere:
219 2356 307 2378 tumen
321 2352 369 2377 boc
382 2356 498 2386 tempore
512 2351 628 2378 breviter
639 2352 865 2379 eonuuonemlum

72 2389 176 2424 putavi,
200 2398 232 2415 ne
247 2398 301 2423 quo
316 2388 436 2423 periculo
448 2394 470 2415 te
487 2389 594 2423 proprio
609 2389 779 2415 existimares
791 2399 863 2423 esse,

72 2426 98 2452 in
121 2434 217 2461 magno
236 2435 343 2457 omues,
369 2426 417 2452 sed
439 2431 527 2452 tamen
552 2427 578 2452 in
599 2427 737 2452 communi
758 2436 864 2453 sumus.

71 2462 215 2495 Quurenou
227 2463 310 2489 debes
317 2464 503 2498 autpropriiun
512 2463 680 2489 fortunamac
693 2464 865 2498 praecipuum

73 2499 205 2534 postulare
228 2505 273 2527 aut
291 2510 462 2527 communem
479 2509 612 2526 recusare.
653 2501 821 2535 Quapropter
836 2511 866 2528 eo

72 2537 159 2563 animo
170 2537 256 2563 simus
269 2538 403 2569 internos,
417 2547 470 2573 quo
481 2547 588 2572 semper
600 2537 711 2564 suimus.
746 2538 822 2570 Quod
833 2539 866 2565 do

73 2579 97 2600 te
107 2582 227 2609 sperare,
241 2574 273 2601 de
286 2584 327 2602 me
339 2580 472 2610 praestare
484 2584 605 2610 possum.
648 2574 743 2611 [Vale]

357 2643 579 2654 -θκιμ-

1178 92 1296 117 LIB.V.
1319 91 1374 117 ΕΡ.
1399 92 1459 116 [Ξ.
1650 90 1694 115 691

1283 162 1324 188 75.

1014 227 1218 255 LIBER
1261 224 1573 260 QUINTUS.

960 343 977 363 Ι.
994 343 1069 363 ARG.
1086 342 1190 363 Metellus
1201 342 1275 366 Celer,
1290 349 1375 369 procos.
1389 341 1489 365 Galliae,
1504 340 1617 361 Metellum
1631 341 1703 367 Nepo-

909 380 951 398 tem
963 378 1051 398 tratrem
1063 385 1076 398 a
1086 378 1193 398 cicerone
1204 377 1227 397 in
1239 380 1316 397 senatu
1326 380 1473 403 oppugnatum
1484 383 1533 396 ene
1543 376 1650 402 queritur.

1059 415 1084 436 (u
1093 415 1154 431 (ianm
1166 414 1257 434 «nerium,
1267 415 1337 433 suano,
1348 414 1424 431 Murena
1437 420 1481 429 mss.
1493 414 1548 434 ωε.)

941 457 972 490 Q.
994 456 1217 488 METELLUS,
1238 456 1269 489 Q.
1292 457 1320 482 F.
1346 455 1485 486 CELER,
1508 454 1670 482 PROCOS.

1101 498 1128 524 S.
1151 499 1181 524 D.
1204 498 1239 524 M.
1261 498 1291 523 T.
1313 496 1510 524 CICERONI.

968 547 989 571 l.
1012 540 1045 571 Si
1060 543 1146 574 vales,
1165 543 1232 569 bene
1244 547 1293 569 est.
1334 542 1538 572 Existimaram,
1552 550 1599 576 pro
1610 546 1704 567 mutuo

911 584 978 609 inter
990 591 1037 608 nos
1052 582 1141 607 animo
1152 585 1177 606 et
1187 589 1234 614 pro
1246 579 1414 606 reconciliata
1425 579 1523 614 gratia,
1543 587 1590 605 nec
1603 587 1644 604 me
1656 578 1705 604 ab—

910 625 1013 646 sentem
1031 618 1149 644 ludibrio
1165 617 1266 643 laesum
1277 617 1323 647 iri,
1342 625 1390 642 nec
1402 615 1539 642 Metellum
1552 615 1659 642 fratrem
1670 615 1704 641 ob

910 658 1012 683 dictum
1019 657 1105 690 capite
1112 664 1141 680 ac
1149 654 1261 681 fortunis
1269 659 1346 689 perte
1357 658 1543 688 oppugnatum
1555 654 1597 679 iri.
1619 652 1704 684 Quem

910 695 933 721 si
946 702 1040 729 parum
1052 692 1138 727 pudor
1150 692 1237 726 ipsius
1248 691 1422 721 defendebat,
1445 690 1561 716 debebat
1572 690 1614 716 vel
1627 690 1705 716 sami-

912 732 961 758 liae
973 736 1076 757 nostrae
1088 729 1206 764 dignitas
1217 728 1259 755 vel
1273 737 1363 754 meum
1375 727 1496 754 studium
1508 736 1569 762 erga
1582 736 1629 753 vos
1636 736 1706 753 rem-

910 777 963 804 que
975 767 1112 803 publicam
1124 766 1189 792 satis
1202 766 1354 792 sublevare.
1385 766 1461 790 Nunc
1473 764 1552 790 video
1566 764 1642 790 illum
1654 765 1706 790 cir-

911 810 1100 835 cumventum,
1119 812 1161 830 me
1175 803 1325 834 desertum,
1343 811 1357 828 a
1373 802 1474 837 quibus
1486 802 1597 827 minime
1609 810 1707 827 conve-

912 843 1010 870 niebat.
1051 844 1076 869 ⁶2.
1099 842 1190 876 Itaque
1202 841 1229 867 in
1242 840 1315 867 luctu
1327 845 1352 866 et
1363 839 1487 874 squalore
1498 848 1573 869 sum,
1587 839 1634 873 qui
1646 847 1707 873 pro—

913 881 1030 911 vinciae,
1053 879 1100 914 qui
1122 879 1252 905 exercitui
1274 886 1413 913 praesum,
1441 885 1489 911 qul
1509 875 1611 902 bellum
1633 885 1705 911 gero.

911 918 984 950 Quae
1005 917 1133 952 quoniam
1154 924 1203 942 nec
1224 916 1323 942 ratione
1340 923 1387 941 nec
1403 914 1535 939 maiorum
1557 918 1707 939 nostrorum

912 955 1055 982 clementia
1071 953 1293 984 administrastis,
1311 961 1362 978 non
1375 952 1424 978 erit
1436 950 1603 981 mirandum,
1622 951 1645 976 si
1661 959 1708 976 vos

913 992 1069 1028 poenitebit.
1110 991 1146 1017 Te
1160 995 1213 1017 tam
1230 990 1323 1016 mobili
1338 990 1364 1015 in
1380 998 1422 1015 me
1437 997 1564 1023 meosque
1580 996 1638 1014 esse
1651 988 1709 1013 ani-

913 1039 956 1057 mo
968 1039 1019 1056 non
1032 1028 1183 1064 sperabam.
1225 1029 1265 1053 Me
1278 1029 1375 1054 interea
1388 1035 1436 1052 nec
1447 1026 1611 1052 domesticus
1623 1024 1706 1054 dolor,

913 1077 962 1095 nec
974 1068 1136 1101 cuiusquam
1149 1066 1248 1092 iniuria
1260 1074 1273 1091 a
1289 1064 1429 1100 republica
1444 1063 1569 1090 abducet.
1612 1060 1707 1099 [Vale]

966 1137 994 1158 ΙΙ,
1015 1136 1090 1157 ARG.
1106 1135 1197 1156 Metello
1213 1135 1314 1161 querenti
1330 1134 1459 1161 respondet,
1476 1140 1500 1153 se
1510 1140 1549 1152 ner
1560 1133 1649 1153 tratrem
1661 1131 1709 1151 eius

914 1179 1052 1200 oppugnasse
1065 1174 1086 1191 et
1101 1170 1236 1198 oppugnanti
1251 1169 1372 1190 restitisse.
1401 1169 1485 1189 Laudat
1502 1168 1549 1188 eius
1565 1167 1669 1194 pietatem
1688 1171 1709 1186 et

914 1215 973 1228 alium
985 1207 1047 1227 tidem
1060 1206 1160 1233 spondet.
1191 1208 1277 1227 (Romae,
1288 1208 1358 1226 Silano.
1370 1207 1447 1223 Mun-unu
1458 1212 1504 1222 coss.
1515 1206 1571 1225 092.)

969 1253 1005 1279 M.
1021 1253 1052 1279 T.
1070 1251 1099 1278 C.
1112 1250 1147 1277 M.
1164 1249 1195 1277 F.
1212 1250 1240 1276 S.
1262 1250 1292 1276 D.
1314 1249 1346 1281 Q.
1363 1247 1549 1275 METELLO
1569 1247 1600 1280 Q.
1622 1247 1651 1274 F.

1147 1288 1289 1314 CELERI
1313 1286 1472 1313 PROCOS.

971 1330 993 1354 t.
1017 1322 1050 1352 Si
1066 1330 1093 1352 tu
1105 1325 1294 1360 exercitusque
1311 1324 1418 1354 valetis,
1435 1323 1503 1349 bene
1517 1327 1566 1348 est.
1607 1321 1710 1347 Scribis

914 1365 947 1392 ad
959 1373 1010 1395 me,
1025 1369 1047 1390 te
1058 1367 1226 1390 &restituas-se.
1238 1371 1286 1396 pro
1298 1367 1382 1388 rnulno
1394 1364 1460 1386 inter
1472 1370 1515 1386 nos
1529 1362 1614 1385 uninio
1628 1364 1650 1384 ιἸ
1662 1368 1710 1391 pro

914 1403 1081 1429 reconciliata
1097 1403 1197 1433 qratia,
1217 1409 1354 1433 numquam
1371 1404 1393 1424 {e
1407 1408 1422 1423 a
1440 1407 1476 1423 me
1493 1399 1603 1422 ludibrio
1615 1399 1709 1422 [ries-um

915 1443 958 1466 iri.
999 1438 1074 1471 Quod
1091 1437 1246 1463 cuiusmodi
1262 1437 1309 1467 sit,
1333 1437 1397 1462 satis
1415 1435 1564 1469 intelligere
1580 1442 1631 1460 non
1649 1442 1710 1468 pos-

915 1487 989 1503 sum:
1013 1476 1061 1502 sed
1077 1480 1165 1502 tamen
1181 1475 1317 1509 suspicor,
1336 1473 1368 1499 ad
1384 1478 1406 1499 te
1421 1481 1479 1499 esse
1491 1472 1615 1502 allatum,
1629 1480 1671 1496 me
1684 1471 1709 1496 in

915 1519 1023 1545 senatu,
1040 1522 1125 1548 quum
1137 1512 1319 1547 disputarem,
1337 1510 1484 1545 permultos
1495 1518 1568 1539 esse,
1581 1509 1628 1543 qui
1641 1517 1711 1534 rem-

915 1552 1053 1587 publicam
1070 1560 1083 1576 a
1100 1558 1141 1576 me
1157 1554 1340 1575 conservatam
1360 1548 1493 1578 dolerent,
1516 1546 1633 1576 dixisse,
1657 1554 1670 1571 a
1687 1550 1710 1571 te

915 1590 1081 1625 propinquos
1093 1593 1152 1614 tuos
1161 1608 1166 1618 ,
1182 1587 1284 1621 quibus
1297 1595 1392 1621 negare
1404 1594 1454 1611 non
1467 1585 1610 1619 potuisses,
1625 1584 1711 1617 impe-

916 1632 1012 1657 trasse,
1031 1630 1060 1652 ut
1074 1634 1118 1655 ea,
1144 1633 1212 1659 quae
1229 1624 1369 1650 statuisses
1385 1623 1433 1649 tibi
1449 1623 1475 1648 in
1491 1626 1584 1647 senatu
1605 1620 1638 1646 de
1654 1629 1711 1646 mea

917 1664 995 1690 laude
1007 1672 1065 1689 esse
1077 1662 1205 1692 dicenda,
1220 1662 1354 1687 reticeres.
1395 1659 1471 1692 Quod
1486 1668 1570 1693 quum
1583 1658 1709 1687 dicerem,

916 1701 984 1728 illud
1000 1701 1126 1727 adiunxi:
1151 1699 1218 1725 mibi
1235 1703 1322 1725 tecum
1344 1699 1379 1724 ita
1400 1697 1571 1731 dispertitum
1592 1695 1711 1721 osticium

917 1739 1000 1765 fuisse
1017 1739 1044 1764 in
1062 1736 1226 1772 reipublicae
1241 1736 1326 1762 salute
1343 1734 1493 1763 retinenda,
1512 1738 1539 1759 ut
1551 1742 1600 1768 ego
1614 1732 1711 1758 Urbem

916 1785 929 1803 a
941 1776 1097 1803 domesticis
1109 1774 1217 1800 insidiis
1228 1778 1252 1799 et
1264 1773 1297 1799 ab
1310 1773 1435 1799 intestino
1449 1771 1557 1801 scelere,
1572 1776 1598 1796 tu
1611 1770 1712 1796 ltaliam

916 1819 941 1840 ct
953 1814 986 1840 ab
998 1813 1107 1839 armatis
1119 1811 1243 1837 hostibus
1258 1816 1283 1837 et
1300 1811 1333 1836 ab
1349 1809 1451 1836 occulta
1468 1808 1650 1835 coniuratione
1666 1807 1713 1833 de-

917 1851 1053 1883 senderesq
1078 1854 1157 1884 atque
1175 1848 1242 1874 banc
1260 1853 1375 1874 nostram
1393 1847 1457 1873 tanti
1473 1851 1499 1872 ct
1514 1851 1565 1871 tam
1584 1844 1712 1880 praeclari

917 1889 1037 1915 muneris
1051 1887 1204 1914 societatem
1224 1895 1237 1912 a
1257 1886 1310 1912 tuis
1331 1884 1492 1920 propinquis
1513 1882 1710 1912 innormatum,

916 1927 978 1961 qui,
992 1934 1076 1961 quum
1089 1929 1116 1951 tu
1129 1933 1142 1950 a
1155 1932 1196 1949 me
1209 1923 1290 1949 rebus
1302 1922 1479 1957 amplissimis
1491 1926 1570 1955 atque
1586 1920 1712 1945 honoriti-

916 1963 1080 1990 centissimis
1096 1965 1205 1988 ornatus
1221 1970 1308 1991 esses,
1327 1961 1494 1988 timuissent,
1513 1967 1544 1984 ne
1561 1966 1629 1992 quae
1646 1957 1712 1982 mibi

917 2009 978 2036 pars
994 2001 1042 2026 abs
1061 2005 1085 2026 te
1107 1998 1251 2025 voluntatis
1272 2002 1380 2024 mutuae
1402 1996 1572 2023 tribueretur.
1613 1996 1638 2020 Ξ.
1661 1995 1713 2019 110(-

917 2039 943 2064 in
961 2046 1083 2064 sermone
1098 2045 1183 2071 quum
1200 2044 1213 2061 a
1230 2044 1272 2061 mc
1289 2039 1480 2070 exponeretur,
1501 2042 1570 2067 quae
1587 2040 1644 2057 mea
1666 2040 1713 2057 ex*-

917 2075 1046 2110 spectatio
1067 2074 1163 2100 fuisset
1183 2073 1310 2099 orationis
1333 2077 1392 2098 tuae
1413 2075 1566 2106 quantoque
1583 2070 1609 2095 in
1626 2077 1713 2094 errore

918 2117 1040 2138 versatus
1052 2120 1153 2136 essem:
1172 2110 1229 2136 visa
1242 2115 1281 2136 est
1292 2110 1375 2135 oratio
1387 2118 1438 2134 uon
1452 2106 1608 2136 iniucunda,
1622 2111 1645 2132 et
1658 2114 1713 2131 me—

917 2150 1016 2175 diocris
1032 2148 1142 2183 quidam
1159 2152 1199 2173 est
1215 2147 1286 2172 risus
1301 2151 1475 2175 consecutus,
1499 2154 1550 2170 uon
1568 2145 1593 2169 in
1611 2148 1647 2173 te,
1666 2142 1713 2168 sed

918 2187 1004 2221 magis
1020 2187 1045 2211 in
1062 2193 1177 2210 errorem
1195 2192 1299 2213 meum,
1318 2188 1343 2209 et
1358 2183 1430 2217 quod
1447 2191 1489 2207 me
1505 2182 1552 2207 abs
1567 2186 1591 2207 te
1605 2181 1713 2214 rupisse

919 2224 1022 2249 laudari
1034 2227 1122 2256 aperte
1134 2226 1213 2255 atque
1227 2221 1343 2253 ingenue
1355 2219 1509 2246 conlitebar.
1535 2220 1587 2244 lum
1602 2218 1649 2243 boe
1662 2226 1712 2242 non

918 2265 1003 2295 potest
1016 2261 1041 2286 iu
1055 2265 1078 2285 te
1091 2268 1142 2285 nou
1156 2258 1300 2284 honorilice
1311 2267 1364 2283 essi
1381 2257 1492 2285 dietum,
1503 2265 1544 2281 me
1556 2257 1581 2280 iu
1594 2254 1713 2279 clarissi-

919 2299 969 2324 mis
986 2297 1053 2323 meis
1069 2302 1148 2330 atque
1165 2295 1343 2329 amplissimis
1359 2295 1440 2320 rebus
1455 2298 1541 2319 tumen
1554 2291 1662 2326 aliquod
1675 2296 1713 2316 te-

918 2335 1074 2361 stimouium
1093 2338 1152 2358 tuae
1168 2332 1312 2358 voluntatis
1324 2337 1403 2366 atque
1417 2331 1489 2357 voris
1502 2330 1598 2355 babere
1612 2328 1713 2354 volnis-

918 2382 955 2398 μυ,
997 2374 1020 2398 3,
1042 2370 1118 2403 Quod
1136 2375 1223 2395 uuteiu
1242 2369 1275 2394 ita
1292 2369 1402 2398 scribis,
1424 2377 1472 2401 pro
1489 2372 1573 2392 unnim)
1589 2369 1653 2391 ιἰιΙιϊ
1670 2374 1714 2391 nox

917 2413 1015 2435 mu'mo:
1037 2407 1102 2443 quid
1125 2412 1151 2432 tu
1167 2407 1307 2432 existimes
1322 2416 1380 2431 esse
1398 2407 1423 2431 in
1443 2405 1559 2430 amicitia
1577 2408 1710 2432 mutuum.

919 2447 1021 2473 neseio:
1040 2444 1166 2480 equidem
1180 2444 1228 2469 hoe
1240 2444 1366 2474 arbitror,
1379 2451 1463 2478 quum
1477 2451 1524 2476 par
1536 2441 1658 2467 voluntas
1670 2449 1713 2465 ne-

917 2485 1016 2518 eipitur
1026 2488 1050 2509 et
1063 2482 1192 2508 redditur.
1221 2482 1284 2514 ligo.
1301 2481 1324 2506 si
1338 2481 1386 2506 boe
1397 2481 1495 2509 dicam,
1509 2487 1550 2504 me
1563 2483 1606 2504 tun
1618 2486 1712 2503 iuuisse

918 2520 1130 2555 praetermisisse
1144 2519 1323 2553 provinciam:
1338 2518 1386 2544 tibi
1401 2519 1457 2552 ipse
1471 2516 1553 2542 levior
1565 2515 1657 2541 videar
1670 2524 1713 2539 es-

917 2567 959 2584 se:
983 2566 1056 2584 mene
1078 2557 1150 2582 enim
1174 2556 1288 2582 rationes
1307 2556 1340 2581 ita
1358 2555 1474 2581 tulerunt
1491 2558 1570 2588 utque
1585 2553 1644 2578 eius
1661 2553 1712 2577 mei

917 2595 1022 2621 consilii
1045 2595 1170 2620 maiorem
1193 2594 1219 2619 in
1240 2593 1299 2618 dies
1318 2592 1441 2628 singulos
1458 2591 1573 2617 fructum
1591 2589 1713 2623 voluptu-

918 2638 1025 2668 temque
1036 2632 1121 2667 cupio.
1148 2630 1215 2657 lllud
1227 2630 1297 2661 dico,
1312 2639 1363 2661 me,
1378 2635 1404 2656 ut
1416 2630 1534 2665 primum
1547 2629 1573 2654 in
1586 2628 1713 2653 concione

1447 2676 1503 2703 87·
