1941 3052
332 91 661 118 EPISTOLARUM
689 90 743 117 AD
771 89 1002 117 DIVERSOS
1033 90 1114 117 LIB.
1136 90 1171 117 X.
1202 90 1263 117 ΕΡ.
1286 92 1299 117 4
1321 92 1401 117 -9,

47 169 74 191 et
84 168 129 190 tua
144 162 326 189 exhortatione
338 163 433 197 excepi
444 167 470 188 et
480 171 539 188 mea
551 161 727 188 affirmatione
738 161 788 187 tibi
800 169 842 187 re-
862 162 865 180 ¹

47 202 121 236 cepi:
134 200 196 236 (non
207 200 298 226 minus
309 200 381 225 enim
393 208 407 226 a
418 204 443 226 te
454 200 571 234 probari,
587 208 669 234 quam
680 198 759 234 diligi
770 207 843 224 sem-

49 247 97 274 per
107 237 195 264 volui:
212 245 260 263 nec
271 242 297 263 te
307 237 395 273 magis
407 238 434 263 in
445 237 525 272 culpa
536 236 704 263 defensorem
716 236 784 262 mibi
794 245 843 271 pa-

48 276 120 306 ravi,
140 273 223 310 quam
236 274 448 309 praedicatorem
464 275 621 301 meritorum
642 282 763 300 meorum
784 281 842 299 esse

48 312 123 339 volui
132 312 149 347 :)
160 311 208 338 sed
219 311 371 338 breviorem
382 321 425 338 me
435 311 505 338 duae
516 320 558 338 res
570 311 685 343 faciunt3
699 319 761 342 una,
770 310 843 345 quod

48 349 168 385 publicis
184 349 279 375 litteris
294 350 384 375 omnia
395 358 456 375 sum
467 354 638 384 persecutus:
658 348 752 379 altera,
770 347 843 383 quod

48 387 84 414 M.
91 386 267 418 Varisidium,
276 387 395 421 equitem
401 387 560 417 Romanum,
569 385 729 412 familiarem
740 394 841 416 meum,

47 425 141 459 ipsum
155 423 188 450 ad
204 428 228 450 te
245 424 357 450 transire
373 425 455 455 iussi,
473 433 507 450 ex
520 433 574 459 quo
584 424 673 450 omnia
684 431 844 458 cognoscere

49 470 153 497 posseS.
193 463 219 488 2.
241 462 308 492 Non,
322 461 429 488 medius
440 461 531 492 fidius,
545 460 673 487 mediocri
684 460 774 487 dolore
786 459 846 486 afli-

49 499 149 530 ciebar,
165 507 251 534 quum
262 498 309 525 alii
320 507 450 534 occupare
460 500 658 534 possessionem
670 497 758 524 laudis
769 497 846 523 vide·
866 516 868 528 k

49 541 156 563 rentur:
175 536 223 562 sed
237 545 324 571 usque
335 536 404 562 mihi
414 537 576 571 temperavi,
593 535 659 562 dum
670 535 845 570 perducerem

50 582 81 601 eo
91 582 161 605 rem,
178 578 208 600 ut
223 573 338 610 dignum
349 573 453 609 aliquid
464 578 490 600 et
500 572 639 600 consulatu
651 581 711 598 meo
721 577 747 598 et
757 576 845 598 vestra

50 611 249 646 exspectatione
260 611 405 638 efficerem.
445 610 521 643 Quod
537 619 627 645 spero,
650 610 675 636 si
686 618 728 635 me
740 608 845 635 fortuna

50 657 104 676 non
114 648 252 679 fefellerit,
270 657 313 675 me
327 653 550 675 consecuturum:
567 647 728 679 ut,maximo
742 647 846 681 praesi-

50 686 95 713 dio
106 685 272 720 reipublicae
284 694 331 712 nos
347 685 445 717 fuisse,
468 690 494 712 et
508 694 580 712 nunc
595 685 711 711 sentiant
722 684 846 710 homines

51 728 77 750 et
88 724 115 750 in
126 728 264 758 posterum
275 724 404 750 memoria
415 727 530 750 teneant.
561 722 583 749 A
594 726 618 749 te
630 726 699 756 peto,
714 726 743 748 ut
754 721 846 757 digni-

51 762 98 788 tati
113 769 188 787 meae
206 760 361 796 suffrageris
377 764 415 791 et,
440 769 555 795 quarum
571 768 661 786 rerum
675 767 723 794 spe
739 759 772 785 ad
788 759 846 785 lau-

51 798 114 825 dem
125 806 168 824 me
182 799 293 829 vocasti,
302 798 398 824 harum
410 797 498 824 fructu
509 798 536 824 in
548 796 684 832 reliquum
697 796 779 823 facias
791 796 846 822 ala-
867 803 869 815 ¹

51 837 175 862 criorem.
215 836 272 861 Non
284 836 375 862 minus
386 840 514 870 possete,
528 843 609 870 quam
623 834 706 865 velle,
722 833 847 869 explora-

51 877 108 900 tum
120 873 189 899 mihi
199 877 249 899 est.
289 873 340 899 Fac
353 873 441 899 valeas
454 881 550 907 meque
562 876 656 898 mutuo
667 871 776 908 diligas.

105 965 166 987 vm.
177 965 196 986 A
203 965 255 986 RG.
266 964 373 992 Exponit,
383 972 422 986 cur
431 971 455 985 se
465 972 514 986 seru
525 964 638 985 libertatis
648 965 785 986 defensorem
796 971 846 992 pro-

51 1001 147 1026 fitentur,
155 1003 177 1021 et
187 1001 214 1021 de
224 1000 325 1021 exercitu
335 1004 356 1021 et
365 1001 392 1021 de
401 1000 528 1027 provinciae
538 1003 598 1020 statu
608 1000 726 1025 significat.

245 1038 274 1059 (111
283 1037 381 1061 Hispania,
390 1038 456 1057 Pansa,
466 1037 529 1055 Hirtio
540 1044 585 1055 coss.
598 1038 653 1059 711.)

52 1088 231 1116 PLANCUS
251 1089 328 1115 IMP.
350 1088 432 1116 COS.
452 1088 536 1115 DES.
559 1088 587 1115 S.
608 1089 639 1115 D.
661 1087 768 1115 COSS.
789 1088 846 1114 PR.

135 1127 234 1153 TRlB.
256 1127 365 1153 PLEB.
387 1126 472 1153 SEN.
493 1126 577 1153 POP.
598 1126 654 1152 PL.
676 1125 708 1158 Q.
731 1127 762 1152 R.

109 1174 132 1199 4.
154 1167 188 1198 Si
203 1173 248 1198 cui
262 1171 328 1198 forte
341 1172 436 1199 videor
446 1172 550 1198 diutius
562 1176 587 1199 et
598 1172 739 1198 hominum
751 1179 849 1206 exspe-

53 1210 209 1240 ctationem,
233 1213 258 1236 et
273 1218 349 1244 spem
366 1209 531 1244 reipublicae
547 1209 580 1236 de
592 1218 650 1236 mea
662 1209 798 1236 voluntate
810 1214 849 1235 te-

53 1247 146 1274 nuisse
160 1255 335 1282 suspensam:
358 1247 421 1273 huic
436 1248 513 1282 prius
528 1247 714 1274 excusandum
733 1255 775 1273 me
790 1255 849 1272 esse

54 1285 180 1316 arbitror,
201 1293 283 1319 quam
304 1284 337 1310 de
356 1285 510 1320 insequenti
525 1284 614 1311 officio
629 1285 780 1320 quidquam
800 1283 849 1310 ulli

53 1321 247 1358 pollicendum.
290 1322 348 1348 Non
363 1322 436 1348 enim
452 1323 622 1357 praeteritam
637 1322 745 1357 culpam
761 1321 849 1348 videri

53 1359 114 1386 volo
124 1359 284 1390 redemisse,
301 1359 349 1386 sed
367 1361 483 1394 optimae
498 1361 595 1386 mentis
611 1360 725 1396 cogitata
736 1359 849 1394 iampri-

53 1397 115 1423 dem
127 1401 231 1423 maturo
242 1401 360 1431 tempore
371 1398 520 1424 enuntiare.
555 1399 580 1424 2.
607 1398 664 1424 Non
677 1406 719 1423 me
730 1401 849 1432 praeter—

54 1435 122 1465 ibat,
140 1435 167 1461 in
179 1439 249 1460 tanta
261 1434 444 1461 sollicitudine
456 1435 598 1462 hominum
609 1440 635 1462 et
645 1440 697 1462 tam
708 1434 850 1469 perturba-

53 1476 79 1498 to
94 1476 164 1499 statu
179 1472 296 1498 civitatis
313 1471 556 1499 fructuosissimam
575 1481 633 1499 esse
654 1472 849 1507 professionem

54 1509 139 1536 bonae
150 1509 295 1536 voluntatis
307 1518 473 1545 magnosque
488 1510 601 1537 honores
613 1518 646 1537 ex
656 1519 687 1536 ea
693 1518 720 1536 re
727 1509 851 1544 complu-

53 1555 96 1573 res
106 1551 263 1574 consecutos
279 1546 416 1574 videbam.
457 1547 510 1574 Sed
531 1556 616 1583 quum
633 1548 660 1574 in
680 1556 742 1574 eum
756 1555 849 1573 casum

54 1593 96 1610 me
108 1584 213 1611 fortuna
224 1584 388 1615 demisisset,
401 1589 431 1611 ut
441 1589 487 1611 aut
495 1585 617 1611 celeriter
626 1584 779 1620 pollicendo
793 1592 851 1610 ma-

54 1629 106 1658 gna
121 1621 190 1648 mihi
206 1622 264 1657 ipse
275 1621 309 1648 ad
319 1622 515 1657 proficiendum
527 1622 720 1657 impedimenta
731 1630 851 1657 oppone-

55 1667 120 1691 rem,
133 1663 187 1690 aut,
201 1660 225 1685 si
237 1659 264 1686 in
275 1668 306 1686 eo
317 1659 386 1686 mihi
400 1661 636 1695 temperavissem,
650 1661 764 1687 maiores
774 1668 851 1687 occa-

54 1697 142 1723 siones
152 1696 185 1724 ad
194 1696 383 1731 opitulandum
396 1697 536 1724 haberem:
550 1698 705 1733 expeditius
717 1698 766 1724 iter
777 1706 851 1723 com-

55 1735 145 1760 munis
160 1733 270 1766 salutis,
293 1743 375 1770 quam
391 1744 466 1761 meae
482 1735 570 1762 laudis
586 1744 645 1762 esse
657 1735 741 1762 volui.
782 1735 850 1761 Nam

54 1772 116 1807 quis
127 1772 155 1798 in
166 1780 196 1798 ea
209 1771 328 1803 fortuna,
346 1781 416 1807 quae
427 1781 485 1799 mea
497 1777 546 1804 est,
559 1777 585 1800 et
595 1773 628 1799 ab
640 1782 670 1800 ea
682 1774 749 1803 vita,
767 1781 850 1808 quam

54 1809 82 1836 in
97 1817 140 1836 me
155 1809 290 1845 cognitam
307 1809 464 1837 hominibus
481 1810 608 1842 arbitror,
626 1816 652 1838 et
666 1820 729 1838 cum
745 1819 775 1836 ea
791 1818 848 1845 spe,

54 1855 136 1882 quam
147 1847 175 1872 in
187 1846 313 1873 manibus
326 1847 419 1879 habeo,
432 1852 478 1874 aut
489 1848 629 1874 sordidum
641 1849 792 1884 quidquam
803 1856 852 1883 pa—

53 1885 74 1911 ti
85 1888 131 1910 aut
141 1884 324 1918 perniciosum
335 1886 525 1920 concupiscere
536 1885 640 1920 potest‘?
681 1888 704 1913 3.
733 1886 786 1913 Sed
801 1885 851 1912 ali-

55 1925 186 1956 quantum
203 1921 280 1947 nobis
296 1922 424 1957 temporis
444 1927 470 1949 et
485 1924 576 1959 magni
592 1923 696 1950 labores
712 1929 738 1951 et
751 1924 851 1950 multae

55 1960 193 1993 impensae
204 1966 272 1993 opus
283 1958 400 1991 fuerunt,
409 1964 447 1990 ut.
460 1968 529 1995 quae
541 1961 706 1995 reipublicae
718 1962 851 1997 bonisque

55 1996 183 2023 omnibus
197 1995 395 2030 polliceremur,
408 1997 483 2023 exitu
495 2002 701 2032 praestaremus,
719 2007 805 2034 neque
818 1998 850 2024 ad

55 2033 189 2060 auxilium
205 2033 306 2068 patriae
323 2033 389 2060 nudi
404 2042 466 2060 cum
482 2034 550 2061 bona
562 2035 712 2066 voluntate,
729 2036 777 2062 sed
789 2045 851 2063 cum

55 2070 230 2098 facultatibus
245 2071 445 2098 accederemus.
485 2072 691 2099 Confirmandus
706 2078 762 2100 erat
775 2082 853 2100 exer-

55 2109 125 2135 citus
137 2108 228 2139 nobis,
242 2109 348 2144 magnis
359 2117 439 2143 saepe
450 2110 577 2144 praemiis
588 2110 762 2142 sollicitatus,
779 2116 808 2137 ut
819 2110 852 2137 ab

56 2145 194 2181 republica
206 2146 296 2180 potius
308 2146 452 2177 moderata,
469 2155 551 2182 quam
563 2147 595 2173 ab
607 2156 660 2174 uno
673 2148 776 2175 infinita
790 2157 853 2183 spe-

57 2188 137 2216 raret;
156 2183 355 2210 confirmandae
370 2183 523 2218 complures
535 2185 671 2216 civitates,
689 2194 758 2221 quae
770 2194 853 2220 supe-

56 2221 125 2247 riore
140 2229 210 2247 anno
227 2220 416 2256 largitionibus
430 2222 706 2257 concessionibusque
718 2224 853 2258 praemio-

56 2266 117 2285 rum
127 2262 203 2285 erant
212 2257 359 2294 obligatae,
376 2262 406 2285 ut
416 2263 442 2285 et
453 2258 498 2284 illa
510 2267 577 2285 vana
589 2264 713 2294 putarent
723 2266 748 2287 et
758 2260 851 2287 eadem

57 2303 71 2322 a
87 2294 246 2322 melioribus
265 2295 421 2322 auctoribus
443 2296 556 2331 petenda
571 2297 769 2331 existiman-enm
792 2298 853 2324 alli-

57 2332 168 2360 ciendae
188 2333 268 2360 etiam
290 2332 440 2359 voluntates
461 2333 636 2368 reliquorum,
660 2335 708 2369 qui
730 2335 853 2362 finitimis

57 2370 204 2405 provinciis
216 2370 436 2405 exercitibusque
449 2371 634 2405 praefuerunt:
651 2377 680 2398 ut
690 2373 779 2406 potius
790 2381 853 2399 cum

57 2406 184 2442 pluribus
198 2408 353 2435 societatem
369 2407 553 2435 defendendae
569 2408 699 2435 libertatis
711 2410 850 2441 iniremus,

58 2451 140 2479 quam
150 2453 213 2471 cum
224 2445 399 2480 paucioribus
411 2445 544 2472 funestam
555 2446 614 2472 orbi
627 2451 756 2472 terrarum
769 2448 854 2474 victo-

59 2481 126 2508 riam
137 2482 307 2517 partiremur.
349 2484 373 2510 4.
395 2483 535 2510 Muniendi
552 2492 614 2510 vero
629 2484 787 2518 nosmetipsi
799 2484 854 2511 fui-

59 2525 120 2545 mus
141 2524 217 2546 aucto
241 2521 361 2547 exercitu
388 2521 555 2555 auxiliisque
580 2520 780 2556 multiplicatis,
813 2527 851 2553 ut,

59 2563 144 2591 quum
159 2556 354 2591 praeferremus
369 2567 466 2585 sensus
482 2563 584 2593 aperte.
608 2563 664 2585 tum
685 2559 765 2585 etiam
782 2560 854 2586 invi-

60 2593 94 2620 tis
113 2594 278 2629 quibusdam
300 2596 378 2627 sciri,
399 2596 467 2632 quid
484 2595 623 2622 defensuri
643 2604 778 2627 essemus,
801 2606 853 2624 non

60 2635 129 2658 esset
139 2631 331 2666 periculosum.
348 2634 384 2660 lta
396 2642 545 2670 numquam
557 2633 693 2660 diffitebor
704 2634 787 2661 multa
799 2643 851 2666 me,

1639 92 1688 117 735

893 166 924 188 ut
938 161 971 187 ad
982 161 1105 188 effectum
1117 161 1213 188 horum
1225 161 1399 188 consiliorum
1411 162 1594 196 pervenirem,
1612 166 1638 188 et
1652 162 1691 187 si-

893 198 1012 225 mulasse
1027 200 1144 225 invitum
1160 204 1185 225 et
1199 199 1388 225 dissimulasse
1403 207 1465 225 cum
1482 198 1585 230 dolore,
1607 198 1689 234 quod,

894 241 1062 271 praematura
1073 236 1240 263 denuntiatio
1251 236 1315 263 boni
1327 237 1396 263 civis
1411 237 1536 271 imparati
1551 245 1632 271 quam
1644 244 1692 270 pe-

895 273 1009 300 riculosa
1021 279 1100 304 esset,
1114 282 1148 300 ex
1158 283 1222 300 casu
1233 274 1350 310 collegae
1361 274 1498 300 videbam.
1529 275 1554 300 5.
1575 273 1633 306 Quo
1644 282 1693 299 no-

895 311 967 337 mine
979 312 1059 337 etiam
1071 311 1099 338 C.
1113 311 1213 337 Furnio
1225 311 1324 347 legato,
1339 312 1396 338 viro
1408 311 1467 338 forti
1479 316 1559 346 atque
1570 316 1689 340 strenuo,

895 348 972 383 plura
993 349 1074 374 etiam
1089 348 1185 379 verbo,
1208 358 1290 383 quam
1307 349 1453 383 scriptura,
1476 348 1601 375 mandata
1615 348 1694 373 dedi-

896 395 970 412 mus:
985 390 1014 412 ut
1024 391 1050 412 et
1060 386 1156 412 tectius
1167 385 1200 412 ad
1213 395 1260 412 vos
1272 386 1461 420 perferrentur,
1475 391 1501 412 et
1512 394 1560 412 nos
1571 394 1693 411 essemus

896 424 1020 455 tutiores;
1034 423 1190 458 quibusque
1202 424 1283 449 rebus
1294 428 1319 450 et
1329 432 1500 449 communem
1508 423 1622 450 salutem
1633 431 1694 448 mu-

897 461 950 486 niri
961 465 986 486 et
997 469 1045 486 nos
1057 461 1154 486 armari
1166 462 1334 491 conveniret,
1351 462 1549 495 praecepimus.
1588 461 1630 486 Ex
1641 468 1695 495 quo

897 497 1013 533 intelligi
1025 503 1123 532 potest,
1146 507 1238 524 curam
1250 498 1414 533 reipublicae
1425 507 1531 524 summe
1542 497 1695 524 defendun-

897 535 946 561 dae
958 535 1118 570 iampridem
1131 535 1202 570 apud
1214 544 1262 562 nos
1272 536 1416 562 excubare.
1458 538 1482 562 fi.
1505 537 1592 566 Nunc,
1608 543 1695 570 quum

897 573 978 599 deum
993 572 1160 608 benignitate
1176 573 1209 598 ab
1225 574 1298 599 omni
1315 582 1341 599 re
1357 582 1453 599 sumus
1464 573 1623 608 paratioreS,
1642 581 1695 598 non

867 630 868 645 3
897 610 985 636 solum
997 610 1064 636 bene
1076 619 1182 644 sperare
1194 610 1226 636 de
1241 611 1319 636 nobis
1335 611 1472 641 homines,
1495 610 1543 636 sed
1559 609 1695 645 explorate

897 647 1017 674 iudicare
1029 647 1165 674 volumus.
1206 649 1337 683 Legiones
1353 648 1439 674 habeo
1457 657 1472 673 v
1483 648 1535 673 sub
1551 648 1652 683 signis,
1670 652 1696 673 et

897 694 946 711 sua
966 685 1018 711 fide
1039 686 1193 719 virtuteque
1218 685 1384 720 reipublicae
1409 686 1645 711 coniunctissimas
1671 689 1697 711 et

898 727 986 749 nostra
1013 722 1171 748 liberalitate
1201 722 1279 748 nobis
1304 722 1497 757 obsequentes,
1526 723 1695 757 provinciam

897 761 1019 786 omnium
1035 760 1175 786 civitatum
1191 768 1324 786 consensu
1339 760 1538 794 paratissimam
1554 765 1579 786 et
1589 768 1695 785 summa

897 798 1066 824 contentione
1082 797 1114 823 ad
1132 797 1221 823 officia
1241 802 1400 830 certantem3
1424 798 1560 831 equitatus
1580 796 1697 823 auxilio-

898 844 1013 870 rumque
1029 839 1113 861 tantas
1129 835 1234 869 copias,
1251 840 1365 869 quantas
1381 835 1430 860 hae
1445 839 1539 870 gentes
1556 834 1589 860 ad
1603 833 1697 860 defen-

898 872 1014 899 dendam
1030 881 1107 898 suam
1122 872 1236 898 salutem
1258 872 1463 907 libertatemque
1483 871 1614 898 conficere
1634 880 1697 906 pos-

898 915 971 937 sunt.
1011 911 1070 944 Ipse
1087 910 1122 936 ita
1136 919 1198 936 sum
1214 910 1304 936 animo
1320 914 1442 944 paratus,
1465 909 1507 935 vel
1529 909 1697 943 provinciam

898 949 981 979 tueri,
995 947 1038 973 vel
1050 948 1102 978 ire,
1116 956 1169 982 quo
1180 947 1334 981 respublica
1346 952 1435 978 vocet,
1452 946 1494 972 vel
1506 946 1609 973 tradere
1620 955 1698 972 exer-

899 986 991 1016 citum,
1001 984 1100 1011 auxilia
1113 985 1345 1019 provinciamque,
1354 989 1383 1011 ut
1394 984 1436 1011 vel
1446 993 1552 1010 omnem
1566 984 1698 1018 impetum

898 1022 964 1049 belli
975 1024 1002 1049 in
1014 1031 1057 1048 me
1068 1027 1223 1049 convertere
1236 1031 1287 1048 non
1301 1031 1433 1053 recusem,
1443 1022 1552 1048 simodo
1563 1030 1622 1047 meo
1633 1030 1697 1047 casu

899 1065 945 1087 aut
959 1060 1116 1087 confirmare
1132 1060 1233 1094 patriae
1249 1059 1363 1086 salutem
1375 1064 1421 1086 aut
1432 1059 1583 1094 periculum
1596 1059 1698 1093 possim

899 1099 1007 1124 morari.
1052 1099 1077 1124 7.
1104 1098 1174 1123 Haec
1194 1098 1217 1123 si
1239 1098 1292 1123 iam
1313 1097 1447 1132 expeditis
1467 1097 1596 1123 omnibus
1617 1096 1698 1122 rebus

900 1135 1100 1170 tranquilloque
1112 1140 1181 1161 statu
1193 1136 1310 1162 civitatis
1321 1135 1463 1170 polliceor,
1477 1136 1503 1161 in
1516 1134 1613 1160 damno
1624 1142 1699 1160 meae

900 1173 989 1199 laudis
1000 1172 1166 1208 reipublicae
1177 1172 1317 1199 commodo
1330 1172 1459 1201 laetabor.
1478 1173 1520 1198 sin
1537 1171 1570 1198 ad
1586 1172 1699 1198 societa-

900 1216 953 1237 tem
969 1211 1204 1246 integerrimorum
1220 1216 1246 1237 et
1261 1211 1441 1237 maximorum
1457 1209 1639 1244 periculorum
1655 1217 1700 1235 ac-

899 1248 1002 1279 cedam,
1012 1248 1125 1274 consilia
1137 1257 1195 1274 mea
1207 1249 1301 1283 aequis
1314 1248 1452 1274 iudicibus
1464 1247 1497 1273 ab
1508 1247 1699 1273 obtrectatione

901 1286 1056 1312 invidorum
1068 1285 1236 1312 defendenda
1247 1285 1416 1311 commendo.
1443 1285 1509 1310 Mihi
1523 1284 1634 1319 quidem
1645 1284 1699 1318 ipsi

901 1323 1004 1350 fructus
1016 1324 1172 1350 meritorum
1185 1332 1306 1350 meorum
1318 1323 1344 1349 in
1356 1321 1700 1357 reipublicaeincolumita-

901 1366 925 1387 te
941 1361 1006 1387 satis
1022 1370 1136 1396 magnus
1151 1366 1191 1387 est
1206 1365 1325 1395 paratus.
1366 1360 1418 1386 Eos
1437 1368 1513 1390 vero,
1531 1359 1592 1394 qui,
1611 1367 1699 1385 meam

901 1399 1085 1425 auctoritatem
1092 1403 1118 1424 et
1128 1398 1213 1425 multo
1224 1399 1311 1434 magis
1322 1403 1438 1424 vestram
1451 1397 1531 1423 fidem
1542 1397 1636 1427 secuti,
1651 1405 1699 1422 nec

902 1436 956 1462 ulla
979 1445 1026 1470 spe
1047 1436 1137 1470 decipi
1158 1444 1206 1462 nec
1222 1435 1277 1462 ullo
1294 1440 1366 1462 metu
1382 1435 1474 1461 terreri
1490 1439 1648 1469 potuerunt,
1671 1438 1700 1460 ut

901 1473 1101 1501 commendatos
1114 1473 1191 1500 vobis
1203 1473 1333 1504 habeatis,
1347 1472 1494 1508 petendum
1507 1471 1623 1498 videtur.

956 1569 996 1590 IX.
1013 1569 1088 1589 ARG.
1107 1569 1175 1589 Suum
1193 1568 1248 1595 reip.
1266 1567 1363 1588 studium
1382 1574 1435 1594 prae
1454 1574 1478 1587 se
1497 1567 1551 1587 fert:
1570 1566 1699 1591 dignitatern

902 1612 963 1624 suam
974 1604 1122 1628 c‹›mmen·lat;
1134 1603 1186 1630 qnid
1196 1603 1267 1629 egerit
1277 1606 1298 1623 et
1309 1606 1398 1623 aeturus
1410 1603 1447 1627 nit.
1459 1602 1562 1630 exponit:
1578 1601 1699 1622 exercitum

903 1640 985 1660 laudat.
1017 1642 1046 1663 (ln
1056 1641 1118 1659 Gallia
1128 1641 1253 1661 >athone-ni,
1261 1640 1353 1661 Antonio,
1364 1640 1464 1658 Dolabella
1475 1647 1521 1657 ceu.
1533 1641 1588 1659 710.)

1075 1692 1256 1720 PLANCUS
1281 1692 1470 1719 CICERONl
1495 1691 1522 1719 S.

961 1741 983 1766 l.
1005 1733 1085 1766 Nihil
1102 1748 1144 1765 me
1160 1739 1210 1765 tibi
1225 1743 1324 1765 temere
1339 1743 1385 1764 aut
1400 1742 1424 1764 te
1439 1738 1535 1764 ceteris
1546 1737 1579 1763 de
1590 1745 1632 1763 me
1645 1736 1701 1762 fru-

902 1782 956 1804 stra
967 1777 1102 1812 recepisse
1115 1777 1205 1803 laetor.
1236 1776 1311 1803 Certe
1323 1776 1373 1802 hoc
1385 1776 1472 1801 maius
1485 1775 1568 1801 babes
1580 1775 1702 1801 testimo-

903 1816 979 1842 nium
994 1815 1093 1841 amoris
1109 1815 1176 1845 mci,
1196 1823 1250 1849 quo
1266 1814 1398 1840 maturius
1414 1813 1477 1844 tibi,
1495 1821 1577 1848 quam
1593 1813 1699 1841 ceteris.

903 1852 1016 1879 consilia
1028 1861 1086 1879 mea
1099 1852 1171 1879 volui
1184 1860 1243 1878 esse
1255 1856 1325 1878 nota.
1359 1852 1387 1877 In
1400 1851 1459 1877 dies
1471 1859 1533 1877 vero
1545 1850 1701 1876 meritorum

903 1899 1026 1917 meorum
1037 1890 1094 1916 fieri
1106 1891 1283 1920 accessiones,
1297 1888 1455 1924 praevidere
1468 1893 1491 1914 te
1502 1896 1594 1922 spero:
1608 1887 1702 1922 cogni-

904 1933 994 1955 turum
1006 1929 1094 1964 magis
1106 1929 1216 1962 recipie.
1257 1929 1282 1954 2.
1304 1926 1382 1958 Quod
1393 1926 1426 1952 ad
1438 1935 1480 1952 me
1491 1926 1592 1955 attinet,
1610 1925 1647 1950 mi
1657 1924 1702 1951 Ci-

903 1974 977 1997 cero,
990 1966 1035 2000 (ita
1047 1966 1080 1992 ab
1093 1965 1301 1991 imminentibus
1313 1963 1391 1990 malis
1404 1963 1557 1998 respublica
1570 1971 1611 1988 me
1623 1961 1702 1988 adiu-

904 2003 1139 2037 vanteliberetur,)
1149 2003 1188 2029 sic
1201 2002 1314 2029 honores
1326 2002 1500 2036 praemiaque.
1512 2005 1598 2027 vestra
1610 2000 1703 2033 suspi-

903 2041 959 2072 cio,
976 2040 1137 2067 conferenda
1153 2045 1223 2066 certe
1239 2048 1301 2066 cum
1317 2038 1530 2068 immortalitate,
1548 2038 1646 2064 utsiue
1660 2037 1702 2062 liis

905 2077 1013 2104 niliilde
1026 2086 1085 2104 meo
1096 2077 1187 2105 studio
1199 2077 1453 2112 perseverantiaque
1466 2076 1518 2101 sim
1526 2076 1701 2101 remissurus,

904 2116 962 2141 Nisi
976 2116 1002 2141 in
1014 2115 1188 2141 multitudino
1200 2115 1362 2149 optimorum
1375 2114 1477 2140 civium
1489 2113 1606 2147 impetus
1618 2111 1701 2137 animi

904 2153 957 2179 mei
978 2152 1059 2178 fucrit
1081 2152 1228 2187 singularis
1249 2156 1275 2178 et
1294 2160 1373 2186 opera
1394 2151 1552 2185 praecipua,
1579 2148 1646 2176 nihil
1669 2148 1702 2174 ad

905 2198 992 2216 meam
1007 2189 1167 2225 dignitatem
1183 2188 1309 2215 accedere
1326 2188 1385 2214 volo
1401 2187 1590 2223 suffragatione
1603 2191 1700 2212 vestra.

904 2230 928 2254 3.
951 2227 1119 2261 Concupisco
1138 2231 1227 2252 autem
1249 2225 1317 2252 nihil
1339 2225 1420 2255 mihi,
1440 2225 1540 2259 (eontra
1556 2223 1628 2259 quod
1645 2224 1702 2257 ipse

904 2264 1022 2300 pugum)
1037 2263 1085 2289 sed
1101 2268 1126 2290 ct
1138 2263 1279 2297 temporis,
1297 2268 1323 2288 et
1333 2263 1370 2288 rei
1383 2267 1407 2288 te
1419 2262 1612 2288 moderatorem
1625 2260 1702 2286 facile

905 2303 990 2336 patior
1005 2310 1074 2327 esse.
1116 2300 1189 2326 Nihil
1205 2304 1251 2326 aut
1266 2308 1325 2326 sero
1339 2304 1385 2325 aut
1399 2299 1498 2334 exigue
1513 2308 1527 2324 a
1544 2299 1628 2333 patria
1646 2298 1701 2323 civi

905 2339 1036 2365 tributum
1050 2343 1135 2373 potest
1147 2337 1244 2363 videri.
1275 2337 1430 2363 Exercitum
1443 2345 1467 2362 a.
1480 2336 1507 2361 d.
1521 2341 1628 2362 sextum
1641 2334 1699 2360 Kal.

905 2377 988 2402 Maias
999 2376 1158 2402 Rhodanum
1176 2375 1267 2401 traieci
1284 2375 1389 2409 magnis
1406 2373 1558 2400 itineribus.
1600 2373 1701 2398 Vienna

905 2414 1010 2448 equites
1023 2413 1096 2439 mille
1109 2413 1151 2438 via
1163 2412 1284 2438 breviore
1297 2412 1435 2446 praemisi.
1477 2411 1549 2445 ipse,
1567 2410 1590 2436 si
1606 2410 1640 2436 ab
1652 2410 1702 2436 Le·

905 2451 969 2486 pido
986 2459 1038 2477 non
1054 2450 1200 2485 impediar.
1221 2449 1355 2476 celeritate
1371 2447 1549 2480 satisfacia1u;
1572 2448 1595 2474 si
1611 2452 1701 2474 autem

906 2489 995 2515 itineri
1012 2496 1071 2514 meo
1085 2496 1114 2514 so
1129 2487 1298 2522 opposuerit,
1321 2486 1354 2512 ad
1370 2491 1477 2521 tompus
1497 2484 1641 2511 consilium
1657 2493 1702 2510 ca·

905 2526 988 2560 piam.
1029 2525 1126 2560 Copias
1137 2524 1241 2551 adduco
1252 2530 1277 2551 et
1289 2532 1400 2550 numero
1415 2528 1441 2549 et
1456 2531 1553 2558 genere
1569 2528 1594 2549 et
1613 2521 1702 2548 tideli-

906 2563 977 2589 litnto
989 2562 1169 2589 firmissimas.
1213 2562 1258 2592 Te,
1272 2567 1301 2588 ut
1311 2561 1410 2597 diligas
1422 2569 1473 2592 mo,
1486 2560 1510 2587 si
1522 2565 1616 2587 mutuo
1627 2565 1651 2586 te
1662 2559 1701 2586 fa-

904 2605 1011 2628 cturum
1021 2601 1084 2632 scis,
1099 2609 1170 2636 rogo.
1212 2599 1285 2626 Vale.
