1941 3052
218 165 262 187 (⁴³8
786 163 823 186 13.

215 241 293 267 saepo
308 232 404 258 fulsum
419 237 466 261 ent,
484 240 560 266 posse
575 235 642 257 recte
657 240 706 256 non
721 230 806 262 credi,
831 232 886 256 viro
900 230 968 256 bono
979 235 1004 256 ct

216 271 291 296 tii-mo
309 271 365 296 sint·
386 270 448 295 viu«,
463 269 558 295 indic-is
575 277 624 294 non
641 277 716 302 posse
731 277 781 293 non
796 267 876 293 credi.
918 268 1004 302 Atque

215 308 303 336 etiam,
331 308 352 332 ni
375 307 479 332 obst-uri
501 311 579 331 testes
593 310 669 330 erunt
683 309 728 330 aut
743 309 843 334 tenues,
859 304 1002 330 dicendum
1026 322 1027 339 χ

215 346 272 372 erit.
290 353 339 370 nou
355 353 413 368 esi-w
428 352 459 369 ex
475 343 576 368 furtum·
592 342 669 367 tidem
686 341 891 375 ponderandam,
905 346 948 366 aut
959 349 1003 367 eos
1026 343 1027 380 ᾖ

215 390 273 406 esse
295 382 426 414 cuiusque
447 380 667 413 locupletissimos
683 383 770 408 testes,
786 378 832 412 qui
850 378 884 407 iu,
905 378 1005 412 dequo
1026 385 1027 413 l

215 423 315 451 agatur,
338 418 461 443 facillime
480 418 546 442 scire
562 416 672 449 possint.
713 416 760 441 Sin
774 415 944 450 quaestiones
959 415 1005 441 lia·
1026 429 1027 450 g

215 456 284 481 bitae
302 459 346 480 aut
369 454 517 488 postulatio,
541 458 568 478 ut
583 453 736 482 habeantur,
758 461 879 478 caussam
894 452 1004 478 adiuva·
1026 474 1028 485 ,

216 493 289 521 bunt,
298 491 506 517 ‹-0ntirnmn‹tum
519 498 604 523 genus
616 491 730 524 primum
743 490 929 524 quaestionum
941 490 1001 518 erit;

214 529 356 555 dit-endum
380 528 412 553 (le
437 529 460 553 vi
480 527 586 557 doloris,
613 527 644 552 de
663 527 786 561 opinione
802 527 941 556 maiorum.
957 527 1003 560 qui

214 575 270 591 enm
294 574 347 591 rem
368 569 456 594 totam,
474 565 523 590 nisi
540 564 703 598 probassent,
719 569 788 590 certe
804 563 1002 598 rvpndiussent,

1033 510 1035 531 l

1026 545 1035 572 'l

216 605 271 628 ⁴18.
291 602 324 628 (le
343 603 471 628 institutis
490 602 700 631 Atheniensium,
719 601 890 631 liliodiorum,
906 601 1005 626 doctis·
1026 585 1035 655 ΙΙ

214 641 341 665 simorum
362 639 510 668 hominum,
532 639 602 673 apud
621 647 689 674 quos
703 639 781 664 etiam
796 638 832 673 (id
847 638 918 673 quod
933 646 1005 663 acer-

215 677 355 703 bissimum
370 677 419 711 est)
435 677 509 702 liberi
523 677 649 711 civesque
665 680 833 711 torquentur,
855 676 888 701 de
903 679 1005 701 nostro-

215 723 272 740 rum
299 714 378 740 etiam
406 714 674 748 prudentissimorum
701 714 838 739 bominum
863 713 1001 743 institutis,
1026 723 1027 732 ¹

213 752 259 786 qui
274 759 358 786 quum
373 751 406 777 (le
419 752 504 777 servis
520 751 545 777 in
561 751 681 777 dominos
695 752 786 785 quaeri
799 749 955 779 noluissent,
971 749 1004 775 «le

214 789 314 815 incestu
334 793 419 814 tamen
435 793 459 814 ct
473 788 659 818 coniuratione,
677 797 745 823 quae
761 788 825 813 furta
840 796 881 813 me
895 787 1004 813 consule

213 830 261 856 est,
285 825 467 860 quaerendum
488 830 656 860 putaverunt.

215 909 268 930 ιιι-3,
286 904 311 926 et
325 900 447 926 meditata
463 901 626 935 puerilisque
640 900 761 926 dicenda.

214 937 287 968 fides,
313 937 453 972 diligenter
476 946 534 963 esse
559 942 584 963 et
602 938 659 963 siue
677 937 821 971 cupiditate
840 936 1000 971 quaesitum,

212 974 335 1009 dietaque
358 975 520 1009 quaestionis
543 975 706 1009 argumentis
729 979 753 1000 et
770 975 918 1000 coniectura
939 981 1003 1007 pon-

213 1012 336 1038 deranda.
363 1013 449 1047 Atque
465 1013 527 1038 haec
543 1013 716 1038 accusationis
732 1011 785 1037 fere
800 1011 916 1037 membra
929 1015 1001 1036 sunt.

214 1049 324 1075 XXXV.
346 1051 402 1075 4¹9.
428 1049 592 1075 Defensionis
615 1054 702 1075 autem
723 1049 838 1083 primum
862 1048 1004 1074 insinuatio

191 1082 196 1089 ’
212 1095 381 1118 caussarum;
411 1092 457 1113 aut
480 1096 529 1113 non
555 1086 638 1112 fuisse
656 1091 700 1112 aut
719 1095 769 1112 non
793 1090 876 1112 tantas
892 1090 1002 1111 autnon

212 1124 263 1150 sibi
279 1123 327 1150 soli
342 1128 387 1150 aut
400 1124 566 1150 commodius
581 1124 698 1158 potuisse
713 1123 782 1149 idem
797 1123 938 1157 consequi3
959 1127 1004 1148 aut

213 1170 264 1187 non
279 1162 311 1187 iis
326 1170 354 1187 se
364 1170 422 1187 osse
433 1162 561 1191 moribus,
575 1169 624 1187 nou
636 1170 665 1187 ea
677 1162 742 1191 vita,
765 1165 810 1187 aut
822 1160 909 1186 nullos
921 1160 1002 1185 animi
1024 1190 1025 1194 Ἰ

212 1203 300 1224 motus
322 1203 367 1224 aut
389 1207 440 1225 non
460 1203 510 1224 tam
530 1200 688 1233 impotentes
704 1198 796 1224 fuisse,
837 1197 1002 1223 Facultatum

212 1240 299 1261 autem
323 1235 498 1262 infirmatione
517 1240 614 1265 utetur,
635 1236 657 1261 si
676 1239 721 1262 aut
740 1235 809 1261 vires
824 1239 868 1260 aut
882 1234 1002 1260 animum

211 1277 256 1298 aut
273 1273 363 1307 copias
382 1278 427 1299 aut
445 1282 507 1308 opes
522 1273 641 1299 abfuisse
654 1272 858 1301 demonstrabit;
881 1276 926 1297 aut
940 1271 1003 1297 alie-

213 1318 276 1336 num
296 1314 401 1344 tempus
425 1315 469 1336 aut
485 1310 570 1336 locum
587 1319 636 1337 non
652 1310 776 1336 idoneum
791 1314 836 1335 aut
850 1308 947 1335 multos
962 1317 1003 1334 ar-
1024 1335 1025 1340 ,

212 1347 302 1378 bitros,
319 1356 433 1382 quorum
448 1348 564 1374 crederet
579 1348 692 1376 nemini:
715 1352 760 1373 aut
775 1356 825 1373 non
840 1354 868 1372 se
883 1351 935 1372 tam
946 1346 1003 1371 ine-

212 1389 297 1418 ptum,
323 1389 351 1411 ut
374 1384 401 1411 id
423 1386 580 1419 susciperet,
601 1384 673 1419 quod
691 1384 822 1411 occultare
837 1392 887 1410 non
903 1387 1000 1418 posset,

211 1430 298 1456 neque
316 1426 368 1448 tam
387 1427 526 1453 amentem,
542 1427 571 1448 ut
586 1431 683 1457 poenas
697 1431 726 1448 ac
739 1422 837 1447 iudicia
851 1425 1003 1447 contemne-

211 1463 258 1484 ret.

210 1533 293 1559 misso
313 1535 441 1569 consequi
461 1538 577 1568 possent,
593 1534 773 1568 consistetque
790 1534 817 1559 in
836 1532 961 1567 singulis,
978 1536 1004 1558 et

209 1578 239 1596 ea
261 1574 306 1596 aut
320 1579 420 1602 eorum,
441 1580 510 1606 quae
528 1572 586 1606 ipse
601 1571 666 1597 facta
681 1579 739 1597 esse
753 1570 825 1601 dicit,
842 1570 947 1604 propria
961 1577 1004 1595 es-

209 1615 238 1633 se
261 1607 385 1634 defendet
402 1609 500 1643 potius,
521 1617 601 1643 quam
620 1608 755 1639 criminis,
768 1612 822 1637 aut,
838 1608 860 1633 si
875 1607 926 1633 sibi
941 1615 1002 1632 cum

209 1649 360 1671 accusatore
382 1646 534 1671 communia
557 1650 659 1676 essent,
688 1653 736 1679 pro
757 1644 876 1679 periculo
902 1644 1000 1679 potius,
1024 1662 1026 1674 ,.

209 1690 290 1717 quam
312 1686 400 1708 contra
423 1682 536 1708 salutem
555 1682 642 1709 valere
660 1682 770 1710 debere:
798 1682 960 1715 testiumque
978 1685 1004 1706 et
1024 1704 1025 1719 ἶ

209 1719 397 1753 quaestionum
421 1728 506 1755 genus
529 1720 686 1745 universum
708 1723 733 1745 et
755 1719 828 1753 quod
851 1719 946 1753 poterit
976 1718 1002 1744 in

209 1755 324 1791 singulis
342 1765 376 1783 ex
389 1756 601 1791 reprehensionis
626 1757 698 1787 locis,
715 1756 747 1782 de
765 1756 866 1791 quibus
884 1759 943 1781 ante
962 1755 1003 1781 di-

209 1797 282 1819 ctum
305 1797 353 1824 est,
374 1793 484 1820 refellet.
518 1795 573 1820 titt.
590 1794 688 1820 Harum
703 1801 857 1820 caussarum
873 1793 1001 1827 principia

209 1830 357 1865 suspiciosa
385 1830 417 1857 ad
441 1831 608 1857 acerbitatem
632 1831 665 1857 ab
687 1835 837 1857 accusatore
859 1834 1000 1864 ponentur,

210 1867 468 1903 denunciabiturque
498 1868 658 1894 insidiarum
684 1876 826 1894 commune
851 1866 1001 1902 periculum

209 1904 450 1940 excitabunturque
472 1905 563 1937 animi,
579 1909 608 1932 ut
623 1905 764 1931 attendant.
802 1905 842 1931 Ab
856 1912 900 1930 reo
913 1908 1001 1930 autem

209 1942 317 1977 querela
342 1941 446 1968 conflati
472 1943 592 1968 criminis
619 1942 844 1977 collectarumque
870 1942 1002 1976 suspicio-

210 1987 274 2005 num
297 1983 322 2005 et
343 1980 502 2006 accusatoris
526 1979 639 2006 insidiae
657 1984 682 2006 et
699 1980 762 2005 item
776 1987 917 2005 commune
932 1978 1002 2013 peri-

208 2015 301 2042 culum
323 2015 479 2051 proferetur,
505 2017 641 2052 animique
665 2016 697 2043 ad
715 2016 924 2042 misericordiam
943 2014 1002 2041 alli-

209 2053 312 2079 cientur
329 2058 354 2080 et
376 2053 478 2080 modice
500 2054 684 2080 benevolentia
706 2054 827 2080 iudicum
850 2053 998 2088 colligetur.
1023 2075 1025 2084 ,

209 2090 329 2117 Narratio
355 2095 443 2117 autem
470 2092 630 2118 accusatoris
653 2091 703 2117 crit
727 2091 805 2126 quasi
833 2090 1000 2116 membratim

209 2127 278 2162 gesti
302 2129 402 2163 negotii
425 2129 573 2163 suspiciosa
591 2127 740 2163 explicatio,
761 2128 861 2163 sparsis
875 2127 1001 2154 omnibus

210 2165 387 2200 argumentis,
424 2165 572 2192 obscuratis
601 2165 813 2192 defensionibus.
864 2164 1000 2191 Defensori

209 2206 254 2228 aut.
272 2202 418 2236 praeteritis
441 2206 486 2229 aut
499 2203 646 2229 obscuratis
660 2203 845 2237 suspicionum
859 2209 1002 2237 argumen-

209 2239 251 2269 tis,
267 2247 356 2265 rerum
371 2240 490 2274 ipsarum
504 2244 616 2266 eventus
630 2245 707 2266 erunt
720 2248 853 2274 casusque
866 2238 999 2265 narrandi.

210 2277 266 2302 ⁴22.
291 2276 320 2302 In
342 2276 530 2303 confirmandis
548 2282 636 2303 autem
654 2278 751 2304 nostris
765 2276 1002 2312 argumentationi-

210 2312 261 2338 bus
287 2313 508 2349 infirmandisque
521 2315 659 2341 contrariis
673 2323 752 2349 saepe
765 2318 842 2340 erunt
855 2313 1001 2340 accusatori

209 2354 297 2376 motus
321 2351 470 2377 animorum
493 2351 630 2383 incitandi,
653 2360 698 2378 reo
719 2351 869 2387 mitigandi.
914 2350 1001 2386 Atque

210 2386 273 2413 haec
298 2388 407 2422 quidem
426 2388 533 2424 utrique
550 2389 666 2415 maxime
682 2389 711 2415 in
726 2389 889 2424 peroratione
903 2387 1002 2414 facien-

210 2422 256 2455 da,
278 2423 353 2451 alteri
368 2424 578 2460 frequentatione
595 2431 812 2462 argumentorum
819 2430 846 2452 et
863 2433 1001 2452 coacerva-

209 2460 279 2486 tione
292 2461 430 2495 universa;
453 2462 537 2494 alteri,
552 2463 575 2489 si
590 2463 668 2498 plane
681 2471 803 2490 caussam
817 2462 1000 2498 redarguendo

209 2496 355 2531 explicarit,
375 2501 581 2531 enumeratione,
602 2505 631 2527 ut
643 2500 764 2536 quidque
778 2499 894 2531 diluerit,
910 2503 936 2526 et
948 2500 1000 2525 mi—

209 2534 338 2560 seratione
350 2535 384 2561 ad
394 2541 552 2563 extremum.

265 2570 388 2599 XXXVI.
405 2575 461 2600 ⁴23.
476 2573 506 2600 C.
522 2575 552 2600 F.
567 2573 641 2600 Scire
653 2574 721 2600 mihi
731 2575 784 2600 iam
794 2573 894 2604 videor,
902 2581 999 2608 quem-

209 2607 352 2634 admodum
366 2610 516 2637 coniectura
533 2611 667 2637 tractanda
684 2611 728 2637 sit.
762 2611 839 2637 Nunc
856 2610 890 2636 de
903 2610 999 2637 defini-

209 2645 280 2670 tione
293 2645 444 2672 audiamus.
477 2647 507 2675 C.
522 2648 551 2674 P.
564 2648 723 2675 Communia
736 2647 833 2674 dantur
845 2648 873 2674 in
887 2649 938 2674 isto
950 2655 998 2683 ge-

210 2689 271 2708 nere
293 2684 437 2710 accusatori
459 2683 646 2720 defensorique
668 2689 815 2720 praecepta.
850 2684 912 2711 Uter
925 2685 995 2711 enim

699 825 831 851 irridenda
850 826 928 850 etiam
948 824 1004 850 ‹tis-
1026 845 1034 851 „

214 863 315 897 putatio
337 867 384 892 cst.
411 872 463 898 qua
482 863 566 889 solent
587 864 622 888 uti
638 863 669 888 ad
685 862 856 888 infirmandas
869 862 1004 896 ‹luas-stio-
1032 891 1033 895 Ἰ

803 900 869 925 Τιιηι
886 898 1002 924 facienda
1026 914 1027 918 =

309 1460 365 1485 4⁶20.
394 1459 587 1494 Consequentia
618 1463 706 1485 autem
736 1459 821 1485 diluet
846 1457 1003 1492 exponendo
1024 1477 1025 1483 ,

211 1504 262 1522 non
281 1504 339 1522 esse
353 1496 397 1522 illa
411 1501 480 1523 certa
494 1497 592 1523 indicia
607 1496 676 1527 facti,
693 1504 761 1531 quae
775 1496 853 1521 etiam
869 1495 943 1521 nullo
956 1494 1003 1521 ad-
1024 1509 1033 1519 ,ι

860 161 893 186 Μ.
928 161 957 186 Τ.
992 159 1264 187 CICERONIS

1053 230 1204 256 definiendo
1226 230 1454 266 describendoque
1478 232 1558 258 verbo
1580 234 1664 267 magis
1683 233 1714 259 ad
1733 242 1841 261 sensum

1055 267 1150 292 iudicis
1174 268 1380 302 opinionemque
1405 271 1546 302 penetrarit
1562 275 1587 295 et
1606 275 1663 296 uter
1677 270 1708 296 ad
1722 279 1843 297 commu·

1056 313 1115 329 nem
1136 305 1208 330 verbi
1229 305 1282 330 vim
1305 310 1330 330 et
1349 304 1380 330 ad
1399 314 1456 331 earn
1471 307 1690 341 praeceptionem.
1705 316 1787 341 quam
1802 309 1843 334 in-

1055 341 1173 366 choatam
1198 341 1333 367 habebunt
1356 342 1382 367 in
1401 343 1496 368 animia
1515 344 1542 373 ii.
1563 345 1609 378 qui
1624 344 1740 373 audient,
1758 346 1843 379 mugi·

1055 383 1080 403 et
1095 379 1204 412 propius
1218 379 1365 408 occesserit,
1383 379 1405 404 is
1421 380 1507 406 vincat
1520 389 1626 407 necesse
1640 386 1689 407 est.
1718 382 1773 408 ⁴26.
1787 382 1843 408 Non

1055 416 1125 440 enirn
1149 415 1358 449 argumentando
1380 421 1503 442 tractatur
1526 417 1574 444 hoc
1596 427 1690 451 genus.
1711 418 1758 444 sed
1777 424 1844 445 um-

1055 460 1135 486 quam
1156 452 1313 486 explicando
1331 453 1543 488 excutiendoque
1562 455 1649 485 verbo.
1672 460 1700 481 ut
1718 457 1740 481 si
1759 456 1785 482 in
1800 464 1845 482 reo

1057 490 1166 523 pecunia
1190 490 1312 515 absoluto
1334 498 1482 525 rursusque
1505 497 1625 518 revocato
1643 493 1844 526 praevaricatio-

1033 534 1035 542 *
1057 535 1115 552 nem
1142 531 1277 552 accusator
1291 536 1348 552 esse
1362 527 1470 554 definiat
1483 536 1588 554 omnem
1604 530 1694 556 iudicii
1708 535 1845 564 corrupte-

1026 573 1035 581 w
1057 563 1107 589 lam
1123 564 1155 589 ab
1169 572 1221 594 reo,
1237 563 1360 590 defensor
1374 569 1461 591 autem
1477 574 1527 591 non
1541 574 1656 595 omnem.
1670 567 1716 592 sed
1728 572 1843 593 tantum-

1057 600 1134 626 modo
1155 602 1314 627 accusatoris
1337 602 1513 636 corruptelam
1537 603 1570 628 ab
1588 613 1639 633 reo,
1656 604 1690 630 sit
1703 612 1766 639 ergo
1780 605 1844 631 haec

1055 639 1187 664 contentio
1211 639 1294 673 prima
1319 639 1468 669 verborum,
1493 640 1519 666 in
1533 649 1595 675 qua.
1615 642 1718 667 etiamsi
1734 642 1844 676 propius

1033 695 1035 713 ᾖ
1055 675 1160 701 accedat
1178 676 1209 701 ad
1228 677 1447 702 consuetudinem
1467 682 1636 712 mentemque
1654 679 1784 704 sermonis
1797 678 1845 705 do-

1056 711 1166 738 fensoris
1181 712 1307 744 definitio,
1328 718 1414 740 tamen
1433 720 1567 740 accusator
1581 716 1709 741 sententia
1724 715 1789 748 legia
1803 716 1845 742 ni-

1026 744 1027 774 l
1055 750 1132 781 titur;
1156 751 1212 776 ⁴25.
1230 755 1307 785 negat
1320 752 1390 777 enim
1407 752 1509 786 probari
1524 757 1642 786 oportere
1652 753 1759 787 eosqui
1772 752 1843 788 leges

1055 787 1218 821 scripserint,
1239 793 1324 813 ratum
1345 788 1441 814 babere
1459 789 1598 819 iudicium,
1619 791 1641 815 si
1657 794 1740 815 totum
1753 798 1844 816 corru-

1055 828 1130 858 ptum
1149 825 1196 855 sit;
1223 825 1245 850 si
1266 833 1336 850 unus
1349 831 1484 852 accusator
1497 831 1637 861 corruptus
1651 828 1694 856 sit,
1712 827 1844 853 rescinde—

1055 869 1095 893 re·,
1123 862 1215 887 nititur
1233 862 1377 896 aequitate:
1400 868 1429 888 ut
1444 863 1486 889 illa
1505 865 1581 898 quasi
1596 864 1735 890 scribenda
1751 864 1792 890 lex
1805 864 1845 890 sio

1055 903 1132 929 esset,
1153 907 1275 933 quaeque
1294 903 1379 925 tamen
1393 900 1612 934 complecteretur
1626 903 1652 927 in
1667 902 1774 927 iudiciis
1787 910 1844 927 cor—

1055 936 1149 970 ruptis.
1163 944 1191 961 ca
1206 936 1287 962 verbo
1301 945 1354 962 uno
1368 938 1597 971 praevaricationis
1610 938 1844 972 comprehendisse

1024 980 1026 986 ¹
1054 972 1166 1005 dicitur;
1199 974 1256 999 ⁴26.
1276 973 1400 1000 defensor
1417 979 1505 1000 autem
1520 975 1659 1001 testabitur
1671 976 1844 1002 consuetudi-

1055 1018 1114 1036 nem
1137 1011 1276 1041 sermonis,
1306 1011 1434 1046 verbique
1458 1013 1511 1038 vim
1540 1021 1573 1038 ex
1590 1013 1719 1038 contrario
1733 1013 1845 1047 reperiet

1054 1048 1131 1082 quasi
1150 1056 1183 1073 ex
1202 1056 1264 1074 vero
1285 1053 1443 1079 accusatore,
1463 1050 1506 1075 cui
1520 1050 1680 1076 contrarium
1694 1054 1734 1075 est
1749 1058 1844 1076 nomen

1055 1085 1284 1119 praevaricatoris:
1306 1093 1339 1112 ex
1360 1087 1597 1121 consequentibus,
1621 1086 1694 1122 quod
1711 1095 1741 1113 ea
1759 1086 1844 1113 littera

1054 1122 1086 1148 de
1100 1126 1250 1148 accusatore
1265 1122 1346 1149 soleat
1359 1123 1415 1149 dari
1427 1123 1522 1154 iudici:
1539 1132 1571 1150 ex
1582 1125 1687 1151 nomine
1698 1125 1764 1158 ipso,
1772 1124 1844 1159 quod

1054 1159 1184 1194 significat
1203 1168 1274 1190 eum,
1294 1161 1340 1194 qui
1359 1161 1386 1186 in
1404 1162 1542 1187 contrariis
1559 1162 1663 1187 caussis
1680 1162 1757 1196 quasi
1773 1162 1844 1188 varie

1053 1204 1112 1222 esse
1135 1197 1238 1231 positus
1262 1197 1392 1223 videatur.
1426 1198 1479 1224 Sed
1497 1198 1561 1224 huic
1579 1203 1665 1224 tamen
1684 1199 1736 1233 ipsi
1750 1198 1844 1225 confu-

1032 1231 1033 1256 ἒ
1053 1233 1182 1269 giendum
1204 1238 1244 1260 est
1261 1234 1293 1260 ad
1312 1235 1452 1269 aequitatis
1471 1235 1549 1266 locos,
1566 1236 1598 1262 ad
1614 1244 1701 1262 rerum
1716 1235 1844 1261 iudicata-

1054 1279 1113 1296 rum
1131 1272 1322 1303 auctoritatem,
1342 1272 1375 1298 ad
1394 1273 1472 1298 finem
1492 1273 1608 1308 aliquem
1624 1273 1750 1307 periculi:
1771 1281 1844 1299 com-

1054 1316 1189 1343 muneque
1202 1309 1237 1334 sit
1251 1308 1300 1334 hoc
1314 1314 1493 1344 praeceptum,
1510 1315 1639 1345 ut‚quum
1655 1314 1765 1344 uterque
1778 1309 1845 1336 defi—

1055 1346 1140 1375 nierit,
1157 1354 1238 1380 quam
1253 1347 1368 1372 maxime
1383 1348 1497 1381 potuerit
1508 1347 1540 1373 ad
1554 1355 1722 1373 communem
1733 1355 1843 1373 sensum

1054 1383 1164 1417 vimque
1178 1383 1326 1413 verbi,tum
1341 1383 1477 1410 similibus
1491 1384 1675 1419 exemplisque
1688 1385 1844 1419 eorum,qui

1054 1420 1088 1445 ita
1104 1419 1183 1446 locuti
1197 1425 1268 1451 sunt,
1281 1429 1356 1447 suam
1367 1421 1547 1448 definitionem
1559 1422 1771 1456 sententiamque
1781 1430 1845 1448 con-

1054 1456 1150 1483 firmet.
1185 1458 1242 1484 ⁴27.
1262 1458 1349 1492 Atque
1366 1460 1510 1485 accusatori
1524 1460 1551 1485 in
1566 1459 1615 1486 hoc
1627 1467 1724 1495 genere
1736 1467 1844 1485 caussa—

1054 1502 1114 1520 rum
1129 1494 1202 1521 locus
1216 1494 1261 1520 ille
1275 1496 1434 1526 communis,
1443 1497 1553 1522 minime
1563 1504 1622 1522 esse
1632 1495 1841 1526 concedendum,

1054 1535 1084 1558 ut
1105 1532 1138 1562 is,
1158 1533 1206 1566 qui
1223 1531 1257 1558 de
1275 1540 1302 1558 re
1315 1532 1478 1564 confiteatur,
1499 1533 1573 1560 verbi
1587 1541 1616 1560 se
1629 1533 1843 1568 interpretatione

1054 1568 1190 1599 defendat:
1217 1568 1342 1595 defensor
1358 1574 1447 1596 autem
1461 1575 1486 1596 et
1499 1579 1537 1601 ea,
1552 1579 1632 1605 quam
1648 1571 1783 1605 proposui,
1799 1578 1844 1596 ae-

1031 1613 1033 1627 t
1054 1606 1155 1640 quitate
1169 1606 1268 1632 nitatur
1281 1610 1315 1636 et,
1331 1615 1360 1632 ea
1374 1615 1459 1641 quum
1473 1616 1565 1633 secum
1580 1607 1665 1637 faciat,
1681 1616 1734 1633 non
1748 1615 1783 1638 re,
1796 1607 1843 1633 sed

1055 1643 1242 1677 depravatione
1256 1643 1330 1669 verbi
1344 1652 1372 1669 se
1386 1645 1475 1680 urgeri
1488 1649 1624 1679 queratur.
1639 1644 1698 1676 Quo
1711 1645 1737 1670 in
1747 1652 1844 1680 genere

1055 1688 1209 1714 percensere
1232 1681 1327 1715 poterit
1345 1680 1486 1716 plerosque
1504 1681 1658 1708 inveniendi
1673 1681 1756 1713 locos;
1781 1690 1843 1708 nam

1055 1721 1080 1743 et
1101 1717 1238 1744 similibus
1260 1722 1348 1744 utetur
1365 1722 1392 1744 et
1407 1719 1545 1745 contrariis
1562 1724 1589 1745 et
1605 1718 1840 1754 consequentibus.

1054 1762 1217 1789 quamquam
1235 1758 1356 1789 uterque,
1376 1759 1464 1782 tamen
1482 1765 1552 1787 reus,
1573 1756 1625 1782 nisi
1643 1755 1721 1790 plane
1733 1756 1843 1782 eritab—

1053 1791 1134 1817 surda
1152 1800 1254 1822 caussa,
1277 1791 1453 1827 frequentius.
1480 1795 1538 1819 ⁴28.
1553 1792 1740 1828 Amplificandi
1753 1797 1843 1819 autem

1053 1836 1155 1859 caussa,
1175 1837 1253 1863 quae,
1273 1833 1318 1855 aut
1335 1838 1421 1864 quum
1439 1829 1627 1866 degredientur
1644 1838 1658 1856 a
1671 1838 1774 1860 caussa,
1789 1829 1843 1856 dici

1053 1865 1146 1896 solent,
1163 1870 1208 1892 aut
1222 1874 1306 1901 quum
1321 1867 1491 1901 perorabunt,
1512 1867 1576 1894 haec
1590 1866 1632 1893 vel
1646 1866 1679 1893 ad
1692 1866 1784 1893 odium
1800 1866 1842 1893 vel

1053 1902 1085 1929 ad
1100 1903 1307 1929 misericordiam
1322 1903 1364 1930 vel
1378 1905 1486 1931 omnino
1499 1905 1533 1931 ad
1542 1905 1644 1931 animos
1654 1903 1775 1930 iudicum
1785 1912 1843 1930 mo-

1031 1941 1032 1944 ’
1053 1940 1153 1966 vendos
1175 1948 1210 1966 ex
1231 1941 1274 1971 iis,
1293 1949 1363 1975 quae
1380 1946 1445 1968 sunt
1461 1946 1521 1968 ante
1538 1942 1632 1976 posita,
1652 1945 1801 1972 sumentur.
1817 1941 1842 1967 si

1053 1977 1130 2003 modo
1153 1985 1242 2003 rerum
1260 1978 1417 2013 magnitudo
1434 1978 1608 2006 hominumve
1625 1983 1670 2005 aut
1683 1977 1784 2005 invidia
1796 1982 1842 2004 aut

1052 2014 1168 2050 dignitas
1182 2014 1337 2049 postulabit.

1107 2051 1243 2079 XXXVII.
1263 2053 1321 2079 ⁴2⁹.
1339 2052 1370 2079 C.
1391 2053 1418 2079 F.
1437 2053 1526 2080 Habeo
1539 2054 1601 2085 ista,
1623 2060 1695 2079 nunc
1708 2061 1746 2083 ea.
1761 2060 1839 2087 quae,

1053 2097 1147 2123 quum,
1156 2089 1235 2124 quale
1249 2090 1284 2115 sit
1291 2090 1441 2125 quippiam,
1449 2090 1621 2125 disceptatur,
1628 2090 1721 2125 quaeri
1730 2094 1842 2116 exuna-

1051 2134 1104 2160 que
1121 2131 1195 2161 parte
1209 2126 1307 2158 deceat,
1323 2128 1404 2154 velim
1418 2127 1520 2154 audire.
1549 2127 1579 2154 C.
1594 2127 1623 2154 P.
1637 2126 1800 2154 Confitentur
1812 2127 1841 2153 in

1051 2164 1102 2190 isto
1119 2172 1225 2199 genere,
1245 2164 1292 2198 qui
1311 2169 1469 2200 arguuntur,
1489 2173 1518 2191 se
1536 2164 1564 2191 id
1581 2164 1676 2191 fecisse
1692 2164 1793 2198 ipsum,
1812 2164 1841 2190 in

1051 2209 1106 2235 quo
1127 2201 1372 2235 reprehenduntur3
1410 2201 1458 2228 sed
1475 2202 1603 2237 quoniam
1623 2202 1681 2228 iure
1698 2209 1728 2227 se
1744 2199 1841 2227 fecisse

1051 2237 1154 2269 dicunt,
1169 2238 1237 2264 iuris
1251 2243 1291 2265 est
1303 2240 1391 2265 omnis
1404 2240 1471 2266 ratio
1484 2239 1561 2266 nobis
1574 2237 1739 2273 explicanda.
1763 2236 1841 2269 Quod

1051 2275 1183 2301 dividitur
1205 2275 1232 2302 in
1249 2275 1317 2302 duas
1334 2281 1423 2311 partes
1440 2277 1549 2311 primas,
1569 2280 1690 2302 naturam
1708 2279 1788 2309 atque
1802 2274 1840 2301 le-

1051 2320 1126 2348 gem:
1152 2316 1179 2339 et
1196 2313 1338 2348 utriusque
1354 2314 1459 2349 generis
1473 2314 1514 2340 vis
1527 2314 1555 2339 in
1567 2312 1691 2339 divinum
1705 2316 1731 2338 et
1744 2312 1840 2338 huma-

1051 2357 1116 2375 num
1130 2350 1173 2376 ius
1187 2355 1227 2376 est
1239 2349 1396 2383 distributa;
1411 2359 1526 2386 quorum
1539 2349 1679 2384 aequitatis
1691 2354 1732 2375 est
1742 2357 1836 2379 unum,

1050 2386 1163 2412 alterum
1183 2387 1330 2422 religionis.
1346 2389 1404 2414 ⁴30.
1418 2387 1568 2422 Aequitatis
1581 2390 1669 2412 autem
1683 2387 1725 2412 vis
1738 2390 1779 2412 est
1787 2385 1839 2412 du-

1050 2423 1126 2458 plex:
1151 2424 1230 2450 cuius
1243 2424 1324 2450 altera
1337 2424 1436 2451 directo
1448 2428 1474 2450 et
1486 2424 1542 2450 veri
1555 2428 1581 2450 et
1594 2424 1657 2450 iusti
1670 2428 1704 2454 et,
1724 2427 1754 2449 ut
1770 2422 1839 2449 dici-

1050 2465 1101 2492 tur,
1117 2461 1196 2496 aequi
1210 2466 1236 2488 et
1248 2461 1310 2488 boni
1324 2462 1424 2488 ratione
1435 2460 1601 2493 defenditur;
1616 2459 1697 2486 altera
1710 2459 1743 2486 ad
1756 2460 1838 2486 vicis·

1049 2498 1195 2524 situdinem
1208 2498 1360 2525 referendae
1373 2498 1472 2534 gratiae
1485 2498 1612 2532 pertinet;
1627 2496 1700 2532 quod
1713 2497 1742 2523 in
1754 2496 1836 2523 bene—

1049 2535 1109 2562 ficio
1121 2535 1213 2571 gratia,
1229 2536 1257 2562 in
1269 2536 1367 2562 iniuria
1380 2535 1485 2570 punitio
1498 2535 1658 2561 nominatur.
1671 2534 1759 2569 Atque
1772 2533 1837 2560 haec

1047 2573 1200 2599 communia
1216 2577 1281 2599 sunt
1297 2576 1405 2598 naturae
1423 2576 1502 2607 atque
1516 2571 1596 2607 legis;
1618 2571 1665 2597 sed
1678 2571 1784 2606 propria
1797 2570 1836 2597 le-

1047 2609 1090 2645 gis
1107 2614 1133 2636 et
1149 2618 1188 2640 ea,
1207 2618 1277 2644 quae
1294 2610 1391 2644 scripta
1408 2613 1480 2640 sunt,
1495 2614 1521 2635 et
1534 2617 1573 2640 ea,
1588 2616 1657 2644 quae
1669 2609 1728 2634 sine
1741 2607 1835 2634 litteris

1047 2651 1093 2673 aut
1104 2647 1226 2682 gentium
1238 2647 1297 2672 iure
1309 2650 1355 2672 aut
1367 2646 1497 2672 maiorum
1507 2654 1580 2672 more
1588 2646 1744 2672 retinentur.
1764 2644 1836 2671 Scri-

1047 2688 1153 2718 ptorum
1170 2687 1259 2710 autem
1277 2684 1411 2719 privatum
1429 2683 1502 2710 aliud
1520 2687 1568 2714 ost,
1587 2681 1728 2718 publicum
1745 2680 1832 2708 aliud:

1931 2170 1941 2339 ε-.πκττι
1933 1798 1941 2152 π.ι-,ι,ιι...ςᾼ-...--
1939 1761 1941 1777 .-
1940 1726 1941 1731 Α
