1941 3052
326 117 376 143 DE
407 117 615 144 OFFICIIS
646 119 726 145 LIB.
756 120 793 146 Π.
825 120 875 146 CA

66 187 150 220 aliud,
163 187 224 215 aliis
235 197 283 214 sua
295 188 407 222 eripere,
425 187 485 214 aliis
496 188 558 215 dare
570 188 674 215 aliena‘?
709 191 750 216 84.
773 190 864 216 Tabu-
883 196 885 227 ᾗ

66 226 106 253 lae
120 234 183 252 vero
194 234 278 252 novae
290 225 356 260 quid
375 225 474 251 habent
489 227 654 262 argumenti,
676 228 728 253 nisi
745 232 774 254 ut
789 236 862 253 emas
883 251 884 268 χ

64 272 122 290 mea
138 263 253 298 pecunia
271 262 399 288 fundum:
422 271 483 288 eum
501 268 528 289 tu
547 264 661 294 habeas,
682 273 731 300 ego
747 273 797 291 non
815 265 863 291 ha·
883 270 884 279 ¹

65 301 142 327 beam
153 299 315 335 pecuniam?
335 300 430 326 XXIV.
446 299 636 332 Quamobrem,
650 310 682 327 ne
694 303 728 327 sit
740 311 784 327 aes
796 302 863 328 alie·
882 299 883 328 l

63 337 219 373 num,quod
230 337 396 372 reipublicae
409 342 509 367 noceat,
523 338 721 372 providendum
732 344 780 369 est,
789 339 862 374 quod
882 331 883 355 l

63 375 157 401 multis
169 375 318 401 rationibus
329 374 418 400 caveri
432 379 530 408 potest;
550 383 615 405 non,
632 376 655 401 si
668 375 760 406 fuerit,
779 382 808 402 ut
823 376 862 402 lo-
882 405 883 412 ἵ

63 412 183 447 cupletes
195 421 276 438 suum
288 411 413 446 perdant,
431 411 565 438 debitores
583 412 719 439 lucrentur
730 413 859 440 alienum.
882 414 883 429 ³

62 450 117 476 Nec
128 450 200 475 enim
212 449 267 476 ulla
279 457 321 475 res
330 448 519 475 vehementius
531 449 726 483 rempublicam
733 451 858 482 continet,
881 478 890 498 N

61 495 144 522 quam
157 486 236 512 fides:
250 495 320 522 quae
332 494 390 512 esse
403 485 476 512 nulla
483 491 578 521 potest,
588 487 640 512 nisi
651 489 700 513 erit
711 489 860 514 necessaria

62 524 160 551 solutio
178 532 268 550 rerum
283 523 457 550 creditarum.
497 524 651 558 Numquam
672 524 860 551 vehementius

62 567 150 588 actum
164 566 216 592 est,
234 570 316 596 quam
328 569 370 587 me
381 560 505 591 consule,
524 569 556 586 ne
572 561 730 588 solveretur.
772 563 860 588 Armis

61 603 87 626 et
102 599 196 625 castris
212 603 310 625 tentata
326 606 368 624 res
383 602 423 624 est
438 598 471 624 ab
486 598 558 624 omni
574 607 671 633 genere
684 599 823 625 hominum
835 604 861 626 et

61 636 170 663 ordine:
184 636 286 671 quibus
299 637 333 662 ita
345 636 439 665 restiti,
449 635 534 661 uthoc
545 640 648 661 tantum
661 636 761 662 malum
773 636 806 662 de
818 645 861 662 re-

60 673 171 709 publica
183 673 330 700 tolleretur.
356 673 511 707 Numquam
524 681 572 698 nec
586 673 674 699 maius
685 682 729 699 aes
741 673 859 700 alienum

61 711 125 742 fuit,
144 719 192 737 nec
207 710 305 737 melius
321 718 370 736 nec
386 709 494 736 facilius
510 709 673 736 dissolutum
686 715 735 737 est.
777 711 860 737 Frau-

60 748 143 775 dandi
154 748 227 774 enim
238 756 286 783 spe
297 747 412 779 sublata,
425 747 550 774 solvendi
562 749 706 774 necessitas
718 753 860 774 consecuta

60 790 110 812 est.
151 785 184 812 At
204 794 267 812 vero
283 785 327 811 hic
343 793 415 811 nunc
434 785 532 815 victor,
555 789 612 811 tum
631 785 742 820 quidem
760 786 857 816 victus,

60 831 129 858 quae
140 824 277 859 cogitarat,
290 831 320 849 ea
335 822 549 857 perfecit,quum
561 822 620 848 eius
632 823 684 848 iam
696 823 763 848 nihil
777 823 860 849 inter-

60 864 140 887 esset.
181 861 263 887 Tanta
275 861 303 886 in
315 869 345 886 eo
356 859 485 894 peccandi
499 859 582 886 libido
595 859 653 890 fuit,
666 865 696 886 ut
707 860 757 886 hoc
768 861 859 894 ipsum

59 906 122 924 eum
138 897 295 928 delectaret,
319 905 443 932 peccare,
467 897 547 923 etiam
562 897 586 922 si
601 905 696 923 caussa
713 906 764 923 non
780 902 858 924 esset.

60 937 101 961 85.
123 935 164 961 Ab
180 935 230 962 hoc
246 935 329 970 igitur
343 943 441 970 genere
458 934 622 969 largitionis,
644 939 673 960 ut
693 934 754 960 aliis
770 934 857 966 detur,

59 972 120 999 aliis
131 971 280 1002 auferatur,
297 972 412 998 aberunt
422 972 456 1002 ii,
474 972 522 1006 qui
533 972 729 1006 rempublicam
742 972 860 998 tuebun-

59 1014 116 1036 tur:
129 1010 157 1036 in
168 1010 320 1045 primisque
334 1018 444 1044 operam
455 1008 573 1040 dabunt,
588 1014 617 1035 ut
628 1010 695 1035 iuris
707 1014 731 1035 et
744 1009 860 1036 iudicio-

59 1055 120 1073 rum
134 1048 268 1082 aequitate
279 1056 360 1073 suum
371 1047 489 1082 quisque
501 1051 601 1077 teneat,
620 1052 645 1072 et
655 1055 742 1082 neque
754 1048 860 1073 tenuio—

58 1093 101 1111 res
113 1089 221 1119 propter
232 1084 413 1111 humilitatem
424 1084 682 1115 circumveniantur,
691 1084 860 1119 nequelocu-
881 1094 882 1102 ¹

59 1121 178 1156 pletibus
190 1122 222 1148 ad
234 1130 282 1148 sua
298 1121 339 1148 vel
357 1121 471 1147 tenenda
482 1120 525 1147 vel
541 1121 722 1156 recuperanda
734 1121 806 1148 obsit
818 1122 860 1148 in—

58 1159 147 1186 vidia:
169 1164 318 1194 praeterea,
337 1159 558 1194 quibuscumque
575 1159 656 1184 rebus
672 1158 714 1185 vel
734 1158 798 1185 belli
815 1159 856 1185 vel

58 1196 131 1223 domi
143 1201 276 1232 poterunt,
290 1196 487 1231 rempublicam
500 1200 615 1231 augeant
629 1197 756 1231 imperio,
775 1197 856 1231 agris,

58 1234 249 1269 vectigalibus.
290 1235 359 1260 Haec
374 1242 533 1269 magnorum
546 1233 686 1259 hominum
699 1238 775 1264 sunt,
795 1234 859 1260 baec

58 1271 130 1306 apud
143 1272 257 1298 maiores
269 1276 372 1298 nostros
385 1271 514 1297 factitata:
529 1271 696 1306 haecgenera
707 1271 858 1297 officiorum

58 1310 106 1344 qui
122 1313 337 1344 persequuntur,
360 1317 422 1334 cum
441 1316 547 1334 summa
564 1309 677 1335 utilitate
693 1308 859 1343 reipublicae

58 1354 185 1382 magnam
198 1347 250 1381 ipsi
262 1346 448 1381 adipiscentur
458 1350 484 1372 et
496 1346 610 1381 gratiam
622 1350 647 1372 et
656 1345 778 1382 gloriam.

95 1385 137 1410 86.
151 1384 181 1410 In
195 1386 234 1410 his
244 1388 332 1410 autem
346 1385 486 1410 utilitatum
496 1387 640 1416 praeceptis
655 1384 794 1418 Antipater
804 1383 859 1420 Ty-

58 1421 128 1452 rius,
150 1420 271 1452 Stoicus,
291 1422 339 1456 qui
355 1420 469 1447 Athenis
488 1429 574 1455 nuper
591 1425 632 1447 est
651 1426 786 1452 mortuus,
808 1424 859 1447 duo

56 1461 199 1491 praeterita
211 1463 292 1485 censet
303 1467 354 1484 esse
365 1468 381 1484 a
394 1459 523 1488 Panaetio,
536 1460 690 1484 valetudinis
701 1461 858 1484 clu-ationem

58 1498 227 1528 etpecuniae:
243 1504 311 1531 quas
326 1504 368 1521 res
384 1504 397 1521 a
410 1504 517 1522 summo
529 1495 691 1530 philosopho
703 1497 857 1530 praeteritas

58 1532 186 1564 arbitror,
204 1532 277 1568 quod
293 1537 384 1559 essent
395 1532 497 1559 faciles.

58 1570 185 1597 valetudo
195 1575 360 1597 sustentatur
371 1571 462 1597 notitia
475 1570 519 1596 sui
530 1571 649 1605 corporis
661 1570 858 1597 etobservatio-

59 1616 100 1638 ne,
114 1616 183 1643 quae
195 1616 237 1634 res
249 1613 294 1634 aut
305 1607 431 1642 prodesse
443 1607 546 1634 soleant
556 1612 601 1634 aut
612 1608 721 1638 obesse,
736 1613 761 1634 et
772 1608 858 1634 conti·
879 1618 887 1630 π

58 1646 149 1671 nentia
160 1645 188 1671 in
201 1645 273 1671 victu
285 1646 358 1671 omni
370 1650 450 1680 atque
461 1645 536 1671 cultu
547 1646 667 1680 corporis
679 1645 770 1671 tuendi
779 1654 858 1671 caus—

57 1691 100 1714 sa,
122 1687 148 1709 et
167 1682 413 1717 praetermittendis
429 1682 628 1717 voluptatibus,
651 1688 784 1717 postremo
803 1688 857 1709 arto

57 1727 160 1751 eorum,
173 1728 290 1755 quorum
302 1720 335 1746 ad
346 1720 487 1746 scientiam
501 1720 565 1746 haec
577 1721 720 1755 pertinent.
748 1721 790 1746 87.
812 1721 858 1746 ltus
886 1744 887 1754 ἶ

57 1761 146 1783 autem
157 1759 297 1791 familiaris
304 1758 397 1793 quaeri
408 1757 489 1783 debet.
500 1758 534 1783 iis
546 1758 636 1787 rebus.
645 1766 657 1783 a
670 1758 772 1792 quibus
783 1758 858 1784 abest

57 1794 209 1829 turpitud03
229 1795 382 1821 conservari
394 1799 482 1821 autem
495 1794 636 1830 diligentia
647 1800 672 1821 et
682 1796 855 1830 parsimonia,

57 1832 155 1857 iisdem
170 1832 250 1858 etiam
268 1832 349 1859 rebus
365 1832 468 1868 augeri.
510 1833 561 1858 Has
582 1841 623 1859 res
638 1833 858 1859 commodissime

57 1868 208 1903 Xenophon
224 1869 376 1895 Socraticus
387 1873 546 1904 persecutus
562 1874 603 1896 est
618 1871 645 1896 in
661 1878 692 1896 eo
710 1870 790 1901 libro,
809 1871 857 1905 qui

59 1905 240 1933 Oeconomicus
255 1906 426 1932 inscribitur:
449 1914 531 1940 quem
548 1915 610 1937 nOS.
635 1908 685 1933 ista
704 1907 758 1933 sere
774 1912 857 1934 aetate

56 1951 142 1978 quum
154 1951 291 1974 essemus,
309 1951 362 1978 qua
374 1948 443 1970 estu
455 1951 540 1974 nunc,
554 1952 568 1970 e
579 1944 681 1970 Graeco
693 1945 720 1970 in
733 1945 857 1971 Latinum

57 1981 252 2008 convertimus.

113 2017 199 2045 XXV.
216 2020 258 2044 88.
275 2017 327 2044 Sed
340 2019 481 2043 utilitatum
492 2021 660 2050 comparatio,
673 2019 802 2052 quoniam
814 2018 858 2045 hic

58 2054 132 2082 locus
142 2060 198 2082 erat
207 2060 320 2090 quartus
332 2064 345 2081 a
358 2055 483 2081 Panaetio
494 2055 714 2089 praetermissus,
727 2064 806 2090 saepe
818 2061 858 2082 est

57 2093 218 2119 necessaria.
260 2093 327 2119 Nam
339 2096 364 2118 et
374 2092 493 2127 corporis
505 2092 644 2118 commoda
655 2101 716 2118 cum
727 2094 855 2124 externis,

57 2134 83 2156 et
93 2134 202 2156 externa
214 2138 276 2156 cum
288 2129 593 2164 cor1›oris‚etipsainier
603 2138 631 2156 se
643 2131 762 2164 corporis
773 2135 798 2156 et
809 2139 854 2156 ex-

57 2171 130 2194 terna
146 2175 208 2193 cuin
225 2168 343 2194 externis
357 2167 506 2201 comparari
522 2166 617 2193 solent.
658 2168 725 2193 Cum
738 2168 857 2193 externis

57 2205 177 2239 corporis
199 2204 248 2231 hoc
269 2205 349 2231 modo
369 2209 570 2238 comparantur:
600 2203 693 2231 Valere
719 2210 747 2231 ut
767 2205 854 2235 malis,

57 2249 139 2277 quam
160 2241 238 2268 dives
257 2250 330 2275 esse;
353 2250 415 2268 cuni
436 2242 555 2276 corporis
571 2246 679 2268 externa
697 2242 746 2267 hoe
762 2242 854 2268 modo:

56 2279 139 2306 Dives
154 2287 213 2306 esse
232 2280 336 2314 potius,
358 2287 439 2314 quam
457 2279 583 2305 maximis
599 2279 718 2313 corporis
735 2280 852 2308 virilius:

58 2317 117 2351 ipsa
131 2317 201 2343 inter
216 2325 244 2343 se
259 2317 379 2351 eorporis
391 2317 443 2346 sic.
467 2321 495 2342 ut
507 2317 575 2342 bonu
588 2316 714 2342 valetudo
726 2317 854 2351 voluptati

58 2358 247 2388 anteponatur,
265 2355 337 2380 vires
353 2354 494 2385 celeritati;
513 2358 684 2379 externorum
701 2359 803 2384 nutem,
828 2359 856 2380 ut

58 2390 143 2426 gloria
164 2391 283 2423 divitiis,
307 2391 448 2427 vectigalia
470 2391 571 2417 urbane
593 2391 710 2417 rusticis.
752 2393 793 2417 ⁸9.
816 2392 855 2418 Ex

58 2436 113 2463 quo
132 2436 230 2464 genere
245 2429 453 2464 comparationis
471 2428 538 2454 illud
555 2432 595 2454 est
609 2428 716 2454 Catonis
732 2429 819 2455 senis:
841 2438 855 2454 n

57 2473 112 2500 quo
127 2474 213 2501 quum
229 2471 415 2501 quaereretur,
437 2468 499 2499 quid
515 2468 626 2491 manime
642 2468 667 2491 iu
685 2474 712 2491 ro
729 2468 856 2499 [aviilum-i

59 2502 213 2536 empediret?
235 2503 386 2538 respondit:
413 2504 497 2529 uliene
510 2511 637 2536 puscet-a«
679 2505 746 2534 Qum
765 2512 856 2528 socun-

58 2539 137 2566 dum?
163 2540 253 2567 »Satis
271 2542 330 2567 bene
351 2549 483 2574 pascere«
524 2540 591 2571 Quid
616 2540 738 2565 toruum?
770 2541 857 2566 »tutuo

55 2585 189 2611 pascere«
230 2579 298 2610 Quid
307 2577 448 2612 quartum?
470 2578 599 2603 »At-ura«
640 2577 684 2605 Et.
702 2585 786 2611 quum
800 2577 853 2608 ille,

538 1533 686 1559 Suntcerte
698 1534 791 1559 utiles:
810 1533 857 1559 sed
879 1530 881 1538 ‘

888 121 915 147 P.

948 124 978 148 22
998 138 1034 142 —
1055 124 1096 150 25.
1128 125 1208 150 LIB.
1234 126 1285 152 111.
1313 126 1363 153 CA
1376 127 1404 153 P.
1430 129 1451 154 1.
1643 132 1706 157 ⁴257

890 196 893 227 ,t
915 193 948 218 tis
962 192 1022 219 aliis
1035 194 1149 230 intelligi
1161 195 1253 226 debet,
1272 196 1417 224 utilitatum
1429 200 1639 233 comparationes
1650 201 1706 228 ficri

890 229 891 235 ¹
914 230 1012 262 solere,
1032 237 1155 266 recteque
1172 232 1221 259 hoc
1235 233 1391 261 adiunctum
1404 244 1462 261 esse
1473 242 1598 270 quartum
1610 239 1707 272 exqui-

889 250 891 299 l
915 268 1057 295 rendorum
1071 269 1220 296 officiorum
1232 280 1327 306 genus.
1364 274 1404 299 90.
1428 273 1479 299 Sed
1492 278 1543 299 toto
1556 274 1604 300 hoc
1615 274 1647 300 ‹le
1659 284 1707 302 ge-

914 313 988 335 nere,
1007 306 1040 331 (le
1055 308 1220 341 quaerenda,
1238 308 1272 334 de
1285 309 1437 336 collocanda
1457 311 1584 344 pecunia,
1608 303 1705 338 vellem

913 342 992 383 etiam
1008 343 1041 369 de
1058 344 1169 375 utenda,
1191 346 1360 372 commodius
1375 356 1388 372 a
1411 348 1575 382 quibusdam
1595 349 1706 383 optimis

888 390 890 419 1
914 380 992 409 Viris,
1016 380 1048 406 ad
1065 382 1156 407 Ianum
1174 383 1292 409 medium
1309 384 1479 415 sedentibus,
1497 393 1578 419 quam
1593 386 1626 411 ab
1642 386 1705 412 ullis

888 424 890 455 ξ
912 416 1082 451 philosophis
1094 419 1147 444 ulla
1160 420 1186 445 in
1198 420 1288 446 schola
1300 420 1461 455 disputatur.
1498 423 1564 449 Sunt
1576 428 1662 449 tamen
1675 432 1705 450 ea

912 455 1105 488 cognoscenda.
1148 457 1281 483 Pertinent
1295 459 1366 484 enim
1379 458 1411 484 ad
1429 459 1584 489 utilitatem,
1602 460 1634 486 de
1650 469 1703 495 qua

914 490 961 516 hoc
984 491 1052 518 libro
1067 492 1233 528 disputatum
1254 499 1302 521 est.
1343 495 1455 531 Reliqua
1471 496 1597 532 deinceps
1613 506 1705 533 perse-

912 536 1037 562 quemur.

1072 765 1243 796 LIBER
1281 768 1544 798 TERTIUS.

965 906 980 925 A
991 906 1042 926 RG.
1063 907 1109 928 Huc
1125 907 1181 927 litu-u
1203 907 1280 929 Cicero
1297 909 1380 929 accedit
1396 909 1421 929 nd
1437 909 1525 930 tertium
1541 910 1704 931 commentati-1-

912 940 947 960 nis
962 939 1031 961 locum
1046 942 1073 961 de
1087 942 1210 963 honestatis
1225 948 1245 963 et
1260 944 1368 964 utilitatis
1383 945 1551 971 raeinipnrutiune.
1577 946 1645 969 Negat
1655 952 1705 965 tem

912 978 949 995 aut
968 976 1110 997 dubitandum
1131 985 1180 998 esse
1195 982 1231 998 aut
1246 986 1345 1005 umquam
1361 980 1470 1003 dubitari.
1486 986 1512 999 nn
1528 980 1563 1004 id,
1579 981 1634 1006 quud
1650 980 1706 1001 utile

912 1010 1025 1035 videatur„
1050 1012 1142 1033 honesto
1162 1013 1192 1033 sit
1211 1015 1399 1041 nntepuiiend1uu3
1427 1015 1464 1034 sed
1485 1019 1580 1041 tempura
1599 1015 1704 1038 inci-tere.

912 1046 999 1072 quilius.
1011 1048 1067 1073 quod
1079 1051 1141 1075 turpe
1152 1049 1227 1069 haberi
1238 1049 1316 1074 solent,
1328 1049 1442 1070 honestum
1453 1049 1562 1070 iideatur:
1578 1055 1601 1070 ut
1607 1051 1706 1070 ueri-tem

912 1081 1032 1105 homiuem.
1044 1082 1082 1108 qui
1093 1085 1200 1108 tyrannus
1212 1091 1261 1104 esse
1271 1084 1380 1112 eoeperit:
1399 1084 1422 1104 in
1433 1092 1475 1110 quo
1487 1091 1529 1104 uon
1540 1085 1595 1105 utile¹
1606 1085 1705 1108 hunvini,

912 1117 949 1136 sed
965 1117 1005 1137 hoc
1018 1117 1055 1137 illi
1070 1121 1223 1145 anteponatur.
1252 1120 1340 1146 ltaque,
1356 1123 1379 1140 ut
1390 1120 1438 1139 nine
1449 1120 1494 1140 ullo
1505 1126 1578 1139 errore
1588 1120 1706 1139 diiudicari

912 1151 995 1178 possit,
1012 1152 1032 1172 si
1046 1153 1131 1179 <pianda
1143 1161 1189 1174 rum
1200 1154 1254 1178 illu,
1266 1156 1321 1180 quud
1334 1155 1447 1175 honestum
1459 1155 1599 1179 intelligitur.
1611 1162 1707 1181 pituli-ire

912 1186 934 1206 id
949 1187 1061 1211 rideatur,
1082 1189 1138 1214 quod
1152 1188 1287 1215 appellemus
1299 1190 1365 1213 utile,
1379 1190 1493 1210 {urniulnm
1504 1190 1615 1216 quantulum
1627 1197 1637 1209 ι·
1647 1190 1706 1209 siui-

911 1229 984 1242 θυι-11111
995 1222 1115 1250 disciplina
1125 1224 1255 1247 coustituit.
1266 1232 1328 1251 quum
1339 1225 1358 1245 si
1369 1225 1418 1251 quis
1429 1225 1451 1244 iu
1463 1225 1625 1251 rmupnmiune
1637 1232 1706 1245 rtrum

911 1261 1022 1283 sequatur,
1038 1265 1153 1284 numquam
1168 1260 1194 1279 ab
1209 1260 1283 1280 unici«,
1299 1260 1393 1280 rece-lut.
1424 1260 1455 1280 En
1469 1265 1501 1279 ent
1518 1264 1588 1279 nutem
1605 1259 1706 1279 huiusce·

911 1292 980 1312 modi:
1004 1293 1109 1319 quidquid
1125 1294 1155 1314 sit
1171 1294 1297 1318 honestum.
1311 1295 1367 1314 idem
1383 1302 1431 1314 ense
1442 1293 1509 1314 utile:
1529 1301 1567 1313 nee
1578 1294 1633 1314 utile
1644 1294 1705 1320 quid-

911 1334 972 1353 quniu
982 1343 987 1351 ,
1004 1329 1059 1354 quud
1076 1335 1119 1348 uun
1135 1328 1164 1349 sit
1180 1329 1307 1353 ΙΙυιΙοιιυιιιι·Ι
1328 1336 1355 1349 ex
1370 1336 1411 1355 qun
1423 1328 1539 1354 enituequi.
1552 1336 1616 1349 nunni
1627 1329 1706 1348 debere

911 1362 1012 1382 omnihus
1028 1370 1077 1383 csse
1091 1364 1238 1391 propositum:
1257 1368 1279 1384 ut
1295 1364 1368 1384 eadem
1385 1364 1413 1383 uit
1424 1363 1513 1383 utilitas
1525 1363 1589 1383 uuiu=
1600 1363 1706 1390 ‹niu-quc

886 1404 888 1406 ’
910 1400 931 1417 et
946 1397 1105 1418 universorum.
1120 1406 1138 1419 c.
1154 1401 1218 1419 1—-7,
1235 1400 1268 1419 Ex
1280 1399 1318 1419 linc
1333 1398 1426 1419 farinula
1437 1398 1539 1424 deinrepx
1551 1398 1629 1418 multu
1640 1406 1705 1425 ‹pine-

911 1432 995 1452 stiunes
1006 1433 1145 1460 propositus,
1157 1434 1236 1460 quilius
1251 1434 1348 1455 osticium
1361 1438 1479 1461 tenipurum
1491 1432 1576 1453 ratium,-
1586 1438 1667 1456 ceuuu,
1679 1433 1705 1453 ad

910 1471 1028 1488 extremum
1040 1476 1109 1495 usque
1119 1469 1224 1496 explicat.

965 1531 985 1557 1.
1010 1533 1032 1557 l.
1052 1527 1172 1557 Publium
1187 1534 1338 1564 Scipionem.
1354 1531 1439 1556 Marce
1453 1530 1498 1559 lili,
1512 1539 1575 1556 euni.
1592 1532 1636 1562 qui
1649 1534 1705 1562 pri-

909 1577 965 1593 mus
988 1570 1128 1601 Africanus
1146 1571 1291 1602 appellatus
1309 1573 1356 1595 est.
1376 1571 1461 1594 ‹lit-err
1475 1569 1575 1593 soli'umi
1596 1568 1706 1602 scripsit

910 1606 986 1636 CalO,
1000 1608 1046 1640 qui
1061 1606 1109 1632 tuit
1122 1606 1174 1632 fere
1186 1607 1245 1632 eius
1259 1605 1389 1640 aequalis.
1412 1606 1569 1638 ”Numquum
1583 1613 1609 1630 sn
1623 1614 1706 1630 vuinus

910 1646 1016 1668 otius-um
1040 1654 1104 1672 esse.
1128 1653 1203 1677 quum
1229 1653 1304 1677 quum
1325 1646 1431 1669 otiosus,
1449 1652 1492 1668 nec
1511 1651 1594 1667 vuinus
1614 1645 1703 1670 solum,

909 1690 985 1713 quum
1005 1691 1080 1714 quum
1095 1683 1163 1706 solus
1175 1687 1261 1706 exstuat
1304 1681 1442 1714 Muguiliea
1456 1688 1518 1705 vero
1535 1688 1585 1705 vox
1601 1683 1626 1704 et
1649 1688 1705 1705 mn-

909 1728 962 1754 gno
975 1719 1031 1745 viro
1043 1728 1072 1744 ac
1084 1719 1203 1752 sapiente
1215 1718 1310 1753 digua:
1333 1714 1401 1752 qim(-
1413 1717 1538 1743 declarat.
1553 1716 1629 1742 illum
1641 1723 1665 1742 et
1679 1718 1704 1743 in

909 1757 962 1782 otio
973 1756 1005 1782 de.
1019 1756 1133 1791 negotiis
1147 1757 1277 1791 cogitare,
1295 1760 1319 1780 et
1332 1756 1357 1781 iu
1370 1754 1515 1780 solitudine
1527 1762 1618 1779 seeum
1633 1753 1705 1789 loqui

909 1794 1032 1822 solitum;
1066 1799 1094 1819 ut
1115 1802 1201 1828 neque
1222 1797 1337 1818 cessaret
1359 1801 1501 1826 umquam.
1524 1796 1548 1817 et
1571 1792 1704 1817 interdum

909 1831 1044 1866 colloquio
1054 1831 1164 1857 alterius
1179 1839 1230 1856 non
1242 1835 1340 1865 egeret.
1383 1830 1471 1864 ltaque
1483 1829 1551 1854 «lune
1564 1837 1618 1856 res,
1636 1837 1705 1863 qune

886 1865 888 1889 1
912 1868 1066 1904 languorem
1083 1868 1315 1897 all‘erunteeteris,
1334 1867 1410 1893 illum
1423 1867 1565 1892 neuelumt.
1583 1866 1667 1892 otium
1680 1871 1704 1891 et

910 1906 1037 1932 solitudo.
1078 1906 1178 1932 Vellem
1192 1906 1268 1932 nobis
1282 1905 1330 1930 hue
1342 1905 1412 1930 idem
1426 1913 1486 1929 vere
1497 1904 1586 1929 dicere
1600 1903 1702 1930 llt'ert'lss

910 1943 957 1970 sed
977 1945 1000 1969 si
1016 1944 1107 1970 miuus
1125 1944 1272 1970 imitatione
1289 1947 1386 1968 tantam
1404 1943 1504 1975 ingenii
1517 1942 1705 1975 praestantiam

909 1982 1038 2016 consequi
1055 1990 1213 2015 possumus,
1233 1980 1368 2006 voluntate
1384 1984 1453 2005 eerte
1469 1979 1590 2013 proxime
1601 1978 1706 2003 neredi-

910 2027 984 2044 mus:
1009 2027 1069 2044 nuni
1085 2024 1122 2049 et,
1140 2027 1154 2044 a
1170 2018 1307 2053 republica
1320 2017 1526 2050 sorensiluisque
1539 2017 1652 2048 negotiis
1664 2024 1704 2040 nr·

910 2057 962 2082 mis
978 2057 1070 2090 impiis
1090 2056 1171 2090 vique
1188 2055 1330 2090 prohibiti,
1350 2055 1434 2080 otium
1452 2054 1652 2088 persequimur:
1681 2057 1705 2077 et

909 2093 943 2118 oh
959 2101 1016 2119 enm
1033 2101 1171 2122 confflem,
1190 2093 1259 2118 Urbe
1270 2092 1374 2120 relietn,
1393 2100 1453 2117 rura
1467 2096 1635 2125 peragrantes
1647 2098 1705 2114 sne·

910 2139 942 2164 pe
954 2130 1002 2156 soli
1019 2139 1124 2156 sumus.
1166 2131 1190 2155 2.
1210 2129 1262 2155 Sed
1276 2137 1322 2155 nec
1339 2129 1386 2154 hoc
1405 2129 1490 2154 otium
1509 2136 1569 2152 eum
1588 2127 1703 2152 Mru‘nut

909 2168 975 2197 otio,
1004 2176 1052 2193 nee
1078 2167 1142 2192 haec
1166 2166 1284 2192 solitudo
1304 2174 1365 2191 eum
1391 2165 1434 2190 itta
1456 2164 1632 2198 eouiparnndn
1653 2169 1700 2188 est.

910 2204 955 2230 111(ἱ
966 2205 1038 2230 euim
1051 2205 1223 2238 requieseens
1233 2212 1246 2228 n
1259 2202 1423 2236 reipublicae
1440 2202 1627 2236 pulcherrimis
1644 2208 1703 2225 iuu-

909 2242 1020 2267 neribus
1035 2242 1119 2267 otium
1131 2241 1184 2266 sihi
1197 2239 1319 2265 sumt—bnt
1334 2239 1493 2273 aliquando.
1507 2244 1530 2264 et
1543 2248 1556 2263 u
1568 2243 1642 2263 enetu
1657 2237 1703 2262 ho-

910 2280 1013 2305 minum
1027 2278 1230 2313 frequentiaque
1243 2276 1387 2303 interdum.
1402 2281 1536 2310 tamquam
1553 2278 1577 2300 iu
1587 2280 1701 2308 portum.

909 2325 936 2341 se
954 2317 978 2342 in
996 2316 1170 2342 solitudinem
1183 2314 1338 2348 recipiebat.
1381 2314 1505 2338 Nostrum
1519 2318 1605 2337 liutem
1617 2317 1702 2336 utunn

909 2354 1008 2386 negotii
1021 2354 1109 2387 inopia
1119 2373 1124 2380 .
1143 2361 1193 2378 nou
1207 2350 1393 2385 requiescendi
1406 2350 1508 2377 studio,
1527 2354 1702 2374 constitutum

907 2396 957 2417 est.
998 2391 1136 2416 Exstincto
1152 2390 1222 2415 euim
1235 2393 1327 2413 seuntu
1340 2387 1487 2421 ‹totvm—quw
1500 2386 1621 2412 iudiciis.
1635 2384 1701 2420 quid

907 2432 959 2457 est,
981 2427 1052 2462 qttod
1064 2427 1178 2461 digitum
1198 2426 1274 2451 nobis
1286 2430 1329 2450 nm
1343 2426 1367 2450 iu
1379 2426 1452 2449 curm
1465 2429 1507 2448 tuit
1522 2424 1546 2448 iu
1560 2423 1614 2448 fun»
1625 2430 1703 2456 ouem

909 2464 1062 2500 possimus‘.²
1087 2467 1111 2490 3Α
1133 2465 1167 2490 {tn
1183 2464 1229 2498 qui
1247 2464 1272 2488 in
1289 2462 1404 2488 muximu
1421 2461 1573 2486 celebritate
1585 2466 1663 2494 sitque
1676 2461 1701 2485 iu

906 2502 992 2528 oeulis
1012 2502 1114 2528 rivium
1134 2500 1269 2536 qnondam
1287 2500 1447 2525 vixerimus.
1466 2506 1548 2525 nune.
1570 2497 1702 2529 [timentes

907 2544 1079 2574 ruiispeetum
1095 2538 1298 2564 seelerutnrum.
1317 2536 1417 2571 quibus
1436 2544 1524 2560 «uuum
1539 2534 1698 2561 nulundnnt.

907 2577 1034 2603 {ihdimus
1046 2585 1102 2606 nos,
1115 2581 1246 2611 quantum
1259 2574 1327 2600 lii-et.
1342 2579 1365 2599 et
1378 2581 1456 2607 saepe
1465 2572 1626 2597 solisumus.
1648 2571 1700 2596 Sed

58 2614 107 2649 qui
123 2615 287 2650 quaesierat,
309 2615 438 2642 dixisset:
462 2616 529 2647 Ouid
547 2614 678 2647 fenerari?
700 2619 755 2640 tutu
777 2615 853 2641 ttnto:

61 2652 149 2684 »Ouid
159 2653 300 2678 hominem«
318 2650 426 2689 [inquit]
444 2650 612 2679 »occider-eh
633 2651 673 2678 Ex
683 2660 737 2686 quo
748 2657 773 2678 et
785 2651 856 2678 mul—

907 2615 971 2649 quin
990 2614 1029 2639 sie.
1045 2613 1078 2639 nb
1095 2613 1251 2639 hominihus
1266 2611 1351 2636 ‹tm-us
1368 2611 1534 2644 iit-repimus.
1554 2618 1601 2634 uum
1620 2610 1700 2633 sutum

908 2661 940 2677 ω·
959 2653 1033 2677 mutis
1051 2653 1142 2684 ciryci-1*
1158 2653 1260 2675 mumma
1280 2653 1405 2682 oportere.
1421 2650 1463 2672 ml
1476 2652 1551 2672 clm-¹1·
1565 2653 1701 2679 arra-pere
