1941 3052
214 139 259 160 2⁰⁸
780 134 819 158 15.
856 132 890 156 Μ.
924 131 954 157 T.

213 206 326 231 brevitas
349 205 504 240 postulatur,
530 213 598 239 quim
623 204 742 229 mihimet
767 204 816 236 ipsi
836 203 996 228 anneis-sima
1016 202 1026 236 ‘l

211 248 256 268 νκι.
298 245 337 267 ῖιῐὶ.
365 243 475 271 vin-inm,
496 242 567 275 quod
587 246 610 266 te
625 250 701 274 mii-pi·
715 239 886 265 “nnumin-ru
903 239 995 268 snm-re,

213 281 345 305 timu-nni:
378 284 455 304 totam
479 287 586 303 ‹vui-ma(-
611 286 681 302 niem·
708 277 848 302 «lirnium-m
868 281 951 301 cvrum
971 276 996 301 in
1017 283 1019 294 1

212 322 298 350 partes
321 316 447 342 (lividam.
489 316 526 340 Ἰ“ιι
553 315 577 340 ιιΙ
601 322 705 348 semper
725 313 796 342 fucis,
817 313 878 347 quin
894 321 998 346 semper
1018 298 1026 343 l*

213 359 294 387 poti-s.
336 354 390 386 ligo
409 354 433 378 in
450 353 496 377 lirn-
510 360 601 376 (annun
619 350 718 379 fan-iam,
737 354 870 383 propterea
885 349 956 383 quod
971 350 996 375 in

212 391 259 416 lim*
285 390 372 415 videor
396 398 471 423 possi·
499 389 590 413 snm-w.
630 387 705 418 Quod
726 387 771 411 tibi
792 392 881 412 notura
900 386 952 415 (lot,
970 391 997 411 ιιι
1018 415 1019 422 ¹

211 436 315 461 aeiiipvr
330 427 423 460 possis,
437 426 460 451 ἰιΙ
477 426 540 451 mihi
555 433 646 449 venisse
661 423 788 453 voni—vdit,
807 428 833 448 ut
849 423 925 448 lindie
938 432 998 457 pos-
1018 427 1019 462 l

211 466 271 489 sini.
313 465 400 488 Certos
416 463 479 488 mibi
496 463 560 486 lint-s
575 461 754 494 terminosque
768 461 935 490 wnstitumn,
952 469 998 486 ex·
1018 465 1019 482 l

212 507 248 526 trn
267 510 334 535 quo-i
353 499 440 532 egri-di
457 508 506 524 ιιιιιι
522 498 630 532 possim,
647 499 669 523 si
685 498 799 523 maxime
816 497 907 522 velim:
932 502 997 523 utet
1018 492 1027 534 l,

213 538 276 563 milii
300 538 333 562 sit
357 536 532 570 propositum,
557 534 590 560 de
612 543 665 569 quo
682 534 782 565 ‹lii-om,
805 539 828 560 et
844 534 997 560 Hortensium
1018 531 1019 534 ¹

212 575 304 600 habs-nt
319 574 446 607 exposita,
463 572 494 597 ad
509 580 576 606 {lune
590 572 754 606 respondeat,
770 576 794 597 et
809 576 845 600 ιιι,
859 572 887 596 C.
904 571 998 605 Aquil-
1025 576 1027 608 l

212 612 237 640 li,
256 612 304 636 inin
320 615 378 636 mite
393 611 480 635 animo
495 610 642 643 prospicere
657 609 751 643 possis»,
763 609 863 643 quibus
876 608 908 633 ‹le
919 608 998 634 rebus
1018 576 1027 638 ll

211 648 350 673 auditurus
377 647 423 672 sis.
465 649 505 672 36.
534 647 679 680 Negamus,
705 651 729 671 te
753 646 818 671 bona
839 646 865 671 Ι),
886 646 995 677 Quintii,
1018 641 1027 674 l

211 686 271 711 Sex.
298 685 393 714 Naevi,
422 683 572 718 possedisse
589 692 621 709 ex
641 683 726 709 edicto
745 684 880 717 praetoris.
922 684 948 708 ln
968 691 998 709 eo
1018 703 1020 726 ι

210 722 317 756 sponsio
337 721 402 747 faeta
421 726 469 747 est.
510 720 653 746 Ostendam
669 721 794 754 primum,
810 729 930 745 caussam
947 729 996 745 non

211 760 302 789 fuisse,
323 767 370 785 cur
388 767 401 784 a
421 762 537 793 praetore
556 757 712 792 postulares.
730 762 757 782 ut
773 758 838 783 bona
855 758 880 783 l'.
897 758 997 788 Quintil
1018 769 1019 791 ι

211 796 373 831 possideres:
407 795 503 821 deinde
525 803 557 821 ex
579 795 664 821 edicto
687 799 710 820 te
729 794 862 828 possidere
882 803 931 820 non
953 804 998 828 po-
1018 807 1019 816 ι

211 835 307 860 tuisse:
331 837 470 868 postremo,
489 841 538 859 non
554 832 712 867 possedisse.
735 833 846 863 Quaeso,
863 832 891 857 C.
905 831 998 866 Aquil-

212 871 238 901 li,
264 879 372 905 vosque,
396 871 443 905 qui
465 871 528 896 estis
547 870 573 895 in
588 869 705 899 consilio,
727 873 764 899 ut,
784 868 848 903 quid
865 868 998 903 pollicitus

210 909 270 937 sim.
287 908 427 943 diligenter
441 908 580 933 memoriae
595 906 734 932 mandetis.
773 906 876 931 Etenim
891 915 944 931 rem
961 906 999 932 fa—

210 945 288 971 cilius
313 949 390 971 totam
410 945 556 979 accipietis,
581 944 603 969 si
623 944 686 969 haec
704 943 891 975 memineritis3
914 948 939 969 et
957 952 999 969 nie
1019 957 1021 969 ι

211 982 287 1008 facile
310 987 394 1008 vestra
418 982 611 1007 existimatione
634 980 799 1010 revocabitis,
819 981 841 1006 si
860 984 932 1006 extra
952 980 998 1006 lios

210 1019 340 1046 cancellos
354 1019 442 1055 egredi
456 1019 576 1048 conabor,
593 1026 660 1053 quos
675 1018 740 1043 mihi
754 1018 811 1052 ipse
824 1017 997 1043 circumdedi.

211 1057 283 1092 Nego
302 1056 384 1083 fuisse
402 1064 532 1086 caussam,
548 1064 595 1082 cur
609 1054 766 1090 postularet:
789 1063 856 1090 nego
869 1063 901 1081 ex
915 1054 1000 1080 edicto

193 1092 197 1099 ’
211 1094 346 1128 possidere
359 1094 490 1128 potuisse:
513 1101 580 1129 nego
594 1092 753 1128 possedisse.
776 1092 843 1118 llaec
857 1092 904 1118 tria
914 1100 999 1127 quum

210 1131 333 1162 docuero.
349 1131 483 1165 perorabo.

264 1169 310 1195 Xt.
327 1169 368 1194 37.
388 1169 444 1194 Non
459 1167 509 1194 fuit
522 1176 624 1199 caussa,
641 1176 688 1193 cur
702 1166 859 1201 postulares.
885 1165 935 1198 Qui
950 1166 999 1193 hoc

210 1205 323 1241 intelligi
343 1204 445 1240 potest?
474 1204 540 1237 Quia
554 1204 614 1231 Sex.
631 1205 729 1231 Naevio
743 1212 829 1238 neque
843 1212 876 1229 ex
890 1203 1000 1229 societa-

211 1244 244 1268 tis
266 1244 373 1273 ratione,
398 1251 484 1277 neque
502 1243 625 1277 privatim
643 1241 791 1276 quidquam
809 1240 902 1267 debuit
915 1239 1000 1272 Quin-

211 1281 273 1306 tius.
313 1279 379 1312 Quis
397 1279 460 1305 huic
477 1280 514 1305 rei
529 1280 602 1305 testis
616 1278 673 1305 est‘?
697 1278 778 1309 Idem.
794 1279 840 1313 qui
855 1278 999 1304 acerrimus

210 1317 388 1343 adversarius.
429 1317 456 1343 In
471 1316 519 1343 hac
534 1325 560 1343 re
575 1321 607 1347 te,
625 1320 657 1347 te,
673 1316 792 1350 inquam,
814 1319 916 1346 testem,
933 1315 1000 1340 Nae-

211 1355 246 1385 vi,
275 1354 370 1380 citabo.
410 1353 517 1380 Annum
539 1358 564 1380 et
582 1362 612 1380 eo
634 1353 736 1379 diutius
762 1356 821 1387 post
839 1357 949 1378 mortem
969 1352 997 1378 C.

209 1391 311 1423 Quintii
330 1391 380 1417 fuit
398 1391 424 1417 in
444 1391 529 1417 Gallia
548 1395 634 1417 tecum
649 1389 730 1416 simul
744 1388 879 1422 Quintius.
920 1389 996 1420 Doce,

210 1433 234 1455 te
253 1429 361 1463 petiisse
375 1428 407 1454 ab
421 1437 452 1454 eo
464 1428 550 1459 istam,
568 1428 656 1454 nescio
670 1435 760 1462 quam¹
777 1426 999 1452 innumerabilem

209 1466 363 1500 pecuniam:
385 1465 461 1496 doce,
487 1464 629 1500 aliquando
651 1464 811 1491 mentionem
829 1463 936 1490 fecisse:
958 1463 1001 1489 di-

210 1503 282 1529 xisse
304 1503 408 1529 deberi:
442 1502 568 1528 debuisse
587 1501 739 1528 concedam.
779 1502 820 1527 38.
841 1501 951 1527 Moritur
969 1500 998 1527 C.

209 1539 348 1572 Quintius:
370 1540 417 1575 qui
431 1539 488 1570 tibi,
505 1544 534 1566 ut
547 1540 595 1570 ais,
610 1539 689 1565 certis
703 1538 857 1565 nominibus
871 1537 998 1573 grandem

209 1578 349 1612 pecuniam
364 1577 465 1603 debuit.
496 1577 576 1603 Heres
591 1577 649 1603 eius
662 1576 692 1602 P.
707 1575 833 1608 Quintius
844 1575 871 1601 in
885 1574 999 1602 Galliam

209 1614 242 1641 ad
257 1619 281 1641 te
294 1614 384 1649 ipsum
398 1615 471 1640 venit
481 1614 508 1640 in
522 1622 615 1649 agrum
626 1621 809 1640 communem:
831 1621 862 1639 eo
873 1611 997 1646 denique.

210 1652 257 1678 ubi
280 1660 332 1678 non
352 1651 430 1677 modo
452 1659 493 1677 res
515 1655 577 1682 erat,
602 1650 650 1677 sed
668 1651 732 1676 ratio
749 1657 857 1684 quoque
875 1650 961 1675 omnis
975 1654 1001 1675 et

209 1697 302 1715 omnes
321 1688 430 1715 litterae.
470 1687 535 1720 Quis
554 1692 606 1714 tam
624 1686 771 1713 dissolutus
789 1687 817 1713 in
835 1695 862 1712 re
876 1685 999 1712 familiari

211 1725 314 1757 fuisset,
330 1726 392 1760 quis
406 1729 458 1751 tam
473 1724 620 1761 negligens,
636 1724 698 1759 quis
712 1728 764 1750 tam
779 1724 827 1754 tui,
844 1723 931 1753 Sexte,
944 1723 1001 1749 dis-

209 1763 315 1793 similis,
344 1763 400 1797 qui,
425 1770 508 1797 quum
527 1770 568 1788 res
587 1762 619 1787 ab
633 1769 671 1792 eo,
691 1761 802 1796 quicum
815 1761 997 1791 contraxisset,

210 1800 363 1826 recessisset
381 1803 406 1825 et
423 1799 455 1825 ad
470 1798 593 1825 heredem
608 1799 780 1833 pervenisset,
797 1806 849 1824 non
863 1797 997 1828 heredem,

210 1845 296 1872 quum
320 1837 435 1871 primum
455 1836 579 1867 vidisset,
599 1836 736 1862 certiorem
750 1833 864 1861 faceret?
882 1833 1001 1869 appella-

211 1873 267 1900 ret‘?
286 1875 412 1900 rationem
430 1872 549 1899 afferret?
568 1873 590 1899 si
609 1872 675 1907 quid
693 1872 721 1898 in
735 1872 940 1898 controversiam
954 1880 1001 1897 ve-

211 1911 287 1942 niret,
311 1915 356 1937 aut
377 1911 444 1936 intra
466 1911 579 1945 parietes
601 1914 646 1936 aut
663 1917 770 1935 summo
791 1910 849 1935 iure
867 1908 1001 1943 experire-

211 1947 272 1974 tur?
291 1947 379 1974 Itane‘?
391 1947 463 1982 quod
477 1947 526 1973 viri
540 1947 633 1982 optimi
648 1946 756 1977 faciunt,
769 1946 787 1972 ii
802 1946 849 1981 qui
862 1954 925 1972 suos
940 1954 1001 1980 pro-

211 1985 326 2020 pinquos
348 1993 377 2011 ac
396 1985 556 2011 necessarios
574 1992 647 2010 caros
665 1987 690 2010 et
704 1983 827 2010 honestos
845 1991 904 2009 esse
922 1987 1001 2017 atque

212 2022 302 2048 haberi
325 2021 430 2054 volunt;
452 2021 480 2048 id
498 2021 560 2048 Sex.
580 2021 696 2047 Naevius
710 2029 762 2047 non
776 2020 879 2050 faceret,
894 2020 942 2054 qui
955 2028 1002 2046 us-

211 2067 264 2094 que
285 2067 316 2086 eo
333 2058 417 2085 fervet
434 2058 570 2094 ferturque
588 2058 705 2089 avaritia,
725 2062 754 2084 ut
767 2057 800 2083 de
813 2057 870 2083 suis
884 2065 1002 2084 commo—

1017 242 1025 273 ᾗ
1049 238 1172 272 profecto.

1018 550 1027 565 ,Α
1050 533 1096 560 las.

211 2096 254 2123 dis
277 2096 393 2131 aliquam
417 2100 518 2131 partem
532 2095 597 2122 nolit
614 2095 741 2126 amittere,
758 2103 790 2121 ne
804 2103 885 2129 quam
899 2098 1000 2129 partem

211 2133 275 2160 huic
296 2134 446 2168 propinquo
463 2141 512 2160 suo
531 2132 613 2159 ullius
627 2132 772 2159 ornamenti
787 2130 937 2166 relinquat?
958 2132 999 2157 39.

211 2170 244 2197 Et
266 2171 289 2197 is
307 2171 457 2205 pecuniam,
477 2170 500 2196 si
518 2178 571 2205 qua
588 2169 737 2200 deberetur,
754 2177 805 2195 non
819 2173 926 2203 peteret,
942 2169 998 2203 qui,

211 2208 283 2242 quia,
299 2207 371 2242 quod
385 2207 505 2234 debitum
519 2215 667 2242 numquam
680 2211 728 2237 est,
743 2206 772 2232 id
785 2206 877 2232 datum
887 2214 939 2232 non
950 2210 999 2236 est,

211 2253 264 2271 non
287 2245 427 2279 pecuniam
446 2244 532 2275 modo,
552 2252 647 2270 verum
665 2244 743 2270 etiam
762 2243 878 2269 hominis
892 2243 1002 2277 propin-

211 2282 258 2316 qui
281 2282 438 2317 sanguinem
463 2282 599 2316 vitamque
622 2281 723 2315 eripere
740 2279 868 2307 conatur?
886 2280 954 2306 Huic
972 2284 1001 2306 tu

212 2318 340 2345 molestus
353 2327 411 2345 esse
425 2318 549 2345 videlicet
562 2318 680 2349 noluisti,
693 2326 773 2352 quem
787 2325 859 2343 nunc
872 2317 1001 2352 respirare

213 2355 294 2382 libere
316 2364 367 2382 non
381 2355 465 2382 sinis‘?
492 2355 577 2388 Quem
596 2363 667 2381 nunc
683 2354 829 2381 interficere
843 2354 942 2380 nefarie
954 2362 1002 2380 cu-

213 2393 263 2427 pis,
287 2401 349 2419 eum
372 2397 428 2419 tum
447 2392 578 2427 pudenter
595 2391 727 2427 appellare
745 2391 871 2418 nolebas?
890 2392 927 2417 Ita
944 2399 1002 2417 cre-

212 2429 258 2455 do:
280 2429 415 2456 hominem
437 2430 626 2465 propinquum,
647 2429 686 2455 tui
703 2428 896 2459 observantem,
912 2428 1001 2454 virum

213 2466 322 2497 bonum,
347 2466 499 2501 pudentem,
525 2467 651 2493 maiorem
672 2470 745 2497 natu,
764 2465 873 2492 nolebas
890 2469 1001 2491 autnon

213 2503 329 2529 audebas
347 2503 492 2538 appellare;
515 2512 602 2538 saepe,
622 2508 653 2530 ut
670 2503 707 2534 fit,
727 2511 813 2538 quum
827 2503 886 2537 ipse
899 2506 924 2528 te
937 2510 1001 2528 con-

214 2539 360 2570 firmasses,
384 2549 469 2575 quum
495 2541 634 2567 statuisses
659 2540 693 2566 de
710 2540 822 2574 pecunia
839 2539 1000 2566 mentionem

213 2575 306 2607 facere,
330 2585 415 2611 quum
437 2582 543 2611 paratus
557 2577 753 2611 meditatusque
767 2577 900 2609 venisses;
922 2575 1001 2602 homo

213 2613 333 2645 timidus,
357 2613 481 2649 virginali
504 2614 672 2646 verecundia,
692 2613 781 2640 subito
794 2614 852 2648 ipse
865 2617 891 2639 te
903 2613 1001 2639 retine-

213 2649 274 2683 bas;
305 2649 442 2677 excidebat
464 2655 571 2685 repente
584 2651 679 2684 oratio;
712 2658 798 2686 quum
820 2658 931 2684 cuperes
953 2657 1002 2684 ap-

989 129 1261 156 (llctzttoxts

1213 238 1270 264 ΧΙΙ.
1299 239 1338 264 60.
1366 239 1510 265 Credamus
1529 240 1589 269 boc,
1611 240 1672 266 Sex.
1694 202 1835 270 Νειιεΐὶιῖζῗ

1048 275 1126 300 vuius
1148 280 1228 308 caput
1251 281 1395 309 oppugnet.
1411 276 1468 302 eiua
1482 277 1591 302 nun-ihm
1606 277 1764 311 pepercisse.
1805 277 1834 304 Si

1049 312 1194 341 debuisset,
1207 312 1294 342 Sexte,
1308 313 1420 346 [misses
1434 314 1535 345 statim,
1548 314 1569 340 si
1585 323 1635 339 non
1648 314 1745 343 statim.
1758 314 1834 348 paul-

1049 201 1154 236 pellare,
1181 210 1230 227 non
1254 201 1382 230 audebam,
1409 210 1441 228 ne
1464 203 1565 229 invitus
1583 201 1693 228 audiret.

1025 354 1026 362 ¹
1050 349 1073 374 lo
1087 349 1195 383 quidem
1211 354 1282 383 pont:
1305 349 1326 374 si
1340 358 1390 375 non
1406 349 1502 383 paullo,
1513 350 1694 385 utaliquando,
1717 359 1763 377 sex
1774 351 1834 385 qui-

1049 386 1108 411 dem
1125 385 1177 411 illis
1193 386 1330 411 mensibus
1345 386 1472 420 profecto,
1495 396 1562 413 anno
1577 393 1692 414 veru-nte
1707 389 1763 413 nine
1773 396 1836 414 con-

1050 423 1184 448 troversia.
1225 423 1300 448 Anno
1323 428 1348 449 et
1370 432 1416 449 sex
1440 424 1577 450 mensibus
1596 434 1664 454 vero,
1684 434 1768 459 quum
1788 425 1834 451 ubi

1048 459 1167 494 qiiotidie
1191 465 1305 493 potestas
1330 460 1445 486 homini»
1468 460 1563 487 fuisset
1580 461 1751 491 admonendi,
1778 471 1836 487 ver—

1050 497 1113 522 bum
1129 496 1232 522 nullum
1249 496 1326 523 fai-is:
1349 497 1456 523 biennio
1470 498 1521 524 iam
1535 497 1652 524 confecto
1666 498 1728 528 fere.
1743 499 1835 533 appel-

1137 534 1202 565 Quis
1218 539 1269 560 tam
1284 534 1402 568 perditus
1417 544 1445 560 ae
1460 534 1585 569 profusus
1599 544 1688 570 nepos,
1710 545 1760 562 non
1774 535 1835 561 ade-

1049 580 1076 596 sa
1097 572 1156 601 iam,
1178 571 1224 597 sed
1243 571 1386 597 abundanti
1405 572 1484 597 etiam
1497 573 1619 619 pecunia,
1636 573 1673 598 sic
1687 572 1835 599 dissolutus

1026 613 1027 642 j
1050 608 1152 638 fuisset,
1179 613 1207 634 ιιι
1226 608 1275 634 fuit
1294 609 1355 634 Sex.
1376 609 1510 634 Naevius?
1529 608 1617 641 Quum
1638 609 1771 635 bominem
1790 618 1837 636 no-

1050 646 1130 675 mino.
1155 646 1219 671 antis
1242 646 1307 671 mibi
1328 646 1417 672 videor
1435 646 1531 672 dicere.
1572 648 1612 673 tt.
1635 647 1730 672 Debuit
1743 646 1790 673 tibi
1805 647 1834 673 C.

1049 682 1184 714 Quintius,
1225 682 1376 717 Numquam
1396 684 1498 718 petisti;
1520 689 1640 709 mortuus
1654 688 1693 709 est
1707 683 1765 710 ille:
1795 693 1836 710 ree

1049 719 1081 745 ad
1096 719 1218 745 heredem
1234 720 1313 746 venit.
1339 719 1428 752 Quum
1443 729 1503 746 eum
1517 720 1636 755 quotidie
1651 721 1761 751 videres,
1778 726 1838 756 post

1050 756 1187 783 biennium
1206 756 1322 792 denique
1337 757 1464 792 appellas.
1505 758 1682 788 Dubitabitur,
1700 762 1788 784 utrum
1802 758 1837 785 ait

1049 793 1222 828 probabilius,
1239 794 1300 820 Sex.
1316 795 1445 820 Naevium
1459 796 1557 825 statim,
1569 796 1591 821 si
1605 795 1670 830 quid
1685 795 1835 825 deberetur,

1050 831 1195 865 petiturum
1214 830 1310 862 fuisse.
1333 840 1365 858 an
1384 840 1416 858 ne
1430 832 1623 867 appellaturum
1638 832 1746 867 quidem
1762 832 1838 858 bien-

1050 867 1111 894 nio‘?
1129 867 1287 902 Appellandi
1303 872 1407 903 tempus
1421 878 1472 895 non
1487 869 1558 895 erat‘?
1577 870 1609 895 At
1620 874 1705 895 tecum
1718 868 1778 903 plus
1790 878 1837 896 an-

1050 913 1114 930 num
1130 905 1205 931 vixit.
1227 905 1255 931 In
1270 905 1354 931 Gallia
1369 906 1410 941 agi
1426 915 1477 932 non
1491 905 1593 940 potuit‘?
1613 907 1644 932 At
1655 912 1680 932 et
1691 907 1717 932 in
1729 907 1837 941 provin-

1049 942 1089 968 cia
1111 942 1154 968 ius
1176 941 1314 968 dicebatur
1331 947 1356 968 et
1370 943 1466 969 Romae
1481 943 1577 969 iudicia
1593 943 1697 969 fiebunt.
1737 943 1836 974 Restat,

1050 983 1080 1005 ut
1105 983 1150 1005 aut
1172 987 1276 1005 summa
1300 979 1459 1015 negligentia
1482 980 1529 1006 tibi
1551 980 1680 1006 obstiterit
1697 985 1743 1006 aut
1761 981 1837 1007 unica

1051 1015 1204 1042 liberalitas.
1245 1016 1272 1043 Si
1295 1016 1483 1052 negligentiam
1506 1017 1588 1047 dices,
1613 1017 1783 1044 mirabimur:
1814 1018 1837 1044 ei

1051 1053 1203 1084 bonitatem,
1220 1053 1377 1080 ridebimus.
1407 1054 1500 1089 Neque
1513 1059 1654 1089 praeterea,
1671 1054 1737 1089 quid
1751 1055 1837 1089 possis

1050 1091 1146 1121 dicere,
1162 1090 1278 1117 invenio.
1319 1090 1388 1117 Satis
1402 1096 1442 1117 est
1455 1092 1614 1126 argumenti,
1636 1091 1701 1118 nihil
1720 1100 1778 1118 esse
1791 1091 1839 1118 de-

1050 1127 1136 1154 bitum
1148 1128 1256 1161 Naevio,
1271 1128 1343 1162 quod
1357 1128 1458 1155 tamdiu
1472 1128 1538 1155 nihil
1554 1129 1655 1163 petivit.

1104 1165 1174 1191 Xlll.
1199 1166 1239 1192 42.
1264 1164 1334 1197 Quid
1355 1165 1378 1191 si
1398 1165 1447 1192 hoc
1465 1166 1567 1200 ipsum,
1586 1165 1659 1200 quod
1678 1174 1748 1192 nunc
1765 1164 1836 1197 facit,

1050 1201 1158 1228 ostendo
1185 1202 1335 1229 testimonio
1356 1211 1424 1234 esse,
1451 1203 1517 1229 nihil
1540 1202 1648 1229 deberi?
1679 1202 1748 1234 Quid
1767 1203 1837 1229 enim

1051 1247 1121 1265 nunc
1135 1239 1189 1275 agit
1202 1239 1264 1266 Sex.
1280 1239 1416 1266 Naevius?
1433 1239 1490 1272 Qua
1503 1239 1536 1266 de
1551 1249 1577 1266 re
1590 1240 1767 1266 controversia
1781 1239 1840 1266 est?

1049 1275 1126 1308 Quod
1144 1281 1183 1302 est
1201 1276 1250 1303 hoc
1263 1276 1402 1307 iudicium,
1422 1277 1449 1303 in
1463 1285 1517 1311 quo
1531 1278 1582 1303 iam
1597 1277 1735 1303 biennium
1750 1285 1840 1303 versa-

1050 1313 1127 1339 mur‘?
1146 1312 1216 1345 Quid
1231 1314 1329 1350 negotii
1342 1314 1451 1349 geritur,
1468 1314 1494 1340 in
1508 1322 1562 1349 quo
1575 1314 1620 1340 ille
1635 1318 1671 1340 tot
1684 1318 1710 1340 et
1723 1313 1788 1340 talea
1797 1315 1840 1340 vi-

1050 1358 1092 1377 ros
1110 1349 1253 1387 defatigat?
1272 1351 1414 1377 Pecuniam
1432 1351 1506 1386 petit.
1547 1351 1623 1377 Nunc
1635 1349 1770 1386 denique?
1788 1351 1840 1378 Ve-

1050 1392 1200 1414 rumtamen
1225 1392 1305 1423 petat.
1345 1388 1503 1414 Audiamus.
1545 1389 1585 1415 43.
1604 1388 1640 1414 De
1653 1388 1800 1414 rationibus
1813 1393 1839 1415 et

1049 1425 1236 1452 controversiis
1258 1425 1391 1452 societatis
1414 1424 1472 1452 vult
1485 1425 1634 1452 diiudicari.
1675 1424 1748 1452 Sero.
1788 1425 1840 1452 Ve-

1051 1471 1110 1488 rum
1132 1461 1276 1497 aliquando
1297 1466 1398 1489 tamen.-
1427 1463 1613 1489 concedamus.
1652 1462 1720 1494 Non,
1739 1463 1837 1498 inquit,

1050 1499 1078 1525 id
1092 1508 1149 1535 ago,
1165 1499 1195 1526 C.
1209 1499 1320 1535 Aquini,
1336 1508 1423 1535 neque
1436 1500 1464 1526 in
1477 1508 1508 1526 eo
1521 1508 1592 1526 nunc
1606 1499 1704 1526 laboro.
1725 1499 1839 1526 Pecunia

1051 1545 1108 1563 mea
1121 1541 1158 1563 tot
1171 1545 1254 1563 annos
1268 1537 1352 1563 utitur
1364 1537 1393 1563 P.
1408 1536 1542 1569 Quintius.
1572 1537 1665 1563 Utatur
1677 1545 1750 1563 sane.
1781 1537 1840 1563 Non

1050 1578 1120 1608 peto.
1143 1573 1213 1606 Quid
1226 1574 1309 1609 igitur
1321 1573 1444 1609 pugnas?
1461 1574 1511 1605 An,
1527 1573 1599 1609 quod
1611 1582 1691 1608 saepe
1705 1572 1797 1600 multis
1812 1574 1840 1600 in

1050 1610 1115 1637 locis
1129 1610 1231 1642 dixisti,
1247 1619 1279 1637 ne
1293 1611 1319 1637 in
1333 1611 1439 1637 civitate
1448 1610 1501 1637 sit?
1514 1619 1546 1637 ne
1557 1610 1643 1637 locum
1654 1619 1745 1642 suum,
1757 1619 1839 1646 quem

1051 1647 1138 1674 adhuc
1160 1647 1348 1674 honestissime
1369 1647 1496 1679 defendit,
1516 1646 1650 1674 obtineat?
1669 1656 1702 1674 ne
1715 1656 1841 1674 numere—

1051 1689 1094 1711 tur
1114 1685 1183 1711 inter
1204 1684 1298 1711 vivos?
1316 1685 1439 1711 decernat
1455 1684 1488 1711 de
1503 1685 1555 1711 vita
1569 1690 1595 1711 et
1607 1684 1768 1711 ornamentis
1781 1685 1839 1712 suis

1050 1721 1193 1748 omnibus?
1212 1721 1283 1757 apud
1303 1722 1419 1748 iudicem
1437 1730 1559 1749 caussam
1577 1722 1663 1757 priore
1682 1721 1738 1748 loco
1754 1721 1837 1749 dicat:

1049 1763 1083 1790 et,
1104 1767 1161 1785 eam
1175 1767 1260 1794 quum
1274 1760 1361 1790 orarit,
1377 1763 1433 1785 tum
1447 1759 1563 1794 denique
1576 1767 1667 1785 vocem
1681 1759 1840 1786 accusatoris

1050 1795 1158 1822 audiat?
1188 1795 1277 1828 Quid?
1300 1796 1349 1823 boc
1365 1804 1419 1831 quo
1433 1795 1563 1831 pertinet?
1586 1801 1615 1822 ut
1627 1796 1702 1823 ocius
1715 1795 1750 1822 ad
1762 1800 1840 1823 tuum

1050 1832 1210 1868 pervenias?
1237 1833 1279 1864 At,
1304 1834 1326 1860 si
1344 1833 1372 1859 id
1390 1833 1482 1864 velles,
1501 1833 1658 1868 iampridem
1675 1837 1764 1860 actum
1781 1841 1841 1860 esse

1051 1874 1159 1905 poterat.
1201 1871 1241 1897 44.
1269 1870 1302 1897 Ut
1323 1870 1473 1897 honestiore
1494 1870 1594 1897 iudicio
1610 1869 1776 1897 conflictae?
1805 1870 1842 1897 At

1051 1908 1108 1934 sine
1121 1916 1228 1934 summo
1241 1907 1340 1934 scelere
1352 1907 1382 1934 P.
1396 1906 1544 1940 Quintium,
1560 1907 1741 1942 propinquum
1751 1911 1837 1939 tuum,

1050 1944 1173 1981 iugulare
1187 1953 1239 1971 non
1254 1949 1338 1979 potes.
1367 1944 1401 1971 Ut
1414 1944 1519 1971 facilius
1532 1944 1663 1970 iudicium
1677 1943 1730 1970 sit?
1746 1944 1780 1970 At
1793 1952 1842 1971 ne-

1050 1990 1104 2017 que
1126 1981 1155 2008 C.
1180 1981 1316 2017 Aquillius
1338 1981 1371 2008 de
1392 1982 1476 2017 capite
1494 1981 1602 2008 alterius
1617 1980 1727 2008 libenter
1741 1981 1841 2008 iudicat

1051 2024 1076 2045 et
1101 2018 1133 2052 Q.
1160 2019 1315 2045 Hortensius
1340 2023 1429 2046 contra
1454 2023 1534 2053 caput
1558 2027 1611 2045 non
1631 2018 1725 2044 didicit
1741 2018 1838 2045 dicere.

1051 2055 1121 2088 Quid
1143 2064 1157 2082 a
1171 2056 1247 2083 nobis
1261 2061 1359 2087 autem,
1379 2055 1409 2083 C.
1423 2055 1534 2090 Aquilli,
1549 2054 1678 2082 refertur?
1697 2055 1840 2082 Pecuniam

1051 2094 1125 2128 petit.
1164 2094 1300 2129 Negamus
1313 2093 1413 2120 deberi.
1455 2092 1587 2120 Iudicium
1601 2092 1645 2119 fiat
1658 2092 1761 2119 statim:
1786 2100 1840 2119 non

1051 2139 1216 2157 recusamus
1255 2129 1394 2165 Numquid
1407 2129 1558 2165 praeterea?
1576 2129 1604 2156 Si
1617 2134 1731 2160 veretur,
1743 2133 1774 2156 ut
1786 2137 1837 2160 res,

1051 2167 1150 2194 iudicio
1172 2167 1247 2199 facto,
1273 2172 1362 2202 parata
1374 2168 1422 2194 sit:
1448 2166 1595 2194 iudicatum
1612 2166 1680 2193 solvi
1693 2166 1757 2192 satis
1770 2167 1840 2192 aeci-

1051 2205 1115 2240 piat.
1148 2203 1253 2237 Quibus
1267 2213 1281 2231 a
1295 2213 1337 2231 me
1351 2204 1440 2231 verbis
1453 2205 1517 2230 satis
1531 2203 1649 2238 accipiet,
1663 2202 1759 2229 iisdem
1769 2203 1837 2238 ipse,

1051 2241 1123 2277 quod
1136 2246 1205 2277 peto,
1220 2241 1339 2268 satisdet.
1353 2241 1450 2268 Actum
1463 2242 1515 2267 iam
1525 2245 1612 2276 potest
1623 2248 1690 2271 esse,
1703 2239 1732 2267 C.
1743 2239 1841 2275 Aquil-

1052 2279 1084 2305 li:
1118 2279 1171 2305 iam
1189 2283 1218 2305 tu
1236 2283 1310 2313 potes
1323 2278 1459 2305 discedere
1473 2277 1600 2304 liberatus
1613 2276 1742 2308 molestia,
1757 2285 1841 2312 prope

1051 2316 1147 2347 dicam,
1172 2324 1224 2342 non
1238 2316 1348 2347 minore,
1368 2324 1448 2350 quam
1462 2314 1596 2347 Quintius.
1637 2314 1678 2340 45.
1699 2313 1770 2346 Quid
1783 2314 1840 2350 agi-

1052 2361 1127 2384 mus,
1151 2352 1291 2379 Hortensi‘?
1321 2353 1388 2388 quid
1409 2352 1442 2379 de
1464 2352 1513 2378 hac
1534 2350 1683 2377 conditione
1706 2349 1840 2377 dicimus?

1051 2390 1198 2417 Possumus
1223 2389 1367 2425 aliquando
1389 2389 1516 2424 depositis
1541 2388 1622 2414 armis
1645 2388 1702 2414 sine
1720 2387 1839 2422 periculo

1051 2427 1217 2454 fortunarum
1240 2426 1273 2453 de
1294 2435 1322 2453 re
1339 2426 1491 2461 pecuniaria
1509 2423 1675 2459 disceptare?
1693 2433 1839 2459 possumus

1050 2465 1087 2491 ita
1109 2473 1165 2490 rem
1184 2468 1300 2491 nostram
1316 2463 1451 2498 persequi,
1467 2466 1497 2488 ut
1509 2461 1625 2488 hominis
1639 2462 1782 2496 propinqui
1795 2469 1838 2488 ca-

1050 2505 1100 2536 put
1111 2501 1245 2528 incolume
1258 2509 1317 2527 esse
1329 2498 1478 2535 patiamur?
1496 2507 1640 2533 possumus
1649 2499 1768 2533 petitoris
1778 2506 1839 2533 per-

1051 2547 1143 2564 sonam
1160 2546 1262 2573 capere,
1281 2537 1440 2564 accusatoris
1458 2534 1607 2570 deponere?
1627 2536 1719 2566 lmmo.
1739 2536 1836 2570 inquit,

1051 2575 1098 2601 abs
1121 2579 1146 2602 te
1163 2576 1227 2602 satis
1240 2575 1381 2610 accipiam:
1403 2582 1452 2609 ego
1464 2577 1553 2599 autem
1566 2572 1615 2599 tibi
1628 2581 1680 2599 non
1693 2571 1836 2599 satisdabo.

1050 2612 1119 2639 xlv.
1138 2611 1204 2644 Quis
1222 2611 1328 2638 tandem
1345 2610 1422 2638 nobis
1439 2610 1490 2637 ista
1502 2610 1560 2636 iura
1574 2614 1627 2636 tam
1641 2617 1725 2644 aequa
1738 2609 1838 2636 descri-

1050 2648 1107 2676 bit?
1130 2649 1193 2684 quis
1207 2649 1257 2676 hoc
1269 2648 1369 2679 statuit,
1384 2647 1457 2683 quod
1470 2655 1586 2682 aequum
1599 2647 1634 2673 sit
1646 2646 1674 2673 in
1687 2645 1837 2678 Quintium,
