1941 3052
413 145 459 170 IN
491 143 692 170 VERREM
725 142 824 169 ACT.
846 143 877 168 11.

69 217 195 251 diamque
209 214 342 242 conflaret.
383 214 472 240 XXX.
494 214 643 245 Minucius,
658 214 706 248 qui
721 213 862 248 Syracusis

69 254 109 280 sic
122 253 313 289 negotiaretur,
334 256 363 278 ut
380 252 423 277 sui
437 252 504 277 iuris
518 251 710 287 dignitatisque
724 250 864 276 meminis-
885 277 887 284 Ι

69 295 119 321 set,
135 295 161 316 et
173 290 221 325 qui
235 290 323 320 sciret,
339 289 375 315 ita
389 297 418 315 se
428 289 455 314 in
466 289 602 323 provincia
613 297 668 314 rem
679 296 776 323 augere
786 296 864 322 opor-

70 333 133 359 tere,
151 332 179 354 ut
192 336 226 353 ne
238 326 306 361 quid
319 326 352 352 de
367 326 487 352 libertate
497 326 666 360 deperderet:
682 325 785 351 homini
794 332 864 359 quae

71 365 128 391 visa
142 368 219 395 sunt,
239 368 265 390 et
277 372 347 398 quae
361 368 468 397 tempus
486 363 554 389 illud
573 363 633 389 tulit
651 367 677 389 et
694 370 802 392 caussa,
822 369 864 387 re·
886 373 894 394 η

70 402 191 437 spondit:
208 409 331 428 caussam
342 409 401 427 sese
410 401 523 427 dimisso
533 405 612 435 atque
621 399 742 435 ablegato
753 399 865 425 consilio
886 409 888 437 3

69 439 245 466 defensurum
263 438 380 473 negavit.
420 439 512 472 ltaque
530 447 544 464 a
563 437 702 464 subselliis
724 436 862 462 discessit:

70 477 196 511 idemque
211 476 259 502 hoc
274 480 377 510 praeter
390 475 493 501 Siculos
507 475 587 501 ceteri
601 474 705 509 Sopatri
725 474 803 499 amici
818 472 866 498 ad-

70 514 209 548 vocatique
224 513 353 539 fecerunt.
394 514 436 539 74.
458 513 523 543 Iste,
545 520 709 547 quamquam
725 515 765 536 est
778 511 866 536 incre-

70 550 148 577 dibili
167 551 367 585 importunitate
385 554 411 576 et
427 550 550 581 audacia,
577 554 664 575 tamen
683 548 773 573 subito
790 547 865 573 solus

70 589 216 615 destitutus
231 588 369 622 pertimuit
382 592 407 613 et
420 587 594 614 conturbatus
608 590 658 612 est.
680 585 750 617 Quid
764 588 862 619 ageret,

70 634 124 661 quo
138 634 167 651 se
180 629 302 655 verteret,
319 625 464 651 nesciebat.
499 624 527 650 Si
541 623 689 650 dimisisset
703 631 733 648 eo
747 626 865 656 tempore
887 617 895 643 ι’

70 663 270 698 quaestionem,
291 666 351 697 post
365 662 419 688 illis
434 661 562 688 adhibitis
576 661 603 686 in
618 660 776 690 consilium,
796 667 865 693 quos

71 700 219 736 ablegarat,
239 699 393 726 absolutum
411 699 443 725 iri
459 699 600 733 Sopatrum
615 697 737 723 videbat:
761 696 803 722 sin
818 704 866 722 au-

72 743 124 764 tem
136 738 270 764 hominem
282 737 410 762 miserum
421 740 500 770 atque
510 736 678 761 innocentem
689 733 866 760 condemnas-

71 779 120 805 set,
136 783 221 810 quum
234 775 293 809 ipse
307 778 410 808 praetor
423 774 481 799 sine
495 772 615 803 consilio,
631 780 693 798 reus
708 775 797 797 autem
807 771 866 796 sine

72 817 182 847 patrono
196 816 275 846 atque
293 811 428 837 advocatis
442 810 551 841 fuisset,
572 809 758 843 iudiciumque
772 808 801 834 C.
817 808 866 834 Sa-
887 822 889 843 3,

71 849 185 876 cerdotis
199 848 366 875 rescidisset:
386 847 516 874 invidiam
531 855 559 873 se
573 847 706 873 sustinere
720 854 772 872 non
787 853 865 880 posse

72 891 171 913 tantam
189 885 376 912 arbitrabatur.
416 886 508 919 ltaque
527 884 665 910 aestuabat
682 883 863 909 dubitatione:

72 924 195 950 versabat
213 931 242 949 se
260 923 288 949 in
306 927 448 957 utramque
466 926 568 956 partem
586 930 638 948 non
657 921 744 947 solum
766 924 863 950 mente,
887 916 889 936 3

71 969 165 987 verum
179 961 259 987 etiam
273 968 394 994 corpore:
423 964 453 985 ut
471 968 564 985 omnes
581 959 629 994 qui
643 958 752 984 aderant
766 957 866 984 intelli-

70 1007 132 1034 gere
146 1002 268 1033 possent,
288 997 317 1023 in
335 997 425 1023 animo
443 997 501 1023 eius
520 1001 622 1022 metum
636 996 866 1030 cupiditatemque

71 1044 200 1072 pugnare.
238 1035 301 1061 Erat
314 1034 454 1061 hominum
468 1038 615 1060 conventus
630 1033 774 1063 maximus,
791 1041 867 1058 sum-

71 1081 145 1099 mum
164 1072 315 1103 silentium,
336 1080 441 1098 summa
461 1072 639 1106 exspectatio,
659 1079 777 1105 quonam
796 1073 867 1096 esset

71 1111 129 1137 eius
143 1109 276 1145 cupiditas
295 1114 435 1144 eruptura:
459 1109 552 1135 crebro
565 1108 717 1135 dimittebat
730 1116 759 1134 se
773 1115 867 1133 accen-

71 1157 118 1174 sus
132 1147 165 1173 ad
179 1155 271 1173 aurem
285 1146 479 1173 Timarchides.
505 1147 547 1172 75.
564 1147 631 1172 Tum
646 1146 697 1172 iste
710 1144 864 1180 aliquando,

70 1185 139 1221 Age,
159 1185 216 1216 dic,
237 1184 336 1219 inquit.
376 1184 448 1210 Reus
466 1183 609 1218 implorare
627 1183 767 1209 hominum
786 1186 866 1216 atque

70 1222 151 1249 deum
166 1222 259 1253 fidem,
280 1226 310 1248 ut
322 1230 384 1248 cum
398 1221 510 1248 consilio
523 1224 702 1257 cognosceret.
744 1221 811 1246 Tum
826 1228 867 1245 re-

71 1264 150 1295 pente
163 1260 213 1285 iste
228 1263 309 1285 testes
323 1259 398 1285 citari
411 1259 499 1285 iubet:
523 1258 589 1285 dicit
602 1267 674 1284 unus
688 1262 714 1284 et
727 1257 793 1284 alter
806 1257 867 1283 bre-

71 1297 152 1323 viter:
168 1296 236 1323 nihil
249 1297 441 1331 interrogatur:
461 1304 556 1330 praeco
570 1305 686 1322 DixisSE
701 1295 864 1330 pronuntiat.

70 1335 136 1366 Iste,
155 1334 234 1369 quasi
248 1338 391 1365 metueret,
412 1342 445 1360 ne
458 1333 570 1360 Petilius
589 1333 693 1368 privato
706 1332 753 1358 illo
767 1331 867 1358 iudicio

71 1375 203 1398 transacto
220 1375 266 1397 aut
284 1371 366 1397 dilato
384 1379 446 1397 cum
464 1371 559 1397 ceteris
578 1371 605 1396 in
619 1369 763 1396 consilium
778 1378 867 1395 rever-
895 1390 897 1396 ,

71 1413 179 1440 teretur,
195 1409 230 1435 ita
245 1417 389 1443 properans
404 1408 436 1434 de
449 1408 516 1434 sella
530 1407 653 1434 exsiluit:
675 1407 811 1433 hominem
825 1407 866 1432 in-

71 1450 224 1475 nocentem.
245 1455 259 1472 a
273 1446 302 1472 C.
319 1445 459 1472 Sacerdote
473 1444 641 1475 absolutum,
657 1444 757 1470 indicta
771 1452 866 1470 caussa

70 1483 104 1510 de
113 1483 245 1510 sententia
255 1483 367 1514 scribae,
376 1483 472 1509 medici
483 1483 689 1517 haruspicisque
699 1481 865 1508 condemnat.

125 1520 227 1547 XXXI.
246 1521 288 1546 76.
311 1521 439 1551 Retinete,
455 1520 566 1546 retinete
580 1520 716 1546 hominem
731 1519 757 1545 in
772 1519 867 1544 civita-

888 1552 890 1584 ’ξ
918 1555 1033 1581 testibus
1047 1554 1157 1589 planum
1172 1554 1257 1580 faeere
1267 1562 1319 1580 non
1330 1562 1450 1588 possem3
1467 1552 1534 1579 illud
1546 1561 1642 1588 negare
1652 1561 1714 1586 pos-

72 1563 105 1589 te,
117 1558 235 1584 iudices:
251 1558 351 1592 parcite
360 1562 386 1584 et
395 1562 560 1587 conservate,
572 1561 602 1583 ut
611 1557 655 1587 sit,
668 1557 715 1591 qui
726 1556 865 1582 vobiscum

71 1604 114 1622 res
124 1595 233 1626 iudicet,
249 1595 297 1630 qui
311 1595 338 1621 in
353 1599 447 1621 senatu
462 1595 521 1620 sine
531 1594 586 1620 ulla
595 1594 742 1628 cupiditate
752 1593 867 1619 debello

72 1637 98 1660 et
110 1640 174 1668 pace
188 1632 348 1659 sententiam
362 1631 438 1658 ferat.
478 1632 595 1658 Tametsi
610 1632 701 1657 minus
715 1631 742 1657 id
755 1630 866 1665 quidem

71 1670 158 1701 nobis,
174 1670 264 1696 minus
279 1669 378 1704 populo
391 1670 509 1696 Romano
524 1668 698 1695 laborandum
713 1672 762 1698 est,
777 1667 866 1702 qualis
889 1681 890 1688 κ

70 1708 150 1734 istius
163 1707 192 1733 in
205 1712 299 1733 senatu
313 1707 444 1734 sententia
458 1706 548 1733 futura
562 1707 606 1732 sit.
635 1705 709 1738 Quae
722 1706 794 1732 enim
809 1705 867 1731 eius

71 1745 214 1771 auctoritas
228 1744 296 1771 erit‘?
308 1744 417 1779 quando
426 1745 477 1770 iste
488 1744 647 1770 sententiam
658 1743 747 1770 dicere
758 1742 868 1769 audebit

71 1786 118 1809 aut
131 1781 244 1817 poterit?
268 1782 377 1817 quando
394 1786 482 1808 autem
497 1781 577 1808 homo
591 1785 677 1807 tantae
693 1780 814 1806 luxuriae
828 1784 868 1806 at-

68 1828 125 1855 que
141 1819 261 1846 desidiae
279 1820 331 1846 nisi
350 1819 495 1846 Februario
512 1827 605 1845 mense
623 1818 753 1852 aspirabit
770 1818 797 1844 in
820 1826 868 1844 cu-

72 1856 157 1883 riam‘?
170 1857 268 1883 Verum
283 1857 374 1883 veniat
386 1865 463 1889 sane;
479 1856 604 1883 decernat
616 1855 719 1882 bellum
733 1855 868 1881 Cretensi-

72 1894 138 1927 bus;
155 1893 249 1920 liberet
262 1894 418 1930 Byzantios3
434 1902 524 1929 regem
539 1893 656 1928 appellet
668 1892 865 1925 Ptolemaeum3

72 1940 141 1967 quae
154 1931 213 1958 vult
226 1931 397 1963 Hortensius,
416 1931 506 1958 omnia
519 1931 590 1957 dicat
603 1934 630 1957 et
642 1930 752 1957 sentiat:
777 1930 867 1956 minus

72 1969 137 1996 haec
147 1968 180 1995 ad
190 1977 248 2000 nos,
264 1969 355 1995 minus
366 1968 399 1995 ad
410 1969 480 1995 vitae
490 1972 596 1994 nostrae
605 1967 760 1998 discrimen,
777 1967 867 1993 minus

72 2006 105 2033 ad
119 2005 285 2033 fortunarum
299 2010 450 2032 nostrarum
465 2005 615 2040 periculum
631 2005 773 2039 pertinent.

127 2044 170 2069 77.
192 2043 275 2074 Illud,
291 2042 360 2069 illud
374 2047 414 2069 est
427 2042 553 2077 capitale,
570 2042 638 2068 illud
653 2041 865 2072 formidolosum,

73 2080 141 2107 illud
154 2080 255 2115 optimo
268 2081 366 2115 cuique
384 2080 573 2110 metuendum,
593 2079 666 2114 quod
684 2079 748 2110 iste,
767 2088 801 2106 ex
820 2079 868 2105 hoc

73 2117 173 2145 iudicio
186 2117 209 2144 si
223 2117 313 2152 aliqua
327 2117 354 2144 vi
368 2125 397 2144 se
415 2117 556 2152 eripuerit.
576 2117 603 2143 in
622 2116 759 2143 iudicibus
773 2117 807 2142 sit
821 2125 868 2142 ne-

72 2163 148 2182 cesse
165 2159 218 2186 est,
242 2155 401 2181 sententiam
419 2155 452 2181 de
470 2155 555 2189 capite
573 2154 641 2181 civis
660 2154 770 2180 Romani
792 2153 866 2184 ferat,
890 2151 899 2174 s

898 2194 899 2201 ¹
919 2199 998 2225 saepe
1012 2194 1259 2220 conunemoratum,
1275 2193 1302 2215 ct
1314 2188 1457 2217 eiusmodi,
1475 2192 1503 2213 ut
1518 2188 1544 2213 in
1560 2195 1612 2212 uno
1625 2186 1713 2212 onmia

890 2238 899 2264 ;’
920 2228 1048 2254 maleficia
1064 2228 1153 2253 inesse
1168 2227 1318 2253 videantur.
1352 2225 1486 2252 Attendite
1500 2224 1654 2259 diligenter:
1673 2223 1713 2249 in-

73 2193 108 2219 sit
121 2193 148 2219 in
159 2193 217 2219 eius
229 2192 347 2218 exercitu
358 2191 478 2227 signifer,
494 2192 541 2226 qui
552 2191 695 2226 imperium
707 2191 866 2217 iudiciorum

74 2234 162 2257 tenere
175 2229 243 2257 vult,
265 2230 319 2256 Hoc
332 2229 450 2264 populus
460 2230 596 2255 Romanus
610 2233 723 2259 recusat,
740 2228 788 2255 hoc
801 2228 868 2254 ferre

73 2276 125 2294 non
143 2271 243 2302 potest:
271 2267 368 2293 clamat
386 2266 570 2301 permittitque
584 2266 674 2297 vobis,
704 2270 746 2296 ut,
766 2266 789 2292 si
808 2266 867 2291 istis
890 2279 891 2289 1

74 2304 229 2332 hominibus
243 2304 423 2334 delectemini,
439 2303 462 2330 si
476 2312 510 2330 ex
523 2304 573 2330 hoc
586 2311 683 2339 genere
697 2303 866 2338 splendorem

72 2341 160 2369 ordini
177 2346 258 2377 atque
275 2345 462 2368 ornamentum
479 2341 569 2367 curiae
587 2341 748 2367 constituere
767 2340 865 2368 velitis.

73 2379 193 2406 habeatis
203 2388 267 2405 sane
278 2380 360 2405 istum
370 2379 509 2406 vobiscum
520 2382 682 2404 senatorem:
694 2378 775 2404 istum
787 2377 867 2404 etiam

73 2416 108 2444 de
121 2416 197 2443 vobis
211 2417 337 2448 iudicem,
353 2417 377 2443 si
391 2416 483 2446 vultis.
500 2415 634 2442 habeatis:
650 2415 683 2441 de
693 2424 722 2441 se
735 2415 866 2444 homines,

73 2454 98 2481 si
110 2454 159 2489 qui
173 2458 246 2480 extra
260 2454 342 2481 istum
352 2454 473 2480 ordinem
484 2457 556 2483 sunt,
571 2452 673 2487 quibus
683 2461 716 2478 ne
726 2451 867 2478 reiiciundi
890 2481 891 2488 ἵ

72 2490 183 2526 quidem
202 2491 333 2526 amplius,
357 2499 438 2526 quam
457 2491 537 2517 trium
556 2490 690 2520 iudicum,
719 2489 868 2524 praeclarae

74 2528 147 2564 leges
165 2528 302 2556 Corneliae
320 2528 422 2555 faciunt
441 2532 613 2563 potestatem,
638 2527 709 2553 hunc
733 2526 866 2553 hominem

73 2570 128 2592 tam
141 2565 287 2597 crudelem,
303 2570 357 2592 tam
367 2565 535 2596 sceleratum,
553 2569 604 2591 tam
617 2564 758 2592 nefarium,
775 2563 869 2589 nolunt

74 2602 202 2630 iudicare.
242 2603 355 2630 XXXII.
376 2604 420 2629 78.
441 2603 547 2629 Etenim
566 2602 588 2628 si
607 2601 675 2628 illud
694 2605 735 2627 est
757 2600 869 2635 flagitio-

74 2648 148 2671 sum.
164 2639 246 2676 (quod
260 2640 328 2667 mihi
341 2640 462 2667 omnium
476 2648 565 2666 rerum
580 2638 767 2674 turpissimum
783 2637 869 2664 maxi·

75 2685 171 2712 meque
185 2677 316 2704 nefarium
331 2677 462 2712 videtur,)
479 2677 513 2704 ol)
532 2685 587 2703 rem
602 2675 772 2703 iudicandam
787 2683 868 2710 pecu-

912 142 996 168 LIB.
1018 142 1047 167 11.
1081 141 1178 167 CAP.

894 519 895 522 ¹
916 509 978 544 plus
1002 510 1038 540 is,
1063 510 1111 544 qui
1135 510 1276 544 pecuniam
1299 510 1425 535 maiorem
1449 509 1532 535 dedit.

1214 142 1244 166 27
1266 156 1301 159 —-
1323 142 1364 166 34.
1657 142 1701 167 ’271

883 213 893 227 '¹
914 213 985 238 niam
999 212 1128 246 accipere,
1144 212 1229 246 pretio
1243 211 1340 237 habere
1354 210 1486 237 addictam
1507 210 1586 236 fidem
1607 216 1632 237 et
1646 211 1709 237 reli-

914 250 1035 285 gionem:
1063 253 1164 284 quanto
1177 248 1246 275 illud
1259 248 1431 284 flagitiosius,
1451 248 1615 282 improbius,
1638 248 1709 274 indi-

914 287 1009 322 gnius,
1029 295 1105 317 eum,
1125 295 1139 312 a
1156 295 1210 320 quo
1224 286 1365 320 pecuniam
1379 285 1412 311 ob
1426 285 1621 311 absolvendum
1635 294 1709 311 acce-

915 324 995 358 peris,
1011 323 1202 350 condemnare:
1219 327 1248 349 ut
1261 332 1294 349 ne
1308 323 1471 357 praedonum
1485 322 1595 357 quidem
1606 327 1710 357 praetor

915 362 942 387 in
961 361 1012 387 fide
1030 361 1166 387 retinenda
1189 360 1410 386 consuetudinem
1433 359 1590 386 conservet?
1616 359 1710 386 Scelus

915 403 955 424 est
978 398 1096 432 accipere
1118 398 1151 423 ab
1174 406 1231 423 reo:
1259 402 1359 432 quanto
1381 397 1466 432 magis
1489 397 1521 423 ab
1540 396 1711 423 accusatore?

893 437 895 455 ἱ
915 439 1016 470 quanto
1033 436 1113 461 etiam
1133 434 1288 461 sceleratius
1307 435 1340 460 ab
1359 434 1490 469 utroque?
1512 434 1605 461 Fidem
1624 443 1709 469 quum

916 473 1103 507 proposuisses
1122 472 1243 498 venalem
1262 473 1289 498 in
1308 472 1458 506 provincia,
1483 471 1567 498 valuit
1590 471 1662 506 apud
1687 476 1711 497 te

1573 508 1709 535 Concedo:

917 547 1026 573 forsitan
1041 546 1139 581 aliquis
1154 546 1298 581 aliquando
1312 546 1444 572 eiusmodi
1458 546 1598 581 quippiam
1609 545 1709 572 fecerit.

894 601 895 607 .
917 584 1005 616 Quum
1020 593 1082 610 vero
1096 584 1175 610 sidem
1191 593 1219 610 ac
1234 584 1388 618 religionem
1409 589 1481 610 tuam
1500 584 1552 610 iam
1571 583 1646 609 alteri
1665 583 1712 609 ad-

916 622 1014 647 dictam
1033 621 1145 656 pecunia
1164 625 1270 655 accepta
1291 621 1430 650 habueris.
1452 625 1511 655 post
1529 621 1650 647 eamdem
1665 620 1711 646 ad-

917 658 1034 684 versario
1048 658 1189 684 tradideris
1203 659 1301 684 maiore
1315 659 1442 692 pecunia:
1459 663 1603 693 utrumque
1617 656 1712 684 falles?

916 700 942 721 et
955 695 1043 722 trades
1057 696 1100 721 cui
1116 694 1207 721 voles?
1229 699 1254 721 et
1268 696 1305 725 ei,
1325 704 1406 730 quem
1422 695 1562 725 fefelleris,
1583 704 1615 721 nc
1630 703 1711 729 pecu-

917 733 989 759 niam
1007 733 1117 767 quidem
1136 732 1250 758 reddes?
1286 733 1329 758 79.
1351 732 1436 764 Quem
1455 733 1522 758 mihi
1540 737 1569 758 tu
1583 732 1709 762 Bulbum.

894 770 895 780 ¹
915 779 997 805 quem
1008 769 1163 796 Staienum?
1173 769 1245 804 quod
1256 778 1384 804 umquam
1397 769 1551 795 huiusmodi
1563 774 1711 796 monstrum

917 812 963 833 aut
976 807 1129 842 prodigium
1143 807 1298 833 audivimus
1312 811 1357 832 aut
1371 806 1504 835 vidimus,
1526 807 1574 841 qui
1592 815 1653 833 cum
1669 815 1712 832 reo

894 850 895 854 ¹
918 845 1054 880 transigat,
1071 848 1131 879 post
1144 853 1205 870 cum
1220 848 1371 870 accusatore
1385 843 1508 870 decidat‘?
1525 844 1650 870 honestos
1665 844 1713 870 ho-

887 886 895 911 ,’
918 883 1013 911 mines,
1029 882 1076 916 qui
1091 890 1214 908 caussam
1229 882 1329 912 norint,
1346 881 1450 916 ableget
1463 890 1477 907 a
1491 880 1657 915 consilioque
1671 881 1712 906 di-

918 919 1023 946 mittat‘?
1045 920 1102 954 ipse
1116 919 1190 945 solus
1204 928 1280 945 reum
1294 919 1458 949 absolutum,
1474 927 1488 944 a
1502 927 1556 953 quo
1571 918 1710 952 pecuniam

895 971 896 994 ᾗ
918 957 1056 991 acceperit,
1073 956 1231 982 condemnet
1245 957 1440 991 pecuniamque
1451 964 1502 982 non
1514 954 1624 982 reddat?
1638 955 1713 981 llunc

918 995 1054 1020 hominem
1068 994 1188 1020 iudicum
1208 1002 1319 1020 numero
1338 992 1516 1019 habebimus‘.>
1542 993 1585 1019 hic
1603 992 1712 1018 alteram

918 1032 1053 1057 decuriam
1068 1032 1227 1057 senatoriam
1242 1031 1324 1057 iudex
1342 1030 1491 1057 obtinebit?
1516 1030 1560 1056 hic
1576 1030 1609 1056 de
1627 1030 1713 1064 capite

919 1069 1002 1095 libero
1015 1068 1163 1095 iudicabit‘?
1180 1068 1243 1094 huic
1257 1068 1391 1094 iudicialis
1406 1067 1502 1094 tabella
1515 1066 1714 1094 committetur?

917 1115 998 1141 quam
1013 1106 1063 1132 iste
1077 1114 1129 1132 non
1143 1105 1221 1132 modo
1235 1114 1306 1135 cera,
1327 1114 1421 1132 verum
1436 1105 1514 1131 etiam
1529 1105 1673 1140 sanguine,
1690 1104 1712 1130 si

919 1144 1008 1170 visum
1023 1144 1081 1174 erit,
1097 1143 1208 1169 notabit.
1249 1143 1373 1169 xxxlu.
1389 1145 1431 1169 30.
1447 1142 1518 1174 Quid
1531 1143 1603 1168 enim
1617 1142 1711 1168 horum

917 1189 946 1207 se
960 1185 1038 1216 negat
1052 1180 1165 1207 fecisse?
1188 1180 1256 1206 illud
1271 1180 1394 1206 videlieet
1409 1189 1502 1210 unum,
1518 1179 1591 1214 quod
1605 1187 1713 1206 necesse

917 1223 965 1249 est,
982 1218 1124 1253 pecuniam
1138 1218 1285 1253 accepisse.
1307 1218 1406 1250 Quidni
1417 1218 1467 1244 iste
1478 1216 1575 1253 neget?
1588 1218 1621 1243 At
1631 1225 1713 1251 eques

917 1257 1067 1287 Romanus,
1083 1256 1130 1291 qui
1145 1256 1285 1290 Sopatrum
1300 1255 1432 1285 defendit,
1452 1255 1500 1290 qui
1514 1254 1640 1280 omnibus
1655 1254 1713 1280 cius

917 1293 1038 1320 consiliis
1053 1293 1189 1327 rebusque
1203 1292 1337 1324 interfuit,
1358 1292 1389 1325 Q.
1405 1293 1540 1318 Minucius
1555 1293 1658 1318 iuratus
1672 1291 1714 1317 di—

917 1331 954 1357 cit
972 1331 1114 1365 pecuniam
1133 1330 1236 1357 datam:
1258 1331 1362 1357 iuratus
1380 1330 1446 1356 dicit
1460 1329 1656 1356 Timarchidem
1671 1328 1713 1354 di-

918 1368 1001 1398 xisse,
1017 1368 1144 1394 maiorem
1159 1368 1193 1394 ab
1207 1367 1407 1394 accusatoribus
1422 1367 1563 1402 pecuniam
1577 1366 1644 1392 dari.
1669 1366 1713 1392 Di-

917 1410 979 1432 cent
997 1405 1046 1431 hoc
1066 1405 1150 1431 Siculi
1169 1413 1276 1431 omnes:
1301 1405 1390 1431 dicent
1413 1413 1505 1431 omnes
1524 1404 1710 1431 Haliex‘enses:

896 1449 897 1456 ¹
918 1443 989 1469 dicet
1007 1443 1086 1469 etiam
1106 1447 1286 1477 praetextatus
1306 1442 1410 1477 Sopatri
1430 1442 1515 1472 filius,
1540 1441 1587 1476 qui
1601 1435 1639 1466 'ab
1663 1441 1714 1466 isto

919 1480 1026 1506 homine
1045 1479 1233 1506 crudelissimo
1251 1484 1325 1514 patre
1343 1479 1564 1505 innocentissimo
1587 1478 1714 1513 pecunia-

917 1526 971 1552 que
985 1517 1069 1552 patria
1084 1517 1205 1551 privatus
1224 1521 1273 1543 est.
1314 1518 1357 1542 8¹.
1377 1516 1487 1545 Verum,
1508 1516 1530 1541 si
1549 1516 1582 1542 de
1600 1515 1713 1550 pecunia

918 1601 961 1619 ses
980 1596 1026 1618 aut
1044 1600 1115 1618 nunc
1134 1592 1258 1626 negabis,
1280 1596 1304 1617 te
1322 1590 1435 1618 consilio
1453 1595 1498 1616 tuo
1516 1590 1630 1616 dimisso
1648 1589 1713 1616 viris

919 1629 1063 1664 primariis,
1079 1629 1127 1664 qui
1141 1630 1168 1655 iu
1182 1629 1294 1655 consilio
1305 1628 1333 1655 C.
1347 1628 1481 1654 Sacerdoti
1497 1627 1600 1653 fucrant
1610 1627 1714 1661 tibique

918 1675 978 1693 esse
992 1666 1123 1697 solebant,
1140 1666 1248 1693 remotis
1262 1666 1295 1692 de
1309 1674 1337 1692 re
1351 1666 1466 1692 iudicata
1481 1664 1662 1691 iudicavisse?
1676 1669 1714 1690 te-

918 1713 971 1739 que
985 1713 1061 1735 eum,
1081 1712 1163 1738 quem
1178 1704 1207 1730 C.
1223 1703 1351 1729 Sacerdos
1365 1702 1486 1729 adhibito
1499 1702 1620 1731 consilio,
1636 1710 1714 1728 caus-

918 1750 947 1768 sa
957 1741 1062 1777 cognita
1073 1741 1243 1771 absolvisset,
1257 1740 1381 1767 eumdem
1393 1744 1493 1766 remoto
1503 1739 1623 1769 consilio,
1636 1747 1714 1764 caus·

919 1787 947 1805 sa
958 1779 1092 1814 incognita
1102 1777 1314 1805 condemnasse?
1326 1786 1411 1812 quum
1423 1777 1487 1803 haec
1498 1776 1639 1803 confessus
1649 1776 1711 1805 eris.

918 1825 988 1852 quae
1006 1817 1033 1842 in
1053 1816 1108 1843 soro
1127 1815 1214 1850 palam
1229 1815 1371 1851 Syracusis
1390 1815 1416 1841 in
1435 1823 1479 1841 ore
1493 1819 1573 1849 atque
1587 1814 1614 1840 in
1628 1813 1714 1839 oculis

919 1853 1071 1889 provinciae
1085 1858 1160 1889 gesta
1174 1857 1251 1885 sunt;
1273 1857 1367 1888 negato
1382 1860 1459 1883 sane,
1479 1852 1502 1877 si
1522 1851 1608 1881 voles,
1633 1859 1714 1886 pecu—

919 1891 991 1918 niam
1002 1891 1151 1925 accepissc:
1168 1890 1294 1925 reperies,
1307 1889 1394 1920 credo,
1411 1889 1539 1924 aliquem,
1555 1889 1612 1924 qui,
1628 1897 1713 1923 quum

920 1929 984 1955 haec
997 1937 1066 1963 quae
1081 1928 1168 1963 palam
1183 1932 1256 1963 gesta
1271 1931 1335 1953 sunt
1349 1927 1450 1957 videat,
1466 1930 1589 1961 quaerat,
1605 1925 1671 1961 quid
1687 1930 1713 1951 tu

919 1966 1021 1993 occulte
1035 1966 1131 2002 egeris,
1147 1970 1192 1991 aut
1205 1965 1253 2000 qui
1267 1964 1384 1995 dubitet,
1401 1968 1491 1991 utrum
1506 1963 1581 1990 malit
1595 1963 1661 1990 meis
1676 1967 1714 1989 te·

919 2004 1018 2034 stibus,
1034 2012 1067 2030 an
1083 2003 1136 2030 tuis
1150 2002 1339 2029 defensoribus
1354 2001 1471 2027 eredere.

976 2043 1017 2067 82.
1033 2041 1093 2067 Dixi
1108 2041 1160 2067 iam
1175 2045 1260 2070 antea,
1276 2039 1387 2070 iudices,
1405 2047 1446 2065 me
1461 2047 1512 2065 non
1523 2038 1612 2064 onmia
1624 2038 1712 2066 istius,

919 2087 988 2113 quae
1002 2079 1029 2104 in
1044 2078 1093 2105 hoc
1105 2086 1203 2114 genere
1217 2082 1320 2108 essent,
1340 2080 1573 2103 enumeraturum:
1600 2074 1647 2100 sed
1660 2073 1714 2100 ele-

919 2120 1025 2142 cturum
1039 2124 1082 2146 ea,
1103 2124 1172 2150 quae
1187 2115 1302 2141 maxime
1316 2113 1486 2140 excellerent.
1527 2112 1647 2138 XXXIV.
1665 2111 1714 2138 Ac-

919 2153 999 2187 cipite
1019 2162 1089 2179 nunc
1106 2152 1180 2179 aliud
1198 2152 1257 2178 eius
1277 2151 1380 2177 facinus
1399 2150 1487 2177 nobile
1501 2154 1527 2176 et
1541 2149 1633 2175 multis
1650 2149 1714 2174 loeis

920 2266 1033 2292 venietis
1048 2265 1130 2296 enim,
1147 2264 1174 2290 id
1189 2263 1292 2290 facinus
1308 2268 1398 2289 natum
1411 2271 1424 2288 a
1434 2261 1589 2296 cupiditate,
1606 2265 1712 2286 mictum

921 2311 966 2337 per
980 2307 1114 2336 stuprum,
1130 2300 1285 2327 crudelitate
1297 2300 1442 2335 perfectum
1454 2304 1533 2333 atque
1544 2297 1712 2323 com-lusum.

919 2342 961 2365 83.
977 2339 1105 2365 Sthenius
1119 2343 1172 2369 est,
1195 2339 1217 2364 is
1231 2338 1278 2372 qui
1294 2337 1370 2363 uobis
1385 2337 1498 2365 assidet,
1514 2335 1711 2363 Thermitanus.

919 2381 993 2402 antea
1009 2376 1101 2402 multis
1117 2380 1223 2410 propter
1236 2383 1370 2400 summam
1385 2374 1510 2400 virtutem
1524 2380 1713 2407 sunuuumque

921 2413 1100 2444 nobilitatem,
1126 2422 1197 2439 nunc
1216 2417 1322 2446 propter
1340 2420 1416 2437 suam
1438 2410 1615 2436 calamitatem
1633 2414 1713 2444 atque

920 2451 999 2477 istius
1015 2451 1146 2484 insignem
1163 2450 1296 2479 iniuriam,
1312 2448 1439 2474 omnibus
1454 2452 1542 2474 notus.
1570 2447 1655 2473 liuius
1667 2446 1713 2473 ho-

898 2507 899 2523 3
919 2489 1000 2523 spitio
1015 2488 1106 2514 Verres
1119 2496 1204 2522 quum
1219 2491 1290 2512 esset
1305 2494 1385 2516 usus,
1404 2490 1429 2512 et
1446 2494 1531 2520 qumn
1550 2484 1621 2519 apud
1640 2493 1710 2514 etun,

890 2523 899 2562 ’μ
920 2535 970 2552 non
986 2524 1065 2551 modo
1078 2525 1201 2551 Thermis
1220 2531 1413 2558 saepenumero
1432 2522 1542 2552 fuisset.
1567 2521 1614 2548 sed
1633 2521 1711 2547 ctiam

920 2563 1079 2594 habitasset;
1103 2562 1182 2588 domo
1200 2561 1259 2587 cius
1277 2561 1366 2587 omnia
1384 2559 1508 2589 abstulit,
1534 2568 1602 2594 quae
1623 2558 1713 2593 paullo

919 2600 1005 2635 magis
1019 2600 1139 2626 animum
1153 2599 1305 2633 cuiuspiam
1319 2603 1363 2624 nut
1373 2597 1464 2624 oculos
1477 2601 1584 2632 possent
1595 2604 1712 2622 commo—

920 2646 990 2663 vere.
1013 2637 1117 2664 Etenim
1127 2636 1254 2663 Sthenius
1267 2635 1301 2661 ab
1315 2634 1490 2661 adolescentia
1506 2633 1596 2669 paullo
1609 2633 1711 2659 studio-

898 2699 899 2702 ,
919 2675 977 2701 sius
992 2674 1056 2701 haec
1069 2678 1245 2709 compararat,
1266 2672 1460 2708 supellectilem
1479 2680 1511 2698 ex
1530 2680 1587 2697 aere
1606 2670 1712 2706 elegan-
