1941 3052
241 159 289 184 5520
814 159 854 182 130.
891 158 924 183 M.

238 228 390 263 appellavit,
417 230 502 254 civem
528 232 738 253 conservatorem
765 226 936 261 reipublicae,
958 235 1031 254 eom·
1052 248 1054 274 ,Ι

238 266 383 292 mondavit.
410 265 448 291 Ad
466 273 549 290 meam
563 265 643 290 unius
654 264 767 289 salutem
779 269 886 290 senatus
898 264 1030 290 auxilium
1052 277 1061 302 *A

237 304 356 329 numium
378 303 477 327 civium
498 306 591 326 cuncta
611 309 643 327 ex
666 301 746 330 ltalia,
769 301 816 335 qui
838 302 1030 335 rempublicam
1052 290 1061 326 lx

237 341 338 365 salvam
360 348 418 364 esse
441 339 546 367 vellent,
564 338 684 363 consulis
701 346 763 363 voce
779 342 804 363 et
822 337 916 364 litteris
934 338 1032 373 implo-
1058 331 1060 347 ¹

237 377 349 402 randum
367 377 477 410 putavit.
505 375 555 400 Mei
571 375 666 409 capitis
680 374 803 400 servandi
815 384 909 401 catissa
923 376 1030 402 Romam
1058 387 1060 391 ·

238 423 289 440 uno
310 418 436 447 tempore,
460 412 537 446 quasi
559 412 637 444 signo
652 411 722 442 dato,
741 412 812 438 ltalia
829 416 879 438 tota
895 413 1029 439 convenit.

237 452 271 476 De
288 460 343 476 mea
360 450 454 478 salute,
469 450 497 475 Ρ.
513 449 626 479 Lentuli,
641 450 864 483 praestantissimi
877 450 937 480 viri,
950 455 1030 485 atque

235 488 327 522 optimi
349 486 477 516 consulis,
495 486 543 512 Cn.
562 486 689 521 Pompeii,
707 486 849 513 clarissimi
866 491 945 522 atque
961 488 1031 514 invi-

234 525 345 550 ctissimi
362 524 437 553 civis,
451 528 653 559 ceterorumque
668 524 830 559 principum,
843 524 1030 551 celeberrimae
1051 549 1053 572 Ι

234 567 259 588 et
278 563 446 597 gratissimae
461 561 602 587 conciones
618 561 736 587 suerunt.
763 562 798 587 De
814 569 855 587 me
870 566 979 588 senatus
994 563 1029 588 ita

233 599 360 629 decrevit,
374 599 421 625 Cn.
438 599 563 634 Pompeio
577 603 681 625 auctore
692 603 717 624 et
729 599 787 625 eius
799 600 944 626 sententiae
957 600 1030 634 prin-

233 637 300 670 cipe,
324 640 362 667 ut,
384 636 407 662 si
428 636 491 670 quis
513 635 669 670 impedisset
690 636 804 662 reditum
821 645 920 667 meum,
939 637 965 663 in
983 637 1031 663 ho-

233 674 315 699 stium
333 681 444 699 numero
461 678 611 708 putaretur:
639 674 728 708 iisque
744 674 833 700 verbis
850 682 878 699 ea
890 674 923 700 de
935 682 976 700 me
987 682 1030 700 se-

234 715 312 736 natus
324 711 464 736 auctoritas
475 710 605 737 declarata
616 716 665 742 est,
679 716 708 737 ut
723 711 823 737 nemini
834 712 1029 746 sittriumpbus

233 747 459 779 honorificentius,
481 756 561 782 quam
585 748 651 774 mihi
672 748 746 774 salus
768 749 954 784 restitutioque
970 757 1031 784 per-

231 786 340 820 scripta.
362 787 403 812 35.
425 785 461 811 De
473 794 514 811 me
525 793 610 820 quum
622 794 715 812 omnes
727 787 897 821 magistratus
910 786 1030 821 promul-

231 827 348 858 gassent,
367 827 470 857 praeter
486 831 569 848 unum
587 828 742 857 praetorem,
760 832 774 849 a
789 831 844 858 quo
855 832 906 850 non
919 823 970 850 suit
982 832 1030 859 po—

231 859 402 890 stulandum,
421 859 526 886 fratrem
542 860 644 886 inimici
661 861 722 891 mei,
741 865 897 896 praeterque
912 861 980 887 duos
996 862 1029 887 de

233 896 320 932 lapide
340 901 443 932 emptos
465 897 585 923 tribunos
601 897 696 932 plebis,
715 897 798 934 legem
811 899 926 924 comitiis
936 903 1030 925 centu-

212 935 306 971 ⁸riatis
327 934 387 961 tulit
406 935 435 960 P.
453 934 583 961 Lentulus
599 934 691 961 consul
708 935 742 961 de
756 935 872 971 collegae
887 935 919 968 Q.
937 936 1030 962 Metel-

233 971 250 998 li
271 973 416 998 sententia:
448 980 528 1006 quem
546 981 651 998 mecum
667 972 759 999 eadem
775 973 940 1007 respublica,
959 981 1029 1008 quae

231 1009 258 1035 in
284 1009 420 1036 tribunatu
441 1010 500 1035 eius
521 1009 697 1040 disiunxerat,
721 1010 748 1036 in
769 1010 909 1036 consulatu
931 1011 1029 1037 virtute

231 1046 325 1081 optimi
354 1055 383 1073 ac
413 1046 555 1072 iustissimi
588 1048 637 1073 viri
663 1048 848 1082 sapientiaque
878 1048 1026 1074 coniunxit.

231 1085 273 1110 36.
303 1083 376 1116 Quae
402 1083 445 1110 lex
468 1083 696 1118 quemadmodum
717 1090 822 1120 accepta
843 1086 886 1115 sit,
904 1085 970 1120 quid
987 1094 1029 1112 me

230 1121 323 1147 attinet
347 1120 454 1147 dicere?
474 1121 513 1147 Ex
539 1122 615 1147 vobis
634 1122 722 1153 audio,
746 1123 845 1149 nemini
860 1123 913 1149 civi
933 1122 1026 1154 ullam,

230 1166 284 1193 quo
305 1158 396 1185 minus
417 1158 530 1189 adesset,
553 1160 617 1185 satis
638 1160 735 1186 iustam
751 1160 951 1186 excusationem
969 1168 1028 1186 esse

231 1196 331 1228 visam;
372 1195 454 1222 nullis
489 1197 604 1222 comitiis
637 1205 766 1232 umquam
792 1205 878 1232 neque
905 1197 1030 1224 multitu-

230 1232 320 1259 dinem
337 1233 477 1259 hominum
495 1238 592 1259 tantam
606 1242 692 1269 neque
704 1234 913 1269 splendidiorem
927 1234 1025 1261 fuisse:

231 1270 280 1296 hoc
294 1274 363 1296 certe
378 1270 464 1301 video,
480 1270 552 1306 quod
564 1271 682 1298 indicant
694 1271 809 1303 tabulae,
823 1281 870 1298 vos
882 1277 1025 1308 rogatores,

230 1316 277 1333 vos
297 1307 458 1338 diribitoreS,
485 1317 532 1334 vos
547 1308 672 1335 custodes
691 1308 775 1335 fuisse
791 1309 958 1336 tabularum:
991 1314 1025 1341 et,

229 1344 301 1379 quod
313 1345 339 1371 in
353 1345 499 1371 honoribus
511 1350 660 1372 vestrorum
674 1347 886 1382 propinquorum
899 1356 950 1373 non
964 1347 1029 1373 l'aci-

230 1383 263 1408 tis
284 1381 326 1408 vel
348 1383 440 1408 aetatis
461 1383 632 1409 excusatione
653 1383 695 1409 vel
717 1384 832 1415 honoris,
853 1384 881 1410 id
898 1385 925 1411 in
941 1384 1028 1411 salute

231 1427 287 1445 mea
300 1419 375 1446 nullo
386 1425 493 1456 rogante
505 1429 551 1446 vos
564 1425 650 1447 vestra
662 1426 756 1456 sponte
769 1421 879 1448 fecistis.

285 1477 354 1504 XVI.
380 1478 422 1504 37.
445 1477 540 1505 Conl'er
562 1487 641 1510 nunc,
663 1479 779 1514 Epicure
800 1484 897 1511 noster,
915 1488 948 1506 ex
964 1479 1027 1507 hara

229 1514 365 1549 producte,
384 1524 436 1542 non
452 1524 485 1542 ex
500 1516 600 1548 schola,
618 1516 716 1548 confer,
735 1517 759 1543 si
770 1517 864 1548 audes,
878 1517 1027 1544 absentiam

229 1556 301 1578 tuam
323 1561 384 1579 cum
405 1562 472 1579 mea.
514 1553 661 1580 Obtinuisti
677 1555 842 1589 provinciam
858 1554 1026 1581 consularem
1055 1561 1057 1604 Ι

229 1589 328 1616 linibus
345 1590 386 1620 iis,
400 1599 468 1625 quos
480 1590 524 1617 lex
533 1591 689 1626 cupiditatis
700 1596 769 1622 tuae,
783 1600 834 1618 non
846 1601 915 1627 quos
928 1592 971 1619 lex
980 1601 1028 1628 ge-

229 1627 283 1653 neri
296 1627 335 1653 tui
346 1628 492 1663 pepigerat.
514 1629 580 1655 Nam
594 1628 650 1664 lege
662 1629 781 1656 Caesaris
792 1629 1027 1665 iustissimaatque

227 1664 328 1699 optima
344 1665 436 1699 populi
453 1665 539 1696 liberi,
557 1665 636 1700 plane
651 1671 677 1692 et
691 1675 752 1693 vere
768 1671 842 1693 eraut
854 1666 945 1693 liberi:
969 1666 1027 1703 lege

228 1706 318 1728 autem
339 1710 377 1732 ea,
399 1711 481 1737 quam
503 1711 580 1729 nemo
597 1703 682 1738 legem
697 1708 801 1738 praeter
817 1709 840 1730 te
856 1709 881 1730 et
895 1703 1026 1739 collegam

228 1743 305 1765 tuum
317 1740 428 1773 putavit,
442 1740 530 1766 omnis
541 1745 595 1767 erat
606 1741 654 1767 tibi
665 1741 773 1772 Achaia,
787 1740 934 1772 Thessalia,
943 1741 1026 1768 Athe-

229 1784 286 1806 nae,
303 1781 397 1802 cuncta
410 1777 518 1804 Graecia
530 1777 643 1804 addicta.
675 1778 797 1805 Habebas
808 1779 955 1805 exercitum
968 1783 1027 1805 tan-

229 1818 296 1843 tum,
313 1818 445 1848 quantum
461 1815 509 1841 tibi
521 1823 573 1841 nou
585 1819 694 1842 senatus
704 1820 749 1842 aut
761 1815 878 1850 populus
889 1815 1024 1842 Romanus

228 1849 344 1882 dederat,
362 1850 409 1877 sed
424 1856 556 1886 quantum
573 1857 616 1879 tua
629 1852 713 1879 libido
722 1858 930 1887 conscripserat,
952 1862 1026 1879 aera-
1046 1848 1049 1887 l

228 1887 299 1914 rium
320 1888 492 1915 exhauseras.
523 1891 564 1915 38.
587 1889 658 1921 Quas
674 1898 716 1916 res
733 1891 840 1925 gessisti
857 1891 886 1916 in
901 1891 1023 1925 imperio,
1046 1890 1049 1902 ¹

228 1925 356 1956 exercitu,
387 1926 523 1960 provincia
547 1926 700 1953 consulari?

227 1963 339 1996 quaero!
366 1963 422 1997 qui,
440 1967 469 1989 ut
481 1964 562 1994 venit,
576 1964 665 1990 statim
676 1963 852 1999 —(n0ndum
863 1973 1026 1992 commemo·
1046 1973 1048 1991 l

228 2007 256 2026 ro
267 2000 383 2034 rapinas,
398 2000 517 2027 nondum
529 2005 634 2027 exactas
646 2002 783 2036 pecunias,
797 2010 848 2028 non
860 2007 959 2036 captas,
974 2011 1025 2029 non
1046 1993 1048 2025 l

227 2037 381 2071 imperatas,
403 2046 454 2064 non
476 2046 554 2064 neces
575 2038 718 2070 sociorum,
742 2048 793 2066 non
808 2039 916 2066 caedem
933 2039 1026 2074 hospi-
1046 2027 1049 2080 ι

227 2079 294 2104 tum,
318 2083 369 2100 non
390 2074 537 2109 perfidiam,
561 2084 613 2102 non
632 2076 836 2108 immanitatem,
858 2085 910 2103 non
925 2077 1025 2104 scelera

227 2111 365 2146 praedico:
391 2121 461 2142 mox,
479 2112 503 2138 si
519 2112 663 2144 videbitur,
678 2118 777 2140 utcum
789 2113 857 2145 sure,
872 2119 900 2140 ut
910 2123 971 2141 cum
983 2123 1026 2141 sa-
1046 2091 1049 2135 l

227 2148 334 2184 crilego,
353 2153 382 2175 ut
396 2158 458 2176 cum
474 2149 569 2176 sicario
579 2150 737 2185 disputabo:
762 2160 833 2178 nunc
844 2160 930 2178 meam
941 2152 1026 2187 spoli-
1046 2137 1049 2176 l

228 2190 296 2212 atam
314 2185 446 2212 fortunam
457 2186 590 2213 conseram
601 2196 663 2214 cum
674 2187 782 2215 florente
794 2188 898 2216 fortuna
910 2190 1026 2224 impera-

228 2223 314 2258 toris.)
334 2223 400 2255 Quis
417 2232 544 2259 umquam
562 2225 726 2259 provinciam
743 2235 805 2252 cum
821 2227 940 2253 exercitu
956 2227 1026 2253 obti-

229 2261 296 2291 nuit,
314 2261 361 2295 qui
377 2260 467 2287 nullas
483 2262 516 2288 ad
532 2267 655 2289 senatum
672 2263 773 2289 litteras
785 2263 906 2290 miserit‘?
927 2269 1024 2290 tantam

229 2306 290 2323 vero
315 2299 479 2332 provinciam
504 2308 566 2325 cum
592 2304 663 2326 tanto
688 2301 816 2331 exercitu,
843 2301 1025 2328 Macedoniam

229 2335 393 2369 praesertim,
411 2344 479 2370 quae
496 2337 575 2363 tantis
591 2337 764 2364 barbarorum
779 2339 906 2374 gentibus
917 2339 1026 2374 attingi-

229 2377 280 2402 tur,
300 2377 328 2398 ut
343 2381 450 2407 semper
462 2373 637 2400 Macedonicis
647 2375 854 2409 imperatoribus
865 2376 947 2402 iidem
957 2375 1025 2402 fines
1045 2382 1048 2407 Ι

229 2410 380 2442 provinciae
395 2409 502 2441 fuerint,
519 2412 568 2446 qui
582 2411 732 2447 gladiorum
748 2417 828 2448 atque
839 2412 970 2448 pilorum:
992 2421 1026 2439 ex

229 2454 281 2480 qua
293 2446 394 2481 aliquot
405 2449 534 2482 praetorio
546 2449 668 2483 imperio,
680 2449 814 2476 consulari
824 2450 936 2485 quidem
946 2458 1026 2477 nemo

231 2483 316 2512 rediit.
335 2485 382 2518 qui
394 2484 537 2511 incolumis
548 2485 637 2516 suerit,
649 2487 698 2521 qui
710 2495 761 2512 non
773 2487 955 2522 triumpharit.
976 2487 1025 2514 Est

231 2517 281 2545 hoc
297 2529 409 2547 novum:
442 2521 526 2548 multo
541 2523 610 2549 illud
626 2523 722 2558 magis.
756 2523 915 2558 Appellatus
930 2529 970 2551 est
981 2524 1025 2550 hic

232 2555 367 2583 vulturius
387 2557 461 2585 illius
476 2560 628 2594 provinciae
642 2560 677 2596 (si
692 2560 745 2587 diis
761 2561 856 2596 placet)
869 2562 1022 2596 imperator.

287 2608 367 2634 XVII.
390 2612 430 2637 39.
448 2613 486 2638 Ne
498 2617 555 2640 tum
565 2613 684 2649 quidem,
697 2614 791 2640 Paulle-
802 2619 899 2646 noster,
913 2615 1024 2641 tabellas

232 2644 341 2671 Romam
362 2654 424 2673 cum
442 2647 529 2676 laurea
545 2652 649 2677 mittere
664 2650 800 2677 audebas?
830 2652 906 2678 Misi,
922 2653 1022 2687 inquit.

231 2680 298 2713 Quis
314 2690 442 2718 umquam
454 2687 592 2714 recitavit?
610 2689 681 2723 quis,
695 2692 725 2715 ut
735 2689 916 2720 recitarentur,
930 2694 1024 2724 postu-

737 1927 808 1960 Quas
833 1936 876 1954 res
900 1928 1023 1963 gesserit,
1046 1941 1049 1948 »

1051 2663 1053 2672 ι

1051 2673 1053 2680 ⁴

960 157 988 182 Τ.
1023 157 1298 184 etet-:noxis

1084 227 1165 253 lavit‘?
1195 228 1266 254 Nibil
1282 230 1354 255 enim
1371 237 1428 255 mea
1444 230 1496 256 iam
1512 230 1599 261 refert.
1617 235 1706 257 utrum
1722 236 1760 261 tu,
1773 231 1876 258 oon-ei-

1083 266 1151 290 entia
1166 273 1312 299 oppressus
1326 266 1457 293 scelerum
1473 272 1588 298 tuorum,
1609 268 1675 294 nihil
1688 277 1816 303 umquam
1827 276 1877 295 au-

1083 310 1129 327 sus
1150 302 1188 327 ais
1205 303 1321 328 meriliere
1335 303 1368 329 ad
1383 312 1445 330 eum
1459 304 1589 335 ordinem,
1605 313 1687 340 quem
1702 305 1873 340 despexe-u.

1081 347 1162 373 quem
1174 338 1315 369 afflixeras,
1329 348 1410 375 quem
1421 341 1568 372 deleveras,
1581 350 1613 369 an
1624 343 1703 369 amici
1719 342 1875 370 tuitabellae

1082 375 1242 406 abdiderint,
1265 377 1401 412 iidemque
1420 378 1528 404 silentio
1542 387 1591 405 auo
1605 381 1778 406 temeritatem
1795 384 1876 415 atque

1083 413 1220 439 audaciam
1241 419 1314 440 tuam
1334 415 1545 442 condemnarint.
1566 416 1653 451 Atque
1673 417 1745 443 baud
1760 418 1824 445 acio.
1841 425 1874 444 an

1083 450 1174 476 malim
1192 456 1215 476 te
1232 451 1314 477 videri
1331 452 1405 478 nullo
1416 452 1517 487 pudore
1529 452 1613 479 tuisse
1624 454 1650 480 in
1663 453 1756 480 litteris
1769 454 1876 480 mitten·

1081 487 1133 518 dis,
1156 488 1256 514 amicos
1272 493 1331 514 tuos
1346 489 1408 523 plus
1425 490 1552 516 babuisse
1567 495 1592 516 et
1602 490 1712 525 pudoris
1723 496 1749 518 et
1758 491 1873 521 consilii.

1082 533 1163 559 quam
1180 530 1226 551 aut
1241 530 1265 551 te
1283 526 1365 552 videri
1383 527 1568 561 pudentiorem
1585 527 1679 559 fuisse,
1695 536 1777 563 quam
1793 528 1873 558 soles,

1082 567 1127 588 aut
1142 567 1218 588 tuum
1235 562 1332 589 factum
1350 572 1400 590 non
1412 572 1471 590 esse
1481 564 1686 591 condemnatum
1698 565 1799 592 iudicio
1808 567 1876 592 ami-

1081 608 1182 626 corum.
1206 601 1246 626 M).
1260 600 1335 632 Quod
1351 602 1373 627 si
1386 610 1437 628 non
1449 602 1503 628 tuis
1515 601 1622 628 nelariia
1633 603 1660 629 in
1673 602 1744 629 hunc
1754 602 1874 630 ordinem

1081 637 1251 663 contumeliis
1267 638 1293 664 in
1310 643 1469 673 perpetuum
1489 639 1538 665 tibi
1553 640 1654 666 curiam
1671 639 1873 674 praeclusiones,

1081 674 1146 709 quid
1163 674 1268 701 tandem
1287 680 1342 701 erat
1357 681 1444 702 actum
1459 681 1621 712 autgestum
1633 678 1660 703 in
1671 677 1716 703 illa
1728 678 1872 712 provincia,

1081 712 1114 737 de
1121 720 1183 747 „quo
1197 712 1229 738 ad
1241 717 1364 739 senatum
1376 722 1437 740 cum
1448 714 1624 749 gratulatione
1634 714 1723 749 aliqua
1734 715 1815 741 scribi
1826 714 1875 741 aba

1082 754 1106 775 te
1120 750 1268 784 oporteret?
1285 750 1393 777 Vexatio
1403 751 1589 778 Macedoniae?
1602 760 1635 778 an
1646 751 1806 787 oppidorum
1818 756 1876 778 tur·

1082 787 1124 821 pis
1139 786 1268 813 amissio?
1291 795 1324 814 an
1340 789 1473 815 sociorum
1489 788 1621 823 direptio?
1640 797 1672 815 an
1687 797 1812 825 agrorum
1827 789 1875 815 de-

1082 823 1236 858 populatio?
1267 833 1299 851 an
1322 826 1436 852 munitio
1455 825 1678 852 Thessalonicae?
1706 834 1739 853 an
1754 826 1876 853 obseaeio

1081 861 1204 887 militaris
1231 861 1307 888 viae?
1335 871 1367 889 an
1388 864 1521 889 exercitus
1547 864 1629 890 nostri
1649 864 1774 890 interitus
1794 863 1873 894 fem.

1082 898 1159 929 fame,
1177 899 1283 934 frigore,
1302 899 1472 934 pestilentia?
1501 901 1540 926 Tu
1557 909 1628 931 vero.
1644 901 1692 935 qui
1707 901 1740 927 ad
1751 906 1873 927 senatum

1081 936 1147 962 nihil
1161 937 1310 971 scripseris,
1323 943 1352 963 ut
1364 938 1390 964 in
1403 938 1472 964 Urbe
1483 938 1595 973 nequior
1605 939 1731 964 inventus
1741 946 1779 968 es,
1791 947 1873 973 quam
1895 953 1898 956 Δ

1081 973 1221 1004 Gabinius.
1243 975 1282 1000 sic
1302 975 1328 1001 in
1351 975 1485 1009 provincia
1502 975 1592 1010 paullo
1607 980 1704 1005 tamen,
1720 984 1801 1010 quam
1817 975 1872 1005 ille,

1080 1011 1232 1037 demissior.
1264 1013 1305 1038 Η.
1328 1012 1393 1038 Nam
1414 1012 1461 1039 ille
1479 1021 1580 1048 gurges
1594 1017 1674 1047 atque
1689 1012 1778 1043 heluo,
1796 1017 1874 1039 natus

1080 1048 1216 1074 abdomini
1233 1057 1291 1079 suo,
1310 1058 1360 1076 non
1379 1049 1449 1076 laudi
1461 1055 1541 1085 atque
1551 1049 1659 1086 gloriae,
1673 1058 1758 1085 quum
1769 1050 1874 1085 equites

1080 1085 1212 1112 Romanos
1232 1086 1259 1112 in
1275 1087 1422 1121 provincia,
1439 1095 1524 1123 quum
1541 1087 1713 1122 publicanos,
1734 1087 1873 1114 nobiseum

1080 1127 1105 1149 et
1125 1123 1261 1149 voluntate
1276 1129 1302 1150 et
1315 1124 1445 1160 dignitate
1459 1125 1623 1155 coniunctos,
1639 1133 1733 1151 ornnes
1750 1124 1872 1155 fortunis,

1081 1160 1180 1186 multos
1201 1160 1269 1187 fama
1294 1161 1401 1196 vitaque
1422 1162 1562 1196 privasset,
1583 1170 1669 1197 quum
1684 1162 1785 1197 egisset
1801 1162 1874 1189 aliud

1081 1197 1148 1224 nihil
1160 1197 1186 1224 in
1199 1197 1245 1224 illo
1255 1199 1382 1229 exercitu,
1397 1200 1448 1225 nisi
1456 1199 1790 1234 uturbesdepopularetur,
1797 1207 1875 1235 agros

1080 1239 1203 1265 vastaret,
1221 1237 1373 1262 exhauriret
1389 1236 1491 1266 domos,
1509 1244 1592 1262 ausus
1607 1241 1648 1262 est
1658 1236 1734 1272 (quid
1745 1237 1817 1263 enim
1828 1236 1874 1263 ille

1080 1281 1131 1299 non
1143 1272 1279 1307 auderet‘?)
1299 1282 1312 1299 a
1324 1278 1418 1299 senatu
1429 1273 1651 1308 supplicationem
1663 1282 1710 1308 per
1722 1274 1875 1309 litteraspo-

1079 1309 1190 1336 stulare.
1221 1310 1314 1336 XVlII.
1327 1309 1397 1337 Odii
1409 1310 1588 1337 immortales!
1610 1315 1674 1337 tune
1689 1311 1778 1341 etiam.
1793 1315 1875 1346 atque

1080 1347 1146 1374 adeo
1165 1343 1225 1378 vos,=
1237 1349 1359 1383 geminae
1373 1349 1514 1384 voragines
1527 1348 1686 1383 scopulique
1699 1348 1872 1384 reipublicae,

1080 1393 1127 1411 vos
1148 1393 1234 1411 meam
1251 1384 1384 1412 fortunam
1400 1385 1570 1421 deprimitis?
1599 1390 1713 1412 vestram
1728 1385 1875 1413 extollitis?

1079 1430 1164 1457 quum
1176 1422 1209 1448 de
1221 1430 1263 1448 me
1274 1431 1303 1449 ea
1315 1423 1545 1449 senatusconsulta
1556 1423 1665 1449 absente
1676 1422 1742 1449 facta
1753 1423 1816 1454 sint,
1827 1431 1874 1450 eae

1079 1460 1220 1486 conciones
1240 1459 1354 1491 habitae,
1378 1461 1401 1487 is
1421 1465 1511 1487 motus
1531 1460 1611 1487 fuerit
1625 1461 1834 1495 municipiorum
1848 1465 1874 1487 et

1079 1497 1242 1524 coloniarum
1254 1498 1384 1528 omnium,
1398 1506 1427 1524 ea
1438 1497 1542 1524 decreta
1553 1497 1767 1533 publicanorum,
1779 1506 1810 1524 ea
1819 1497 1875 1525 eol-

1081 1534 1221 1570 legiorum,
1239 1543 1268 1561 ea
1284 1535 1401 1570 denique
1411 1543 1540 1571 generum
1551 1535 1731 1570 ordinumque
1741 1536 1872 1565 omnium,

1079 1580 1148 1606 quae
1168 1580 1218 1607 ego
1238 1580 1289 1598 non
1311 1572 1390 1599 modo
1405 1577 1496 1607 optare
1512 1581 1660 1608 numquam
1675 1572 1810 1604 auderem,
1826 1572 1874 1599 sed

1079 1610 1194 1645 cogitare
1210 1617 1262 1635 non
1280 1617 1403 1645 possem:
1429 1618 1477 1637 vos
1487 1615 1576 1636 autem
1587 1610 1764 1644 sempiternas
1775 1609 1875 1637 foedis-

1079 1647 1162 1672 simae
1179 1647 1354 1681 turpitudinis
1370 1651 1444 1673 notas
1454 1646 1611 1674 subieritis?
1638 1648 1680 1674 ⁴2.
1692 1646 1733 1674 An
1743 1655 1802 1683 ego,
1814 1648 1838 1673 si
1848 1652 1874 1674 te

1079 1688 1105 1709 et
1119 1683 1266 1710 Gabinium
1282 1685 1355 1710 cruci
1371 1683 1485 1711 suffixos
1500 1684 1629 1714 viderem,
1646 1685 1747 1711 maiore
1755 1684 1875 1711 afficerer

1079 1719 1176 1747 laetitia
1192 1729 1225 1747 ex
1235 1722 1353 1756 corporis
1365 1722 1446 1747 vestri
1459 1721 1624 1752 laceratione,
1637 1729 1718 1756 quam
1729 1721 1874 1748 afficiet-ex

1078 1757 1182 1784 famae?
1210 1758 1322 1784 Nullum
1338 1764 1377 1785 est
1388 1758 1553 1793 supplicium
1565 1757 1726 1794 putandum,
1738 1767 1793 1794 quo
1803 1758 1873 1786 affici

1077 1803 1140 1821 casu
1155 1795 1247 1830 aliquo
1257 1796 1337 1822 etiam
1350 1796 1412 1822 boni
1424 1797 1474 1822 viri
1487 1796 1621 1831 sortesque
1632 1801 1755 1830 possunt.
1786 1797 1874 1832 Atque

1078 1832 1127 1859 hoc
1146 1833 1257 1868 quidem
1278 1834 1357 1859 etiam
1373 1834 1417 1859 isti
1432 1834 1471 1859 tui
1486 1833 1580 1860 dicunt
1595 1833 1747 1868 voluptarii,
1764 1833 1872 1860 Graeci:

1076 1878 1145 1905 quos
1156 1871 1258 1896 utinam
1269 1871 1304 1897 ita
1315 1871 1431 1901 audires,
1445 1875 1474 1897 ut
1483 1875 1558 1897 erant
1567 1870 1708 1897 audiendi!
1725 1879 1872 1906 numquam

1046 1907 1048 1935 Ι
1077 1912 1101 1933 te
1112 1908 1139 1934 in
1152 1912 1188 1934 tot
1199 1907 1297 1943 flagitia
1309 1908 1514 1944 ingurgitasses.
1535 1908 1633 1934 Verum
1645 1907 1723 1934 audis
1732 1908 1874 1943 inps-awe-

1046 1950 1049 1972 Ι
1078 1945 1158 1979 pibus
1166 1967 1172 1976 ,
1185 1945 1263 1971 audis
1274 1947 1301 1972 in
1312 1947 1423 1980 stupris,
1441 1945 1518 1972 audis
1528 1946 1557 1972 in
1567 1945 1628 1972 cibo
1638 1949 1665 1971 et
1674 1945 1748 1972 vino.
1768 1945 1822 1972 Sed
1831 1945 1874 1972 di-

1077 1987 1139 2008 cunt
1151 1983 1195 2009 isti
1206 1983 1268 2018 ipsi,
1281 1983 1329 2018 qui
1341 1982 1409 2009 mala
1420 1983 1519 2013 dolore,
1542 1983 1610 2009 bona
1626 1982 1763 2017 voluptate
1777 1982 1874 2009 defini-

1077 2024 1134 2050 unt,
1143 2020 1409 2055 sapientem,etiamsi
1417 2020 1443 2046 in
1450 2019 1599 2046 Phalaridis
1605 2019 1806 2046 tauroinclusus
1811 2027 1874 2046 aue-

1076 2058 1165 2084 censis
1177 2058 1286 2093 ignibus
1302 2062 1440 2087 torreatur,
1452 2057 1588 2084 dicturum
1600 2061 1698 2088 tamen,
1711 2065 1795 2083 suave
1804 2056 1874 2083 illud
1918 2068 1921 2076 .

1077 2103 1136 2120 esse
1151 2103 1235 2130 seque
1247 2103 1280 2121 ne
1290 2095 1424 2121 tantulum
1438 2095 1549 2130 quidem
1559 2094 1732 2121 commoveri.
1763 2095 1872 2121 Tantam

1077 2133 1185 2158 virtutis
1197 2141 1255 2158 esse
1267 2133 1321 2158 vim
1328 2132 1480 2162 voluerunt,
1488 2137 1575 2158 utnon
1582 2136 1672 2167 posset
1678 2138 1873 2167 umquamaese
1917 2135 1919 2143 ⁴

1077 2170 1119 2195 vir
1129 2170 1216 2196 bonus
1227 2178 1279 2196 non
1291 2169 1395 2196 heatus.
1417 2171 1459 2196 43.
1471 2168 1787 2205 Quaeestigiturpoena?
1799 2168 1872 2204 quod

1077 2206 1262 2242 supplicium?
1286 2207 1315 2233 td
1329 2215 1388 2233 mea
1402 2206 1542 2237 sententia,
1558 2206 1632 2242 quod
1642 2206 1761 2232 accidere.
1771 2205 1872 2232 nemini

1077 2248 1172 2278 potest,
1187 2244 1238 2270 nisi
1250 2245 1362 2274 nocenti,
1376 2248 1500 2279 suscepta
1508 2243 1590 2274 fraus,
1598 2243 1873 2278 impeditaetoppres-

1077 2289 1106 2307 sa
1119 2289 1194 2307 mens
1204 2281 1375 2312 conscientia,
1388 2281 1519 2308 bonorum
1526 2280 1874 2311 omniumodium,notaiu·—

1077 2323 1116 2344 sta
1128 2323 1246 2348 senatus,
1259 2319 1370 2345 amissio
1380 2318 1528 2354 dignitatis.
1549 2318 1622 2344 XIX.
1635 2317 1690 2343 Nec
1699 2317 1767 2344 mihi
1778 2317 1827 2344 ille
1834 2317 1871 2344 112

1076 2356 1206 2391 Regulus,
1230 2364 1310 2390 quem
1332 2355 1578 2391 Karthaginienses,
1600 2355 1709 2381 resectis
1724 2354 1870 2390 palpebris,

1076 2392 1209 2428 illigatum
1224 2394 1252 2419 in
1264 2393 1396 2424 machina,
1410 2392 1546 2428 vigilando
1555 2396 1725 2423 necaverunt,
1738 2391 1873 2426 supplicio

1077 2431 1184 2456 videtur
1198 2429 1322 2463 affectus;
1356 2437 1404 2456 nec
1419 2430 1449 2456 C.
1466 2430 1575 2459 Marius,
1592 2437 1674 2464 quem
1685 2429 1758 2455 ltalia
1767 2433 1872 2455 servan

1077 2467 1110 2493 ab
1141 2467 1201 2498 illo,
1228 2467 1383 2493 demersum
1406 2467 1436 2493 in
1460 2466 1688 2492 Minturnensium
1711 2464 1869 2501 paludibus,

1076 2504 1173 2536 Africa,
1200 2504 1305 2531 devicta
1329 2504 1363 2530 ab
1383 2504 1485 2534 eodem,
1507 2503 1652 2538 expulsum
1668 2506 1695 2529 et
1709 2502 1870 2539 naufragum

1076 2542 1154 2568 vidit.
1197 2542 1329 2568 Fortunae
1353 2541 1425 2567 enim
1445 2541 1496 2567 ista
1516 2540 1568 2567 tela
1587 2545 1663 2570 sunt,
1687 2549 1739 2567 non
1758 2539 1870 2574 culpae:

1075 2578 1240 2614 supplicium
1255 2578 1343 2605 autem
1355 2582 1396 2604 est
1405 2585 1489 2612 poena
1500 2578 1610 2612 peccati.
1631 2577 1725 2612 Neque
1734 2583 1870 2612 verne-go:

1074 2616 1097 2642 si
1114 2624 1244 2651 umquam
1262 2615 1339 2642 vobis
1354 2615 1424 2641 mala
1439 2623 1568 2649 precarer,
1585 2614 1658 2649 quod
1668 2623 1748 2650 saepe
1758 2613 1818 2645 feci,
1830 2614 1868 2649 (in

1074 2661 1129 2687 quo
1142 2653 1180 2679 dii
1191 2652 1355 2679 immortales
1366 2660 1438 2678 meas
1450 2660 1541 2686 preces
1552 2652 1734 2686 audiverunt‚)
1743 2651 1868 2678 morbum

1051 2693 1054 2708 ³
1073 2694 1120 2716 aut
1139 2694 1250 2716 mortem
1271 2694 1317 2716 aut
1335 2689 1482 2716 cruciatum
1503 2697 1632 2724 precarer.
1667 2689 1798 2725 Thyestea
1816 2689 1868 2715 ista
1906 2719 1909 2729 Ι
