1941 3052
456 157 627 185 ORATIO
657 156 741 184 PRO
770 157 800 184 L.
831 156 1018 184 FLACCO.
1050 155 1143 182 CAP.
1174 155 1308 180 ‘ts—35.

73 229 146 256 tuus,
161 224 228 251 sacta
239 233 292 251 non
303 229 376 251 sunt.
399 224 432 251 At
443 225 601 252 Castricium
613 225 714 261 quibus
725 225 826 257 verbis,
834 225 872 252 dii

73 261 252 289 immortales!
266 265 343 288 decus
351 265 463 295 patricie,
474 268 650 290 ornamentum
659 264 870 297 populiBomani,
893 258 895 286 l

73 302 161 334 florem
170 302 311 326 iuventutis
321 299 466 334 appellant.
493 301 535 327 76.
548 300 644 333 Quare,
657 301 778 332 Deciane,
791 301 814 327 si
825 309 874 327 cu-

73 338 156 372 pidus
176 345 205 363 es
225 336 338 373 gloriae,
361 337 412 363 alia
432 343 598 369 ornamenta,
621 347 725 370 censeo,
748 346 872 373 quaeras,

73 375 230 410 Pergameni
243 378 267 401 te
278 374 440 401 deriserunt.
471 375 561 407 Quid‘?
576 377 615 402 Tu
628 375 684 402 ludi
696 380 721 402 te
732 384 784 402 non
796 375 875 402 intel-
900 403 903 409 ,

901 415 902 419 ’
926 418 988 448 ptus
1001 417 1048 444 est,
1062 413 1086 439 is
1099 421 1140 439 me
1152 412 1272 439 deseruit
1282 421 1312 438 ac
1324 412 1450 447 prodidit.
1481 412 1584 438 Siccine
1596 417 1624 439 tu
1636 416 1727 438 auctor

74 411 185 448 ligebas,
193 420 279 447 quum
291 412 340 438 tibi
352 412 416 438 haec
427 413 584 440 recitabant:
599 415 770 440 clarissimum
780 415 872 443 virum,

72 452 298 483 praestantissima
308 452 445 483 sapientia,
458 453 588 484 sinyulm-z'
599 450 719 484 inyem'o?
740 450 805 477 Mihi
816 459 874 476 cre-

73 487 116 518 de,
126 486 263 513 ludebant.
285 486 375 519 Quum
386 496 449 514 vero
459 496 583 514 coronam
595 497 703 514 auream
716 487 810 514 litteris
822 488 874 514 im-

73 524 222 560 ponebant:
243 533 271 551 re
282 533 345 550 vera
358 534 409 551 non
420 525 482 560 plus
494 534 590 552 aurum
603 525 665 556 tibi,
683 534 765 560 quam
782 534 874 551 mone-

73 562 152 588 dulae
164 562 375 588 committebant.
397 563 435 588 Ne
447 567 503 589 tum
514 563 624 598 quidem
637 563 777 589 hominum
789 571 874 588 venu—

73 604 169 626 statem
185 604 210 626 et
225 599 332 626 facetias
349 600 500 635 perspicere
514 600 645 635 potuisti?
663 600 704 626 Illi
720 600 815 635 igitur,
834 599 873 626 illi

73 637 231 673 Pergameni
242 638 460 673 proscriptiones,
473 646 542 672 quas
553 642 582 664 tu
594 637 734 668 afferebas,
748 637 875 672 repudia-
895 668 896 671 Ἰ

75 679 180 701 verunt.
202 675 231 701 P.
245 674 353 706 Orbius,
367 675 446 701 homo
457 680 482 701 et
493 675 612 710 prudens
624 680 649 701 et
659 676 796 705 innocens,
811 683 874 701 con—

74 717 112 739 tra
126 717 150 739 te
161 712 249 738 omnia
260 712 387 738 decrevit.
410 712 523 739 XXXII.
537 712 767 743 1nP.Globulum,
783 720 872 738 meum

74 750 271 781 necessarium,
288 749 364 776 fuisti
374 750 523 785 gratiosior.
565 750 671 777 Utinam
683 758 771 784 neque
781 749 872 784 ipsum

74 796 162 823 neque
175 796 216 813 me
227 788 387 822 poeniteret!
410 787 534 814 Flaccum
550 787 578 814 in
593 787 667 813 curia
681 787 872 813 decrevissent.

73 826 116 851 77.
130 824 265 851 Veridicas
281 824 408 860 adiungis
429 833 540 851 caussas
559 825 777 855 inimicitiarum,
800 824 874 859 quod

74 863 141 897 patri
154 863 182 888 L.
196 861 293 893 Flacci,
306 862 386 888 aedili
397 862 495 894 curuli,
507 866 582 898 pater
592 867 665 894 tuus,
678 862 805 889 tribunus
817 862 874 897 ple-

74 900 124 931 bis,
138 899 210 926 diem
222 899 330 926 dixerit.
345 899 379 926 At
390 899 463 926 istud
474 909 507 926 ne
518 900 571 935 ipsi
583 900 694 935 quidem
706 900 774 935 patri
787 899 873 926 Flacci

73 937 151 964 valde
171 937 314 964 molestum
335 945 394 964 esse
414 937 520 964 debuit:
542 939 698 973 praesertim
714 947 799 973 quum
816 937 871 968 ille,

72 976 117 1002 cui
127 975 185 1001 dies
196 975 265 1001 dicta
277 979 330 1006 est,
348 979 453 1010 praetor
468 980 559 1010 postea
576 975 662 1002 factus
677 976 712 1002 sit
727 980 752 1002 et
762 975 871 1001 consul:

72 1012 132 1044 ille,
149 1013 196 1048 qui
212 1012 283 1039 diem
299 1012 381 1044 dixit,
399 1021 451 1039 non
467 1014 583 1048 potuerit
594 1014 716 1048 privatus
727 1014 754 1039 in
765 1013 873 1039 civitate

72 1051 228 1078 consistere.
269 1050 335 1082 Sed,
354 1051 377 1076 si
391 1051 476 1077 iustas
493 1050 648 1077 inimicitias
664 1051 791 1086 putabas,
814 1059 871 1082 cur,

72 1097 158 1124 quum
170 1088 296 1114 tribunus
307 1087 424 1114 militum
437 1088 549 1115 Flaccus
561 1093 645 1120 esset,
659 1089 686 1115 in
699 1089 758 1115 eius
770 1088 874 1124 legione

73 1125 151 1152 miles
163 1125 252 1157 suisti,
270 1134 356 1161 quum
369 1126 418 1152 tibi
431 1135 476 1160 per
488 1126 560 1162 leges
571 1126 701 1153 militares
713 1126 830 1161 effugere
842 1125 874 1152 li-

73 1168 144 1190 ceret
155 1163 324 1198 iniquitatem
336 1163 457 1190 tribuni?
477 1164 531 1190 Cur
541 1168 629 1190 autem
647 1169 749 1198 praetor
765 1169 803 1194 te,
821 1164 874 1189 ini-

72 1201 174 1228 micum
185 1205 340 1236 paternum,
357 1201 384 1227 in
396 1201 541 1228 consilium
551 1201 675 1228 vocavit‘?
689 1202 719 1214 Η
731 1210 801 1236 quae
812 1202 875 1236 qui-

72 1239 134 1265 dem
145 1247 228 1274 quam
243 1243 333 1265 sancte
346 1238 423 1265 solita
439 1239 493 1266 sint
508 1239 658 1270 observari,
677 1239 751 1265 scitis
768 1248 872 1265 omncs.

72 1277 115 1303 78.
133 1277 211 1303 Nunc
222 1285 380 1303 accusamur
390 1277 423 1302 ab
434 1277 482 1307 iis,
499 1277 547 1312 qui
564 1277 591 1303 in
601 1277 714 1303 consilio
726 1277 802 1303 nobis
815 1276 874 1302 fue-

73 1318 145 1340 runt.
175 1314 298 1340 Decrevit
307 1314 429 1340 Flaccus
461 1315 532 1340 Num
544 1314 631 1345 aliud,
649 1319 728 1349 atque
740 1313 875 1349 oportuit?

73 1352 101 1378 Iu
115 1351 222 1377 liberos.
263 1351 335 1377 Num
351 1351 427 1377 aliter
437 1353 543 1378 censuit
553 1351 680 1378 senatus‘?
695 1353 723 1378 In
735 1352 873 1378 absentem

72 1389 201 1415 decrevit.
241 1388 331 1421 Quum
344 1389 445 1415 ibidem
457 1397 544 1421 esses,
562 1398 648 1425 quum
660 1389 767 1424 prodire
778 1389 872 1415 nolles.

73 1427 130 1453 Non
143 1431 184 1453 est
195 1426 281 1453 hocin
294 1426 440 1458 absentem,
450 1426 497 1453 sed
508 1427 535 1453 in
549 1427 671 1453 latentem
685 1435 770 1453 reum.
787 1436 817 1453 si:
826 1436 874 1453 sa-

72 1473 299 1491 roscoasumun
316 1473 348 1490 ετ
363 1473 520 1491 occasi-uu
536 1474 652 1491 rucei.
684 1464 774 1497 Quid?
786 1465 808 1491 si
822 1473 873 1491 non

72 1501 246 1533 decrevisset,
261 1501 308 1528 sed
320 1502 463 1528 edixisset:
480 1503 544 1537 quis
555 1507 645 1537 posset
656 1511 717 1528 vere
729 1502 874 1538 reprehen-

72 1538 153 1566 dere‘?
177 1540 338 1566 Num'etiam
351 1539 438 1565 fratris
451 1541 503 1566 mei
516 1540 624 1571 litteras,
638 1539 810 1575 plenissimas
822 1540 874 1566 hu-

72 1577 208 1604 manitatis
225 1581 250 1603 et
265 1577 421 1612 aequitatis,
441 1577 654 1612 reprehensurus
671 1586 713 1609 es,
731 1586 799 1613 quas
815 1586 874 1603 eas-

72 1614 133 1641 dem
151 1614 257 1641 mulieri
273 1623 286 1641 a
303 1623 345 1641 me
361 1615 449 1646 datas,
467 1615 539 1650 apud
554 1615 696 1642 Pataranos
712 1614 874 1650 requisivit?

71 1653 161 1679 Recita
182 1652 282 1678 litteras
304 1651 335 1684 Q.
356 1652 503 1679 Ciceronis.
539 1662 684 1679 tir-renai:
704 1663 728 1684 ο.
746 1662 874 1679 cisano-

71 1699 123 1717 ωε.
163 1691 206 1716 79.
224 1689 314 1722 Quid‘?
324 1689 388 1716 haec
399 1689 632 1725 Apollonidenses,
645 1691 783 1717 occasione
795 1690 871 1721 facta,

71 1727 104 1754 ad
115 1727 240 1754 Flaccum
252 1727 419 1754 detulerunt:
437 1728 510 1762 apud
523 1727 636 1755 Orbium
652 1733 707 1754 acta
725 1737 777 1755 non
792 1728 874 1754 sunt‘?

71 1765 104 1792 ad
119 1764 267 1792 Globulum
283 1765 368 1792 delata
385 1774 437 1792 non
453 1765 535 1792 sunt?
553 1765 594 1792 Ad
604 1770 726 1792 senatum
739 1770 871 1797 nostrum,

72 1811 114 1829 me
125 1802 244 1835 consule,
260 1811 346 1829 nonne
359 1803 435 1840 legati
444 1803 667 1838 Apollonidenses
678 1804 768 1830 onmia
780 1807 874 1838 postu-

72 1839 123 1867 lata
144 1840 177 1867 de
197 1840 305 1867 iniuriis
325 1841 407 1867 unius
428 1841 534 1867 Deciani
556 1841 730 1868 detulerunt?
752 1841 786 1867 At
808 1841 873 1867 hacc

71 1877 178 1913 praedia
190 1879 269 1905 etiam
280 1878 308 1904 in
318 1886 401 1905 censu
412 1878 581 1905 dedicavisti.
623 1879 711 1911 Mitto,
725 1879 797 1914 quod
808 1879 873 1905 alie-

71 1924 119 1942 na:
137 1915 225 1947 mitto,
236 1915 310 1950 quod
322 1924 446 1951 possessa
457 1925 503 1951 per
514 1916 584 1942 vim:
598 1916 683 1943 mitto.
696 1916 769 1951 quod
780 1916 873 1943 convi-

70 1957 111 1980 cta
126 1953 159 1979 ab
174 1952 444 1988 Apollonidensibus3
467 1953 556 1985 mitto,
579 1953 652 1988 quod
672 1963 686 1980 a
700 1954 873 1990 Pergamenis

71 1990 225 2026 repudiata:
248 1991 324 2017 mitto
339 1991 432 2022 etiam,
450 1990 523 2026 quod
535 1999 548 2017 a
561 1991 659 2017 nostris
670 1992 873 2027 magistratibus

71 2028 99 2055 in
111 2028 246 2063 integrum
259 2028 394 2054 restituta:
417 2029 506 2059 mitto,
523 2028 597 2063 quod
609 2028 684 2055 nullo
695 2029 766 2060 iure,
785 2038 873 2064 neque

72 2065 98 2092 iu
111 2074 147 2095 re,
157 2073 244 2100 neque
254 2065 281 2091 in
293 2066 464 2100 possessione
476 2069 530 2092 tua.
553 2067 595 2092 80.
608 2065 677 2092 Illud
688 2075 796 2101 quaero.
805 2067 873 2093 sint-

72 2111 105 2129 ne
120 2103 175 2129 ista'
187 2102 295 2138 praedia
311 2103 403 2129 censui
419 2102 571 2129 censendo?
591 2103 706 2130 babeant
722 2104 764 2130 ius
775 2104 873 2130 civile?

71 2141 140 2172 sint,
159 2149 242 2166 necne
258 2140 312 2166 sint
327 2139 463 2175 mancipi‘?
478 2140 633 2176 subsignari
645 2141 716 2176 apud
728 2142 870 2173 aerarium,

71 2182 118 2205 aut
128 2177 200 2212 apud
211 2186 348 2204 censorem
361 2177 483 2212 possint?
503 2178 530 2204 ln
546 2186 599 2213 qua
611 2178 682 2204 tribu
694 2178 811 2214 denique
823 2180 872 2206 ista

71 2215 179 2251 praedia
191 2214 338 2242 censuisti?
349 2215 525 2246 Commisisti,
538 2215 560 2241 si
574 2220 681 2251 tempus
692 2216 801 2251 aliquod
812 2226 873 2252 gra-

71 2253 133 2280 vius
144 2253 286 2280 accidisset
296 2273 300 2283 ,
319 2257 349 2279 ut
359 2261 392 2279 ex
405 2253 501 2279 iisdem
513 2253 630 2287 praediis
640 2258 666 2280 et
677 2253 836 2289 Apollonide
847 2259 872 2281 et

70 2290 169 2318 ‘Romae
181 2294 342 2326 imperatum
355 2295 426 2316 esset
437 2290 578 2317 tributum.
610 2291 708 2317 Verum
725 2295 795 2318 esto.-
813 2291 872 2327 glo-

71 2327 159 2355 riosus
172 2327 261 2355 suisti:
285 2327 395 2355 voluisti
411 2336 541 2363 magnum
557 2328 614 2364 agri
630 2328 741 2355 modum
757 2330 869 2360 censeri,

71 2369 98 2392 et
117 2366 176 2393 eius
196 2365 261 2402 agri,
283 2365 331 2400 qui
351 2365 436 2391 dividi
459 2365 530 2400 plebi
548 2365 679 2392 Romanae
701 2374 752 2392 non
775 2371 870 2401 potest.

72 2402 175 2430 Census
191 2411 219 2430 es
235 2407 370 2438 praeterea
386 2407 540 2429 numeratae
556 2403 685 2437 pecuniae
700 2408 808 2430 centum
826 2404 872 2430 tri-

71 2440 144 2476 ginta
155 2440 211 2468 H—S
222 2440 317 2467 millia.
343 2440 408 2466 Eam
420 2440 515 2475 opinor
525 2439 573 2466 tibi
586 2445 752 2466 numeratam
765 2449 816 2467 non
830 2449 873 2466 cs—

72 2485 101 2504 se
120 2477 168 2505 abs
188 2483 224 2505 te.
265 2477 318 2505 Sed
339 2477 404 2504 haec
423 2477 526 2504 omitto.
565 2477 669 2503 Census
689 2485 718 2504 es
740 2477 872 2513 mancipia

73 2514 212 2551 Amyntae.
253 2515 347 2551 Neque
364 2515 428 2541 huic
444 2514 527 2541 ullam
544 2515 571 2541 in
588 2523 619 2541 eo
634 2514 719 2541 fecisti
733 2515 870 2541 iniuriam.

72 2551 193 2580 Possidet
203 2553 274 2580 enim
287 2561 316 2580 ea
329 2553 461 2588 mancipia
473 2552 614 2588 Amyntas.
655 2552 691 2578 Ac
708 2552 794 2587 primo
810 2552 872 2588 qui-

72 2588 133 2616 dem
154 2591 307 2626 pertimuit,
330 2599 416 2626 quum
438 2595 462 2616 te
482 2589 601 2616 audisset
621 2598 713 2616 servos
734 2598 797 2615 suos
813 2598 872 2616 esse

72 2634 193 2654 censum.
233 2627 334 2654 Retulit
345 2627 377 2654 ad
394 2626 609 2654 iurisconsultus.
650 2627 793 2654 Constabat
805 2627 873 2654 inter

73 2671 174 2696 omnes,
192 2665 215 2691 si
227 2664 313 2692 aliena
325 2665 459 2691 censendo
469 2665 601 2691 Decianus
613 2673 661 2690 sua
674 2664 758 2690 facere
771 2669 869 2699 posset,

73 2709 134 2728 eum
146 2702 262 2729 maxima
275 2702 430 2729 habiturum
443 2701 557 2729 esse***
577 2702 702 2728 xxxta.
711 2703 750 2728 81.
764 2702 871 2728 Habetis

894 530 896 541 ι

894 544 896 569 ἰ

894 587 896 599 ι

894 601 896 616 l

894 627 896 638 4

1672 155 1721 181 465

924 234 1048 252 caussam
1063 225 1281 256 inimicitiarum,
1303 233 1357 260 qua
1372 232 1466 251 caussa
1481 223 1662 251 inflammatus
1673 225 1725 251 De-

925 264 1018 289 cianus
1034 263 1067 289 ad
1083 262 1204 289 Laelium
1219 262 1345 289 detulerit
1361 262 1428 288 hanc
1443 262 1561 297 opimam
1577 262 1726 288 accusatio-

926 309 997 327 nem.
1039 301 1106 326 Nam
1118 300 1152 326 ita
1164 305 1278 335 questus
1290 304 1331 326 est
1342 299 1458 330 Laelius,
1471 308 1557 334 quum
1569 299 1602 326 de
1613 299 1725 335 pertidia

925 338 1031 364 Deciani
1043 337 1156 364 diceret:
1174 337 1226 369 Qui
1239 337 1305 363 mihi
1317 342 1407 364 auctor
1418 337 1482 368 fuit,
1497 337 1544 372 qui
1556 346 1680 363 caussam
1692 336 1726 363 ad

926 384 968 401 me
979 375 1084 407 detulit,
1098 384 1178 410 quem
1191 383 1239 410 ego
1250 384 1312 401 sum
1323 379 1448 401 secutus:
1470 375 1492 400 is
1504 384 1518 400 a
1530 374 1623 401 Flacco
1634 383 1726 401 corru-

926 450 1033 477 tandem
1049 459 1124 481 eum,
1145 450 1190 476 cui
1207 454 1235 476 tu
1251 450 1279 476 in
1294 450 1407 476 consilio
1423 449 1535 481 fuisses,
1559 449 1632 484 apud
1643 458 1726 484 quem

926 496 1019 514 omnes
1030 487 1130 523 gradus
1142 487 1281 523 dignitatis
1293 491 1354 514 tuae
1368 488 1541 518 retinuisses,
1560 487 1727 522 pudentissi-

926 534 1001 551 mum
1014 525 1159 556 hominem‚
1173 525 1341 551 nobilissima
1354 524 1455 551 familia
1467 529 1568 555 natum,
1582 526 1682 559 optime
1693 524 1727 550 de

926 562 1064 597 republica
1076 563 1215 592 meritum,
1229 562 1255 588 in
1267 562 1412 588 discrimen
1424 562 1546 589 omnium
1559 562 1726 589 fortunarum

926 599 1075 626 vocavisti?
1094 599 1202 626 Scilicet
1222 599 1363 626 defendam
1380 600 1539 626 Decianum:
1561 600 1608 635 qui
1631 600 1678 626 tibi
1698 599 1726 626 in

926 638 1109 672 suspicionem
1121 636 1196 663 nullo
1206 645 1256 663 suo
1267 637 1363 663 delicto
1376 637 1457 663 venit.
1489 639 1531 663 82.
1544 638 1602 664 Non
1613 642 1662 668 est,
1676 637 1727 663 mi-

926 675 954 701 hi
964 675 1051 705 crede,
1064 678 1218 709 corruptus.
1244 674 1316 706 Quid
1327 675 1399 700 enim
1413 674 1472 706 fuit,
1485 675 1557 710 quod
1570 675 1602 701 ab
1615 683 1645 701 eo
1656 674 1727 701 redi-

926 711 1061 738 meretur?
1080 712 1113 738 Ut
1127 711 1237 738 duceret
1247 711 1398 738 iudicium?
1413 713 1458 738 cui
1469 721 1517 738 sex
1529 712 1606 738 horas
1618 712 1727 738 omnino

927 749 969 776 lex
985 749 1067 775 dedit.
1108 749 1245 781 Quantum
1261 749 1367 775 tandem
1382 758 1416 776 ex
1427 749 1469 775 bis
1481 750 1553 775 horis
1566 750 1724 780 detraheret,

925 787 948 813 si
968 787 1017 813 tibi
1038 795 1140 813 morem
1160 795 1252 822 gerere
1272 786 1422 813 voluisset?
1440 787 1574 813 Nimirum
1592 787 1660 813 illud
1676 791 1724 817 est,

925 824 999 859 quod
1010 825 1069 859 ipse
1079 825 1242 859 suspicatur.
1283 824 1407 851 Invidisti
1419 824 1527 860 ingenio
1536 824 1726 859 subscriptoris

927 862 977 889 tui.
999 861 1076 894 Quod
1087 862 1198 888 ornabat
1208 861 1286 888 facile
1298 862 1395 893 locum,
1409 870 1490 897 quem
1502 862 1688 897 prebenderat.
1702 866 1728 888 et

926 904 1002 926 acute
1014 904 1094 926 testes
1104 899 1297 936 interrogabat,
1311 904 1357 926 aut
1367 899 1397 912 ⁸*
1409 899 1651 929 circumveniebat3
1676 899 1728 925 sor-

926 942 997 964 tasse
1008 937 1124 968 fecisset,
1138 942 1168 963 ut
1179 941 1207 964 tu
1220 946 1253 964 ex
1263 937 1358 972 populi
1370 946 1492 964 sermone
1502 936 1668 972 excijmres‘.
1685 936 1728 962 ld-

925 976 996 1002 circo
1006 975 1151 1001 Decianum
1164 983 1250 1010 usque
1261 975 1294 1001 ad
1304 983 1428 1001 coronam
1440 974 1604 1010 applicuisti.
1628 974 1689 1005 Sed,
1700 979 1728 1000 ut

927 1013 976 1039 boc
987 1013 1043 1039 veri
1055 1012 1144 1039 simile
1155 1017 1208 1044 est,
1227 1013 1262 1039 ita
1273 1012 1345 1039 haud
1361 1013 1416 1039 veri
1432 1012 1534 1043 simile,
1553 1013 1698 1038 Decianum
1714 1021 1727 1038 a

926 1051 1020 1077 Flacco
1030 1059 1089 1076 esse
1101 1055 1268 1085 corruptum.
1310 1052 1351 1076 83.
1373 1051 1408 1076 lta
1420 1050 1527 1081 scitote,
1541 1050 1654 1081 iudices,
1668 1058 1728 1076 esse

925 1093 1026 1114 cetera:
1049 1087 1091 1114 vel
1108 1088 1182 1123 quod
1197 1088 1233 1114 ait
1245 1088 1389 1119 Lucceius,
1407 1088 1437 1114 L.
1456 1088 1580 1114 Flaccum
1596 1087 1648 1113 sibi
1665 1087 1729 1113 dare

926 1126 1044 1161 cupisse,
1058 1130 1088 1152 ut
1100 1135 1113 1151 a
1126 1126 1177 1151 ade
1189 1134 1217 1151 se
1229 1125 1381 1157 abduceret,
1395 1126 1548 1152 sestertium
1562 1125 1654 1151 vicies.
1696 1125 1729 1151 Et

926 1172 988 1190 eum
1000 1168 1029 1189 tu
1042 1172 1152 1189 accusas
1164 1163 1388 1198 avaritiae‚quem
1400 1163 1468 1189 dicis
1479 1163 1632 1189 sestertium
1644 1163 1728 1189 vicies

926 1201 1045 1227 voluisse
1056 1200 1185 1236 perdere‘?
1196 1201 1263 1227 Nam
1273 1201 1340 1236 quid
1351 1201 1464 1232 emebat,
1473 1209 1558 1236 quum
1570 1205 1594 1226 te
1605 1200 1729 1226 emebat?

926 1239 960 1265 Ut
981 1239 1013 1265 ad
1029 1247 1057 1265 se
1074 1238 1218 1265 transires?
1236 1238 1323 1270 Quam
1339 1243 1440 1273 partem
1456 1247 1566 1265 caussae
1582 1238 1631 1264 tibi
1652 1237 1729 1264 dare-

927 1276 1008 1302 mus?
1028 1276 1068 1303 An
1080 1280 1110 1302 ut
1121 1277 1274 1302 enuntiares
1285 1276 1396 1302 consilia
1410 1276 1510 1302 Laelii?
1530 1276 1581 1308 Qui
1600 1280 1680 1302 testes
1695 1275 1728 1301 ab

927 1321 957 1340 eo
969 1313 1124 1348 prodirent?
1135 1313 1224 1345 Quid‘?
1236 1314 1288 1340 Nos
1300 1323 1351 1340 uou
1365 1313 1523 1340 videbamus
1537 1312 1729 1339 habitareuna?

926 1352 993 1383 Quis
1016 1351 1065 1377 hoc
1087 1351 1190 1377 nescit?
1209 1351 1326 1377 Tabulas
1342 1352 1369 1377 in
1387 1351 1468 1377 Laelii
1486 1355 1614 1386 potestate
1631 1350 1726 1381 fuisse,

927 1398 992 1415 num
1004 1389 1120 1415 dubium
1131 1388 1189 1415 est‘?
1207 1389 1262 1419 Au,
1281 1398 1313 1415 ne
1326 1389 1509 1419 vehementer,
1523 1397 1556 1414 ne
1567 1388 1674 1422 copiose
1685 1397 1729 1414 ac—

926 1426 1054 1453 cusares?
1065 1427 1143 1453 Nunc
1155 1426 1219 1453 sacis
1231 1427 1422 1461 suspicionem.
1448 1427 1484 1452 lta
1497 1427 1568 1452 euim
1580 1425 1682 1457 dixisti,
1700 1430 1729 1452 ut

927 1465 1017 1491 nescio
1027 1463 1095 1499 quid
1106 1464 1154 1491 abs
1167 1468 1191 1491 te
1203 1464 1376 1499 impetratum
1387 1472 1446 1490 esse
1459 1463 1590 1490 videatur.

980 1539 1105 1566 XXXIV.
1119 1540 1160 1566 82.
1173 1539 1206 1565 At
1218 1539 1289 1565 enim
1300 1538 1418 1565 Androni
1431 1538 1544 1565 Sextilio
1553 1538 1644 1575 gravis
1656 1538 1729 1565 iniu-

927 1577 963 1603 ria
981 1576 1047 1603 sacta
1063 1581 1104 1603 est
1119 1581 1144 1603 et
1160 1586 1211 1603 non
1228 1576 1349 1603 serenda:
1372 1576 1458 1612 quod,
1480 1585 1567 1611 quum
1583 1581 1653 1602 esset
1669 1577 1728 1602 eius

926 1623 994 1641 uxor
1006 1613 1108 1640 Valeria
1121 1615 1245 1641 intestato
1256 1619 1372 1645 mortua,
1390 1614 1430 1640 sic.
1445 1614 1498 1649 egit
1514 1623 1572 1640 cam
1586 1622 1640 1640 rem
1653 1613 1729 1640 Flac-

925 1661 983 1683 cus,
997 1652 1075 1686 quasi
1087 1652 1119 1678 ad
1130 1653 1222 1687 ipsum
1234 1652 1368 1678 hereditas
1381 1652 1532 1686 pertineret.
1557 1653 1583 1677 lu
1596 1660 1650 1686 quo
1660 1651 1727 1686 quid

926 1689 1120 1724 reprehendas,
1143 1690 1211 1715 scire.
1227 1690 1316 1724 cupio.
1358 1689 1434 1721 Quod
1452 1689 1550 1715 salsum
1567 1688 1729 1715 iuteuderit‘?

925 1727 977 1759 Qui
989 1726 1087 1753 doccs‘?
1098 1728 1224 1760 Ingenua,
1238 1727 1336 1762 inquit,
1350 1727 1409 1753 l'uit.
1441 1726 1463 1753 O
1475 1727 1590 1762 peritum
1603 1727 1669 1753 iuris
1681 1727 1729 1752 bo·-

926 1765 1041 1791 miuem!
1055 1764 1145 1797 Quid‘?
1155 1765 1196 1791 Ab
1207 1765 1332 1800 ingenuis
1345 1764 1506 1791 mulieribus
1519 1764 1679 1791 hereditates
1692 1764 1729 1790 le-

924 1811 957 1839 ge
970 1812 1021 1829 uon
1035 1802 1166 1829 veniunt?
1177 1804 1203 1829 lu
1217 1812 1335 1833 manum,
1349 1803 1446 1837 inquit,
1460 1807 1628 1828 convenerat.
1652 1802 1728 1828 Nuuc

925 1840 1015 1867 audio.
1057 1840 1110 1866 Sed
1121 1849 1230 1875 quaero,
1245 1849 1296 1866 usu
1308 1849 1340 1866 an
1352 1840 1537 1875 coemptione?
1549 1840 1604 1866 Usu
1617 1848 1668 1866 nou
1682 1848 1729 1874 po-

926 1878 986 1905 tuit.
1005 1877 1077 1904 Nihil
1090 1878 1161 1904 enim
1175 1882 1261 1913 potest
1272 1878 1304 1904 dc
1317 1877 1398 1904 tutela
1412 1877 1530 1913 legitima
1543 1878 1593 1903 uisi
1605 1877 1726 1903 omnium

926 1920 1045 1942 tutorum
1057 1916 1212 1942 auctoritate
1223 1916 1355 1941 deminui.
1391 1916 1583 1950 Cocmptioue‘?
1593 1915 1727 1941 Omnibus

925 1962 988 1989 ergo
999 1953 1164 1980 auctoribus.
1206 1954 1234 1979 lu
1246 1953 1348 1988 quibus
1359 1957 1428 1979 certe
1441 1953 1565 1979 Flaccum
1579 1952 1663 1979 fuisse
1676 1961 1727 1978 unu

925 1991 1009 2017 dices.
1025 1990 1248 2026 Sam-linquitur
1260 1990 1418 2026 iltud‚quo‹1
1431 1990 1568 2017 vociferari
1582 1999 1633 2016 nou
1644 1990 1727 2016 desti-

926 2029 965 2060 tit,
978 2037 1030 2055 non
1043 2028 1180 2059 debuisse,
1194 2037 1279 2063 quum
1293 2033 1397 2063 praetor
1407 2033 1485 2059 essct,
1495 2037 1576 2054 suum
1589 2028 1726 2063 negotium

925 2074 1003 2101 agere
1019 2070 1065 2092 aut
1077 2066 1239 2092 mentionem
1252 2065 1337 2092 facere
1350 2066 1514 2092 hereditatis.
1538 2066 1668 2092 Maximus
1680 2074 1728 2091 au-

925 2103 970 2130 dio
982 2103 1040 2135 tibi,
1055 2104 1084 2130 L.
1098 2103 1219 2134 Luculle,
1232 2103 1324 2138 quide
1338 2104 1366 2129 L.
1380 2103 1473 2129 Flacco
1484 2103 1643 2129 senteutiam
1659 2102 1727 2128 latu-

925 2149 971 2167 rus
983 2149 1025 2172 es,
1040 2149 1087 2176 pro
1098 2145 1142 2167 tua
1154 2141 1252 2167 eximia
1266 2140 1421 2167 liberalitate
1434 2140 1615 2175 inaximisque
1627 2140 1728 2166 bructi-

924 2179 973 2205 ciis
986 2179 1012 2205 iu
1024 2183 1098 2208 tuos,
1113 2179 1218 2204 venisse
1231 2178 1405 2209 hereditates,
1417 2187 1502 2213 quum
1516 2178 1604 2203 Asiam
1618 2178 1727 2212 provin-

924 2216 992 2242 ciam
1003 2215 1139 2242 consulari
1151 2216 1264 2250 imperio
1274 2215 1420 2242 obtineres.
1442 2216 1468 2241 Si
1481 2215 1543 2250 quis
1555 2224 1599 2241 eas
1610 2224 1673 2240 suas
1684 2224 1727 2240 es-

924 2262 953 2279 se
964 2253 1090 2284 dixisset.
1109 2252 1307 2279 concessisses?
1326 2253 1375 2283 Tu,
1389 2253 1418 2278 T.
1433 2253 1519 2283 vecti,
1537 2253 1559 2278 si
1575 2261 1627 2287 qua
1641 2252 1686 2278 tibi
1700 2253 1725 2278 iu

924 2290 1012 2316 Africa
1024 2291 1127 2316 venerit
1139 2290 1286 2320 hereditas,
1300 2299 1351 2316 usu
1363 2290 1487 2316 aiuittesi'
1506 2299 1538 2315 au
1552 2294 1638 2317 tuum.
1653 2289 1726 2315 nulla

925 2328 1043 2357 avaritia,
1060 2327 1133 2353 salva
1146 2327 1284 2362 dignitate,
1299 2327 1445 2353 retinebis?
1460 2327 1491 2353 At
1504 2327 1581 2352 istius
1594 2326 1726 2352 beredita-

925 2366 958 2391 tis
977 2365 1028 2390 iam
1040 2364 1158 2391 Globulo
1175 2370 1293 2399 praetore
1307 2365 1391 2390 Flacci
1406 2365 1512 2390 uotuiue
1525 2365 1605 2398 petita
1618 2373 1726 2398 posses-

924 2402 1025 2428 siovst.
1068 2402 1124 2427 Non
1138 2401 1220 2437 igitur
1232 2402 1387 2436 impressio,
1406 2410 1456 2427 nou
1473 2401 1584 2430 occisio,
1604 2410 1655 2427 uuu
1673 2402 1723 2433 vis,

926 2449 976 2466 nun
990 2444 1110 2474 tempus,
1130 2447 1180 2465 nou
1194 2439 1352 2473 imperium,
1372 2448 1422 2465 nou
1434 2447 1542 2464 secures
1553 2438 1585 2464 ad
1599 2439 1724 2465 iniuriam

926 2476 1073 2503 faciendam
1088 2476 1172 2502 Flacci
1185 2477 1304 2502 animum
1318 2475 1492 2510 impulerunt.
1525 2478 1566 2502 Sti.
1581 2477 1670 2511 ltaque
1682 2485 1725 2503 co—

924 2514 985 2541 dem
1002 2515 1080 2540 ctiam
1099 2514 1132 2540 M,
1148 2514 1244 2544 Lurco,
1267 2514 1308 2540 vir
1322 2514 1455 2548 optimus,
1479 2522 1555 2540 uicus
1574 2513 1722 2544 saiuiliaris,

923 2552 1054 2578 convertit
1070 2551 1192 2578 aculeum
1209 2551 1353 2578 testimonii
1370 2552 1422 2577 sui.
1464 2551 1576 2587 Negavit
1592 2561 1604 2577 a
1622 2552 1726 2586 privato

925 2590 1066 2624 pecuniam
1079 2589 1105 2615 iu
1119 2589 1254 2624 provincia
1266 2593 1412 2624 praetorem
1426 2593 1513 2623 petere
1524 2594 1655 2624 opurterc.
1672 2590 1725 2615 Cur

925 2626 1041 2657 tandem,
1057 2626 1092 2653 M.
1107 2626 1200 2659 Lurco,
1215 2635 1266 2653 non
1278 2625 1398 2661 oportet?
1416 2626 1590 2662 Extorqucrc,
1604 2627 1724 2662 accipere

924 2669 1013 2690 contra
1035 2663 1107 2700 leges
1128 2673 1179 2691 nou
1201 2669 1315 2700 oportet:
1341 2669 1429 2699 petere
1451 2673 1502 2690 uon
1518 2669 1638 2699 oportere
1654 2673 1723 2691 uuu-

924 2710 1005 2737 quam
1018 2701 1155 2733 ostendes,
1170 2702 1221 2729 nisi
1233 2701 1356 2729 docueris
1368 2711 1419 2728 non
1433 2701 1519 2728 licere.
1562 2702 1601 2728 Au
1615 2701 1724 2738 legatio-

1485 2752 1515 2776 59
