1941 3052
328 94 657 122 EPISTOLARUM
685 94 739 120 AD
768 93 993 121 DlVERSOS
1024 93 1178 120 LIB.X1.
1208 92 1271 118 ΕΡ.
1296 93 1442 119 ⁴3—20.

115 169 151 195 M.
167 168 196 194 Τ.
212 167 241 194 C.
257 166 284 193 S.
300 167 329 193 P.
344 167 375 193 D.
391 167 421 193 D.
437 165 548 193 BRUTO
562 165 807 192 1MP.COS.DES.

121 208 143 232 4.
165 201 312 239 Permagni
325 205 447 235 interest,
464 204 580 238 quotibi
592 203 657 229 haec
672 208 790 238 tempore
802 203 860 237 epi-

63 243 130 271 stola
146 242 249 269 reddita
265 242 313 268 sit:
336 246 428 267 utrum
443 250 529 276 quum
548 240 740 267 sollicitudinis
757 239 861 275 aliquid

63 281 190 311 haberes,
212 288 245 305 an
265 287 350 313 quum
371 279 404 305 ab
423 279 497 305 omni
519 278 640 305 molestia
658 287 760 304 vacuus
775 286 859 304 esseS.

62 319 154 353 ltaque
165 318 189 343 ei
201 317 335 351 praecepi,
349 325 431 350 quem
443 316 476 342 ad
488 320 512 342 te
524 316 597 346 misi,
610 320 640 342 ut
651 320 758 350 tempus
769 315 862 341 obscr-

63 359 137 382 varet
147 354 276 389 epistolae
291 354 340 380 tibi
352 353 513 380 reddendae.
540 354 607 379 Nam
619 352 859 388 quemadmodum,

63 401 151 419 coram
163 392 210 426 qui
222 391 254 417 ad
267 400 314 417 nos
326 391 516 425 intempestive
528 390 641 421 adeunt,
659 390 765 416 molesti
782 397 861 424 saepe

63 434 139 456 sunt:
162 429 201 455 sic
213 428 342 463 epistolae
357 428 510 459 offendunt,
528 437 580 454 non
593 427 649 454 loco
661 427 791 454 redditae.
833 426 862 452 Si

63 471 167 498 autem,
184 471 213 492 ut
224 475 315 501 spero,
330 466 399 492 nihil
411 470 435 492 te
448 465 598 500 perturbat,
613 465 681 491 nihil
694 464 822 499 impedit;
837 468 863 490 et

64 504 119 535 ille,
133 505 177 530 cui
188 504 323 534 mandavi,
333 504 398 530 satis
409 503 474 529 scite
486 507 511 529 et
522 502 660 529 commode
673 507 779 536 tempus
791 501 824 528 ad
838 505 862 527 te

63 542 136 576 cepit
151 541 283 567 adeundi:
301 540 419 571 confido,
438 549 493 571 me,
512 540 585 575 quod
601 539 697 570 velim,
716 539 794 565 facile
809 547 823 564 a
838 543 863 564 te

64 579 282 614 impetraturum.
323 580 347 605 2.
370 578 399 604 L.
416 578 508 604 Lamia
525 582 677 612 praeturam
692 577 768 611 petit.
809 576 863 602 Hoc

63 625 114 652 ego
130 620 189 642 utor
206 625 258 642 uno
273 616 395 642 omnium
414 615 574 649 plurimum.
615 615 711 650 Magna
731 617 860 644 vetustas,

64 662 161 689 magna
172 652 338 679 consuetudo
350 652 503 678 intercedit:
517 651 644 686 quodque
655 651 805 686 plurimum
816 659 864 676 va-

66 691 115 722 let,
134 690 202 717 nihil
215 690 283 716 mihi
295 691 353 716 eius
365 694 405 715 est
416 689 597 715 familiaritate
609 688 766 715 iucundius.
808 688 864 713 Ma-

65 737 119 764 gno
139 732 273 763 praeterea
293 727 425 753 beneficio
443 727 502 753 eius
522 734 675 762 magnoque
691 726 786 752 merito
802 733 863 751 sum

64 765 210 801 obligatus.
251 765 319 790 Nam
330 764 467 790 Clodianis
479 763 661 798 temporibus,
679 772 765 798 quum
779 771 864 797 eque-

64 803 128 830 stris
143 802 246 829 ordinis
261 802 389 836 princeps
400 806 471 827 esset
484 810 586 836 proque
598 810 657 827 mea
668 800 754 827 salute
766 800 864 826 acerri-

65 848 108 866 me
128 844 321 875 propugnaret,
345 848 358 864 a
386 839 502 865 Gabinio
522 838 633 865 consule
653 838 787 873 relegatus
807 842 861 863 est:

64 877 138 912 quod
158 882 218 903 ante
240 876 267 902 id
287 881 394 911 tempus
410 876 465 902 civi
480 877 599 903 Romano
620 876 732 911 contigit
750 875 862 901 nemini.

64 915 118 942 noc
139 923 224 949 quum
244 913 362 948 populus
381 914 517 940 Romanus
537 913 704 944 meminerit,
728 913 864 948 meipsum

66 961 118 979 non
130 952 287 978 meminisse
299 952 488 986 turpissimum
500 955 550 978 est.
580 953 605 978 3.
624 951 792 986 Quapropter
802 959 865 985 per-

65 989 149 1016 suade
161 989 224 1020 tibi,
242 989 280 1015 mi
291 989 384 1020 Brute,
403 997 445 1015 me
457 993 546 1023 petere
558 993 722 1023 praeturam.
763 987 865 1020 Quam-

65 1035 148 1062 quam
164 1027 237 1053 enim
253 1027 345 1052 Lamia
360 1035 467 1052 summo
483 1026 639 1061 splendore,
658 1034 764 1052 summa
779 1025 864 1061 gratia

65 1069 114 1096 est,
128 1064 397 1100 magnificentissimo
408 1072 519 1090 munere
530 1063 667 1090 aedilicio:
685 1068 783 1094 tamen,
797 1071 865 1098 qua—

65 1102 90 1128 si
111 1110 141 1128 ea
165 1102 200 1128 ita
221 1110 273 1128 non
294 1106 396 1133 essent,
420 1110 469 1137 ego
485 1101 594 1136 suscepi
614 1105 698 1128 totum
714 1101 863 1136 negotium.

65 1140 157 1171 Nunc,
179 1140 203 1166 si
219 1148 261 1165 me
277 1139 342 1165 tanti
359 1138 439 1170 facis,
462 1139 556 1174 quanti
573 1142 642 1165 certe
658 1137 738 1170 facis,
756 1137 864 1173 quando

66 1177 189 1212 equitum
200 1177 335 1203 centurias
347 1180 431 1208 tenes,
445 1176 473 1202 in
485 1177 547 1211 quis
559 1184 664 1211 regnas,
679 1176 754 1202 mitte
765 1175 799 1202 ad
811 1176 866 1202 Lu-

66 1223 132 1249 pum
145 1218 276 1245 nostrum,
289 1218 318 1240 ut
330 1214 352 1239 is
364 1214 442 1240 nobis
454 1222 498 1239 eas
510 1214 645 1240 centurias
656 1213 789 1240 conficiat.
806 1214 864 1239 Non

66 1251 162 1278 tenebo
178 1255 202 1278 te
213 1251 349 1286 pluribus.
390 1251 490 1277 Ponam
502 1251 529 1277 in
540 1255 669 1282 extremo,
683 1250 756 1285 quod
767 1251 863 1277 sentio.

66 1289 141 1315 Nihil
158 1293 211 1320 est,
229 1289 322 1320 Brute,
341 1297 426 1323 quum
441 1289 531 1315 onmia
542 1297 557 1314 a
568 1293 592 1316 te
604 1293 773 1323 exspectem,
791 1287 865 1324 quod

66 1327 135 1353 mihi
146 1327 249 1362 gratius
260 1325 346 1352 facere
357 1327 457 1361 possis.

121 1396 195 1416 xvn.
210 1397 228 1416 Δ
235 1396 253 1416 R
260 1396 286 1416 G.
302 1395 385 1416 lterum
394 1396 529 1416 commendat
539 1394 644 1415 Lamiam.

257 1433 294 1454 (M.
305 1432 389 1451 Antonio
399 1439 436 1450 cos.
448 1435 494 1451 710.
506 1433 575 1450 incerto
586 1431 666 1454 mense.)

194 1476 230 1503 M.
252 1476 282 1503 T.
304 1476 334 1503 C.
356 1475 384 1502 S.
408 1476 435 1502 D.
461 1477 492 1503 D.
513 1475 642 1502 BRUTO
663 1475 740 1502 IMP.

125 1515 148 1540 l.
169 1509 268 1540 Lamia
283 1522 336 1540 uno
346 1514 469 1540 omnium
481 1513 693 1540 familiarissime
705 1518 774 1540 utor.
810 1513 866 1539 Ma-

65 1559 119 1587 gna
130 1551 190 1577 eius
206 1551 233 1577 in
250 1560 307 1583 me,
325 1559 377 1578 non
393 1551 454 1578 dico
469 1551 570 1582 officia,
589 1551 637 1577 sed
654 1551 762 1582 merita,
780 1558 865 1585 eaque

66 1593 131 1615 sunt
140 1588 241 1624 populo
252 1590 371 1616 Romano
382 1589 533 1616 notissima.
560 1590 585 1615 Is
596 1588 866 1625 magnificentissimo

67 1634 178 1653 munere
189 1626 334 1653 aedilitatis
345 1626 504 1662 perfunctus
515 1627 750 1662 petitpraeturam,
759 1635 867 1653 omnes-

66 1672 119 1699 que
132 1663 288 1700 intelligunt
303 1673 352 1690 nec
366 1664 526 1700 dignitatem
538 1665 562 1691 ei
573 1664 668 1691 deesse
680 1673 729 1690 nee
740 1665 864 1700 gratiam.

67 1700 120 1728 Sed
138 1701 161 1727 is
177 1702 296 1728 ambitus
311 1706 416 1728 exstare
432 1702 554 1733 videtur,
572 1706 602 1729 ut
617 1710 666 1738 ego
681 1703 771 1728 onmia
783 1702 867 1737 perti-

67 1747 195 1772 mescam,
212 1743 348 1774 totamque
359 1740 517 1774 petitionem
528 1740 637 1766 Lamiae
649 1739 717 1766 mihi
728 1740 867 1766 sustinen-

67 1775 130 1802 dam
141 1781 244 1811 putem.
284 1778 309 1804 2.
332 1778 360 1803 In
374 1785 405 1803 ea
416 1786 444 1804 re
455 1782 588 1812 quantum
599 1786 641 1803 me
652 1777 741 1812 possis
753 1777 867 1804 adiuva-

67 1822 109 1845 re,
128 1813 206 1840 facile
221 1815 369 1849 perspicio:
388 1823 437 1841 nec
454 1824 529 1847 vero,
547 1819 679 1850 quantum
695 1823 755 1842 mea
771 1823 867 1841 caussa

68 1850 151 1882 velis,
169 1851 274 1878 dubito.
314 1851 402 1879 Velim
414 1852 510 1888 igitur,
528 1853 670 1884 miBrute,
690 1853 740 1879 tibi
755 1861 868 1887 persua-

68 1887 142 1920 deas,
156 1888 224 1915 nihil
237 1896 279 1914 me
291 1889 391 1916 maiore
401 1889 491 1916 studio
503 1899 517 1916 a
529 1895 553 1916 te
564 1895 664 1925 petere,
681 1889 749 1916 nihil
763 1894 787 1916 te
800 1889 868 1916 mihi

68 1926 172 1961 gratius
188 1925 274 1952 tacere
290 1935 382 1961 posse,
404 1935 486 1962 quam
503 1928 526 1953 si
542 1927 670 1954 omnibus
686 1928 740 1954 tuis
756 1927 866 1962 opibus,

67 1963 142 1990 omni
158 1963 248 1990 studio
263 1963 381 1990 Lamiam
394 1964 421 1990 in
433 1965 560 1999 petitione
572 1965 689 1997 iuveris,
705 1965 779 2000 quod
789 1969 818 1992 ut
830 1964 870 1991 fa-

68 2001 134 2033 cias,
149 2000 323 2028 vehementer
333 2005 358 2028 te
369 2009 442 2037 rogo.

122 2070 208 2092 xvnt.
225 2071 303 2091 ARG.
320 2069 470 2097 Reprehendit
482 2070 544 2090 Bruti
556 2071 665 2092 timorem.

248 2107 328 2129 (Romae
335 2121 340 2129 ,
351 2107 415 2125 inci-isis
425 2107 483 2125 Pansa
491 2120 495 2127 ,
505 2107 567 2125 Hirtio
577 2114 623 2125 cuns.
635 2110 690 2129 711.)

120 2151 156 2178 M.
178 2151 208 2177 T.
230 2150 259 2177 C.
282 2150 309 2177 S.
331 2151 361 2177 D.
383 2150 511 2177 BRUTO
531 2151 606 2177 IMP.
629 2150 712 2178 COS.
733 2150 815 2178 DES.

127 2190 150 2215 4.
172 2185 234 2214 Etsi
250 2197 284 2215 ex
299 2188 446 2219 mandatis,
467 2197 536 2223 quae
551 2188 652 2215 Galbae
669 2188 868 2223 Volumnioque

70 2225 103 2253 ad
113 2231 236 2252 senatum
249 2225 362 2257 dedisti,
376 2225 442 2260 quid
454 2225 605 2252 timendum
616 2226 868 2261 suspicandumque

69 2268 178 2299 putares
193 2263 415 2298 suspicabamur:
434 2268 521 2289 tamen
538 2263 673 2290 timidiora
690 2263 814 2290 mandata
827 2263 868 2289 vi-

69 2301 216 2332 debantur,
234 2309 316 2336 quam
333 2305 388 2327 erat
403 2300 518 2336 dignum
534 2305 578 2326 tua
594 2301 743 2336 populique
755 2301 867 2327 Romani

70 2338 191 2365 victoria.
223 2338 337 2365 Senatus
348 2342 448 2369 autem,
461 2339 498 2364 mi
510 2339 598 2369 Brute,
614 2338 688 2365 sortis
700 2343 776 2365 estet
788 2338 869 2365 habet

70 2374 150 2402 fortes
165 2375 259 2402 duces.
299 2377 391 2411 ltaque
408 2375 519 2401 moleste
536 2375 638 2402 serebat
652 2385 680 2402 se
697 2385 711 2402 a
728 2381 766 2406 te,
786 2384 868 2410 quem

70 2413 202 2445 omnium,
215 2414 383 2448 quicumque
395 2412 519 2444 fuissent,
534 2412 712 2439 fortissimum
726 2412 865 2443 iudicaret,

70 2450 196 2477 timidum
213 2455 293 2486 atque
310 2452 439 2487 ignavum
452 2450 576 2477 iudicari.
616 2452 641 2477 2.
664 2451 770 2477 Etenim
782 2458 867 2485 quum

70 2491 96 2514 te
111 2487 215 2515 incluso
230 2497 307 2523 spem
324 2489 470 2515 maximam
486 2496 580 2514 onmes
604 2487 764 2514 habuissent
781 2488 807 2514 in
825 2493 868 2514 tun

71 2524 183 2556 virtute,
201 2525 309 2553 ssorente
326 2526 453 2553 Antonio:
476 2526 539 2560 quis
555 2529 624 2556 erat,
648 2526 695 2560 qui
717 2525 867 2560 quidquam

72 2561 176 2589 timeret
187 2562 324 2599 profligato
337 2563 391 2595 illo,
409 2568 432 2590 te
445 2562 574 2589 liberato?
595 2563 648 2588 Nec
661 2571 723 2589 vero
736 2562 867 2597 Lepidum

73 2599 244 2626 timebamus.
285 2602 352 2633 Quis
368 2601 440 2627 enim
457 2605 541 2631 esset,
559 2600 606 2635 qui
625 2600 701 2626 illum
717 2605 769 2626 tum
786 2599 868 2626 turio-

72 2644 133 2663 sum
144 2637 325 2671 arbitraretur,
334 2639 428 2674 ut‚qui
441 2638 467 2665 in
479 2638 597 2665 maximo
611 2637 681 2665 bello
692 2646 786 2674 pacem
799 2637 868 2664 velle

1656 92 1704 118 729

912 172 940 190 se
951 163 1079 195 dixisset,
1097 165 1120 190 is
1133 164 1160 190 in
1171 164 1340 198 optatissima
1350 171 1415 198 pace
1427 161 1529 188 bellum
1542 162 1708 196 reipublicae

913 201 1060 228 indiceret‘?
1090 202 1144 227 Nec
1159 201 1267 232 dubito,
1290 201 1357 235 quin
1373 205 1402 227 tu
1418 199 1480 235 plus
1495 199 1649 233 provideas.
1682 202 1706 225 3.

913 239 966 265 Sed
978 244 1066 265 tamen
1078 243 1132 265 tam
1144 239 1243 265 recenti
1255 237 1441 273 gratulatione,
1450 245 1531 272 quam
1544 241 1588 262 tuo
1600 236 1708 262 nomine

913 277 946 303 ad
957 277 1047 302 omnia
1063 276 1174 302 deorum
1190 276 1289 310 templa
1306 275 1434 305 fecimus,
1452 274 1588 300 renovatio
1604 274 1709 300 timoris

913 323 1039 349 magnam
1051 313 1201 340 molestiam
1212 313 1346 339 afferebat.
1377 312 1464 344 Quare
1476 311 1558 337 velim
1569 311 1707 346 equidem,

914 351 941 377 id
957 351 1030 386 quod
1045 360 1137 386 spero,
1155 356 1184 377 ut
1200 350 1278 386 plane
1293 350 1414 376 abiectus
1429 354 1454 375 et
1470 348 1568 375 fractus
1582 349 1617 374 sit
1627 349 1710 374 Anto-

914 389 989 420 nius,
1007 389 1050 415 sin
1066 388 1170 423 aliquid
1187 389 1287 414 virium
1304 387 1369 414 forte
1384 386 1535 422 collegerit,
1554 386 1650 412 sentiet
1662 394 1710 411 nec

913 427 1019 452 senatui
1034 426 1179 452 consilium
1195 434 1243 452 nec
1254 425 1353 460 populo
1366 425 1483 451 Romano
1494 424 1621 450 virtutem
1632 422 1711 448 dees-

913 472 956 494 se,
978 472 1027 490 nec
1042 463 1209 498 reipublicae
1224 468 1249 490 te
1268 463 1331 489 vivo
1346 463 1545 496 imperatorem.
1574 469 1632 487 xxv.
1650 460 1709 487 Kal.

914 501 972 528 lun.

965 570 1030 591 xlx.
1046 570 1123 590 ARG.
1140 570 1173 590 De
1181 576 1226 596 rep.
1239 569 1301 589 timet
1309 585 1313 593 ,
1327 568 1457 589 Vicentinos
1468 568 1610 588 commen-tat.

1133 606 1214 628 (Occisis
1223 607 1290 626 Pansa.
1300 606 1363 623 Hiuiin
1373 612 1419 623 coss.
1434 607 1489 625 711.)

1053 651 1084 676 D.
1105 649 1258 676 BRUTUS
1279 649 1307 675 S.
1329 649 1358 675 P.
1381 649 1410 674 D.
1433 648 1468 674 M.
1491 648 1520 674 T.
1545 648 1573 675 C.

973 689 996 714 ⁴.
1018 683 1065 714 Ad
1084 691 1208 713 senatum
1229 695 1296 721 quas
1319 686 1418 712 litteras
1438 686 1514 715 misi,
1538 684 1619 710 velim
1635 684 1712 718 prius

914 725 1047 761 perlegas,
1061 729 1094 756 et,
1108 725 1132 750 si
1143 733 1196 759 qua
1207 724 1257 750 tibi
1268 723 1447 753 videbuntur,
1460 726 1619 748 commutes.
1659 722 1712 746 Ne-

915 763 1031 789 cessario
1042 771 1084 788 me
1095 762 1238 796 scripsisse
1251 761 1309 795 ipse
1320 759 1532 786 animadvertes:
1554 768 1615 784 nam
1626 767 1712 793 quum

914 799 1170 836 putaremQuartam
1181 799 1333 825 etMartiam
1347 797 1466 833 legiones
1478 805 1584 822 mecum
1596 795 1711 826 suturas,

915 843 944 864 ut
954 839 1039 864 Druso
1054 836 1202 871 Paulloque
1218 835 1368 870 placuerat,
1391 834 1469 861 vobis
1485 832 1710 860 assentientibus:

915 876 1006 902 minus
1031 874 1064 901 de
1090 873 1204 908 reliquis
1228 873 1310 899 rebus
1339 871 1516 898 laborandum
1546 870 1711 897 existimavi.

915 914 993 939 Nunc
1013 920 1090 942 vero,
1112 920 1198 946 quum
1214 911 1267 936 sim
1283 919 1345 936 cum
1367 909 1502 936 tironibus
1517 908 1711 944 egentissimis,

916 950 994 977 valde
1011 955 1036 976 et
1051 958 1138 975 meam
1154 953 1179 975 et
1190 953 1307 975 vestram
1319 948 1406 974 vicem
1417 947 1525 973 timeam
1538 953 1647 972 necesse
1661 950 1712 971 est.

915 989 941 1015 2.
963 987 1098 1015 Vicentini
1114 995 1156 1012 me
1171 991 1197 1012 et
1212 986 1247 1012 M.
1264 986 1377 1012 Brutum
1393 985 1537 1019 praecipue
1557 983 1712 1009 observant.

916 1026 963 1052 His
978 1034 1011 1052 ne
1027 1033 1109 1059 quam
1125 1024 1226 1059 patiare
1244 1023 1371 1049 iniuriam
1387 1022 1445 1048 fieri
1460 1022 1486 1048 in
1508 1025 1602 1047 senatu
1618 1028 1715 1046 verna-

916 1072 976 1089 rum
991 1071 1100 1093 caussa,
1123 1071 1136 1088 a
1153 1066 1177 1088 te
1193 1066 1264 1096 peto.
1305 1060 1435 1087 Caussam
1454 1058 1554 1085 habent
1573 1058 1712 1092 optimam,

915 1100 1036 1127 officium
1047 1100 1075 1126 in
1090 1099 1287 1134 rempublicam
1302 1106 1454 1128 summum,
1472 1104 1558 1132 genus
1574 1095 1714 1122 hominum

916 1138 1132 1165 adversariorum
1143 1136 1303 1163 seditiosum
1315 1140 1340 1162 et
1350 1135 1557 1162 inertissimum.
1591 1141 1640 1159 xu.
1663 1132 1715 1158 Ka—

917 1175 989 1203 lend.
1001 1176 1060 1202 Iun.
1072 1174 1213 1202 Vercellis.

969 1245 1023 1266 XX.
1043 1245 1120 1265 ARG.
1136 1244 1263 1265 Ciceronem
1274 1245 1355 1266 munet.
1366 1244 1390 1262 ut
1400 1244 1516 1262 veterano·
1527 1239 1570 1260 sibi
1581 1238 1693 1260 conciliet.

1135 1280 1216 1303 (Occisis
1226 1281 1284 1298 Pausa
1292 1293 1297 1300 ,
1308 1279 1371 1297 Hirtio
1382 1285 1428 1295 tous.
1441 1280 1496 1298 711.)

974 1326 1004 1352 D.
1022 1324 1153 1352 BRUTUS
1169 1325 1236 1350 lMP.
1254 1322 1327 1350 COS.
1343 1322 1416 1348 DES.
1434 1321 1460 1348 S.
1478 1321 1508 1347 D.
1525 1320 1560 1346 M.
1578 1319 1607 1345 T.
1625 1318 1654 1345 C.

976 1365 998 1390 t.
1021 1358 1105 1394 Quod
1118 1371 1165 1397 pro
1180 1370 1222 1388 me
1239 1370 1291 1387 non
1308 1360 1388 1390 facio.
1408 1358 1434 1385 id
1446 1367 1494 1393 pro
1505 1363 1529 1384 te
1542 1357 1626 1383 facere
1639 1364 1715 1381 meus

918 1401 945 1427 in
962 1405 986 1427 te
1002 1409 1076 1427 amor
1088 1405 1186 1434 tuaque
1200 1398 1287 1425 officia
1299 1402 1411 1432 cogunt,
1431 1401 1459 1422 ut
1471 1396 1589 1422 timeam.
1630 1393 1715 1427 Saepe

918 1439 990 1464 enim
1007 1438 1075 1464 mihi
1090 1446 1176 1472 quum
1192 1441 1263 1463 esset
1282 1435 1385 1461 dictum
1403 1442 1489 1468 neque
1506 1442 1519 1459 a
1538 1440 1580 1458 me
1596 1436 1715 1457 contem-

917 1480 1008 1511 ptum,
1026 1475 1174 1501 novissime
1187 1474 1274 1500 Labeo
1286 1472 1426 1508 Segulius,
1445 1471 1524 1497 homo
1538 1469 1591 1495 sibi
1607 1467 1716 1494 similli-

919 1522 988 1544 mus,
1003 1513 1120 1539 narravit
1132 1512 1199 1538 milii
1214 1510 1285 1546 apud
1297 1510 1438 1536 Caesarem
1449 1518 1477 1534 se
1490 1507 1573 1534 [uisse
1586 1506 1716 1532 multum-

918 1559 970 1586 que
986 1559 1139 1577 sermonem
1153 1549 1186 1575 de
1202 1554 1226 1575 te
1242 1548 1365 1575 habitum
1381 1555 1453 1579 esse,
1473 1546 1563 1581 ipsum
1574 1544 1715 1571 Caesarem

918 1587 987 1615 nihil
999 1597 1062 1615 sane
1074 1587 1107 1614 de
1118 1592 1143 1615 te
1154 1591 1294 1623 questum,
1312 1587 1364 1612 nisi
1380 1583 1503 1621 [dictum]
1520 1582 1592 1618 quod
1604 1581 1714 1612 diceret,

919 1632 942 1653 tc
955 1627 1072 1657 dixisse,
1088 1625 1253 1652 laudandum
1265 1624 1460 1650 adolescentem
1469 1643 1475 1652 ,
1488 1620 1653 1649 ornandum,
1667 1618 1716 1645 tol-

919 1664 1043 1696 lendum,
1068 1673 1097 1689 se
1112 1672 1164 1690 non
1181 1671 1240 1689 esse
1256 1662 1480 1689 commissurum,
1503 1663 1532 1685 ut
1548 1657 1604 1684 tolli
1620 1657 1715 1691 possit.

919 1703 972 1729 Hoc
983 1711 1032 1737 ego
1044 1701 1195 1727 Labeonem
1207 1699 1286 1726 credo
1303 1699 1342 1725 illi
1358 1697 1482 1724 retulisse
1494 1701 1539 1722 aut
1551 1695 1662 1721 linxisse
1674 1694 1717 1719 di-

919 1744 1005 1770 ctum,
1028 1748 1080 1765 non
1092 1739 1125 1765 ab
1137 1738 1305 1764 adolescente
1317 1735 1460 1771 prolatum.
1501 1734 1643 1760 Veteranos
1654 1739 1717 1757 vero

919 1778 1037 1812 pessime
1049 1776 1133 1811 loqui,
1142 1774 1342 1802 volebatLabeo
1355 1782 1396 1799 me
1408 1771 1526 1802 credere,
1539 1775 1565 1797 et
1576 1769 1626 1796 tibi
1637 1769 1670 1795 ab
1684 1769 1717 1794 iis

919 1816 1018 1842 instare
1030 1813 1196 1849 periculum3
1210 1813 1382 1846 maximeque
1392 1809 1538 1845 indignari,
1547 1806 1619 1843 quod
1631 1807 1658 1833 in
1670 1806 1718 1832 dc-

919 1852 1047 1879 cemviris
1058 1860 1146 1886 neque
1157 1851 1254 1877 Caesar
1270 1858 1357 1884 neque
1368 1856 1418 1884 ego
1429 1847 1514 1873 habiti
1525 1853 1648 1872 essemus
1656 1865 1662 1874 ,
1678 1848 1718 1870 at-

919 1899 972 1925 que
982 1890 1071 1916 omnia
1079 1889 1112 1915 ad
1120 1893 1239 1915 vestrum
1247 1887 1388 1913 arbitrium
1395 1883 1594 1912 essontcollata.
1612 1882 1718 1924 &llaec

920 1936 1005 1963 quum
1021 1927 1159 1953 audissem
1175 1930 1201 1953 et
1213 1927 1266 1952 iam
1278 1926 1304 1951 in
1318 1925 1411 1951 itinere
1422 1930 1524 1952 essem,
1547 1924 1717 1946 committen-

920 1965 986 1991 dum
998 1973 1050 1991 non
1063 1964 1166 1999 putavi.
1180 1964 1256 1998 prius
1268 1967 1297 1989 ut
1307 1961 1389 1997 Alpes
1402 1958 1609 1994 transgrederer,
1623 1964 1715 1991 quam,

920 2002 987 2038 quid
1004 2003 1063 2028 istic
1078 2006 1214 2037 ageretur,
1236 2001 1345 2027 scirem.
1386 1999 1453 2024 Nam
1469 1997 1502 2023 de
1519 2001 1563 2023 tuo
1586 1993 1716 2030 periculo,

921 2040 999 2066 erede
1011 2040 1093 2070 mihi,
1113 2039 1253 2065 iactatione
1264 2037 1408 2064 verborum
1421 2041 1446 2062 et
1456 2033 1658 2061 denuntiatione
1671 2039 1717 2065 pe—

921 2077 1014 2108 riculi,
1031 2085 1139 2111 sperare
1154 2084 1213 2107 eos,
1232 2081 1255 2102 te
1271 2073 1468 2110 pertimel'acto,
1486 2071 1654 2111 adolescente
1666 2070 1717 2094 im-

921 2114 1008 2149 pulso,
1023 2123 1101 2148 posse
1112 2122 1208 2149 magna
1220 2112 1350 2146 consequi
1363 2111 1494 2146 praemia.
1511 2114 1535 2135 et
1548 2113 1627 2134 totam
1640 2111 1717 2146 istam

919 2151 1081 2178 cantilenam
1093 2160 1127 2177 ex
1139 2151 1188 2176 hoc
1200 2150 1331 2185 pendere.
1350 2153 1379 2174 ut
1394 2156 1475 2182 quam
1488 2146 1637 2181 plurimum
1651 2143 1716 2185 lucri

921 2189 1028 2215 saciant.
1070 2189 1162 2223 Neque
1179 2193 1266 2213 tamen
1279 2196 1330 2212 non
1343 2190 1366 2211 te
1377 2190 1486 2211 cautum
1498 2192 1556 2209 esse
1570 2182 1629 2207 volo
1639 2185 1665 2207 et
1676 2189 1717 2206 m-

920 2226 1004 2252 sidias
1017 2226 1156 2252 vitantem.
1189 2224 1262 2250 Nihil
1274 2224 1347 2249 euim
1359 2227 1403 2249 tua
1416 2221 1483 2247 mihi
1496 2221 1549 2247 vita
1562 2223 1646 2254 potest
1658 2226 1717 2243 esse

921 2263 1068 2290 iucundius
1084 2271 1171 2297 neque
1186 2262 1286 2287 carius.
1327 2262 1351 2286 3.
1374 2259 1443 2285 lllud
1460 2258 1535 2287 vide.
1554 2266 1586 2283 ne
1599 2254 1718 2295 timendo

921 2301 1007 2336 magis
1020 2302 1113 2326 timere
1124 2307 1233 2334 cogare,
1251 2304 1289 2328 et,
1307 2297 1409 2332 quibus
1425 2296 1505 2322 rebus
1517 2298 1603 2329 potest
1613 2300 1717 2318 oceiirri

921 2338 1067 2368 veteranis,
1089 2345 1223 2363 occurras.
1264 2335 1400 2362 Primum.
1423 2332 1495 2368 quod
1511 2330 1664 2358 desiderant
1685 2329 1717 2354 de

920 2375 1092 2402 decemviris.
1106 2373 1201 2405 sacias;
1214 2372 1312 2399 deinde
1324 2372 1356 2397 de
1368 2370 1506 2405 praemiis.
1539 2369 1567 2394 Si
1579 2367 1628 2394 tibi
1642 2366 1717 2392 vide-

921 2418 976 2444 tur,
993 2422 1071 2447 agros
1082 2420 1174 2438 eorum
1187 2410 1318 2439 militum,
1336 2410 1457 2443 quicum
1471 2407 1583 2433 Antonio
1598 2405 1716 2430 veterani

921 2450 1042 2480 fuerunt,
1067 2449 1109 2475 liis
1129 2448 1232 2475 dandos
1252 2455 1362 2473 censeas
1382 2445 1415 2471 ab
1432 2445 1553 2479 utrisque
1570 2442 1659 2468 nobis:
1684 2441 1717 2466 de

921 2488 1050 2517 nummis.
1065 2486 1134 2513 lente
1145 2495 1175 2513 ac
1187 2486 1287 2512 ratione
1299 2484 1388 2510 habita
1401 2482 1540 2517 pecuniae.
1549 2485 1672 2506 senatum
1683 2478 1717 2504 de

919 2534 949 2551 ea
962 2534 988 2551 re
999 2525 1222 2550 constituturum:
1245 2527 1371 2557 quattuor
1386 2519 1538 2555 legionibus
1554 2518 1601 2547 iis,
1615 2516 1717 2552 quibus

920 2571 997 2597 agros
1009 2561 1111 2588 dandos
1123 2560 1278 2589 censuistis,
1288 2559 1365 2585 video
1373 2557 1526 2583 facultatem
1534 2555 1587 2581 sore
1600 2563 1633 2581 ex
1644 2554 1716 2588 agris

920 2600 1040 2626 Sullanis
1051 2604 1076 2626 et
1087 2608 1150 2635 agro
1161 2598 1306 2632 Campano.
1334 2594 1488 2630 Aequaliter
1502 2598 1546 2620 aut
1557 2597 1627 2618 sorte
1639 2599 1716 2626 agros

923 2637 1081 2674 legionibus
1093 2635 1227 2673 assignari
1244 2639 1309 2670 puto
1323 2638 1453 2668 oportere.
1496 2633 1519 2658 t.
1539 2629 1715 2656 lluccmetibi
