1941 3052
201 134 248 158 :eti
775 133 811 156 tsi.
848 131 881 156 M.
917 131 945 156 Τ.

201 205 239 228 io.
255 202 358 233 Quibus
373 212 421 234 ι’μυ
436 203 513 228 relius
527 202 592 237 quial
606 203 652 227 i-te
668 206 752 235 spi-ret
763 206 786 226 et
801 209 854 234 qno
868 201 986 226 :inimum

200 239 324 268 intitulat
343 239 418 265 ἴιίιιΙι
433 249 455 273 p·
459 249 535 273 ιιιΙιιι
539 249 570 265 ιιι
598 238 746 269 (luaninlm-
741 248 773 263 -ιιι
791 246 851 262 vero
865 247 892 262 M·
906 238 987 262 ιοιιίι-
1008 236 1009 246 ¹

199 277 242 302 (Ιιιῑ
257 277 357 310 aliquid
373 286 404 311 [ιι
399 278 466 302 rtitt·
471 286 496 302 rt·
511 285 599 310 poss«,
622 276 669 301 hoc
689 280 805 308 praetore
823 279 848 299 vt
863 274 911 300 linc
925 284 987 300 con-

199 314 260 339 -iilio
279 314 379 339 inti-lle.¹
374 323 424 339 ‹··r1
443 323 492 339 nnn
513 321 631 346 ριιϊιιιιιι.
673 312 758 337 Unum
775 311 841 337 illud
857 310 985 345 intelligo,

199 351 270 385 quod
291 342 406 384 populu.-
426 351 498 375 ltmn
521 359 545 375 ιιι
561 350 699 374 ren-‹tinne
715 349 832 374 iudicum
849 348 920 373 ἰιιιΙιι
922 349 985 379 avit,

199 397 227 413 ea
243 396 288 421 ,ιι-μ(-
309 388 387 412 istum
408 387 489 412 luisse
509 386 670 420 prm-(litum,
692 390 719 411 ut
736 394 841 411 omnem
862 386 986 411 rationem

199 424 312 450 suiuus·
308 434 332 449 ιιι
349 425 458 457 pei-unia
480 427 598 456 pono-:nt
621 423 668 448 lioc
687 427 776 456 erepto
794 422 938 456 pracsidio.
961 427 988 448 ut

203 461 265 487 null.
269 470 302 486 ιιιι
318 462 367 486 >ilii
384 470 408 486 re
413 470 436 485 ιιι
452 461 604 485 adiumento
619 459 672 485 sore
686 460 865 485 minima-,tur

257 498 296 523 lV.
314 498 415 523 litenini
431 497 501 530 qumi
516 501 555 522 est
571 497 706 531 ingenium
719 501 835 526 tantum,
851 504 919 531 quae
932 501 988 522 tan-

201 540 223 561 tn
241 534 348 560 sau-ultan·
364 534 466 559 divendi
482 539 506 559 ct
520 534 603 568 copia,
617 543 687 576 ‘quac
702 534 779 559 istius
795 534 884 562 vitam.
901 538 937 559 tot
949 534 987 559 vi·
1008 521 1017 569 l

1008 591 1017 612 l

1014 203 1017 220 ἴ
1040 201 1116 226 istius
1132 209 1163 234 pe
1158 201 1275 227 ·tulantia
1289 210 1444 228 conseruare
1457 211 1508 229 non
1526 203 1625 229 licitum
1640 208 1688 229 est.

980 130 1252 157 ‹It‹,·1·:t‹0NtS

1039 239 1109 263 enim
1126 237 1188 263 lia-ee
1203 239 1236 264 ita
1250 239 1391 264 commissa
1406 244 1468 265 nunt
1481 240 1514 265 ιιΙι
1529 241 1590 269 isto,
1612 245 1640 266 ut
1658 249 1708 266 non
1722 204 1827 276 ⁴:⁰2⁰ae

1039 275 1091 300 sint
1106 274 1138 300 ab
1151 275 1286 300 omnibus.
1328 275 1464 302 Hominem
1479 285 1537 302 euni·
1556 277 1665 303 arbitror
1681 279 1824 308 neminem,

1039 312 1085 345 qui
1101 320 1195 337 nomen
1211 312 1288 337 istius
1302 313 1422 342 audierit,
1439 314 1503 347 quin
1519 314 1558 339 tae
1561 319 1583 339 12
1594 322 1701 349 quoque
1713 315 1771 340 eius
1781 324 1827 341 ne-

1041 347 1103 374 faria
1118 357 1322 374 commemorare
1338 351 1434 383 pouit:
1458 355 1485 375 ut
1501 351 1564 376 milii
1580 353 1664 385 magi«
1679 352 1826 378 timendum

1039 387 1081 415 sit,
1100 394 1130 411 ne
1145 385 1227 411 multa
1241 386 1351 411 crimina
1367 388 1578 420 praetermittere,
1588 397 1674 430 'quam
1692 397 1723 414 ne
1737 390 1826 423 quain

1041 423 1120 448 istum
1141 422 1239 457 {ingere
1257 422 1402 449 existimer.
1444 424 1534 458 Neque
1552 425 1622 450 enim
1643 426 1707 451 milii
1724 426 1828 452 videtur

1041 460 1103 485 hacc.
1118 459 1270 489 multitudo,
1286 468 1355 494 quae
1368 459 1399 485 ad
1411 460 1572 487 audiendum
1584 463 1714 490 eumenii
1731 471 1828 497 cogno-

1016 496 1017 517 ι
1039 505 1111 522 ‘were
1125 505 1157 522 ex
1172 505 1213 522 me
1227 505 1347 522 calls-‘mm
1364 497 1492 528 S'OlUifise,
1512 497 1558 524 §ed
1573 507 1602 524 Εδ
1615 508 1683 534 quflc
1698 509 1724 525 Μ
1728 505 1754 529 ΙΙ,
1772 508 1829 526 me·

201 573 243 597 tiis
258 571 362 604 iti-giiii.
352 580 416 605 qne
430 572 590 600 comiciam
616 572 666 597 iani
687 571 787 605 pridem
807 571 926 597 omnium
943 579 988 596 vo-
1008 575 1017 591 'i

202 609 264 633 lunt
267 613 299 633 ite
316 608 393 633 indi«-
389 617 465 642 1oque
480 608 643 638 damnatam,
669 608 756 642 aliqua
771 617 804 634 ex
819 612 890 642 parte
906 608 1017 642 possit

199 646 231 670 ιιι
235 645 257 670 [ι
261 645 310 671 nde
306 654 338 670 ·ϊι
345 645 357 669 ’.Ψ
388 646 426 670 ll.
443 645 520 670 cuius
536 650 563 670 ut
577 645 766 671 adolescentiae
782 645 919 670 maculas
914 654 939 677 1¹„
933 654 988 670 'no-
1008 640 1017 660 ¹

200 691 349 716 muniisque
361 691 420 716 pri<
424 686 533 714 tertam
549 687 699 716 quaestura.
718 683 820 716 primus
831 682 929 717 gradus
941 682 988 707 bo-
1009 677 1011 703 ἶ

200 720 278 749 noris,
295 719 360 754 quid
375 719 447 745 aliud
462 719 540 745 habet
554 720 580 746 in
594 728 631 750 se,
646 719 696 745 nisi
708 721 755 745 Cn.
769 719 914 745 Carbonem
927 728 988 753 spo-

200 756 291 782 liatum
307 765 319 782 a
334 761 471 791 quaestore
485 765 534 783 suo
548 757 659 791 pecunia
674 756 798 791 publica‘?
820 756 948 782 nudatum
963 761 988 782 et

200 794 332 828 proditum
351 793 506 820 consulem?
527 793 661 820 desertum
684 792 848 820 exercitum?
871 793 986 819 relictam

200 830 381 865 provinciam?
413 831 491 857 sortis
523 831 746 857 necessitudinem
779 827 1017 866 religionemque,

201 867 341 894 violatam?
366 869 444 894 cuius
464 868 558 903 legatio
576 868 687 894 exitium
708 868 758 894 l'uit
771 868 848 894 Asiae
869 868 949 894 totius
963 873 988 894 et
1010 871 1011 875 ’

200 905 384 940 Pamphyliae:
400 905 500 940 quibus
512 906 537 931 in
549 906 692 940 provinciis
704 905 800 932 multas
812 905 913 935 domos,
927 905 988 940 plu-

200 943 279 968 rimas
299 943 391 973 urbes,
411 943 498 968 onmia
518 942 576 968 sana
594 942 767 977 depeculatus
785 947 837 973 est,
857 951 942 977 quum
961 943 988 968 in

199 980 246 1005 Cn.
263 979 423 1006 Dolabellam
442 979 529 1005 scelus
544 989 624 1006 suum
639 979 706 1006 illud
721 980 863 1014 pristinum
879 988 988 1005 renova-

200 1017 276 1043 vitet
290 1017 447 1043 instaurarit
459 1017 655 1051 quaestorium:
671 1026 756 1059 quum
771 1026 842 1047 eum,
858 1017 900 1042 cui
917 1016 988 1052 lega·-
1008 1028 1017 1048 g,

199 1058 242 1079 tus
256 1059 281 1079 et
295 1062 341 1088 pro
355 1059 493 1088 quaestore
509 1054 616 1084 suisset,
637 1059 662 1080 et
677 1055 702 1080 in
717 1054 845 1080 invidiam
860 1054 917 1080 suis
931 1063 988 1079 ma-

200 1084 292 1117 leficiis
310 1091 422 1117 adduxit
439 1096 463 1117 et
482 1092 508 1117 in
525 1092 590 1126 ipsis
605 1091 730 1125 periculis
745 1100 795 1117 non
809 1091 897 1117 solum
911 1091 988 1117 dese·
1008 1076 1011 1125 l

199 1129 264 1158 ruit,
285 1128 332 1154 sed
348 1129 426 1154 ctiim
445 1129 613 1163 oppugnaxit
630 1137 659 1154 ae
678 1128 806 1162 prodidit:
850 1130 889 1154 ⁴2
909 1129 988 1154 cuius

199 1169 319 1199 praetura
332 1166 430 1191 urbana
442 1166 547 1191 aedium
558 1174 692 1191 sacrarum
704 1165 754 1191 luit
765 1165 988 1200 publicorumque

198 1211 308 1237 operum
322 1202 505 1237 depopulatio,
522 1202 602 1228 simul
618 1203 644 1229 in
659 1203 716 1228 iure
730 1202 846 1228 dicundo
857 1202 986 1228 bonorum

198 1240 452 1275 possessionumque
473 1244 561 1266 contra
584 1240 704 1266 omnium
728 1240 848 1265 instituta
873 1239 988 1266 addictio

198 1281 223 1302 et
241 1277 404 1303 condonatio.
445 1277 498 1303 Iam
519 1285 580 1303 vero
597 1277 718 1303 omnium
737 1277 862 1303 vitiorum
876 1285 986 1303 suorum

199 1313 312 1348 plurima
332 1318 357 1340 et
375 1315 488 1340 maxima
507 1314 644 1340 constituit
661 1318 832 1340 monumenta
851 1318 876 1340 et
889 1313 987 1340 indicia

198 1352 224 1376 in
239 1352 374 1385 provincia
388 1351 490 1378 Sicilia:
515 1360 595 1386 quam
610 1351 660 1377 iste
674 1359 720 1385 per
733 1351 878 1377 triennium
893 1351 927 1376 ita
942 1359 988 1376 ve-

198 1389 270 1414 xavit
289 1397 318 1414 ac
336 1388 463 1422 perdidit,
485 1393 514 1414 ut
531 1397 560 1414 ea
575 1389 678 1414 restitui
692 1388 719 1414 in
733 1389 874 1422 antiquum
888 1392 985 1414 statum
1008 1402 1011 1419 ι

199 1424 272 1451 nullo
286 1425 364 1452 modo
378 1426 474 1460 possit,
492 1425 536 1452 vix
550 1429 637 1451 autem
653 1433 699 1459 per
709 1425 807 1451 multos
819 1433 901 1451 annos
911 1425 988 1451 inno—

197 1467 339 1497 centesque
354 1467 485 1497 praetores
500 1462 587 1497 aliqua
599 1471 632 1488 ex
642 1467 714 1496 parte
726 1463 835 1488 recreari
845 1461 988 1497 aliquando

197 1508 275 1534 posse
290 1500 419 1526 videatur.
461 1501 500 1526 43.
524 1500 577 1525 Hoc
595 1504 713 1534 praetore
726 1499 809 1525 Siculi
826 1507 911 1534 neque
925 1507 987 1525 suas
1008 1498 1011 1529 l

198 1537 269 1572 leges
288 1545 373 1572 neque
392 1540 478 1563 nostra
497 1536 726 1563 senatusconsulta
738 1544 825 1571 neque
835 1537 987 1563 communia

197 1574 253 1600 iura
273 1578 422 1600 tenuerunt.
463 1574 576 1600 Tantum
599 1574 716 1609 quisque
737 1573 817 1600 habet
840 1574 867 1600 in
886 1572 985 1604 Sicilia,

196 1615 326 1646 quantum
352 1611 468 1637 bominis
489 1611 638 1637 avarissimi
661 1615 686 1637 et
710 1610 924 1637 libidinosissimi
942 1614 988 1636 aut

197 1648 404 1683 imprudentiam
431 1647 594 1683 subterfugit
624 1652 669 1674 aut
699 1647 811 1674 satietati
841 1646 985 1681 superfuit

197 1686 228 1712 V.
242 1685 320 1712 Nulla
329 1694 370 1712 res
381 1693 427 1721 per
438 1685 590 1716 triennium,
604 1685 654 1711 nisi
665 1684 698 1710 ad
708 1688 804 1711 nutum
815 1685 902 1715 istius,
917 1684 988 1710 iudi-

197 1727 252 1749 cata
267 1727 318 1749 est:
340 1723 412 1749 nulla
426 1731 468 1749 res
482 1727 535 1749 tam
549 1722 632 1758 patria
645 1722 807 1757 cuiusquam
821 1725 900 1755 atque
918 1722 987 1747 avita
1008 1735 1011 1771 ι

199 1759 257 1790 fuit,
280 1768 349 1795 quae
364 1769 414 1787 non
429 1760 461 1786 ab
475 1768 519 1791 eo,
542 1760 654 1795 imperio
668 1760 759 1791 istius,
780 1758 986 1786 abiudicaretur.

197 1797 407 1823 Innumerabiles
424 1797 552 1831 pecuniae
569 1805 602 1824 ex
620 1802 751 1823 aratorum
769 1797 846 1823 bonis
860 1805 929 1824 novo
943 1805 989 1823 ne-

198 1834 317 1868 farioque
330 1835 451 1860 instituto
461 1839 578 1861 coactae:
594 1835 659 1860 socii
671 1833 820 1860 fidelissimi
831 1835 858 1860 in
870 1834 987 1860 hostium
1008 1845 1010 1859 ι

198 1879 309 1897 numero
322 1871 480 1898 existimati:
496 1872 568 1898 cives
580 1871 690 1898 Romani
700 1871 825 1897 servilem
836 1872 863 1897 in
878 1871 987 1897 modum
1008 1863 1011 1904 l

197 1909 306 1934 cruciati
321 1913 346 1934 et
360 1909 457 1934 necati:
478 1908 599 1935 homines
618 1908 800 1935 nocentissimi
818 1912 924 1943 propter
942 1916 989 1943 pe-
1008 1906 1011 1970 1

197 1946 290 1971 eunias
305 1945 403 1971 iudicio
418 1945 534 1972 liberati:
560 1945 742 1972 honestissimi
756 1950 835 1980 atque
849 1946 989 1981 integerri-

198 1983 243 2013 mi,
258 1982 379 2008 absentes
391 1983 427 2008 rei
440 1981 508 2013 facti,
522 1982 619 2009 indicta
629 1991 723 2009 caussa
733 1982 850 2009 damnati
862 1987 887 2008 et
897 1983 986 2009 eiecti:

198 2023 290 2054 portus
304 2020 486 2050 munitissimi,
503 2020 633 2046 maximae
643 2019 846 2055 tutissimaeque
858 2019 938 2045 urbes
948 2020 989 2054 pi—
1009 2001 1017 2052 l

198 2057 260 2082 ratis
282 2057 515 2099 praedonibusque
539 2056 694 2091 patefactae:
719 2061 814 2083 nautae
836 2056 988 2099 militesque
1010 2036 1017 2079 ¹l

197 2093 360 2124 Siculorum,
384 2094 449 2120 socii
472 2095 554 2120 nostri
576 2098 655 2129 atque
677 2094 768 2125 amici,
795 2093 864 2120 fame
887 2094 986 2120 necati:
1010 2086 1018 2134 ’ᾖ
1039 2093 1165 2120 detentim
1179 2098 1309 2128 cauteque
1322 2093 1456 2124 dicentur,
1476 2097 1506 2120 ut
1523 2098 1549 2120 et
1565 2094 1697 2120 amicitiae
1713 2097 1826 2125 nostrae,

197 2130 294 2157 classes
312 2131 427 2173 optimae
445 2135 524 2166 atque
541 2131 784 2173 opportunissimae
806 2139 868 2157 cum
891 2139 987 2166 magua
1010 2143 1011 2156 ι
1039 2135 1064 2157 et
1077 2131 1216 2166 dignitatis
1230 2130 1304 2157 illius
1318 2130 1407 2157 habita
1421 2131 1487 2157 ratio
1500 2139 1559 2157 esse
1572 2130 1744 2166 intelligatur.

946 2168 986 2194 tt.
1009 2166 1018 2178 ¹
1040 2168 1117 2194 Videt
1129 2167 1266 2203 adipsum
1281 2167 1408 2194 fornicem
1419 2167 1586 2194 Fabianum*
1579 2176 1608 2194 ιιι
1617 2168 1693 2194 turba
1703 2167 1825 2194 Verrem:

197 2169 342 2203 ignominia
361 2167 452 2203 populi
470 2168 581 2194 Romani
599 2169 711 2194 amissae
729 2172 755 2194 et
778 2168 903 2202 perditae.

1039 543 1098 559 eum
1115 542 1309 567 rmognoscere.

1095 571 1136 597 Π
1152 571 1224 602 Quae
1238 579 1322 605 quum
1339 572 1372 596 ita
1387 571 1448 601 sint.
1465 571 1514 597 iste
1529 571 1607 597 homo
1620 581 1711 598 amens
1724 582 1753 598 ac
1769 582 1828 608 per-

1039 607 1111 633 ditus
1130 607 1179 634 alia
1199 617 1303 634 mecum
1323 608 1422 634 ratione
1441 617 1493 642 pu„
1488 613 1547 634 nat.
1588 609 1644 635 Non
1663 609 1688 635 id
1708 610 1773 645 agit.
1800 616 1828 637 ut

1039 645 1153 671 alicuius
1167 645 1344 680 eloquentiam
1361 645 1424 671 milii
1439 650 1565 680 opponat:
1592 655 1642 672 non
1661 651 1755 682 gratia.
1777 656 1827 674 non

1039 683 1191 708 auctoritate
1206 683 1375 716 cuiusquam,
1393 692 1442 708 non
1458 684 1571 717 potentia
1587 684 1687 710 nititur.
1714 684 1828 711 Simulat

1009 715 1017 758 Σ]
1041 719 1082 745 bis
1096 728 1124 745 se
1139 719 1218 745 rebus
1232 720 1376 745 confidere:
1400 720 1446 745 sed
1463 720 1546 750 video,
1563 720 1629 755 quid
1643 725 1715 755 agat:
1732 722 1828 756 (neque

1039 757 1110 782 enim
1124 757 1178 791 agit
1191 756 1383 783 occultissime:
1389 757 1396 790 )
1414 758 1535 791 proponit
1550 758 1636 783 inania
1652 758 1716 784 mihi
1732 758 1828 785 nobili-

1041 794 1113 824 tatis
1138 794 1187 819 lioc
1205 799 1257 824 est,
1279 794 1416 820 hominum
1435 795 1613 829 arrogantium
1633 796 1752 821 nomina.
1780 796 1827 830 qui

1039 839 1090 857 non
1106 835 1157 857 tam
1173 839 1214 857 nie
1229 831 1386 865 impediunt,
1401 831 1473 866 quod
1488 832 1589 857 nobiles
1603 837 1673 861 sunt,
1690 841 1770 867 quam
1781 832 1829 858 ad-

1039 869 1140 898 iuv.ant
1156 868 1227 903 quod
1244 869 1295 894 noti
1311 873 1381 894 sunt.
1423 868 1536 894 Simulat
1550 877 1578 894 se
1591 877 1681 894 eorum
1697 869 1829 904 praesidio

1039 905 1183 936 conlidcre,
1203 914 1288 940 quum
1304 906 1400 931 interea
1415 905 1487 931 aliud
1502 906 1650 940 quiddam
1645 915 1695 932 iam
1710 906 1757 932 diu
1772 915 1828 932 ma-

1039 942 1170 968 chinetur.
1213 944 1252 968 ⁴6.
1272 942 1356 974 Quam
1375 950 1450 976 spem
1470 951 1540 968 nunc
1555 943 1648 969 habeat
1662 943 1688 969 in
1704 944 1828 969 manibus

1039 979 1138 1014 etquid
1150 979 1281 1009 moliatur,
1295 979 1408 1005 breviter
1419 980 1479 1006 iam.
1493 979 1602 1009 iudices,
1615 988 1754 1014 exponam.
1776 980 1828 1006 Sed

1040 1017 1122 1051 prius,
1140 1021 1169 1042 ut
1183 1016 1215 1042 ab
1229 1017 1303 1042 initio
1318 1025 1358 1042 res
1367 1016 1400 1042 ab
1411 1025 1441 1042 eo
1451 1017 1591 1042 constituta
1603 1018 1645 1045 sit.
1661 1025 1768 1052 quaeso,
1784 1026 1829 1044 co-

1039 1054 1166 1089 gnoscite.
1208 1053 1239 1080 Ut
1254 1055 1369 1088 primum
1384 1062 1398 1079 e
1417 1054 1551 1088 provincia
1571 1053 1660 1083 rediit,
1682 1054 1829 1089 redemptio

1039 1095 1078 1116 cst
1093 1091 1173 1116 liuius
1188 1090 1280 1116 iudicii
1297 1090 1360 1116 lacta
1374 1090 1468 1126 grandi
1482 1092 1604 1125 pecunia.
1640 1091 1675 1117 Ea
1691 1092 1786 1118 mansit
1800 1092 1827 1118 in

1038 1127 1187 1154 conditione
1201 1133 1279 1162 atque
1294 1132 1369 1162 pacto
1383 1136 1468 1162 usque
1483 1127 1514 1153 ad
1529 1136 1589 1154 eum
1606 1127 1693 1156 linem.
1710 1128 1774 1154 dum
1786 1129 1829 1155 iu-

1039 1165 1110 1191 dices
1125 1165 1212 1191 reiecti
1227 1169 1298 1191 sunt.
1324 1165 1496 1200 Posteaquam
1512 1165 1617 1191 reiectio
1631 1165 1749 1191 iudicum
1763 1165 1827 1191 sacta

1038 1206 1090 1233 est;
1114 1201 1186 1237 quod
1205 1206 1230 1228 et
1246 1203 1273 1228 iu
1288 1202 1422 1228 sortitione
1437 1202 1514 1228 istius
1529 1210 1603 1236 spem
1619 1201 1720 1228 fortuna
1735 1202 1827 1237 populi

1039 1239 1162 1269 Romani,
1187 1243 1213 1265 et
1235 1239 1262 1265 in
1286 1239 1436 1265 reiiciendis
1460 1239 1595 1265 iudicibus
1614 1248 1670 1265 mea
1690 1239 1827 1275 diligentia

1038 1277 1149 1302 istorum
1164 1275 1357 1310 impudentiam
1370 1277 1479 1302 vicerat:
1496 1277 1642 1302 renuntiata
1653 1281 1693 1302 est
1703 1281 1754 1302 tota
1765 1285 1829 1303 con-

1038 1313 1137 1339 ductio.
1180 1314 1219 1339 ⁴7.
1235 1312 1368 1339 Praeclare
1383 1322 1410 1339 se
1425 1322 1465 1339 res
1478 1313 1599 1339 babebat.
1634 1313 1728 1340 Libelli
1743 1314 1829 1340 nomi—

1039 1359 1103 1376 num
1123 1354 1271 1376 vestrorum
1291 1350 1449 1384 consiliique
1469 1350 1550 1376 buius
1567 1351 1595 1376 in
1614 1350 1738 1376 manibus
1755 1355 1829 1378 erant

1038 1388 1168 1413 omnium.
1203 1387 1282 1413 Nulla
1296 1391 1364 1417 nota,
1381 1387 1473 1413 nullus
1486 1386 1564 1418 color,
1581 1386 1670 1413 nullae
1682 1387 1774 1414 sordes
1788 1389 1829 1414 vi-

1038 1424 1170 1450 debantur
1183 1423 1226 1450 his
1239 1424 1377 1450 sententiis
1389 1423 1462 1450 alliui
1473 1432 1564 1458 posse:
1580 1433 1665 1459 quum
1676 1425 1724 1451 iste
1735 1433 1828 1460 repen-

1039 1466 1064 1487 te
1077 1469 1110 1488 ex
1124 1461 1202 1488 alacri
1217 1466 1296 1496 atque
1311 1461 1376 1488 laeto
1389 1462 1428 1487 sic
1441 1466 1495 1487 erat
1510 1461 1620 1487 humilis
1633 1466 1712 1497 atque
1729 1461 1829 1488 demis-

1039 1507 1095 1530 sus,
1112 1503 1140 1525 ut
1155 1507 1206 1524 non
1221 1498 1299 1524 modo
1313 1497 1411 1533 populo
1419 1498 1545 1529 Romano,
1561 1498 1609 1525 sed
1619 1499 1697 1525 etiam
1707 1499 1759 1525 sibi
1771 1500 1829 1534 ipse

1038 1535 1230 1562 condemnatus
1243 1535 1387 1561 videretur.
1409 1535 1476 1562 Ecce
1490 1540 1578 1562 autem
1589 1540 1704 1570 repente,
1721 1536 1762 1562 his
1771 1537 1829 1562 die-

1039 1573 1090 1599 bus
1104 1573 1210 1607 paucis,
1230 1573 1344 1599 comitiis
1361 1572 1547 1599 consularibus
1565 1572 1654 1603 factis,
1674 1572 1764 1599 eadem
1783 1573 1828 1600 illa

1040 1614 1127 1636 vetera
1141 1609 1250 1636 consilia
1261 1609 1372 1644 pecunia
1383 1610 1481 1636 maiore
1491 1614 1654 1644 repetuntur.
1666 1609 1828 1645 eaedemque

1039 1651 1140 1673 vestrae
1159 1646 1243 1672 famae
1261 1645 1428 1681 fortunisque
1445 1647 1566 1672 omnium
1583 1646 1696 1673 insidiae
1710 1655 1757 1681 per
1769 1655 1829 1674 eos-

1038 1683 1099 1710 dem
1114 1683 1235 1711 homines
1248 1688 1442 1720 comparantur.
1464 1682 1536 1717 Quae
1549 1691 1592 1711 res
1604 1684 1699 1720 primo,
1714 1683 1826 1716 iudices,

1039 1721 1160 1757 pertenui
1179 1722 1255 1749 nobis
1273 1727 1430 1757 argumento
1448 1721 1600 1757 iudicioque
1623 1721 1750 1757 patefacta
1772 1728 1825 1749 est:

1038 1764 1098 1794 post
1111 1764 1200 1794 aperto
1213 1759 1375 1794 suspicionis
1388 1760 1496 1786 introitu
1510 1759 1543 1785 ad
1556 1760 1644 1786 omnia
1658 1759 1751 1786 intima
1763 1760 1828 1786 isto-

1038 1805 1097 1823 rum
1111 1796 1221 1823 cousilia
1235 1797 1292 1823 sine
1306 1796 1362 1823 ullo
1375 1805 1461 1823 errore
1475 1797 1656 1831 pervenimus.

1093 1834 1148 1860 VH.
1162 1835 1201 1860 ⁴8.
1218 1834 1284 1860 Nam
1299 1838 1327 1860 ut
1337 1834 1492 1860 Hortensius
1505 1833 1598 1860 consul
1612 1833 1768 1870 designatus
1781 1833 1830 1861 do—

1038 1879 1112 1897 mum
1127 1870 1303 1897 reducebatur
1316 1879 1330 1897 e
1339 1879 1433 1905 campo
1442 1879 1504 1897 cum
1515 1871 1631 1898 maxima
1641 1870 1789 1906 frequentia
1799 1880 1829 1898 ac

1038 1908 1224 1934 multitudiue:
1240 1908 1269 1934 fit
1281 1908 1388 1934 obviam
1401 1916 1464 1934 casu
1478 1908 1503 1934 ei
1514 1907 1681 1934 multitudini
1692 1907 1721 1935 C.
1733 1907 1826 1941 Cui-im

1016 1970 1017 1977 ,
1038 1953 1119 1980 quem
1133 1953 1182 1981 ego
1196 1945 1344 1976 hominem,
1365 1945 1472 1971 honoris
1490 1945 1579 1980 potius
1596 1953 1678 1980 quam
1691 1949 1829 1972 coutume-

1009 1974 1018 2012 ¹1
1040 1982 1089 2008 liae
1103 1991 1206 2025 caussa,
1223 1982 1388 2008 nominatum
1403 1981 1472 2008 volo.
1493 1982 1598 2009 Etenim
1612 1990 1642 2009 ea
1651 1982 1747 2025 dicam,
1759 1991 1828 2017 quae

1039 2019 1092 2050 ille,
1108 2020 1130 2046 si
1145 2020 1344 2046 commemorari
1359 2018 1496 2051 noluisset.
1509 2027 1562 2046 nou
1575 2024 1646 2046 tanto
1658 2020 1686 2046 in
1695 2024 1828 2046 conventu

1040 2061 1093 2082 tam
1107 2061 1196 2091 aperte
1210 2056 1352 2091 palamque
1365 2056 1491 2083 dixisset.
1511 2065 1580 2092 quae
1597 2061 1685 2083 tamen
1698 2065 1714 2083 a
1726 2065 1769 2082 me
1781 2065 1829 2092 pe-

1786 2131 1826 2157 19.

197 2205 268 2231 Idem
283 2206 333 2231 iste
347 2210 449 2240 praetor
462 2210 632 2232 monumenta
643 2205 828 2240 antiquissima
840 2205 936 2240 partim
947 2213 989 2231 re-
1009 2188 1018 2231 ll
1039 2204 1155 2247 appellat
1173 2205 1309 2231 bominem
1327 2209 1352 2231 et
1369 2205 1393 2231 ei
1412 2213 1476 2231 voce
1493 2205 1609 2231 maxima
1625 2203 1774 2240 gratulatur
1787 2205 1828 2231 vi-

197 2250 261 2277 gum
277 2241 556 2276 locupletissimorum,
572 2251 640 2277 quae
654 2242 693 2268 illi
707 2247 860 2268 ornamento
874 2242 988 2268 urbibus
1008 2254 1011 2260 ·

197 2288 255 2305 esse
266 2279 416 2310 voluerunt,
432 2280 527 2314 partim
539 2280 616 2306 etiam
628 2284 777 2306 nostrorum
788 2280 985 2314 imperatorum,

197 2325 265 2351 quae
279 2317 390 2343 victores
404 2317 558 2343 civitatibus
567 2316 664 2342 Siculis
678 2321 723 2342 aut
732 2316 864 2342 dederunt
873 2320 918 2342 aut
928 2316 988 2342 red-
1008 2341 1010 2352 ,

197 2353 330 2384 diderunt,
347 2353 471 2388 spoliavit
485 2354 649 2388 nudavitque
660 2354 758 2380 omnia.
781 2354 873 2388 Neque
884 2353 934 2380 hoc
944 2361 988 2380 so-

199 2390 253 2416 lum
267 2391 295 2417 in
306 2391 400 2417 statuis
411 2391 627 2425 ornamentisque
637 2390 753 2425 publicis
765 2390 833 2422 fecit,
850 2390 898 2416 sed
908 2391 987 2416 etiam

197 2427 307 2454 delubra
325 2429 426 2458 omnia,
446 2428 624 2454 sanctissimis
637 2427 812 2463 religionibus
825 2432 984 2458 consecrata,

198 2464 370 2498 depeculatus
384 2470 437 2491 est:
462 2465 542 2491 deum
557 2464 672 2500 denique
686 2464 792 2490 nullum
806 2464 918 2495 Siculis,
938 2465 986 2499 qui

198 2502 221 2526 ei
237 2501 326 2535 paullo
340 2503 425 2537 magis
439 2502 535 2528 affabre
549 2506 628 2537 atque
645 2501 755 2536 antiquo
773 2501 883 2528 artificio
900 2501 985 2527 factus
1006 2509 1009 2528 ι

198 2538 344 2569 videretur,
364 2539 481 2573 reliquit.
521 2540 549 2565 In
563 2539 664 2573 stupris
678 2547 740 2564 vero
754 2542 780 2564 et
793 2537 899 2574 flagitiis
913 2537 987 2564 nefa·
1006 2542 1008 2572 ᾗ

1038 2242 1160 2268 ctoriam:
1181 2242 1233 2276 ipsi
1248 2242 1398 2272 Hortensio,
1418 2242 1466 2277 qui
1478 2241 1571 2268 consul
1585 2246 1640 2268 erat
1653 2240 1750 2272 factus.
1766 2249 1828 2276 pro-

1038 2279 1148 2314 pinquis
1158 2279 1368 2314 necessariisque
1379 2279 1446 2310 eius,
1458 2279 1573 2314 quitum
1582 2278 1698 2309 aderant,
1714 2278 1827 2305 verbum

1038 2315 1144 2342 nullum
1162 2315 1236 2342 facit:
1261 2324 1324 2342 cum
1341 2315 1391 2342 hoc
1407 2316 1540 2347 consistit,
1560 2315 1632 2342 huuc
1650 2314 1825 2350 amplexatur,

1037 2353 1110 2379 bunc
1123 2352 1198 2379 iubet
1210 2354 1268 2379 siue
1281 2361 1344 2379 cura
1357 2361 1426 2379 esse.
1467 2353 1597 2383 flammeo,
1617 2352 1713 2387 inquit,
1734 2354 1788 2384 tibi,
1804 2358 1828 2379 u

1037 2391 1166 2416 hodiernis
1184 2392 1294 2416 comitiis
1310 2398 1363 2416 esse
1378 2391 1531 2416 absolutum.
1570 2388 1646 2421 Quod
1664 2397 1751 2424 quum
1772 2394 1826 2417 tam

1037 2426 1116 2453 multi
1130 2427 1252 2453 homiues
1265 2426 1446 2453 honestissimi
1459 2425 1609 2457 audissent,
1629 2427 1719 2453 statim
1737 2426 1770 2453 ad
1783 2435 1827 2453 me

1036 2463 1167 2490 defertur:
1187 2464 1270 2490 immo
1284 2472 1358 2494 vero,
1378 2467 1409 2490 ut
1420 2463 1536 2498 quisque
1549 2471 1592 2488 me
1605 2462 1720 2494 viderat,
1736 2472 1827 2490 narra-

1036 2501 1090 2527 bat.
1111 2500 1179 2527 Aliis
1192 2500 1262 2527 illud
1275 2499 1425 2536 indiguum,
1441 2499 1500 2526 aliis
1514 2499 1659 2526 ridiculum
1670 2499 1823 2527 videbatur:

1036 2537 1201 2564 ridiculum
1194 2538 1241 2569 iis,
1260 2537 1308 2572 qui
1321 2537 1400 2563 istius
1413 2544 1533 2563 caussam
1548 2537 1576 2563 iu
1590 2537 1698 2563 testium
1713 2537 1778 2569 fide,
1797 2538 1826 2564 iu

198 2575 250 2600 rias
263 2575 321 2601 eius
339 2559 465 2602 libidines
483 2583 700 2606 commemorare,
721 2575 822 2610 pudore
826 2558 983 2601 Udeterreor:
1006 2573 1009 2610 l
1035 2575 1179 2601 criminum
1193 2575 1301 2606 ratione,
1316 2574 1344 2600 iu
1357 2573 1476 2600 iudicum
1491 2577 1627 2608 potestate.
1642 2574 1732 2600 nonin
1742 2575 1827 2601 eomi-

198 2611 278 2637 simul
303 2611 410 2638 illorum
436 2612 610 2639 calamitatem
636 2612 867 2639 commemorando
889 2620 986 2648 augere
1007 2615 1008 2630 ι
1035 2612 1081 2638 tiis
1102 2610 1288 2638 consularibus
1310 2610 1422 2645 positam
1448 2610 1654 2637 arbitrabantur:
1681 2611 1825 2647 iudignum

198 2648 272 2680 nolo,
295 2649 395 2684 quibus
417 2648 513 2676 liberos
535 2650 716 2685 coniugesque
738 2657 801 2675 suas
819 2649 934 2684 integras
953 2648 986 2674 ab
1006 2633 1016 2676 ll
1035 2649 1078 2680 iis,
1094 2649 1142 2684 qui
1155 2648 1235 2675 altius
1248 2647 1444 2683 perspiciebant
1457 2652 1483 2674 et
1495 2647 1563 2674 hauc
1575 2633 1778 2683 gratulationem
1791 2647 1825 2674 ad
