1941 3052
257 139 289 164 ῃ
838 138 863 163 7.
899 137 933 162 M.
968 138 988 162 τ

257 207 369 227 meliorum
384 206 482 230 deb-rtu,
497 210 540 227 tum
565 213 576 226 ο
591 205 752 234 tropi-,fixuri-
763 209 783 225 tt
800 212 895 225 nummu.
930 205 1045 225 Aetiluntur

257 241 362 262 'nonnullo
376 241 441 261 ‘itam
456 242 483 261 dn
498 241 591 261 arti-mr,
617 243 669 268 Γιμ.
688 244 717 261 u,
736 248 780 266 neq,
796 240 919 261 annititur
933 240 958 259 od
970 239 1046 260 laude·

257 276 402 303 rlnqnnntlnr,
419 275 453 296 (υἱ
469 276 625 298 niliunnnmtnm
641 283 689 295 cuae
704 279 764 302 putat
776 274 946 302 philo-opinioni.

258 311 406 331 Academicum
419 314 438 329 rt
451 310 626 336 Peripateti-'nnn

325 371 536 397 [HABOGUS
567 371 645 395 VEL
669 370 793 395 mutin
816 369 980 394 vlumus.

312 435 330 460 Ι.
355 435 377 459 t.
400 429 534 466 ('‹›gitanti
551 432 614 458 mibi
630 440 821 467 saepenumero
830 435 854 457 ct
867 432 991 457 memoria
1002 440 1046 456 ve-

258 477 310 497 tera
326 469 450 505 repetenti
467 470 581 504 perbeati
598 469 689 499 fuisse.
706 468 803 501 Quinte
818 468 904 498 frater,
919 468 957 494 illi
974 468 1047 494 vide-

258 510 278 535 ri
294 507 386 538 solent,
402 507 448 542 qui
464 507 490 533 in
504 507 601 541 optima
615 506 758 541 republica,
771 515 854 541 quum
867 510 891 532 ct
903 505 1047 531 bonoribus

257 551 282 572 ct
305 553 390 571 rerum
413 548 546 577 gestarum
570 543 651 579 gloria
671 543 799 574 florerent.
820 552 880 569 curn
901 543 968 569 vitae
986 551 1048 568 cur—
1069 561 1070 581 g

257 592 316 608 sum
332 587 418 608 tenere
434 585 584 615 potuerunt,
602 585 629 607 ut
645 580 685 606 vel
698 581 724 607 in
736 581 840 615 negotio
850 581 906 606 sine
918 580 1044 614 periculo,

259 619 298 645 vel
315 620 340 645 in
355 619 407 644 otio
420 627 480 644 cum
496 617 622 653 (lignitate
637 626 694 643 csse
710 622 826 653 possent.
872 617 908 644 Ac
923 617 972 643 tuit
986 617 1047 651 qui-

257 657 326 686 dem,
347 664 431 690 quum
447 655 513 681 mibi
527 663 635 690 quoque
650 656 754 681 initium
770 654 952 690 requiescendi
968 660 1047 690 atque

257 694 375 719 animum
395 692 426 718 ad
446 692 586 727 utriusque
601 697 719 718 nostrum
735 692 864 727 praeclara
879 692 965 718 studia
981 693 1048 719 refe-

259 730 330 756 rendi
355 729 408 756 tore
430 730 530 755 iustum
553 734 578 755 et
601 738 681 764 prope
698 730 731 755 ab
748 729 873 755 omnibus
891 738 1046 756 concessum

257 768 404 797 arbitrarer,
425 767 447 793 si
466 766 586 793 infinitus
605 766 749 793 sorensium
764 775 851 793 rerum
868 766 939 793 labor
953 771 977 793 ct
991 776 1048 793 ain·

258 805 366 831 bitionis
389 804 526 838 occupatio
550 803 665 830 decursu
694 804 823 830 honorum
851 804 929 830 etiam
956 805 1047 830 aetatis

257 840 326 868 flexu
351 841 521 867 constitisset.

257 878 428 905 consiliorum
443 886 562 904 meorum
576 886 661 913 quum
675 887 769 914 graves
783 879 966 904 communium
982 883 1048 905 tem-

258 924 361 951 porum,
378 920 434 942 tum
449 915 513 941 varii
529 916 609 941 nostri
624 924 701 941 casus
716 915 876 941 fefellerunt.
908 916 1047 950 Nam,qui

258 953 331 979 locus
349 953 448 988 quietis
467 957 492 978 et
506 952 704 987 tranquillitatis
720 952 893 987 plenissimus
905 952 959 979 sore
974 953 1048 979 vide-

258 990 347 1021 batur,
369 990 395 1016 in
414 998 445 1015 eo
463 990 592 1016 maximae
612 989 694 1016 moles
712 990 892 1016 molestiarum
911 994 936 1016 et
954 990 1049 1017 turbu·
1070 990 1071 993 ’

258 1027 420 1053 lentissimae
435 1031 603 1061 tempestates
618 1028 784 1053 exstiterunt.
819 1027 911 1062 Neque
926 1036 987 1054 vero
1002 1037 1049 1054 no-

258 1065 298 1091 bis
317 1064 487 1099 cupientibus
501 1068 579 1099 atque
593 1064 780 1099 exoptantibus
795 1063 897 1090 fructus
911 1065 956 1091 otii
971 1065 1048 1091 datus

256 1106 296 1128 est
314 1101 346 1127 ad
361 1110 404 1127 eas
418 1105 494 1132 artes,
510 1101 611 1136 quibus
625 1110 637 1127 a
653 1102 742 1136 pueris
756 1101 837 1127 dediti
853 1101 964 1133 suimus,
980 1102 1049 1128 cele-

256 1138 371 1165 brandas
388 1139 456 1164 inter
474 1147 575 1173 nosque
593 1138 754 1165 recolendas.
789 1140 813 1165 3.
829 1139 894 1164 Nam
910 1139 994 1173 prima
1006 1148 1049 1165 ae-
1070 1146 1071 1151 ¹

257 1180 307 1202 tate
330 1175 474 1202 incidimus
497 1176 524 1202 in
547 1176 632 1210 ipsam
652 1175 874 1210 perturbationem
891 1176 1048 1211 disciplinae
1070 1176 1071 1186 ¹

258 1214 353 1239 veteris
377 1217 402 1239 et
423 1212 562 1239 consulatu
585 1213 743 1240 devenimus
767 1213 794 1239 in
817 1213 935 1239 medium
959 1222 1048 1240 rerum

256 1251 376 1276 omnium
398 1254 528 1276 certamen
552 1254 630 1285 atque
648 1250 805 1282 discrimem
833 1254 857 1276 et
876 1250 925 1277 boc
943 1255 1048 1286 tempus
1070 1251 1072 1271 l

256 1296 334 1314 omne
357 1292 417 1322 post
438 1287 605 1314 consulatum
624 1287 770 1313 obiecimus
790 1288 822 1313 iis
841 1286 980 1318 fluctibus,
1000 1289 1048 1323 qui
1070 1305 1071 1314 1

256 1333 303 1360 per
321 1333 368 1351 nos
385 1333 399 1351 a
417 1325 552 1351 communi
568 1329 640 1359 peste
654 1324 760 1359 depulsi
774 1325 801 1351 in
817 1325 993 1360 nosmetipsos
1007 1334 1049 1351 re-

255 1361 416 1388 dundarunt.
443 1361 494 1388 Sed
510 1366 596 1388 tamen
610 1362 637 1388 in
652 1362 689 1388 eis
701 1361 742 1387 vel
757 1362 945 1396 asperitatibus
959 1371 1048 1389 rerum
1076 1387 1077 1391 ,

256 1399 298 1425 vel
321 1399 452 1435 angustiis
475 1399 600 1434 temporis
623 1399 755 1434 obsequar
776 1399 873 1425 studiis
897 1400 993 1426 nostris
1012 1404 1046 1431 et,

255 1441 386 1471 quantum
400 1436 466 1462 mibi
481 1436 522 1462 vel
537 1435 609 1462 fraus
623 1436 791 1462 inimicorum
807 1436 847 1462 vel
862 1445 971 1462 caussae
981 1437 1049 1463 ami-

255 1482 346 1500 corum
365 1472 406 1499 vel
422 1472 571 1508 respublica
587 1473 683 1499 tribuet
697 1474 751 1504 otii,
768 1473 800 1499 ad
814 1473 985 1500 scribendum
1001 1482 1049 1509 po-

255 1511 390 1537 tissimum
403 1510 546 1536 conferam.
581 1511 604 1536 4.
620 1510 679 1536 Tibi
694 1519 764 1541 vero,
781 1509 868 1542 frater,
885 1519 971 1546 neque
987 1511 1049 1538 hor-

255 1548 319 1574 tanti
346 1547 424 1574 deero
446 1556 532 1582 neque
554 1547 669 1582 roganti3
703 1556 763 1574 nam
787 1556 872 1582 neque
895 1549 1048 1575 auctoritate

255 1586 399 1620 quisquam
418 1584 489 1619 apud
507 1593 549 1611 me
567 1584 629 1619 plus
648 1584 735 1611 valere
754 1589 778 1611 te
796 1589 882 1620 potest
900 1594 987 1620 neque
1001 1594 1048 1612 vo-

256 1621 365 1648 luntate.
399 1622 431 1648 11.
450 1621 487 1648 Ac
505 1621 573 1648 mihi
586 1621 728 1656 repetenda
742 1626 781 1648 est
795 1622 892 1648 veteris
905 1623 1046 1649 cuiusdam

255 1659 397 1685 memoriae
412 1667 462 1685 non
477 1667 540 1685 sane
553 1659 618 1685 satis
632 1658 761 1694 explicata
776 1658 928 1691 recordatio,
945 1659 1001 1690 sed,
1017 1664 1047 1686 ut

255 1697 374 1727 arbitror,
390 1700 449 1731 apta
460 1696 492 1722 ad
502 1696 538 1727 id,
551 1696 622 1731 quod
637 1697 760 1731 requiris,
774 1700 803 1722 ut
813 1704 966 1732 cognoscas,
978 1705 1047 1732 quae

255 1734 305 1760 viri
328 1734 448 1760 omnium
471 1733 683 1768 eloquentissimi
702 1733 898 1768 clarissimique
916 1735 1047 1760 senserint

254 1771 287 1797 de
301 1771 372 1797 omni
387 1771 485 1797 ratione
499 1770 614 1797 dicendi.
649 1772 673 1796 5.
689 1770 733 1797 Vis
747 1771 828 1802 enim,
844 1776 874 1798 ut
888 1771 953 1797 mibi
968 1780 1046 1806 saepe

254 1808 360 1838 dixisti,
380 1808 507 1842 quoniam
525 1816 594 1843 quae
612 1808 702 1842 pueris
721 1812 766 1834 aut
779 1807 984 1835 adolescentulis
999 1817 1047 1835 no-

254 1845 296 1872 bis
315 1853 347 1871 ex
361 1844 582 1871 commentariolis
597 1845 693 1871 nostris
707 1845 827 1872 inchoata
841 1854 870 1871 ac
884 1845 960 1872 rudia
974 1846 1047 1872 exci-

254 1883 359 1913 derunt,
386 1882 432 1908 vix
449 1882 497 1908 hac
515 1886 597 1908 aetate
614 1881 695 1918 digna
717 1887 742 1908 et
760 1882 809 1908 hoc
827 1890 893 1913 usu,
913 1891 994 1917 quem
1013 1891 1047 1909 ex

253 1920 365 1950 caussis,
379 1927 446 1954 quas
460 1919 588 1950 diximus,
605 1923 641 1945 tot
651 1919 784 1954 tantisque
794 1920 929 1946 consecuti
939 1928 1043 1951 sumus,

254 1956 357 1991 aliquid
370 1955 466 1982 iisdem
480 1955 513 1982 de
526 1956 606 1982 rebus
617 1956 726 1991 politius
736 1965 749 1982 a
760 1956 837 1983 nobis
849 1956 1046 1992 perfectiusque

254 1993 379 2028 proserri;
407 1992 532 2028 solesque
550 2001 751 2028 nonnumquam
766 1993 815 2020 hac
833 1993 865 2019 de
884 2002 912 2020 re
926 2002 940 2020 a
958 2002 1001 2020 me
1018 1994 1046 2020 in

253 2030 480 2066 disputationibus
498 2031 595 2057 nostris
612 2030 766 2061 dissentire,
781 2030 852 2065 quod
868 2039 916 2066 ego
929 2031 1047 2065 pruden-

254 2068 418 2095 tissimorum
445 2067 584 2094 hominum
602 2067 704 2094 artibus
722 2067 900 2102 eloquentiam
918 2069 1046 2094 contineri

253 2110 376 2136 statuam,
392 2109 421 2131 tu
435 2109 523 2131 autem
538 2104 611 2131 illam
625 2104 658 2131 ab
671 2104 800 2140 elegantia
814 2104 947 2131 doctrinae
957 2114 1046 2140 segre-

252 2142 367 2178 gandam
385 2147 462 2177 putes
481 2146 507 2168 et
519 2142 546 2168 in
560 2142 676 2177 quodam
690 2142 790 2177 ingenii
805 2146 884 2177 atque
897 2143 1047 2168 exercitati-

252 2180 311 2206 onis
323 2187 419 2215 genere
433 2179 590 2214 ponendam.

309 2218 333 2243 6.
355 2216 392 2243 Ae
411 2216 478 2243 mihi
495 2216 605 2251 quidem
619 2224 810 2250 saepenumero
823 2216 850 2242 in
865 2224 984 2243 summos
997 2215 1046 2242 ho-

253 2255 339 2280 mines
362 2262 392 2280 ac
413 2254 528 2280 summis
546 2253 662 2289 ingeniis
680 2253 813 2288 praeditos
830 2253 944 2279 intuenti
963 2261 1046 2288 quae-

253 2291 365 2318 rendum
389 2299 448 2317 esse
469 2291 558 2317 visum
581 2295 629 2321 est,
654 2290 720 2325 quid
743 2295 820 2321 esset,
847 2299 895 2317 cur
909 2290 999 2325 plures
1017 2291 1045 2317 in

252 2328 378 2355 omnibus
396 2328 490 2359 rebus,
515 2336 596 2363 quam
612 2328 640 2354 in
654 2327 765 2354 dicendo
779 2327 950 2354 admirabiles
963 2328 1046 2354 exsti—

253 2366 355 2392 tissent.
389 2366 469 2397 Nam,
493 2373 664 2400 quocumque
687 2369 711 2391 te
733 2365 822 2391 animo
843 2369 868 2391 et
889 2365 1046 2400 cogitatione

252 2403 425 2434 converteris,
445 2401 592 2438 permultos
610 2401 769 2428 excellentes
787 2402 814 2428 in
828 2410 936 2437 quoque
949 2410 1046 2437 genere

252 2439 357 2466 videbis
375 2448 427 2466 non
445 2439 619 2466 mediocrium
637 2439 743 2470 artium,
759 2439 806 2465 sed
820 2447 902 2474 prope
916 2439 1046 2465 maxima-

253 2485 321 2502 rum.
353 2477 379 2502 7.
398 2476 465 2509 Quis
482 2481 523 2503 est
539 2477 625 2507 enim,
645 2477 706 2511 qui,
722 2477 745 2502 si
759 2476 890 2502 clarorum
904 2476 1044 2502 hominum

252 2513 390 2540 scientiam
408 2522 497 2540 rerum
514 2518 650 2549 gestarum
665 2513 706 2539 vel
725 2513 838 2540 utilitate
854 2513 894 2539 vel
910 2513 1045 2548 magnitu-

253 2550 315 2576 dine
328 2550 416 2576 metiri
429 2550 502 2582 velit,
516 2559 567 2577 non
581 2555 721 2585 anteponat
734 2551 828 2577 oratori
841 2548 1044 2584 imperatorem?

252 2587 319 2619 Quis
341 2591 430 2614 autem
448 2587 559 2618 dubitet,
581 2588 648 2623 quin
666 2587 728 2614 belli
746 2587 829 2614 duces
848 2587 1045 2622 praestantissi-

253 2632 310 2650 mos
328 2632 361 2651 ex
379 2624 428 2650 hac
446 2633 497 2651 una
513 2625 619 2651 civitate
632 2633 715 2659 paene
728 2623 946 2654 innumerabiles,
962 2625 989 2650 in
1003 2623 1045 2650 di-

251 2661 336 2688 cendo
357 2666 444 2688 autem
467 2661 625 2688 excellentes
643 2662 690 2687 vix
708 2670 806 2696 paucos
825 2660 940 2696 proferre
958 2661 1045 2695 possi-

557 842 582 868 2.
607 841 691 873 Quam
714 850 788 876 spem
812 841 1000 876 cogitationum
1023 846 1048 867 et
1070 863 1071 867 ,

1030 136 1301 164 CICERONIS

1097 207 1175 233 mus‘?
1206 209 1230 233 8.
1247 208 1300 234 lam
1319 216 1382 234 vero
1403 207 1514 234 consilio
1535 216 1564 234 ac
1586 209 1714 244 sapientia
1731 209 1778 244 qui
1798 218 1887 246 regem

1097 254 1125 270 m·
1151 245 1299 277 putu—runn-
1325 245 1517 279 rempublicam
1541 251 1660 281 ponent.
1687 246 1764 273 multi
1788 251 1884 276 noste-o.

958 282 1046 300 umque
1067 274 1069 307 l
1098 282 1186 316 plures
1206 287 1309 316 patrum
1329 283 1453 308 memoria
1472 287 1550 317 atque
1568 284 1646 309 etium
1662 284 1790 310 maiorum
1805 285 1888 312 euti-
1912 292 1915 294 '
1939 285 1941 294 ¹

1067 319 1069 346 l
1098 323 1193 348 trram,
1213 327 1298 353 qmim
1317 319 1378 345 boni
1398 319 1490 354 perdiu
1510 319 1591 351 nulli,
1608 321 1653 347 vix
1671 326 1758 347 autem
1773 320 1888 357 singulis

1068 367 1069 372 =
1098 356 1227 381 nutantum
1253 356 1352 389 singuli
1381 356 1530 382 tolerabiles
1555 362 1667 384 oratores
1694 358 1886 386 invenirentur.

1099 393 1147 423 Ac,
1175 401 1206 418 ne
1229 393 1275 427 qui
1295 391 1359 419 sorte
1377 402 1438 419 cum
1457 393 1516 420 aliis
1534 394 1640 425 studiis,
1660 404 1668 419 ι
1681 403 1729 420 uae
1747 395 1888 423 reconditi·
1915 399 1918 402 ’

1100 430 1125 455 in
1146 430 1247 456 artibus
1266 434 1344 464 atque
1363 430 1389 456 in
1403 430 1518 465 quadam
1530 432 1653 458 varietate
1668 404 1814 459 litterarum
1829 440 1890 460 vev-

1099 471 1198 497 sentur,
1216 468 1300 501 magis
1315 467 1382 493 banc
1395 467 1500 494 «licendi
1516 469 1651 499 rationem,
1667 478 1748 504 quam
1762 478 1823 496 cum
1837 469 1890 496 im·

1099 504 1225 539 peratoris
1249 504 1326 530 laude
1352 509 1396 530 aut
1421 513 1483 531 cum
1510 505 1571 532 boni
1598 507 1726 533 senatoris
1748 506 1889 541 prudenti·

1098 540 1300 576 comparandam
1324 546 1411 576 putet:
1439 547 1573 569 convertat
1595 543 1714 569 animum
1733 543 1765 570 nd
1783 552 1812 569 ea
1831 544 1890 579 ipo·

1099 579 1194 604 artium
1209 587 1304 613 genera
1319 579 1578 615 circumspicintque,
1594 581 1641 615 qui
1652 581 1678 606 in
1690 580 1723 606 iis
1734 579 1886 612 floruerunt,

1076 615 1077 623 ¹
1099 624 1179 650 quam
1199 615 1275 641 multi
1294 616 1355 642 sint.
1390 616 1434 642 Sic
1452 616 1586 647 facillime,
1599 622 1696 652 quanta
1711 622 1843 644 oratorum
1854 617 1890 645 tit

1099 661 1257 687 semperque
1273 652 1351 679 tut-rit
1365 654 1496 688 [naucitan.
1513 654 1649 680 iudicabit.
1683 655 1726 681 111.
1759 656 1784 681 9.
1797 655 1890 690 Neque

1099 690 1170 715 enim
1189 694 1213 715 te
1231 689 1299 725 sugit
1317 691 1436 717 omnium
1453 691 1616 718 laudatarum
1627 693 1724 718 artium
1735 692 1890 727 procreatri-

1099 735 1156 752 cem
1170 727 1313 762 quamdam
1328 732 1352 753 ct
1366 729 1442 763 quasi
1455 734 1588 763 parentem
1603 738 1669 757 eam.
1682 738 1763 764 quarn
1781 730 1888 763 φιλοσο-
1905 745 1909 751 ⁴

1099 765 1162 798 φίιιν
1182 764 1274 790 Graeci
1294 771 1398 795 vocant,
1420 766 1453 791 ab
1471 766 1625 792 bominibus
1642 766 1805 793 doctissimis
1818 765 1886 793 iudi-

1099 802 1165 833 εει-ῆς
1194 802 1220 827 in
1235 810 1286 836 qua
1301 801 1409 828 difficile
1423 807 1462 829 est
1475 811 1637 833 enumerare,
1653 809 1718 839 quot
1732 804 1792 835 viri,
1803 811 1890 839 quan-

1099 843 1122 864 ta
1142 839 1249 864 scientia
1267 844 1420 874 quantaque
1433 840 1460 866 in
1479 841 1537 867 suis
1554 841 1650 867 studiis
1671 841 1794 867 varietate
1807 845 1833 867 et
1845 848 1890 868 οο-

1100 876 1141 910 pia
1162 875 1272 906 suerint,
1292 877 1339 911 qui
1359 885 1410 903 non
1430 885 1481 903 una
1496 877 1584 912 aliqua
1599 878 1625 904 in
1640 887 1667 904 re
1681 879 1821 913 separatim
1835 877 1891 905 elo-

1100 913 1228 944 borarint,
1249 913 1294 939 sed
1313 914 1415 945 omnia,
1435 923 1622 950 quaecumque
1640 919 1760 950 possent,
1781 914 1823 941 vel
1837 915 1890 942 sei-

1076 954 1078 958 ’
1099 950 1184 975 entiae
1204 951 1424 986 pervestigatione
1438 951 1479 977 vel
1494 951 1643 979 disserendi
1657 953 1756 979 ratione
1769 960 1891 988 compro-

1101 986 1246 1013 henderint.
1276 989 1315 1014 to.
1335 987 1402 1020 Quis
1417 989 1528 1024 ignorat,
1544 990 1572 1020 ii,
1588 990 1635 1024 qui
1651 989 1829 1016 mathematici
1843 997 1891 1016 vo-

1076 1036 1078 1042 ·
1099 1029 1204 1056 cantur,
1224 1029 1322 1059 quanta
1341 1026 1367 1052 in
1385 1026 1545 1052 obscuritate
1564 1035 1651 1053 rerum
1666 1031 1692 1053 et
1704 1035 1784 1062 quam
1799 1034 1891 1054 recon-

1099 1061 1152 1087 dita
1171 1062 1197 1088 in
1217 1066 1269 1088 arte
1288 1067 1313 1088 ct
1331 1062 1471 1098 multiplici
1490 1063 1638 1099 subtilique
1652 1063 1809 1090 versentur?
1831 1063 1890 1096 Quo

1100 1103 1186 1125 tamen
1206 1099 1231 1125 in
1252 1108 1348 1135 genere
1367 1101 1401 1126 ita
1419 1100 1495 1127 multi
1515 1100 1623 1136 perfecti
1643 1101 1764 1127 homines
1781 1101 1891 1128 exstite-

1099 1140 1172 1166 runt,
1193 1141 1222 1162 ut
1240 1145 1318 1163 nemo
1336 1136 1388 1163 l'erc
1407 1138 1543 1164 studuisse
1561 1138 1584 1164 ei
1603 1139 1728 1165 scientiae
1747 1139 1890 1166 vehemen-

1100 1173 1153 1199 tius
1175 1173 1305 1204 videatur,
1329 1175 1405 1209 quin,
1430 1175 1502 1210 quod
1525 1175 1647 1207 voluerit,
1667 1180 1826 1202 consecutus
1843 1175 1889 1203 sit.

1099 1210 1165 1242 Quis
1180 1211 1299 1241 musicis,
1315 1212 1377 1246 quis
1392 1212 1455 1239 huic
1468 1212 1557 1239 studio
1572 1212 1727 1244 litterarum,
1743 1213 1815 1248 quod
1829 1221 1890 1248 pro-

1100 1248 1206 1274 fitentur
1219 1248 1247 1279 ii,
1263 1249 1310 1283 qui
1325 1250 1490 1284 grammatici
1505 1255 1640 1281 vocantur,
1658 1250 1765 1285 penitus
1774 1258 1803 1277 se
1813 1250 1891 1277 dedi-

1099 1285 1146 1316 dit,
1163 1286 1228 1320 quin
1241 1294 1346 1312 omnem
1360 1286 1467 1313 illarum
1481 1287 1578 1314 artium
1592 1296 1676 1322 paene
1689 1287 1819 1314 infinitam
1834 1287 1888 1314 vim

1076 1354 1078 1359 ,
1099 1326 1124 1348 et
1145 1322 1282 1348 materiam
1300 1323 1409 1349 scientia
1427 1328 1453 1350 et
1469 1324 1626 1360 cogitatione
1643 1323 1891 1359 comprehenderit?

1101 1360 1140 1385 tt.
1159 1359 1225 1386 Vere
1243 1360 1310 1386 mihi
1329 1360 1379 1387 hoc
1393 1360 1484 1387 videor
1500 1369 1559 1387 esse
1572 1361 1703 1393 dicturus,
1718 1370 1752 1388 ex
1764 1361 1889 1389 omnibns

1098 1397 1146 1427 iis,
1167 1397 1213 1431 qui
1233 1397 1260 1423 in
1278 1397 1373 1423 harum
1392 1398 1489 1424 artium
1508 1398 1606 1425 studiis
1625 1398 1821 1426 liberalissimis
1835 1400 1889 1426 sint

1076 1431 1077 1470 ff
1099 1433 1280 1469 doctrinisque
1290 1435 1396 1466 versati,
1405 1435 1543 1462 minimam
1555 1436 1657 1471 copiam
1667 1440 1804 1471 poetarum
1815 1444 1891 1473 egro-

1097 1471 1202 1506 giorum
1217 1471 1360 1498 exstitisse.
1394 1472 1480 1508 Atque
1494 1473 1521 1499 in
1535 1473 1585 1500 hoc
1599 1473 1657 1508 ipso
1667 1481 1786 1505 numero,
1798 1474 1826 1500 in
1835 1481 1890 1509 qno

1098 1517 1205 1543 perraro
1222 1509 1340 1535 exoritur
1357 1508 1455 1544 aliquis
1469 1509 1611 1541 excellens,
1627 1511 1650 1537 si
1664 1510 1806 1546 diligenter
1818 1515 1843 1537 et
1856 1519 1890 1538 ex

1098 1550 1248 1572 nostrorum
1267 1550 1292 1572 et
1309 1554 1343 1572 ex
1361 1546 1521 1573 Graecorum
1539 1548 1614 1582 copia
1635 1555 1786 1582 comparare
1805 1547 1886 1579 voles,

1098 1583 1183 1609 multo
1201 1588 1288 1609 tamen
1307 1584 1445 1618 pauciores
1463 1588 1592 1616 oratores,
1613 1593 1694 1620 quam
1713 1589 1804 1619 poetae
1826 1584 1888 1612 boni

1098 1620 1272 1655 reperientur.
1306 1622 1345 1647 ⁴2.
1368 1619 1444 1653 Quod
1466 1621 1516 1648 hoc
1538 1622 1617 1648 etiam
1639 1621 1790 1649 mirabilius
1811 1622 1890 1650 debet

1075 1662 1077 1687 g
1097 1657 1195 1688 videri,
1216 1657 1278 1692 quia
1296 1662 1443 1684 ceterarum
1466 1659 1563 1685 artium
1577 1658 1665 1685 studia
1680 1658 1734 1685 fere
1747 1659 1888 1686 reconditis

1097 1699 1176 1730 atque
1199 1694 1297 1720 abditis
1319 1703 1333 1721 e
1356 1694 1475 1722 fontibus
1497 1695 1665 1727 hauriuntur,
1681 1696 1786 1723 dicendi
1800 1701 1889 1724 autem

1075 1737 1077 1759 l
1098 1732 1184 1758 omnis
1199 1732 1264 1758 ratio
1277 1732 1304 1758 in
1319 1732 1407 1759 medio
1420 1733 1505 1767 posita
1518 1733 1654 1760 communi
1668 1733 1784 1768 quodam
1798 1734 1826 1761 in
1835 1742 1888 1761 usu

1097 1774 1176 1804 atque
1194 1769 1221 1795 in
1240 1769 1379 1796 hominum
1399 1778 1470 1796 more
1483 1774 1509 1796 et
1522 1778 1643 1797 sermone
1657 1775 1790 1803 versatur,
1818 1771 1887 1798 utin

1096 1806 1189 1833 ceteris
1204 1805 1230 1832 id
1245 1807 1360 1832 maxime
1371 1807 1490 1838 excellat,
1502 1807 1575 1842 quod
1586 1807 1741 1844 longissime
1750 1808 1785 1834 sit
1794 1808 1827 1835 ab
1837 1808 1889 1835 im-

1097 1844 1242 1878 peritorum
1262 1843 1437 1879 intelligentia
1455 1852 1593 1880 sensuque
1611 1845 1785 1876 disiunctum.
1805 1846 1833 1872 in
1846 1844 1889 1872 di-

1096 1881 1180 1907 cendo
1193 1885 1282 1907 autem
1291 1881 1388 1907 vitium
1398 1881 1440 1907 vel
1451 1882 1599 1908 maximum
1609 1882 1644 1908 sit
1652 1890 1667 1908 a
1678 1881 1782 1918 vulgari
1791 1890 1888 1919 genem

1074 1919 1076 1941 ἶ
1097 1918 1221 1944 orationis
1240 1922 1319 1953 atque
1333 1927 1347 1944 a
1360 1918 1554 1945 consuetudine
1567 1919 1718 1946 communis
1731 1927 1828 1946 sensus
1841 1919 1889 1947 ab·

1097 1955 1212 1982 horrere.
1251 1955 1294 1982 IV.
1321 1957 1359 1982 ⁴3.
1379 1955 1417 1982 Ac
1434 1964 1467 1982 ne
1485 1955 1554 1982 illud
1570 1955 1681 1991 quidem
1699 1964 1761 1983 vere
1773 1956 1826 1983 dici
1840 1965 1898 1992 poa

1097 1996 1156 2023 test,
1177 1997 1222 2018 aut
1240 1992 1331 2027 plures
1348 1993 1442 2019 ceteris
1460 1992 1562 2019 artibus
1578 1993 1716 2024 inservire,
1732 1998 1778 2020 aut
1790 1994 1898 2034 maiomff

1097 2029 1270 2056 delectatione
1287 2034 1333 2056 aut
1354 2037 1401 2064 spe
1419 2029 1541 2056 uberiore
1555 2035 1600 2057 aut
1613 2031 1739 2065 praemiis
1752 2031 1786 2057 ad
1798 2030 1898 2066 perdi-2

1097 2066 1226 2093 scendum
1236 2066 1411 2102 amplioribus
1421 2067 1591 2093 commoveri.
1622 2068 1718 2102 Atque,
1730 2072 1759 2094 ut
1768 2066 1895 2102 omittam,¹

1098 2104 1244 2135 Graeciam,
1260 2112 1329 2138 quae
1343 2112 1448 2138 semper
1461 2103 1627 2139 eloquentiae
1637 2105 1762 2140 princeps
1771 2113 1830 2132 esse
1840 2113 1896 2141 vo-⁹

1098 2141 1156 2172 luit,
1184 2145 1263 2176 atque
1290 2140 1350 2167 illas
1375 2141 1495 2167 omnium
1522 2141 1702 2168 doctrinarum
1726 2142 1894 2169 inventi-iem·

1096 2178 1223 2208 Athenas,
1238 2178 1266 2204 in
1280 2178 1381 2213 quibus
1395 2186 1500 2204 summa
1514 2178 1619 2205 dicendi
1634 2179 1675 2205 vis
1688 2183 1714 2205 et
1726 2179 1834 2206 inventa
1846 2183 1887 2207 est

1097 2220 1122 2241 et
1144 2214 1267 2250 perfecta,
1291 2216 1319 2241 in
1338 2215 1387 2241 hac
1403 2215 1461 2250 ipsa
1479 2216 1584 2242 civitate
1602 2215 1718 2250 profecto
1735 2215 1809 2242 nulla
1826 2224 1888 2243 um-

1096 2261 1178 2287 quam
1195 2252 1394 2283 vehemenfius,
1413 2261 1494 2287 quam
1513 2252 1678 2288 eloquentiae
1691 2252 1780 2279 studia
1792 2253 1888 2290 vigne*

1097 2294 1167 2316 runt.
1203 2290 1242 2316 ⁴4.
1263 2290 1330 2315 Nam
1352 2294 1534 2324 posteaquam,
1554 2290 1666 2324 imperio
1682 2290 1804 2316 omnium
1820 2298 1894 2327 gen-5·

1097 2327 1163 2352 tium
1182 2327 1336 2357 constituto,
1352 2326 1514 2353 diuturnitas
1527 2327 1600 2361 pacis
1613 2327 1696 2353 otium
1710 2326 1893 2360 confirmavit!

1096 2372 1173 2390 nemo
1192 2363 1245 2390 l'ere
1263 2363 1351 2390 laudis
1367 2363 1484 2399 cupidus
1501 2363 1653 2390 adolescens
1667 2372 1718 2390 non
1732 2364 1785 2391 sibi
1798 2364 1832 2391 ad
1843 2361 1895 2391 dis

1095 2401 1210 2427 cendum
1229 2401 1318 2427 studio
1336 2402 1408 2427 omni
1425 2400 1579 2428 enitendum
1598 2401 1711 2435 putavit.
1744 2401 1782 2428 Ac
1799 2401 1894 2436 primffl

1095 2438 1205 2473 quidem
1224 2439 1306 2465 totius
1323 2439 1432 2464 rationis
1448 2438 1543 2474 ignari,
1559 2438 1607 2473 qui
1621 2446 1708 2473 neque
1720 2438 1855 2465 exercitati

1096 2475 1137 2501 nis
1152 2475 1234 2501 ullam
1248 2476 1328 2507 viam,
1345 2483 1432 2510 neque
1445 2474 1553 2510 aliquod
1566 2479 1736 2510 praeceptum
1750 2476 1814 2502 artis
1826 2472 1895 2502 aad·

1095 2512 1292 2543 arbitrarentur,
1309 2516 1420 2543 tantum,
1435 2516 1566 2547 quantum
1579 2513 1687 2548 ingenio
1695 2516 1720 2539 et
1728 2507 1893 2554 cognatione]

1095 2554 1226 2584 poterant.
1245 2549 1485 2585 consequebantur.
1518 2549 1580 2576 Post
1593 2553 1695 2581 autem,
1715 2549 1814 2576 auditis
1826 2557 1893 2588 ora-3

1096 2587 1197 2613 toribus
1215 2586 1323 2613 Graecis
1341 2586 1508 2622 cognitisque
1525 2594 1616 2612 eorum
1636 2586 1730 2613 litteris
1742 2586 1893 2621 adhibitis-2

1095 2632 1148 2658 que
1170 2623 1336 2654 doctoribus,
1359 2623 1510 2649 incredibili
1527 2623 1644 2658 quodam
1661 2624 1745 2650 nostri
1762 2623 1893 2658 hominm,

1095 2660 1200 2687 dicendi
1219 2660 1308 2687 studio
1325 2659 1510 2696 flagraverunt.
1546 2662 1586 2687 ⁴5.
1601 2661 1740 2687 Excitabat
1759 2669 1805 2688 eos
1827 2668 1893 2691 mm
