1931 2994
275 112 307 134 W
914 111 1258 137 vnool-LMM'M

273 201 386 247 copia,
416 212 519 246 quam
550 213 638 247 quae
667 201 709 236 ad
741 214 811 236 rem
843 216 904 249 pro
936 204 1096 238 instituta
1126 204 1260 238 rationi·
1290 204 1372 238 inihi
1405 212 1521 251 posset
1549 217 1623 239 esse
1654 206 1742 240 usui.
1797 206 1910 241 Tanta

273 274 348 301 erat
388 268 570 313 utriusque
611 268 840 304 bibliothecae
879 271 1094 305 aea‹l‹·iiii‹·ae
1128 278 1159 304 et
1195 272 1390 305 senatoriae
1424 272 1642 318 potissimum
1683 272 1909 310 abundantia.

273 340 372 369 tanta
400 335 597 369 antistitum
629 335 828 370 liberalitas.
896 337 1022 372 lterum
1053 351 1140 384 qnos
1169 338 1251 372 olim
1282 339 1513 380 contuleram,
1553 339 1682 374 Aldum
1712 339 1909 375 Manutium

273 407 307 437 ct
336 402 557 442 Ascensiuin,
588 403 762 443 consului,
791 404 1066 451 collatorumque
1097 405 1163 439 iam
1183 405 1265 440 olim
1295 405 1391 440 codd.
1431 404 1688 441 Oxoniensium
1717 414 1751 441 et
1778 407 1910 455 Neapo-

274 470 461 504 litanorum
492 475 697 516 apparatum
728 470 770 504 ad
801 483 942 506 manum
974 472 1094 509 imbui.
1125 484 1187 506 nee
1215 479 1331 507 tamen
1366 473 1463 508 licuit
1497 486 1702 515 memorare,
1737 487 1779 508 ne
1813 476 1910 512 fines,

272 549 360 583 quos
389 550 453 583 ego
483 536 674 571 servandos
703 550 922 584 susceperam
952 539 1132 574 adnotatio
1161 540 1355 575 excederet.

374 603 507 638 Deinde
547 604 727 639 adnotatio
767 606 839 640 suis
879 607 899 640 i.
940 621 968 641 e.
1009 607 1273 651 {nimiunn-ibus
1313 608 1539 642 scholasticae
1579 608 1742 643 editionis
1782 609 1911 643 finibus

272 671 484 705 continenda
531 677 618 713 erat,
674 685 715 707 ne
763 673 1009 708 honestissimo
1056 674 1210 708 ‹li-esseni
1261 675 1417 716 librario,
1470 676 1530 721 qui
1578 688 1686 722 quum
1733 676 1911 710 Ciceronis

272 738 422 773 adeundi
478 739 613 785 copiam
666 752 771 786 quain
825 741 984 787 plurimis
1040 742 1227 776 l‹·‹-t01·il›us
1283 743 1394 776 facere
1448 742 1567 783 vellet,
1620 748 1758 777 tantuin
1809 742 1912 778 inodo

272 806 374 853 spatii
409 812 641 849 concesserat,
681 813 814 853 quanto
853 821 988 855 possem
1029 809 1228 851 ostendere,
1269 810 1541 855 qualescumque
1574 809 1742 844 orationis
1776 810 1911 845 Cicero-

271 874 397 908 nianae
437 874 650 909 mutationes
690 887 758 909 non
799 888 984 922 operarum
1024 877 1240 912 festinationi
1282 889 1357 911 esse
1397 876 1635 924 imputandas,
1675 876 1734 911 sed
1768 885 1801 912 et
1835 890 1912 912 meo

271 941 418 976 arbitrio
448 942 511 975 niti
542 947 576 976 et
606 941 811 978 idoneorum
841 945 983 979 testium
1013 945 1226 980 testimonio.
1282 944 1318 978 ln
1350 944 1415 979 lioc
1444 945 1586 992 negotio
1614 957 1770 979 summae
1800 944 1912 979 brevi-

272 1009 334 1043 tati
375 1008 516 1044 studere
554 1009 738 1052 debebam,
779 1017 813 1046 et
852 1019 891 1046 ut
929 1012 1121 1054 studerem,
1161 1013 1347 1058 aliquoties
1387 1012 1614 1054 admonebar,
1654 1024 1696 1047 ne
1731 1012 1766 1046 in
1799 1012 1913 1047 maius

271 1089 359 1123 opus
398 1082 615 1112 excresceret
654 1077 772 1113 editio.
837 1078 953 1122 Quare
993 1080 1141 1115 leviores
1181 1079 1351 1126 quaedam
1391 1080 1605 1114 mutationes
1637 1079 1778 1114 silentio
1810 1079 1914 1126 plane

270 1144 547 1191 praetereundae
581 1151 695 1187 erant,
730 1158 799 1192 quo
832 1159 902 1181 non
934 1147 1080 1183 inertiae
1109 1147 1345 1196 indulgerem,
1379 1147 1438 1182 sed
1469 1147 1713 1195 angustiarum
1743 1146 1913 1181 rationem

272 1211 447 1247 haberem.
505 1211 580 1247 Hoc
612 1225 630 1247 e
658 1225 786 1261 genere
820 1220 903 1248 sunt
932 1227 965 1250 v.
996 1227 1024 1249 c.
1055 1215 1303 1250 conversiones
1333 1215 1477 1262 copulae
1507 1220 1545 1249 et
1574 1215 1610 1249 in
1640 1220 1762 1260 atque
1791 1220 1825 1248 et
1855 1226 1912 1256 ac,

272 1292 401 1326 neque
431 1279 466 1314 in
496 1292 582 1322 nec,
612 1280 660 1315 ab
689 1287 770 1315 ante
800 1281 934 1316 litteras
963 1294 1133 1318 consonas
1165 1283 1198 1317 in
1228 1295 1262 1325 a,
1292 1283 1540 1330 pronominum
1564 1282 1598 1316 is
1621 1282 1656 1316 in
1680 1281 1745 1316 hic
1767 1287 1801 1316 et
1823 1282 1915 1327 quis

272 1348 308 1382 in
348 1347 431 1393 qui,
471 1359 511 1382 ac
549 1347 625 1382 vice
664 1360 781 1391 versa,
820 1354 1001 1396 praetcrea
1039 1351 1332 1386 commutationes
1365 1350 1655 1385 terminationum
1687 1348 1787 1383 verbi
1821 1349 1914 1390 asti,

272 1415 387 1456 astis,
417 1420 539 1449 arunt
568 1415 603 1449 in
633 1415 774 1459 avisti,
803 1417 965 1461 avistis,
995 1424 1184 1461 averunt,
1214 1418 1273 1452 nil
1302 1418 1338 1452 in
1368 1417 1473 1452 nihil
1502 1417 1656 1462 itemque
1678 1416 1754 1451 eius
1775 1416 1915 1463 generis

272 1483 350 1517 alia.
414 1482 549 1517 Deinde
588 1483 808 1526 asteriscum,
848 1485 1068 1520 coniecturae
1107 1486 1284 1528 comitem,
1323 1485 1455 1532 pariter
1487 1490 1592 1530 atque
1626 1495 1748 1525 uncos,
1787 1482 1915 1518 dubiae

273 1555 499 1597 suspectaeve
532 1550 752 1585 auctoritatis
786 1551 933 1595 indices,
966 1565 984 1588 e
1017 1553 1197 1600 superiore
1227 1552 1383 1588 editione
1415 1551 1638 1599 superstites,
1671 1562 1735 1598 pro
1764 1563 1802 1585 re
1830 1556 1916 1585 nata

273 1618 415 1660 sustuli,
444 1617 651 1664 plerumque
679 1618 807 1653 lectore
836 1631 908 1654 non
937 1620 1084 1664 monito,
1118 1626 1240 1655 contra
1266 1620 1474 1667 plerumque
1502 1618 1650 1660 monito,
1684 1617 1744 1653 ubi
1774 1629 1915 1653 servan—

273 1685 336 1721 dos
365 1690 427 1720 aut
454 1697 567 1720 novos
596 1684 810 1721 adiiciendos
838 1691 1059 1733 putaveram.
1113 1686 1219 1729 Tum,
1248 1700 1292 1722 ne
1322 1687 1515 1734 scripturae
1544 1685 1716 1721 variantis
1739 1685 1916 1720 enarratio

272 1753 366 1788 iusto
415 1753 527 1801 magis
576 1753 872 1797 accumularetur,
927 1754 1058 1801 ubique
1100 1755 1172 1790 fere
1216 1754 1302 1789 satis
1344 1754 1453 1789 habui
1498 1753 1604 1788 huius
1647 1759 1683 1788 et
1724 1752 1916 1800 superioris

273 1821 438 1856 editionis
472 1833 569 1856 meae
597 1820 802 1856 discrimina
829 1821 1002 1857 indicasse
1030 1822 1129 1871 siglis
1158 1822 1302 1864 additis,
1342 1821 1517 1857 editorum
1545 1820 1691 1856 nomina
1718 1819 1915 1869 significan-

272 1889 379 1924 tibus.
446 1888 543 1923 Haec
581 1901 645 1924 suo
684 1901 844 1936 quaeque
883 1889 959 1925 loco
997 1890 1135 1926 notavi:
1191 1889 1248 1924 hic
1287 1895 1406 1925 autem
1445 1893 1606 1936 superest
1644 1893 1684 1923 ut
1721 1900 1778 1923 me
1817 1887 1916 1935 siglis

269 1956 301 1992 N
330 1959 358 1991 1.
383 1962 418 1991 et
438 1955 470 1992 N
494 1957 538 1998 2.,
561 1956 714 2003 priorem
743 1962 778 1991 et
806 1956 898 1991 hanc
925 1957 1071 1993 alteram
1094 1957 1334 1993 recensionem
1355 1969 1469 1992 meam
1491 1956 1693 2004 designasse
1714 1966 1914 1990 memorem.

270 2023 311 2058 In
350 2023 416 2059 hoc
455 2028 573 2058 tantae
612 2023 800 2059 brevitatis
839 2024 970 2068 studio,
1009 2025 1105 2072 quod
1142 2025 1222 2072 plus
1260 2025 1374 2072 poscit
1411 2024 1594 2071 temporis,
1633 2035 1738 2070 quam
1777 2022 1915 2069 copiose

271 2091 447 2127 scribendi
480 2091 676 2139 negotium,
710 2091 841 2138 passim
875 2104 959 2128 sane
990 2098 1187 2140 temperare
1218 2092 1305 2127 mihi
1338 2105 1410 2127 non
1441 2091 1557 2139 potui,
1590 2091 1677 2138 quin
1710 2090 1816 2125 etiam
1847 2089 1917 2123 alia

273 2170 594 2201 commemorarem,
633 2171 723 2205 quae
762 2159 820 2194 vel
852 2159 897 2194 ad
928 2160 1097 2195 tuendam
1129 2160 1196 2196 loci
1229 2159 1510 2195 emendationem
1541 2158 1600 2194 vel
1633 2157 1678 2193 ad
1706 2157 1915 2204 scripturam

271 2238 396 2262 versus
426 2225 635 2273 compluries
665 2226 762 2261 citati
791 2227 1011 2273 aequandam
1029 2228 1199 2264 valerent.

372 2293 560 2328 Praeterea
587 2299 714 2342 rogatu
742 2307 820 2329 meo
849 2295 983 2344 collega
1011 2295 1335 2338 coniunctissimus,
1363 2293 1451 2329 Rob.
1481 2293 1578 2328 Will.
1606 2292 1634 2328 F
1636 2290 1837 2333 ritzschius,
1860 2290 1916 2326 vir

272 2361 533 2397 eruditissimus
571 2366 607 2396 et
645 2361 912 2405 subtilissimus,
950 2375 1088 2399 mecum
1121 2376 1227 2410 quam
1259 2361 1519 2397 accuratissime
1551 2359 1648 2396 dedit
1679 2370 1837 2406 operam,
1877 2363 1917 2393 ut

271 2441 315 2464 ne
349 2441 438 2475 quae
471 2428 508 2463 in
540 2428 792 2475 speciminibus
825 2430 1054 2478 typothetieis
1087 2431 1177 2466 vitia
1207 2430 1502 2477 relinquerentur.
1560 2425 1680 2462 Sicubi
1713 2438 1798 2461 vero
1830 2425 1915 2460 rele-

271 2496 369 2545 genti
401 2496 487 2530 mihi
521 2508 727 2543 expressum
759 2497 829 2532 iam
861 2498 958 2546 typis
991 2499 1171 2546 exemplar
1199 2497 1425 2534 commissum
1452 2495 1586 2542 aliquid
1614 2506 1688 2529 esse
1717 2492 1915 2534 videbatur,

272 2564 437 2599 lectorem
469 2563 696 2599 adnotatione
728 2565 865 2607 monui,
898 2566 1160 2614 typographum
1189 2571 1307 2601 autem
1335 2564 1474 2612 rogavi,
1504 2569 1544 2599 ut
1571 2575 1591 2597 e
1618 2561 1759 2597 laminis
1787 2565 1915 2594 stereo-

271 2631 366 2680 typis
396 2631 483 2666 illud
511 2636 634 2678 postea
660 2632 809 2667 tolleret.
