1941 3052
299 104 629 131 EPISTOLARUM

41 175 124 202 velim
136 176 172 202 ita
183 179 287 206 tractes,
302 179 331 202 ut
342 176 409 201 mihi
421 184 509 202 coram
522 176 657 211 recepisti.
698 176 762 202 Tam
774 184 836 211 gra-

42 218 98 240 tum
115 213 183 239 mihi
198 213 225 239 id
241 213 303 244 erit,
322 221 404 247 quam
419 213 492 248 quod
507 214 703 249 gratissimum.
744 214 835 247 Ipsum

0 283 1 308 l
41 292 202 323 perpetuum
213 287 379 314 devinxeris.
414 287 488 314 Vale.

93 357 132 378 IV.
149 357 224 377 ABG.
243 356 334 377 Valerio
351 357 410 381 agris
421 357 443 376 iu
454 357 537 377 milites
548 356 708 377 distribuendis
720 363 733 376 a
743 357 836 377 Caesare

42 393 153 421 praefecto
163 392 323 413 Volaterranos
334 392 477 415 commendat,
488 399 515 412 ne
527 399 599 412 eurum
610 398 661 416 ager
671 391 790 411 dividatur.

238 429 317 452 (Ru-nac
325 443 330 449 ‚
340 429 406 448 Fumo,
416 429 512 446 Trebonio
523 429 565 447 suff.
578 431 632 449 709.)

65 474 101 501 M.
123 473 154 500 T.
176 472 205 500 C.
228 472 256 499 S.
279 472 309 498 D.
331 471 362 504 Q.
384 471 553 498 VALERIO
573 471 604 503 Q.
627 472 656 498 F.
678 471 806 498 ORCAE

273 510 360 535 LEG.
382 508 598 535 PROPRAET.

96 549 120 574 4.
143 543 223 574 Cum·
236 546 422 581 municipibus
442 545 620 572 Volaterranis
640 545 707 571 mihi
729 554 835 571 summa

41 584 213 612 necessitudo
228 588 278 611 est.
318 584 414 619 Magno
429 583 500 609 enim
517 591 576 609 meo
591 582 721 609 beneficio
737 582 832 613 affecti,

40 622 256 649 cumulatissime
272 621 341 647 mihi
356 621 469 656 gratiam
485 620 645 646 retulerunt:
669 628 730 646 nam
747 620 834 645 necin

41 660 189 686 honoribus
206 659 273 685 meis
285 658 371 685 necin
385 658 522 684 laboribus
537 666 666 692 umquam
678 656 832 683 defuerunt.

40 697 108 724 Cum
119 697 222 731 quibus
233 697 257 722 si
267 696 336 722 mihi
348 695 421 721 nulla
432 703 527 721 caussa
538 694 721 724 intercederet,
734 698 832 725 tamen,

40 734 113 770 quod
125 738 149 760 te
161 733 399 760 vehementissime
410 732 503 767 diligo,
517 732 644 766 quodque
656 740 698 757 me
709 740 722 757 a
734 736 758 757 te
772 730 834 765 plu-

40 772 102 798 rimi
114 770 171 797 fieri
182 771 268 797 sentio
276 791 282 802 ,
298 774 324 796 et
334 778 470 796 monerem
482 774 505 795 te
516 774 542 795 et
553 769 685 800 hortarer,
703 773 834 795 uteorum

40 808 154 835 fortunis
169 807 336 838 consuleres,
354 807 512 842 praesertim
530 815 616 841 quum
632 814 714 840 prope
730 806 835 840 praeci-

39 854 121 881 puam
128 854 250 871 caussam
262 845 390 871 haberent
400 844 433 870 ad
445 845 487 870 ius
498 843 688 870 obtinendum:
702 843 832 878 primum,

39 882 112 919 quod
124 882 228 909 Sullani
239 882 367 917 temporis
378 881 559 912 acerbitatem,
573 881 684 907 deorum
696 881 835 906 immorta-

40 919 107 947 lium
118 920 293 956 benignitate,
306 918 540 954 subterfugerunt:
554 918 661 949 deinde,
675 918 747 953 quod
758 926 835 944 sum-

39 965 83 984 mo
98 957 188 984 studio
203 956 297 992 populi
307 957 420 983 Romani
436 965 450 982 a
466 965 508 983 me
525 957 552 982 in
563 955 704 982 consulatu
716 964 775 981 meo
787 955 835 981 de—

39 994 109 1021 fensi
120 998 192 1021 sunt.
232 996 258 1022 2.
273 994 362 1026 Quum
379 993 482 1020 tribuni
492 993 581 1028 plebis
593 993 680 1029 legem
692 993 835 1028 iniquissi-

40 1041 112 1059 mam
122 1031 155 1058 de
167 1040 260 1058 eorum
275 1032 347 1068 agris
358 1031 617 1067 promulgavissent:
636 1030 713 1057 facile
729 1030 834 1056 senatui

38 1069 192 1105 populoque
203 1070 321 1096 Romano
332 1069 464 1104 persuasi,
478 1073 507 1095 ut
518 1077 562 1094 eos
573 1069 655 1099 cives,
668 1068 770 1103 quibus
782 1067 835 1093 for—

39 1112 102 1134 tuna
112 1107 286 1142 pepercisset,
300 1106 389 1133 salvos
400 1115 459 1132 esse
470 1105 580 1132 vellent.
620 1107 692 1132 Hanc
703 1106 833 1132 actionem

39 1153 126 1171 meam
137 1144 167 1171 C.
180 1143 276 1171 Caesar
290 1144 377 1179 primo
392 1153 441 1170 suo
457 1143 598 1170 consulatu
614 1144 641 1170 in
658 1143 716 1179 lege
731 1143 834 1178 agraria

39 1182 225 1217 comprobavit
253 1190 402 1217 agrumque
426 1181 628 1208 Volaterranum
653 1185 678 1207 et
702 1180 833 1215 oppidum

38 1220 113 1246 omni
123 1219 244 1254 periculo
255 1219 283 1245 in
294 1223 454 1254 perpetuum
467 1218 599 1249 liberavit,
609 1218 710 1244 utmihi
718 1218 833 1244 dubium

39 1265 92 1284 non
108 1257 155 1288 sit,
172 1257 239 1291 quin
252 1257 288 1287 is,
305 1257 353 1291 qui
369 1265 452 1282 novas
467 1255 682 1282 necessitudines
693 1255 831 1290 adiungat,

39 1299 129 1321 vetera
144 1303 192 1320 sua
212 1293 342 1320 beneficia
359 1294 513 1320 conservari
535 1292 608 1319 velit.
653 1293 834 1325 Quamobrem

39 1336 80 1358 est
90 1336 150 1358 tuae
161 1331 320 1366 prudentiae
332 1336 377 1358 aut
387 1331 466 1366 sequi
478 1331 537 1357 eius
549 1331 741 1361 auctoritatem,
755 1330 834 1356 cuius

38 1373 139 1396 sectam
155 1373 234 1404 atque
249 1369 394 1403 imperium
404 1377 510 1394 summa
521 1377 583 1394 cum
596 1373 639 1394 tua
650 1368 780 1403 dignitate
791 1376 834 1393 se-

38 1411 117 1433 cutus
133 1415 175 1438 es,
194 1410 239 1432 aut
254 1411 324 1433 certe
341 1405 380 1432 illi
396 1407 526 1441 integram
538 1414 645 1432 omnem
657 1414 780 1432 caussam
792 1413 835 1431 re-

39 1452 155 1471 servare.
196 1443 267 1470 Illud
287 1452 350 1470 vero
370 1443 494 1470 dubitare
510 1452 562 1470 non
578 1443 675 1473 debes,
697 1443 765 1478 quin
781 1447 834 1469 tam

39 1490 134 1518 grave,
152 1485 205 1508 tam
221 1481 344 1512 firmum,
363 1485 415 1508 tam
432 1481 574 1507 honestum
592 1481 773 1515 municipium
785 1480 835 1506 tibi

39 1523 84 1546 tuo
94 1527 201 1545 summo
212 1518 342 1545 beneflcio
354 1519 379 1545 in
392 1523 552 1553 perpetuum
562 1518 677 1553 obligari
690 1517 767 1544 velis.
809 1519 832 1543 3.

39 1555 93 1583 Sed
109 1556 187 1587 baec,
204 1564 274 1591 quae
289 1564 370 1590 supra
382 1556 481 1590 scripta
492 1561 568 1587 sunt,
581 1565 611 1582 eo
622 1560 756 1590 spectant,
770 1559 799 1581 ut
810 1559 834 1580 te

39 1593 128 1621 horter
138 1597 164 1620 et
174 1593 312 1620 suadeam.
353 1593 466 1628 Reliqua
478 1598 553 1623 sunt,
577 1602 645 1627 quae
658 1593 792 1627 pertinent
801 1591 835 1618 ad

20 1644 21 1652 κ
39 1630 201 1667 rogandum.-
214 1635 308 1657 utnon
319 1630 408 1657 solum
420 1635 463 1657 tua
474 1638 569 1656 caussa
581 1630 630 1656 tibi
641 1629 784 1656 consilium
794 1638 835 1655 me

39 1667 101 1695 dare
112 1673 201 1703 putes,
215 1667 262 1694 sed
274 1668 364 1699 etiam,
377 1668 451 1703 quod
461 1668 529 1694 mihi
540 1676 608 1702 opus
619 1667 662 1698 sit,
673 1675 714 1693 me
726 1676 740 1693 a
751 1671 774 1693 te
788 1675 836 1701 pe-

38 1710 93 1733 tere
108 1710 134 1732 et
147 1714 250 1742 rogare.
290 1705 482 1732 Gratissimum
497 1705 580 1740 igitur
596 1705 663 1730 milii
680 1704 788 1734 feceris,
811 1704 835 1730 si

39 1742 222 1770 Volaterranos
241 1743 369 1770 omnibus
388 1743 469 1769 rebus
490 1743 609 1777 integros
630 1742 834 1776 incolumesque

38 1788 98 1807 esse
109 1780 238 1808 volueris.
268 1781 369 1807 Eorum
380 1788 429 1816 ego
440 1779 587 1811 domicilia,
601 1779 688 1810 sedes,
702 1788 767 1811 rem⁷
781 1778 835 1805 sor—

39 1821 131 1850 tunas,
148 1826 218 1853 quae
233 1826 247 1844 a
258 1817 311 1844 diis
323 1817 521 1844 immortalibus
533 1822 558 1844 et
569 1826 582 1843 a
594 1816 834 1852 praestantissimis

39 1855 66 1881 in
78 1859 166 1881 nostra
177 1854 315 1889 republica
321 1855 439 1885 civibus,
447 1863 554 1881 summo
565 1859 673 1881 senatus
685 1854 834 1889 populique

41 1892 152 1918 Romani
163 1892 266 1923 studio,
284 1897 455 1918 conservatae
466 1896 542 1923 sunt,
555 1896 615 1918 tuae
627 1892 702 1922 fidei,
717 1892 834 1918 iustitiae

38 1929 206 1964 bonitatique
217 1929 385 1955 commendo.
425 1931 449 1956 4.
465 1929 492 1955 Si
504 1938 552 1964 pro
563 1929 630 1955 meis
643 1929 764 1964 pristinis
775 1929 835 1964 opi-

39 1966 91 1993 bus
104 1966 256 1992 facultatem
267 1966 335 1992 mihi
348 1975 389 1992 res
402 1966 451 1992 hoc
462 1970 580 2000 tempore
591 1966 679 1997 daret,
697 1971 726 1993 ut
741 1967 776 1992 ita
787 1967 835 1992 de—

39 2003 147 2031 fendere
159 2012 266 2038 possem
278 2003 471 2034 Volaterranos,
480 2003 709 2038 quemadmodum
721 2012 836 2030 consue-

39 2041 67 2068 vi
79 2041 148 2067 tueri
160 2049 246 2073 meos,
265 2040 371 2067 nullum
383 2040 517 2072 officium,
532 2040 637 2067 nullum
649 2040 766 2075 denique
777 2049 835 2067 cer-

38 2082 136 2109 tamen,
150 2079 178 2104 in
189 2087 243 2113 quo
254 2077 309 2104 illis
321 2077 448 2113 prodesse
460 2087 575 2113 possem,
585 2078 833 2112 praetermitterem.

40 2115 93 2143 Sed
106 2115 215 2151 quando
230 2115 302 2150 apud
319 2119 342 2142 te
358 2115 442 2142 nihilo
455 2115 545 2142 minus
557 2116 606 2141 hoe
618 2121 735 2151 tempore
747 2115 835 2142 valere

40 2161 83 2180 me
92 2152 210 2183 confido,
227 2161 309 2187 quam
321 2152 452 2179 valuerim
467 2162 574 2187 semper
589 2153 660 2188 apud
671 2162 774 2184 omnes,
788 2162 836 2188 pro

41 2194 128 2218 nostra
142 2199 249 2217 summa
265 2190 465 2217 necessitudine
478 2190 589 2225 parique
601 2191 668 2217 inter
681 2200 728 2217 uos
739 2196 764 2217 et
775 2200 836 2216 mu-

41 2231 85 2255 tua
99 2227 286 2255 benevolentia
301 2227 349 2254 abs
366 2232 389 2254 to
406 2232 479 2262 peto,
504 2232 532 2254 ut
552 2228 587 2254 ita
607 2227 640 2254 de
656 2228 835 2255 Volaterranis

42 2273 167 2296 mereare,
180 2270 209 2292 ut
218 2265 383 2296 existiment,
397 2274 458 2291 eum
470 2265 548 2299 quasi
560 2264 653 2292 divino
666 2266 779 2293 consilio
792 2267 836 2292 isti

42 2303 146 2338 negotio
158 2303 340 2337 praepositum
352 2311 424 2333 esse,
442 2302 513 2337 apud
525 2311 606 2337 quem
619 2312 703 2329 unum
716 2312 777 2335 nos,
791 2313 836 2330 eo-

42 2347 102 2366 rum
112 2340 235 2375 perpetui
246 2339 410 2370 defensores,
420 2339 569 2374 plurimum
581 2339 670 2367 valere
682 2349 834 2376 possemus.

95 2409 122 2430 V.
141 2409 220 2430 ΑΚΘ.
239 2409 317 2435 Rogat,
329 2416 355 2429 ue
367 2416 418 2431 uaer
428 2409 500 2429 t‘urtii
511 2408 630 2429 dividatur.

286 2446 361 2469 (Fabiu,
372 2446 468 2463 'ruham-1
480 2453 526 2462 ιιιηΑ
538 2446 592 2468 TO‘L)

278 2527 363 2553 LEG.
386 2526 601 2552 l‘aoPaAli'r.

100 2566 123 2592 4.
144 2561 208 2593 Non
224 2566 335 2594 moleste
352 2567 407 2594 fero
421 2576 479 2593 eam
501 2566 743 2597 necessitudinem,
766 2575 835 2601 quae

43 2601 111 2629 mihi
121 2607 209 2629 tecum
219 2608 267 2635 est.
281 2609 368 2631 notam
381 2613 439 2631 esse
450 2613 531 2639 quam
543 2604 683 2639 plurimis:
698 2612 785 2638 nequo
797 2609 836 2630 ta-

45 2646 104 2666 men
119 2639 152 2666 ob
168 2649 226 2667 eam
241 2650 364 2669 caussam
379 2641 462 2677 (quod
473 2646 501 2668 tu
511 2642 611 2677 optime
622 2641 776 2668 existimare
788 2650 836 2676 po—

662 105 714 131 AD
746 104 975 132 DIVERSOS
1006 104 1192 131 LIB.xl11.

1225 105 1285 131 ΕΡ.
1311 107 1423 131 1-6,
1632 106 1680 132 763

862 182 864 187 ‘
887 175 936 210 tes)
948 180 972 201 te
983 175 1116 210 impedio,
1129 184 1183 210 quo
1194 176 1285 201 minus
1296 180 1452 211 susceptum
1464 176 1615 211 negotium,
1635 185 1683 210 pro

856 214 864 248 ᾗ
887 217 931 238 tua
948 212 999 238 fide
1015 217 1040 239 et
1054 212 1207 248 diligentia,
1226 221 1260 239 ex
1274 212 1408 239 voluntate
1420 213 1555 244 Caesaris,
1574 214 1621 248 qui
1634 214 1682 240 tibi

0 273 1 277 ,
41 255 176 285 praeterea
191 259 298 276 summo
312 250 400 277 officio
412 255 437 276 et
448 259 553 277 summa
565 251 736 277 observantia
747 250 797 277 tibi
808 251 836 276 in
856 251 857 259 ¹

888 258 944 275 rem
961 258 1086 285 magnam
1102 250 1297 285 difficilemque
1312 251 1460 281 commisit,
1479 259 1570 286 gerere
1582 252 1680 285 possis.

887 288 954 312 Nam
966 296 1050 321 quum
1064 287 1142 313 multi
1154 296 1167 313 a
1179 296 1221 313 me
1232 292 1323 322 petant
1334 288 1427 319 multa,
1436 288 1508 323 quod
1520 288 1552 314 de
1564 292 1608 314 tua
1620 297 1681 324 erga

863 323 864 338 ³
888 333 929 350 me
942 324 1076 351 voluntate
1088 333 1140 350 non
1151 325 1285 356 dubitent,
1294 334 1345 352 non
1357 327 1503 356 committo,
1517 330 1546 352 ut
1557 326 1682 352 ambitio-

863 370 864 375 *
888 370 920 387 ne
936 370 994 387 mea
1010 362 1168 388 conturbem
1184 362 1304 388 officium
1320 368 1407 389 tuum.

1448 365 1472 390 2.
1495 363 1524 390 C.
1541 363 1632 390 Curtio
1648 363 1682 389 ab

887 399 995 424 ineunte
1007 404 1089 425 aetate
1101 399 1311 426 familiarissime
1323 409 1383 426 sum
1395 409 1472 427 usus.
1507 401 1574 426 Eius
1585 405 1611 427 et
1621 400 1683 426 Sul-

888 435 941 462 lani
958 437 1085 470 temporis
1101 437 1280 463 iniustissima
1296 437 1444 464 calamitate
1457 437 1544 468 dolui,
1562 443 1587 464 et
1597 446 1682 472 quum

887 473 934 503 iis,
952 474 999 507 qui
1014 473 1131 499 similem
1148 475 1275 500 iniuriam
1287 480 1457 510 acceperant,
1475 476 1583 501 amissis
1594 476 1683 501 omni—

887 510 938 536 bus
959 510 1086 541 fortunis,
1115 511 1217 537 reditus
1242 517 1330 538 tamen
1356 514 1383 539 in
1407 513 1521 547 patriam
1546 512 1682 539 voluntate

886 548 1007 573 omnium
1019 548 1130 573 concedi
1142 548 1292 580 videretur,
1310 549 1416 576 adiutor
1428 550 1619 576 incolumitatis
1632 549 1680 576 fui.

887 585 911 610 Is
923 585 1003 611 habet
1017 585 1044 611 in
1056 585 1226 612 Volaterrano
1237 588 1449 620 possessionem,
1468 596 1552 622 quum
1570 588 1596 613 in
1612 596 1679 617 eam,

887 626 1023 657 tamquam
1035 631 1049 648 e
1061 622 1209 657 naufragio,
1224 624 1353 658 reliquias
1364 624 1533 650 contulisset.
1570 625 1622 650 Hoc
1634 633 1682 650 au—

887 664 939 685 tem
952 664 1069 693 tempore
1080 668 1141 685 eum
1154 660 1250 686 Caesar
1262 662 1289 687 in
1307 667 1430 688 senatum
1447 662 1524 697 legit,
1543 670 1624 696 quem
1640 671 1683 688 or—

886 696 978 722 dinem
995 696 1053 727 ille,
1072 698 1121 722 ista
1136 699 1305 731 possessione
1317 700 1428 729 amissa,
1448 699 1516 725 tueri
1528 700 1575 725 vix
1586 704 1680 733 potest.

887 733 1087 760 Gravissimum
1099 739 1187 760 autem
1199 740 1248 766 est,
1265 744 1350 770 quum
1362 737 1486 770 superior
1498 736 1583 762 factus
1595 737 1629 762 sit
1640 745 1683 762 or-

886 770 962 801 dine.
981 771 1135 797 inferiorem
1151 780 1210 797 esse
1227 772 1345 800 fortuna:
1365 774 1532 808 minimeque
1547 774 1680 803 convenit,

886 817 920 834 ex
930 817 961 834 eo
971 817 1043 844 agro,
1057 808 1232 843 quiCaesaris
1245 810 1321 836 iussu
1333 810 1480 841 dividatur,
1494 819 1556 836 eum
1569 812 1681 837 moveri.

886 846 934 880 qui
945 846 1066 872 Caesaris
1083 845 1214 873 beneficio
1229 852 1335 873 senator
1350 849 1394 874 sit.
1435 850 1460 874 3.
1483 847 1536 874 Sed
1552 848 1620 873 mihi
1632 849 1684 873 mi-

886 892 937 909 nus
954 883 1019 909 libet
1035 883 1118 909 multa
1133 883 1166 909 de
1182 885 1316 919 aequitate
1331 885 1370 911 rei
1386 885 1517 915 scribere,
1541 894 1573 911 ne
1588 893 1683 911 caussa

885 921 975 955 potius
987 920 1058 955 apud
1070 925 1094 946 te
1107 920 1225 947 valuisse
1237 922 1338 953 videar,
1354 931 1435 957 quam
1448 923 1542 958 gratia.
1583 922 1684 954 Quam—

885 957 977 984 obrem
990 963 1014 984 te
1026 958 1053 983 in
1070 958 1198 984 maiorem
1215 959 1325 985 modum
1341 969 1417 995 rogo,
1436 964 1464 986 ut
1480 960 1509 986 C.
1527 960 1612 986 Curtii
1628 968 1683 985 rem

886 1004 973 1021 meam
985 999 1063 1030 putes
1075 1004 1148 1022 esse:
1161 996 1298 1031 quidquid
1311 1006 1369 1023 mea
1381 1006 1475 1023 caussa
1488 997 1596 1027 faceres,
1607 1002 1643 1024 ut.
1657 997 1684 1023 id

886 1033 915 1059 C.
933 1033 1019 1059 Curtii
1034 1041 1129 1058 caussa
1145 1042 1231 1068 quum
1246 1034 1354 1066 feceris,
1373 1035 1527 1065 existimes,
1550 1034 1623 1069 quod
1639 1034 1684 1060 ille

886 1079 933 1105 per
945 1079 986 1096 me
999 1070 1137 1101 habuerit,
1156 1071 1183 1097 id
1198 1080 1240 1098 me
1257 1072 1355 1098 habere
1367 1073 1414 1099 abs
1426 1077 1460 1099 te.
1501 1072 1555 1098 Hoc
1568 1077 1590 1098 te
1603 1072 1686 1098 vehe-

886 1112 989 1134 menter
999 1108 1079 1134 etiam
1091 1112 1170 1143 atque
1182 1110 1263 1135 etiam
1274 1118 1347 1145 rogo.

939 1180 970 1200 Vl
980 1187 999 1200 a.
1019 1180 1097 1200 ΛΚΕ.
1113 1180 1192 1207 Cuspii
1208 1188 1272 1206 quum
1287 1185 1372 1201 ceteros
1388 1181 1470 1202 amicos
1486 1188 1560 1202 ornnes
1577 1189 1684 1202 cummen-

886 1215 930 1240 ilat,
943 1219 987 1236 tum
997 1215 1020 1235 in
1031 1215 1109 1243 primis
1120 1216 1144 1236 L.
1155 1215 1243 1236 Iulium.

1067 1254 1154 1275 (numne,
1168 1253 1284 1272 ›ia-..ianm
1294 1253 1384 1275 Phasma.
1395 1260 1433 1269 ma

886 1297 922 1323 M.
940 1297 970 1323 T.
987 1296 1016 1323 C.
1035 1296 1063 1323 S.
1084 1297 1114 1323 P.
1136 1297 1166 1323 D.
1183 1295 1214 1328 Q.
1232 1295 1422 1327 VALERIO,
1443 1296 1474 1329 Q.
1493 1298 1522 1323 F.
1539 1297 1682 1327 ORCAE,

995 1366 999 1367 .
1206 1332 1365 1360 PROCOS.

945 1373 966 1397 f.
990 1366 1022 1396 Si
1037 1370 1124 1401 vales,
1143 1371 1211 1397 bene
1222 1375 1275 1401 est,
1295 1371 1379 1397 valeo.
1420 1372 1505 1399 Credo
1520 1376 1544 1398 te
1557 1373 1684 1398 memoria

886 1413 989 1439 tenere,
1009 1416 1051 1434 me
1067 1413 1093 1434 et
1107 1417 1195 1435 coram
1212 1409 1240 1434 P.
1258 1408 1359 1443 Cuspio
1374 1414 1461 1435 tecum
1480 1409 1597 1435 locutum
1614 1418 1682 1440 esse,

886 1454 971 1481 quum
984 1450 1008 1472 te
1020 1454 1197 1480 prosequerer
1207 1445 1379 1480 paludatum,
1397 1452 1422 1473 et
1439 1448 1501 1473 item
1518 1452 1608 1481 postea
1623 1446 1685 1481 plu-

887 1483 962 1509 ribus
976 1483 1066 1509 verbis
1078 1487 1165 1509 tecum
1178 1484 1280 1519 egisse,
1298 1488 1340 1514 ut,
1358 1492 1545 1519 quoscumque
1562 1484 1610 1510 tibi
1626 1484 1685 1510 eius

888 1521 1052 1546 necessarios
1073 1520 1303 1551 commendarem,
1328 1521 1440 1547 haberes
1460 1530 1505 1547 eos
1527 1522 1552 1547 in
1573 1530 1686 1547 numero

888 1566 1007 1584 meorum
1023 1559 1247 1584 necessariorum.
1288 1558 1316 1584 ld
1331 1563 1358 1584 tu
1375 1567 1423 1593 pro
1438 1564 1482 1584 tua
1499 1567 1605 1584 summa
1622 1567 1684 1593 erga

888 1604 929 1621 me
944 1595 1130 1621 benevolentia
1147 1600 1330 1630 perpetuaque
1346 1596 1515 1622 observantia
1533 1596 1600 1621 milii
1617 1596 1686 1621 libe-

887 1632 1021 1659 ralissime
1032 1637 1111 1667 atque
1124 1633 1320 1659 humanissime
1333 1634 1468 1668 recepisti.
1509 1635 1534 1659 ⁶2.
1555 1634 1682 1668 Cuspius,

888 1670 966 1696 homo
978 1671 1003 1696 in
1015 1678 1108 1696 omnes
1119 1679 1182 1696 suos
1192 1670 1420 1699 officiosissimus,
1430 1671 1542 1697 mirifice
1553 1671 1685 1705 quosdam

888 1707 1010 1733 homines
1022 1708 1115 1733 exista
1128 1708 1267 1742 provincia
1279 1712 1368 1734 tuetur
1379 1714 1404 1734 et
1415 1708 1519 1744 diligit,
1535 1713 1682 1743 propterea,

887 1744 958 1779 quod
971 1744 1021 1771 fuit
1035 1745 1061 1770 in
1076 1745 1164 1771 Africa
1177 1745 1233 1776 bis,
1251 1754 1336 1780 quum
1352 1747 1479 1772 maximis
1491 1746 1626 1772 societatis
1639 1754 1686 1771 ne-

886 1783 967 1817 gotiis
979 1787 1123 1817 praeesset.
1166 1783 1256 1817 Itaque
1269 1783 1317 1809 hoo
1330 1784 1389 1809 eius
1400 1783 1535 1813 officium,
1553 1783 1625 1818 quod
1638 1782 1686 1809 ad-

888 1820 963 1846 hibet
981 1828 1043 1855 erga
1066 1819 1139 1850 illos,
1162 1829 1211 1856 ego
1232 1829 1291 1846 mea
1312 1820 1435 1847 facultate
1457 1826 1481 1847 et
1496 1821 1580 1855 gratia
1602 1820 1682 1848 soleo,

886 1862 1017 1892 quantum
1042 1866 1167 1892 possum,
1195 1857 1334 1884 adiuvare.
1375 1858 1461 1890 Quare
1487 1859 1684 1892 Cuspianorum

886 1895 1008 1921 omnium
1025 1895 1267 1922 commendationis
1288 1904 1412 1921 caussam
1434 1896 1483 1922 hac
1504 1896 1553 1922 tibi
1572 1895 1684 1930 epistola

886 1932 1073 1967 exponendam
1089 1933 1193 1967 putavi.
1236 1933 1357 1968 Reliquis
1378 1933 1500 1968 epistolis
1522 1938 1624 1960 tantum
1646 1932 1686 1958 fa-

886 1970 968 2000 ciam,
984 1974 1012 1996 ut
1022 1974 1110 1996 notam
1123 1979 1256 2004 apponam
1268 1980 1340 2001 eam,
1358 1980 1427 2005 quae
1440 1971 1508 1996 milii
1522 1976 1610 1997 tecum
1621 1979 1685 1996 con-

887 2008 973 2038 venit,
996 2012 1022 2034 et
1042 2007 1124 2033 simul
1146 2008 1312 2043 significem.
1336 2008 1369 2034 de
1388 2017 1500 2034 numero
1516 2017 1574 2033 esse
1590 2008 1684 2042 Caspii

887 2045 1046 2071 amicorum.
1078 2047 1102 2071 3.
1120 2045 1173 2071 Sed
1187 2046 1254 2071 lianc
1265 2046 1535 2076 commendationem,
1547 2054 1629 2080 quam
1643 2045 1685 2070 his

888 2081 983 2108 litteris
994 2082 1153 2117 consignare
1166 2082 1239 2108 volui
1248 2103 1253 2113 ,
1271 2083 1338 2109 scito
1349 2092 1408 2109 esse
1419 2084 1542 2109 omnium
1553 2083 1684 2117 gravissi-

888 2128 968 2145 mam.
1011 2120 1076 2144 Nam
1094 2120 1121 2145 l'.
1134 2120 1253 2154 Cuspius
1269 2120 1401 2155 singulari
1416 2120 1506 2146 studio
1519 2120 1656 2146 contendit
1671 2128 1684 2145 a

888 2165 942 2187 me,
962 2161 990 2182 ut
1006 2156 1055 2182 tibi
1071 2165 1152 2190 quam
1168 2157 1378 2191 diligentissime
1392 2158 1420 2183 l..
1435 2157 1532 2183 Iulium
1547 2165 1685 2183 commen·

887 2193 989 2219 darem.
1030 2193 1096 2219 Eius
1113 2202 1163 2226 ego
1177 2194 1268 2219 studio
1284 2195 1331 2220 vix
1347 2194 1440 2220 videor
1451 2194 1518 2220 milii
1531 2194 1683 2220 satisfacere

887 2239 974 2265 posse,
988 2231 1011 2256 si
1024 2235 1082 2256 utar
1093 2230 1184 2256 verbis
1197 2231 1239 2261 iis,
1252 2231 1363 2265 quibus,
1377 2240 1462 2265 quum
1474 2231 1684 2264 diligentissime

887 2268 953 2302 quid
966 2268 1086 2301 agimus,
1106 2268 1144 2293 uti
1156 2267 1284 2294 solt-nius.
1328 2269 1398 2293 Nova
1411 2268 1543 2303 quaedam
1556 2268 1681 2303 postulat.

887 2311 912 2331 et
929 2310 1003 2339 putat
1020 2314 1060 2330 me
1076 2305 1136 2330 eius
1151 2305 1259 2340 generis
1274 2305 1418 2331 artificium
1434 2305 1570 2340 quoddam
1583 2311 1682 2331 tenere.

889 2343 919 2368 Ei
935 2351 984 2376 ego
1001 2342 1138 2376 pollicitus
1153 2351 1214 2368 sum
1236 2351 1278 2368 me
1298 2351 1331 2368 ex
1353 2343 1445 2368 intima
1463 2348 1550 2368 nostra
1567 2348 1620 2368 arte
1636 2342 1683 2368 ‹le-

888 2385 1076 2414 prompturum
1094 2380 1239 2405 mirificum
1255 2388 1341 2413 genus
1363 2379 1614 2405 coumwndationis.
1656 2380 1682 2406 Id

888 2418 1015 2452 quoniam
1030 2417 1138 2451 assequi
1151 2426 1202 2443 uon
1215 2425 1340 2451 possum,
1355 2422 1381 2442 tu
1394 2426 1420 2442 re
1433 2417 1513 2442 velim
1525 2417 1640 2445 efficias.
1656 2423 1683 2443 ut

1437 1267 1440 1270 .
1452 1254 1507 1275 uqa.)

864 2476 865 2479 ,
889 2454 933 2480 ille
948 2463 1045 2489 genere
1061 2463 1180 2480 mearum
1203 2454 1349 2480 litterarum
1373 2454 1531 2480 incredibile
1551 2454 1682 2489 quiddam

43 2487 78 2515 M.
98 2488 129 2516 T.
149 2488 179 2516 c.
199 2488 227 2516 S.
243 2490 273 2516 P.
290 2490 320 2515 n.
337 2488 369 2521 Q.
387 2488 572 2518 vuemo,
595 2489 627 2520 Q.
646 2489 674 2515 F.
691 2488 833 2521 ORCAE,

888 2491 1035 2526 perfectum
1047 2491 1200 2517 arbitretur.
1233 2493 1256 2517 t.
1278 2491 1304 2517 ld
1319 2491 1408 2519 facies.
1426 2492 1449 2517 si
1461 2500 1539 2517 ‹unne
1550 2501 1637 2525 genus
1651 2492 1682 2517 li-

888 2529 1043 2559 ber-alitatis,
1052 2529 1124 2563 quod
1136 2534 1160 2555 et
1172 2529 1205 2554 al»
1218 2529 1382 2554 tuuunnitnte
1393 2534 1417 2554 et
1430 2534 1557 2563 potestate
1570 2534 1682 2563 tuapro—

887 2567 970 2592 ficisei
983 2567 1090 2600 poterit,
1110 2575 1161 2592 non
1174 2566 1252 2592 modo
1264 2575 1303 2596 re,
1321 2566 1369 2592 sed
1385 2567 1464 2592 etiam
1483 2566 1585 2595 verbis,
1604 2566 1680 2592 vultu

886 2604 1003 2638 denique
1019 2604 1232 2638 exprompseris:
1256 2612 1324 2638 quac
1342 2609 1473 2638 ‹puintum
1496 2604 1522 2630 iu
1543 2604 1680 2639 provincia

888 2640 1005 2672 valeant,
1025 2641 1121 2667 vellem
1137 2646 1264 2676 expertus
1279 2650 1366 2667 esses:
1384 2641 1431 2667 sed
1448 2646 1535 2668 tamen
1546 2643 1669 2676 suspicor

1416 2690 1447 2715 91:
1463 2687 1475 2702 *
