1941 3052
267 190 294 214 lt}
845 191 869 215 li,
906 190 927 215 31
975 190 993 215 'l'

264 260 368 294 legibus
383 259 547 290 iudicarunt,
563 267 703 285 commune
717 264 765 290 cst,
779 259 850 294 quod
865 269 956 286 omnen
973 260 1053 293 vulgo

1036 188 1308 215 (LICEltONlS

1079 264 1081 268 ’
1104 258 1195 284 audire
1211 258 1354 287 volueram,
1366 258 1574 293 egometdicam,
1587 259 1652 294 quid
1666 265 1776 295 uterque
1786 260 1893 295 cogitet.

263 297 406 332 prnbnrunt
424 301 449 323 et
467 298 550 323 secuti
570 302 640 326 stunt,
663 297 830 322 huiusmmli:
860 302 888 323 ut
908 297 1052 323 maioribus
1080 311 1081 321 l

1080 337 1081 346 ¹
1106 332 1252 366 Xenophon
1277 341 1385 358 uxorem
1410 334 1506 359 natu-n·
1525 334 1695 361 lectissimam
1711 335 1827 361 maxime
1842 336 1892 362 via.

263 339 324 360 nutu
340 339 503 368 nssurgntnr.
522 339 549 360 ut
563 335 716 368 supplicum
733 335 901 365 misercatur,
923 334 1052 368 approha—

263 377 318 397 tun·
338 376 386 402 est,
407 372 478 406 quod
499 372 627 401 homini-s,
648 380 732 405 quium
751 371 864 396 dubium
879 376 957 401 esset,
974 371 1052 406 quide

264 409 352 435 haberi
368 413 505 444 oporteret,
522 417 569 434 sua
584 410 777 434 constituerunt
792 409 958 434 auctoritate:
981 409 1052 434 velut

264 445 370 482 [lloratii
398 446 494 472 sactum
518 455 530 470 n
551 446 649 480 populo
667 446 851 479 approbatum,
872 446 943 480 quod
958 446 1052 471 occidit

262 492 387 512 sororem,
408 492 491 517 quum
513 483 555 508 illa
574 483 709 508 devictum
725 483 872 508 Curiatium
889 483 990 508 hostem
1006 483 1052 508 do-

265 520 340 550 l‹·ret;
371 520 410 546 vel
432 520 467 555 ut]
485 520 595 545 (irai-chi
617 520 697 554 patris
718 519 824 549 lactum,
841 529 920 554 quem
937 520 1052 554 populus

264 558 396 583 Romanus
418 556 459 593 [oh
479 557 504 583 id
520 566 593 582 reum
609 556 728 593 sactumJ,
744 557 815 592 quod
832 558 958 583 insciente
972 557 1052 582 colle·
1080 572 1081 582 l

1080 602 1082 607 ·
1105 601 1173 621 nem,
1192 597 1219 617 ut
1233 592 1311 618 etiam
1327 592 1402 622 illud,
1420 594 1491 628 quod
1506 594 1619 621 dubium
1636 596 1782 625 videbatur,
1800 596 1896 630 siquis

261 605 292 621 ua
314 595 338 620 in
357 603 468 620 censura
489 594 554 620 nihil
573 595 680 628 egisset,
702 599 760 628 post
778 604 916 620 (·ensurau¹
934 593 1050 630 {its-rum]

261 631 397 657 consulem
414 631 483 657 fecit.
520 633 559 657 59.
576 632 758 666 Comparaliile
773 636 860 657 autem
876 637 922 662 est,
939 632 1010 666 quod
1027 633 1051 657 in

262 669 341 694 rebus
363 669 478 694 diversis
501 669 616 695 similem
641 669 757 704 aliquam
780 670 906 695 rationem
925 670 1050 695 continet.

262 706 326 731 Eius
350 710 436 740 partes
459 710 522 732 sunt
545 711 610 732 tres:
641 707 735 739 imago,
756 706 869 737 collatio,
886 706 1050 741 exemplum.

262 744 350 778 Imago
368 748 407 769 est
425 744 506 769 oratio
523 743 708 769 demonstrans
725 752 864 778 corporum
884 748 928 769 aut
947 749 1053 769 natura-

262 789 320 806 rum
339 780 555 807 similitudinem.
591 781 701 807 Collatio
719 786 757 807 est
775 782 857 807 oratio
876 790 930 807 rem
949 789 1010 806 cum
1027 789 1052 806 re

260 826 293 843 ex
307 818 484 844 similitudine
497 817 644 844 conserens
671 818 831 852 Exemplum
846 823 894 848 est,
911 818 982 853 quod
998 826 1051 843 rem

261 855 413 881 auctoritate
427 860 472 881 aut
485 864 547 881 casu
564 855 678 881 alicuius
693 855 808 882 hominis
823 860 867 881 aut
883 856 979 889 negotii
990 864 1053 881 con-

261 892 346 918 firmat
360 897 405 918 aut
419 893 543 919 infirmat.
573 893 670 919 Horum
686 893 807 927 exempla
822 897 847 919 et
860 893 1052 927 descriptiones

261 930 287 955 iu
303 930 449 964 praeceptis
463 930 620 956 elocutionis
634 934 836 963 cognoscentur.
867 931 904 956 Ac
919 930 976 956 fons
991 930 1052 964 qui—

260 967 320 993 dem
335 968 550 998 confirmationis,
569 972 596 993 ut
611 967 722 993 facultas
738 967 805 998 tulit,
823 972 930 1002 apertus
944 972 991 998 est,
1005 975 1052 992 nec

260 1005 350 1030 minus
365 1004 490 1033 dilucide,
507 1013 586 1039 quam
603 1005 639 1031 rei
655 1009 746 1030 natura
761 1004 869 1035 serebat,
887 1004 1053 1030 demonstra-

260 1046 303 1067 tus
322 1046 369 1067 cst.
404 1041 634 1073 Quemadmodum
653 1047 740 1068 autem
759 1050 882 1076 quaeque
899 1042 1053 1068 constitutio

259 1083 284 1105 et
303 1087 363 1113 pars
381 1079 577 1105 constitutionis
596 1083 621 1105 ct
641 1079 728 1105 omnis
746 1079 932 1109 controversia.
953 1079 1010 1105 sive
1024 1079 1051 1104 in

259 1116 358 1142 ratione
381 1117 438 1142 sive
460 1117 486 1142 in
510 1117 608 1151 scripto
631 1120 759 1147 versetur,
785 1117 889 1142 tractari
907 1116 1010 1147 debeat,
1027 1121 1052 1142 et
1079 1141 1080 1144 ,

1080 1150 1081 1154 ’
1103 1149 1205 1183 aliquid
1227 1155 1286 1175 ante
1304 1158 1459 1177 concessum
1480 1152 1557 1179 nobis
1575 1161 1634 1179 esse
1649 1153 1715 1180 nihil
1730 1153 1854 1188 proderit,
1870 1154 1894 1180 si

259 1162 327 1187 quae
342 1154 368 1179 in
379 1162 514 1188 quamque
526 1154 767 1189 argumentationes
777 1154 944 1184 conveniant,
957 1153 1052 1189 singil-

260 1190 332 1216 latim
356 1191 383 1216 in
406 1191 523 1217 secundo
542 1191 608 1217 libro
626 1191 659 1217 de
678 1199 731 1217 uno
749 1199 856 1226 quoque
869 1199 965 1226 genere
979 1191 1052 1216 dice-

259 1236 330 1254 mus.
365 1229 392 1254 In
407 1229 538 1262 praesenti
554 1228 736 1255 tantummodo
750 1237 874 1254 numeros
888 1233 913 1254 et
924 1227 1015 1254 modos
1026 1232 1051 1254 et

259 1269 346 1299 partes
365 1265 567 1301 argumentandi
590 1265 700 1292 confuse
723 1270 748 1292 et
770 1266 900 1300 permixte
922 1265 1051 1300 dispersi-

259 1311 333 1335 mus3
366 1307 425 1337 post
452 1302 585 1337 descripte
610 1308 636 1329 et
662 1302 744 1329 electe
766 1303 793 1329 in
815 1311 900 1338 genus
924 1303 1050 1337 quodque

258 1348 376 1371 caussae,
392 1339 459 1375 quid
472 1341 570 1375 cuique
584 1340 732 1372 conveniat,
748 1348 782 1366 ex
795 1339 844 1366 hac
857 1340 932 1375 copia
946 1340 1051 1376 digere-

259 1386 328 1403 mus.

315 1415 356 1441 50.
373 1414 459 1449 Atque
473 1415 586 1441 inveniri
601 1414 711 1450 quidem
725 1415 812 1441 omnis
826 1423 859 1441 ex
873 1414 915 1440 his
930 1413 994 1440 locis
1009 1423 1050 1440 ar-

257 1453 423 1487 gumentatio
441 1453 549 1486 poterit:
577 1453 713 1478 inventam
731 1453 860 1483 exornari,
881 1456 907 1478 et
924 1456 1008 1478 certas
1022 1452 1049 1477 in

257 1493 345 1524 partes
358 1489 488 1525 distingui
503 1494 528 1516 et
541 1490 733 1516 suavissimum
748 1494 787 1515 est
801 1494 826 1515 et
839 1497 944 1515 summe
959 1497 1050 1515 neces-

257 1527 358 1552 sarium
377 1531 401 1552 et
419 1527 452 1552 ab
470 1527 533 1553 artis
552 1527 727 1561 scriptoribus
750 1527 866 1552 maxime
885 1525 1046 1561 neglectum.

257 1563 344 1595 Quare
358 1568 382 1590 et
396 1563 428 1590 de
442 1572 471 1590 ea
486 1564 670 1598 praeceptione
684 1564 760 1590 nobis
778 1564 806 1590 in
825 1563 874 1590 hoc
889 1563 945 1590 loco
958 1563 1049 1589 dicen-

257 1601 322 1627 dum
342 1601 431 1627 visum
449 1605 497 1632 est,
519 1605 548 1627 ut
565 1601 598 1627 ad
612 1601 792 1627 inventionem
807 1601 956 1636 argumenti
971 1601 1049 1627 abso-

258 1638 325 1664 lutio
338 1646 446 1673 quoque
460 1638 662 1674 argumentandi
677 1638 876 1673 adiungeretur.
906 1638 939 1664 Et
953 1646 1048 1673 magna
1069 1645 1070 1662 1

257 1684 318 1701 cum
332 1684 395 1702 cura
409 1680 434 1702 et
448 1675 586 1710 diligentia
602 1675 674 1701 locus
689 1675 732 1701 hic
742 1676 828 1702 omnis
838 1675 1048 1702 considerandus

257 1717 305 1743 est,
321 1712 393 1748 quod
408 1721 459 1739 non
473 1712 560 1739 solum
575 1713 612 1738 rei
627 1721 721 1747 magna
735 1712 836 1739 utilitas
850 1716 898 1743 est,
914 1712 962 1739 sed
972 1721 1048 1747 prae-
1068 1715 1069 1731 ³

257 1750 374 1784 cipiendi
388 1758 495 1785 quoque
509 1758 614 1776 summa
629 1750 782 1776 difficultas.

311 1787 411 1813 XXXI.
427 1788 469 1813 51.
484 1786 578 1814 Omnis
592 1787 674 1823 igitur
688 1787 882 1823 argumentatio
896 1791 940 1813 aut
950 1795 997 1822 per
1006 1787 1048 1812 in-
1068 1815 1069 1818 Ἴ

257 1824 409 1851 ductionem
424 1824 556 1851 tractanda
571 1829 611 1850 est
625 1829 670 1851 aut
683 1833 730 1859 per
744 1824 979 1850 ratiocinationem.
1005 1824 1048 1850 ln·
1068 1835 1069 1840 ¹

256 1861 347 1888 ductio
360 1866 399 1888 est
413 1862 502 1892 oratio,
519 1870 587 1897 quae
602 1862 682 1888 rebus
698 1870 749 1888 non
761 1861 851 1887 dubiis
861 1865 947 1896 captat
957 1870 1048 1887 assen—
1068 1871 1069 1895 3

256 1899 344 1925 siones
354 1899 366 1912 *
381 1899 447 1930 eius,
464 1899 574 1934 quicum
588 1899 708 1926 instituta
723 1904 775 1931 est,
800 1899 901 1934 quibus
915 1899 1048 1925 assensio-

256 1936 337 1962 nibus
351 1936 421 1967 sacit,
438 1941 467 1962 ut
480 1936 519 1963 illi
534 1937 615 1963 dubia
626 1937 756 1971 quaedam
771 1945 821 1967 res,
835 1940 941 1971 propter
951 1935 1048 1962 simili-

256 1973 376 2000 tudinem
399 1982 490 2000 earum
512 1982 610 2004 rerum,
635 1974 736 2009 quihus
759 1974 880 2004 assensit,
906 1973 1044 2008 probetur;

256 2010 329 2037 velut
343 2011 414 2046 apud
428 2011 590 2038 Socraticum
606 2011 764 2037 Aeschinem
778 2011 940 2037 demonstrat
954 2010 1048 2037 Socra-

256 2053 295 2074 tes
308 2057 370 2074 cum
384 2048 569 2083 Xenophontis
584 2057 666 2075 uxore
679 2053 704 2075 et
717 2057 779 2074 cum
798 2049 857 2083 ipso
870 2047 1046 2082 Xenophonte

255 2086 395 2120 Aspasiam
415 2085 543 2112 locutam:
570 2086 617 2112 Dic
635 2086 710 2117 mihi,
731 2094 839 2120 quaeso,
860 2085 1046 2120 Xenophontis

255 2131 331 2153 uxor,
356 2123 378 2149 si
401 2123 488 2149 vicina
511 2127 554 2149 tua
572 2122 670 2149 melius
688 2123 783 2149 habeat
801 2131 905 2153 aurum,
921 2131 1002 2157 quam
1017 2127 1045 2148 tu

256 2160 346 2190 habeS.
371 2164 462 2186 utrum
484 2160 559 2186 illius
581 2169 614 2186 an
633 2165 709 2186 tuum
727 2159 824 2186 malis?
841 2159 925 2190 Illius,
946 2160 1044 2194 inquit.

255 2197 325 2229 Quid
340 2198 361 2223 si
377 2201 477 2223 vestem
492 2201 517 2223 et
529 2201 646 2224 ceterum
661 2201 782 2223 ornatum
797 2197 955 2223 muliebrem
968 2197 1045 2231 pretii

255 2234 363 2260 maioris
386 2234 488 2265 habeat,
513 2243 595 2269 quam
618 2238 646 2260 tu
670 2234 760 2265 habes,
785 2239 898 2260 tuumne
919 2242 952 2260 an
971 2233 1045 2260 illius

255 2270 351 2297 malis?
372 2271 448 2298 Illius
463 2280 534 2303 vero,
554 2271 700 2306 respondit.
734 2271 838 2307 Agesis,
854 2271 950 2306 inquit,
967 2271 990 2297 si
1005 2271 1046 2297 vi-

255 2317 314 2334 rum
333 2308 379 2335 illa
397 2308 534 2335 meliorem
553 2309 655 2339 habeat,
672 2317 753 2343 quam
768 2313 796 2334 tu
812 2308 902 2339 habes,
919 2313 1044 2334 utrumne

255 2351 331 2372 tuum
354 2346 443 2372 virum
465 2346 551 2377 malis,
576 2354 609 2372 an
630 2345 722 2372 illius‘?
747 2346 795 2372 Hic
817 2345 913 2372 mulier
926 2345 1043 2371 erubuit.

254 2385 296 2409 52.
316 2383 428 2418 Aspasia
445 2388 534 2410 autem
552 2391 614 2409 cum
634 2383 692 2417 ipso
705 2382 881 2417 Xenophonte
895 2391 1044 2408 sermonem

254 2420 379 2446 instituit.
399 2420 511 2452 Quaeso,
532 2421 628 2455 inquit,
649 2420 808 2454 Xenophon,
824 2421 847 2446 si
862 2420 967 2446 vicinus
982 2424 1044 2446 tuus

254 2465 354 2492 equum
378 2457 515 2484 meliorem
538 2457 641 2488 habeat,
666 2465 747 2492 quam
770 2462 833 2483 tuus
851 2461 904 2489 est;
933 2461 1045 2483 tuumne

254 2502 354 2528 equum
369 2494 455 2526 malis,
472 2504 505 2521 an
518 2494 612 2521 illius‘?
636 2494 721 2525 Illius,
737 2495 834 2529 inquit.
861 2494 931 2526 Quid
945 2495 968 2520 si
982 2494 1045 2520 fun—

253 2531 318 2557 dum
334 2531 469 2558 meliorem
483 2532 674 2566 habeat,quam
690 2536 718 2558 tu
733 2532 923 2563 habes,utrum
938 2531 1043 2557 tandem

254 2567 369 2594 fundum
383 2568 480 2595 habere
493 2568 589 2595 malis‘?
603 2569 691 2600 Illum,
707 2569 803 2603 inquit,
820 2568 957 2595 meliorem
971 2568 1044 2631 scli¹li=
1064 2578 1065 2594 l

857 2614 938 2641 quam
954 2610 982 2632 tu
1016 2614 1044 2631 a-
1064 2635 1065 2643 ἵ

253 2610 302 2631 cet.
337 2604 407 2637 Quid
426 2606 449 2632 si
465 2615 574 2632 uxorem
587 2606 724 2632 meliorem
738 2606 841 2637 habeat,

252 2642 309 2673 bes,
327 2647 412 2668 utram
427 2643 523 2669 malis?
543 2644 630 2678 Atque
644 2643 687 2669 hic
701 2643 851 2678 Xenophon
864 2651 972 2678 quoque
985 2643 1044 2677 ipse
1063 2650 1065 2658 ¹

253 2680 343 2706 tacuit.
374 2680 435 2706 Post
448 2680 574 2715 Aspasia:
589 2680 721 2712 Quoniam
735 2685 847 2715 uterque
861 2684 989 2710 vestrum,
1001 2681 1044 2706 in-

252 2717 319 2751 quit.
340 2716 367 2743 id
386 2717 451 2744 mihi
471 2717 558 2744 solum
580 2726 631 2744 non
646 2717 790 2752 respondit,
807 2717 878 2753 quod
893 2725 942 2753 ego
954 2716 1043 2744 solum

1106 297 1169 321 Nam
1188 300 1213 320 et
1233 300 1259 320 tu
1280 295 1375 320 mulier
1389 297 1519 330 optimum
1537 297 1622 323 virum
1639 298 1678 323 vi»
1693 298 1798 327 habere,
1826 303 1851 323 et
1865 303 1894 325 tu

1103 372 1198 401 Quare,
1216 370 1266 394 nisi
1283 369 1330 395 hoc
1346 369 1516 403 perfeceritis,
1535 376 1562 397 ut
1577 381 1662 407 neque
1678 373 1717 398 vir
1731 372 1832 403 melior,
1849 380 1896 399 ne-

1106 415 1158 441 que
1182 406 1279 432 [emina
1304 406 1393 432 lectior
1412 408 1438 433 in
1458 409 1533 434 terris
1547 410 1590 437 nit,
1607 409 1723 444 profecto
1738 410 1764 435 id
1779 418 1893 445 semper,

1104 443 1175 478 quod
1194 444 1325 477 optimum
1345 444 1472 478 putabitis
1492 455 1559 475 esse,
1577 447 1661 472 multo
1676 448 1791 473 maxime
1805 447 1897 482 requi-

1105 481 1176 510 retis,
1203 486 1231 506 ut
1253 486 1278 506 et
1301 486 1328 506 tu
1352 482 1462 507 maritus
1485 483 1522 508 sis
1544 492 1624 518 quam
1647 485 1772 519 optimae,
1792 484 1897 510 ethaeo

1104 526 1184 552 quam
1207 518 1308 552 optimo
1333 519 1388 544 viro
1410 525 1491 554 nupta
1511 520 1553 546 sit.
1588 521 1635 546 llic
1648 530 1733 556 quum
1749 521 1829 547 rebus
1844 530 1897 548 non

1104 555 1194 580 dubiis
1209 560 1278 580 esset
1292 564 1441 586 assensum,
1459 557 1556 583 factum
1571 563 1610 583 est
1625 564 1730 592 propter
1740 558 1898 584 similitudi-

1104 630 1245 663 separatim
1264 636 1410 664 quaereret,
1441 631 1466 656 id
1491 641 1538 666 pro
1550 638 1621 658 certo
1644 638 1750 667 propter
1768 633 1896 659 rationem

1104 666 1212 701 rogandi
1227 667 1423 693 concederetur.
1458 670 1499 694 153.
1517 669 1568 695 lloc
1579 669 1656 695 modo
1670 671 1799 696 sermonis
1811 669 1897 704 pluri-

1105 712 1178 729 mum
1202 704 1321 729 Seu-rates
1345 713 1410 730 usus
1433 712 1480 736 est,
1507 712 1642 741 propterea
1665 707 1737 741 quod
1756 706 1822 733 nihil
1838 707 1897 741 ipso

1104 740 1194 766 afferre
1217 741 1249 766 ad
1273 742 1488 775 persuadendum
1514 744 1625 773 volebat,
1650 744 1697 770 sed
1721 753 1753 770 ex
1768 753 1806 774 eo.
1822 743 1896 778 quod

1104 778 1154 803 sihi
1171 777 1214 803 ille
1229 778 1462 813 dederat,quicum
1477 780 1638 815 disputabat,
1651 781 1753 816 aliquid
1767 782 1896 807 conticere

1105 814 1226 845 malebat,
1246 815 1318 850 quod
1333 815 1377 841 ille
1391 825 1424 843 ex
1438 826 1476 847 co,
1497 818 1568 852 quod
1584 820 1634 844 iam
1649 819 1832 849 cons-essisset,
1848 827 1896 844 ne-

1103 853 1218 877 cessario
1237 853 1382 886 approbare
1401 854 1517 880 deberet.
1553 855 1663 882 xxxii.
1687 856 1739 882 lloc
1758 857 1784 882 in
1798 863 1895 888 ‚uenere

1104 889 1321 923 praecipiendum
1337 891 1414 916 nohis
1429 892 1542 922 videtur,
1559 893 1675 927 primum
1692 898 1719 918 ut
1734 888 1811 920 iltudJ
1822 891 1895 927 quod

1105 926 1262 951 inducemus
1277 935 1323 960 per
1337 928 1551 959 similitudinem,
1567 930 1698 956 eiusmodi
1709 931 1751 960 sit,
1766 931 1838 956 utsit
1849 938 1896 955 ne-

1103 972 1176 989 cesse
1191 964 1308 989 concedi.
1325 965 1390 990 Nam
1405 974 1438 991 ex
1451 974 1506 1001 quo
1520 967 1717 1000 postulabimus
1728 967 1805 993 nobis
1815 966 1893 997 illud,

1103 1000 1174 1035 quod
1189 1000 1302 1026 dubium
1317 1002 1360 1031 sit,
1376 1003 1493 1033 concedi,
1510 1004 1623 1030 dubium
1636 1013 1694 1030 esse
1706 1004 1732 1030 id
1743 1005 1831 1039 ipsum
1843 1013 1895 1030 non

1103 1037 1242 1071 oportebit.
1278 1039 1376 1064 Deinde
1399 1039 1479 1070 illud.
1504 1042 1582 1067 cuius
1603 1042 1777 1068 confirmandi
1799 1050 1894 1067 caussa

1104 1075 1147 1100 liet
1169 1074 1296 1105 inductio,
1322 1076 1467 1103 videndum
1487 1083 1534 1108 est,
1559 1083 1588 1104 ut
1606 1078 1694 1105 simile
1708 1080 1741 1105 iis
1755 1079 1835 1105 rebus
1849 1079 1892 1110 sit.

1103 1120 1170 1146 quas
1185 1121 1235 1142 τρε,
1251 1113 1328 1147 quasi
1344 1122 1395 1139 non
1409 1114 1514 1143 dubias,
1531 1120 1590 1142 ante
1605 1116 1806 1142 induxerimus:
1824 1116 1895 1150 (nam
1909 1132 1916 1140 ·

1103 1187 1126 1212 ei
1141 1186 1272 1212 dissimile
1285 1188 1332 1213 erit
1345 1187 1466 1218 id,cuius
1475 1198 1568 1215 caussa
1580 1190 1648 1216 illud
1657 1191 1765 1217 concedi
1776 1191 1895 1225 primum

1103 1223 1294 1258 voluerimus-3)
1308 1224 1404 1251 deinde
1419 1235 1470 1252 non
1485 1227 1623 1263 intelligat,
1640 1237 1694 1263 quo
1703 1233 1822 1263 spectent
1833 1227 1895 1254 illae

1103 1261 1203 1295 primae
1221 1261 1397 1292 inductiones,
1414 1268 1437 1288 ct
1452 1263 1484 1289 ad
1499 1273 1578 1299 quem
1597 1265 1650 1291 sint
1664 1266 1765 1292 exitum
1781 1274 1895 1299 perven-

1104 1303 1186 1323 turae.
1220 1299 1262 1324 54.
1279 1299 1345 1324 Nam
1359 1301 1406 1334 qui
1422 1301 1501 1331 sidet.
1518 1302 1540 1328 si
1555 1303 1579 1328 ei
1594 1303 1639 1332 rei,
1655 1311 1736 1337 quam
1751 1303 1838 1337 primo
1852 1311 1895 1329 ro-

1101 1339 1188 1370 getur,
1209 1340 1277 1361 recte
1295 1338 1446 1368 assenserit,
1467 1338 1540 1365 illam
1555 1347 1663 1374 quoque
1677 1349 1742 1370 rem,
1758 1348 1827 1375 quae
1841 1340 1894 1366 sibi

1102 1372 1249 1406 displiceat,
1271 1381 1329 1399 esse
1348 1376 1496 1401 necessario
1513 1377 1717 1407 concedendam,
1734 1377 1894 1412 plerumque

1103 1414 1148 1435 aut
1162 1418 1213 1435 non
1228 1410 1421 1445 respondendo,
1447 1417 1491 1438 aut
1506 1413 1574 1439 male
1588 1414 1772 1449 respondendo
1787 1414 1894 1450 longius

1103 1447 1265 1482 rogationem
1279 1448 1420 1482 procedere
1435 1458 1486 1475 non
1501 1451 1573 1476 sinit.
1603 1451 1690 1483 Quare
1704 1453 1803 1478 ratione
1817 1460 1894 1487 roga-

1104 1484 1182 1510 tionis
1199 1484 1356 1519 imprudens
1375 1486 1407 1512 ab
1426 1495 1465 1517 en,
1481 1488 1553 1522 quod
1567 1490 1705 1519 concessit.
1721 1488 1754 1515 ad
1769 1488 1804 1520 id,
1819 1488 1892 1524 quod

1102 1530 1154 1547 non
1169 1521 1226 1547 vult
1239 1522 1390 1553 concedere,
1406 1523 1580 1551 deducendus
1593 1530 1642 1552 est.
1674 1526 1830 1553 Extremum
1844 1534 1894 1552 au-

1102 1563 1154 1584 tem
1169 1563 1213 1585 aut
1235 1563 1350 1586 taceatur
1363 1565 1464 1595 oportet
1477 1567 1522 1588 aut
1536 1563 1694 1589 concedatur
1711 1568 1757 1589 aut
1770 1568 1890 1599 negetur.

1101 1596 1129 1622 Si
1152 1596 1301 1631 negabitur,
1326 1602 1371 1623 aut
1393 1598 1554 1625 ostendenda
1577 1600 1726 1627 similitudo
1747 1605 1787 1626 est
1800 1609 1892 1627 earum

1101 1642 1199 1663 rerum,
1223 1642 1292 1668 quae
1314 1639 1373 1661 ante
1396 1643 1536 1662 concessae
1550 1642 1621 1664 sunt.
1638 1642 1682 1663 aut
1696 1637 1747 1664 alia
1761 1637 1891 1664 utendum

1101 1670 1263 1698 inductione.
1297 1671 1326 1698 Si
1347 1672 1519 1704 concedetur,
1547 1674 1728 1701 concludenda
1751 1679 1791 1701 est
1812 1683 1894 1710 argu-

1101 1710 1236 1736 mentatio.
1269 1709 1297 1735 Si
1320 1709 1458 1741 tacebitur,
1482 1715 1527 1737 aut
1549 1710 1678 1738 elicienda
1701 1712 1838 1747 responsio
1851 1716 1893 1738 est

1068 1760 1070 1774 J
1100 1751 1153 1778 aut,
1169 1747 1296 1782 quoniam
1311 1747 1475 1774 taciturnitas
1493 1748 1613 1775 imitatur
1625 1749 1827 1780 confessionem,
1843 1757 1891 1784 pro

1100 1792 1138 1815 eo,
1159 1794 1188 1811 ac
1206 1785 1229 1811 si
1247 1792 1405 1811 concessum
1423 1785 1467 1816 sit,
1487 1785 1645 1812 concludere
1663 1787 1794 1821 oportebit
1811 1795 1892 1822 argu-

1099 1823 1298 1849 mentationem.
1324 1822 1360 1848 lta
1375 1821 1403 1848 tit
1417 1822 1466 1848 hoc
1479 1831 1565 1858 genus
1579 1823 1781 1859 argumentandi
1796 1824 1892 1858 tripar-

1099 1861 1192 1886 titum:
1212 1861 1298 1895 prima
1311 1867 1373 1894 pars
1387 1867 1421 1886 ex
1433 1860 1611 1887 similitudine
1624 1865 1726 1887 constat
1739 1869 1791 1887 una
1805 1860 1891 1896 pluri-

1099 1898 1198 1930 busve,
1226 1897 1306 1923 altera
1328 1905 1362 1923 ex
1383 1905 1422 1927 eo,
1442 1897 1514 1932 quod
1531 1898 1639 1924 concedi
1658 1897 1791 1929 volumus,
1811 1898 1891 1924 cuius

1098 1943 1192 1961 caussa
1206 1933 1398 1961 similitudines
1411 1934 1545 1961 adhibitae
1559 1940 1634 1967 sunt,
1651 1936 1726 1962 tertia
1739 1943 1773 1962 ex
1781 1934 1891 1962 conclu-

1097 1973 1180 2003 sione,
1201 1980 1270 2007 quae
1285 1976 1331 1998 aut
1343 1971 1480 1998 confirmat
1493 1973 1692 1999 concessionem
1706 1977 1760 2004 aut,
1775 1972 1842 2008 quid
1855 1980 1892 1999 ex

1098 2019 1128 2036 ea
1141 2009 1303 2039 conficiatur,
1328 2009 1453 2035 ostendit.
1487 2009 1611 2036 XXXIII.
1627 2011 1669 2036 55.
1689 2009 1742 2036 Sed
1759 2010 1823 2045 quia
1837 2018 1890 2036 non

1097 2048 1162 2073 satis
1184 2047 1264 2073 alicui
1287 2046 1424 2072 videbitur
1445 2046 1562 2073 dilucide
1584 2046 1807 2078 demonstratum,
1836 2047 1889 2074 nisi

1097 2084 1164 2120 quid
1181 2092 1215 2110 ex
1232 2083 1305 2110 civili
1323 2092 1478 2110 caussarum
1495 2092 1592 2119 genere
1610 2084 1727 2119 exempli
1743 2084 1890 2111 subieceri-

1097 2131 1167 2153 mus,
1192 2121 1298 2147 videtur
1320 2121 1452 2147 eiusmodi
1474 2129 1582 2156 quoque
1603 2121 1732 2147 utendum
1755 2121 1886 2156 exemplo.

1097 2167 1149 2186 non
1163 2167 1216 2194 quo
1230 2158 1380 2193 praeceptio
1392 2157 1495 2184 differat
1508 2163 1553 2184 aut
1566 2158 1642 2185 aliter
1655 2159 1705 2185 hoc
1725 2159 1754 2185 in
1767 2166 1889 2186 sermone
1900 2189 1905 2194 ¹

1096 2201 1175 2231 atque
1189 2196 1217 2222 in
1230 2195 1344 2222 dicendo
1356 2196 1391 2221 sit
1404 2195 1544 2226 utendum,
1560 2195 1607 2222 sed
1619 2200 1647 2222 ut
1656 2204 1748 2222 eorum
1758 2195 1888 2222 voluntati

1096 2233 1215 2264 satisfiat,
1239 2233 1296 2268 qui,
1320 2232 1392 2267 quod
1415 2232 1505 2268 aliquo
1527 2233 1554 2259 in
1578 2232 1634 2260 loeo
1651 2233 1774 2264 viderint,
1794 2233 1847 2260 alio
1858 2233 1887 2260 in

1096 2270 1161 2301 loco,
1175 2271 1226 2296 nisi
1241 2274 1426 2301 monstratum,
1443 2275 1580 2305 nequeunt
1592 2278 1759 2306 cognoscere.
1778 2270 1850 2306 Ergo
1858 2271 1887 2297 in
1903 2291 1906 2295 .

1096 2307 1145 2334 hac
1158 2316 1262 2337 caussa,
1286 2315 1356 2342 quae
1369 2307 1441 2342 apud
1455 2307 1570 2334 Graecos
1583 2312 1623 2333 est
1640 2312 1790 2343 pervagata,
1813 2306 1888 2342 quod

1094 2344 1302 2379 Epaminondas,
1314 2344 1501 2371 Thebanorum
1514 2345 1665 2379 imperator,
1681 2345 1714 2375 ei,
1730 2345 1777 2380 qui
1791 2344 1843 2371 sibi
1853 2353 1888 2371 ex

1095 2381 1153 2418 lege
1175 2386 1279 2416 praetor
1300 2387 1472 2413 successerat,
1495 2382 1640 2408 exercitum
1659 2390 1711 2408 non
1729 2381 1837 2408 tradidit
1849 2386 1885 2413 et.

1094 2427 1180 2454 quum
1194 2427 1293 2453 paucos
1307 2419 1365 2453 ipse
1378 2419 1436 2445 dies
1450 2423 1538 2445 contra
1552 2418 1639 2454 legem
1649 2419 1795 2445 exercitum
1809 2423 1897 2445 tenu-¹

1094 2457 1167 2487 isset,
1184 2455 1405 2482 Lacedaemonios
1419 2455 1541 2482 funditus
1555 2456 1627 2487 vicit,
1642 2456 1739 2491 poterit
1751 2460 1901 2482 accusator»

1094 2494 1323 2529 argumentatione
1338 2494 1376 2520 uti
1391 2501 1438 2528 per
1450 2493 1640 2524 inductionem,
1655 2501 1741 2528 quum
1754 2493 1901 2528 scriptum*

1095 2530 1162 2566 legis
1183 2535 1273 2557 contra
1296 2531 1454 2557 sententiam
1473 2529 1606 2561 defendat,
1626 2529 1660 2556 ad
1673 2529 1745 2556 huno
1758 2529 1882 2556 modum:

1094 2567 1131 2599 Si,
1147 2567 1260 2598 iudices,
1269 2567 1297 2594 id
1310 2567 1382 2602 quod
1388 2567 1584 2602 Epaminondas
1599 2568 1635 2593 ait
1649 2566 1715 2602 legis
1729 2567 1899 2609 scriptoremz

1093 2605 1210 2631 sensisse
1228 2605 1343 2631 ascribat
1359 2604 1393 2631 ad
1411 2605 1506 2640 legem,
1526 2608 1552 2630 et
1569 2603 1648 2630 addat
1665 2604 1733 2630 hanc
1750 2604 1899 2638 exceptio-⁶

1094 2651 1170 2668 nem:
1197 2650 1279 2668 exm
1292 2651 1357 2672 Quu
1371 2650 1392 2668 st
1406 2651 1458 2672 oms
1472 2650 1627 2667 annuntiem
1641 2649 1731 2668 can-ssa
1743 2644 1898 2674 exsucti-uu}

1093 2688 1140 2705 sos
1156 2688 1307 2710 rumonim,
1328 2677 1484 2714 patiemini?
1501 2679 1559 2704 Non
1571 2679 1674 2712 opinor.
1695 2677 1771 2710 Quod
1784 2678 1808 2704 si
1821 2677 1892 2714 vos-¹¹·

1093 2717 1209 2751 metipsi,
1225 2716 1298 2751 quod
1311 2725 1326 2742 a
1339 2720 1427 2742 vestra
1440 2715 1568 2751 religione
1581 2720 1607 2741 et
1619 2715 1748 2750 sapientia
1761 2715 1896 2742 remotis-2
