1941 3052
420 149 466 175 IN
499 148 698 176 VERREM
731 147 830 175 ACT.
851 149 884 175 ΙΙ,
919 149 1004 175 LIB.
1026 148 1047 174 Ι.
1075 148 1173 175 CAP.
1204 149 1354 174 43—49.

64 221 183 252 infamia,
199 221 284 255 pretio
297 224 411 255 accepto,
427 219 557 251 edixeras
574 228 602 245 ea
616 219 672 245 sola
686 223 719 250 te,
736 227 768 245 ne
777 219 860 254 gratis

66 260 94 285 in
108 258 245 293 provincia
258 257 327 284 male
342 257 456 288 audires,
473 266 507 283 ex
520 257 604 283 edicto
619 256 753 283 Siciliensi
768 261 861 282 sustu-

67 296 130 322 lisse
148 295 236 321 video.
278 296 335 320 ⁴49.
357 295 402 324 Et,
427 303 512 329 quum
531 294 648 320 edictum
666 298 749 320 totum
769 302 861 320 eorum

66 333 207 363 arbitratu,
222 331 352 367 quamdiu
369 332 419 358 fuit
432 332 601 367 designatus,
617 335 797 365 componeret,
814 331 861 365 qui

67 370 100 396 ab
119 370 170 396 isto
186 370 230 395 ius
249 369 280 395 ad
298 369 439 395 utilitatem
459 378 535 395 suam
556 368 781 395 nundinarentur:
805 372 861 393 tum

67 415 129 433 vero
142 407 170 432 in
184 407 341 442 magistratu
355 411 443 433 contra
458 406 526 432 illud
540 406 630 440 ipsum
646 405 762 431 edictum
781 413 862 430 suum

67 445 125 470 sine
139 443 194 469 ulla
208 444 335 479 religione
353 444 521 470 decernebat.
562 444 653 478 Itaque
667 443 696 468 L.
712 443 773 468 Piso
792 441 863 468 mul—

67 486 107 508 tos
122 481 225 507 codices
241 481 363 515 implevit
377 490 467 507 earum
483 489 585 511 rerum,
605 481 633 506 in
653 480 753 514 quibus
773 479 808 505 ita
822 479 864 504 in-

67 519 201 549 tercessit,
222 518 295 552 quod
309 519 358 544 iste
373 518 460 549 aliter,
482 522 561 552 atque
575 522 605 543 ut
622 516 752 547 edixerat,
773 516 864 542 decre-

68 556 161 582 visset.
201 554 279 587 Quod
302 564 348 582 vos
372 555 467 582 oblitos
491 564 549 581 esse
572 563 623 580 non
647 554 770 584 arbitror,
795 561 864 588 quae

68 592 226 624 multitudo,
246 593 294 627 qui
312 593 376 619 ordo
394 592 426 618 ad
444 593 547 618 Pisonis
566 591 658 617 sellam
677 592 727 616 isto
746 595 864 625 praetore

68 630 165 656 solitus
179 631 214 656 sit
226 631 377 661 convenire,
393 638 474 664 quem
488 630 537 655 iste
548 628 678 663 collegam
689 628 741 653 nisi
754 627 865 653 habuis-

69 672 117 698 set,
136 667 269 702 lapidibus
283 671 422 702 coopertus
436 671 506 692 esset
518 667 546 692 in
561 665 625 692 foro.
667 665 719 691 Sed
737 673 767 690 eo
782 664 865 690 levio-

69 713 111 731 res
125 705 204 730 istius
217 705 331 730 iniuriae
345 704 516 734 videbantur,
536 702 609 738 quod
623 706 678 728 erat
690 702 718 728 in
732 702 864 736 aequitate
886 724 887 727 ,

70 742 265 776 prudentiaque
279 742 383 768 Pisonis
402 740 601 775 paratissimum
621 739 788 775 perfugium,
811 747 865 773 quo

69 779 127 805 sine
142 779 242 809 labore,
263 779 321 804 sine
335 778 468 809 molestia,
488 778 546 803 sine
559 778 694 811 impensa,
714 777 793 802 etiam
807 777 865 802 sine

70 820 180 851 patrono
194 816 315 842 homines
330 819 476 841 uterentur.
519 816 576 841 tao.
598 815 678 845 Nam,
694 822 807 848 quaeso,
824 821 866 838 re-

70 854 124 880 dite
138 854 165 880 in
179 854 348 883 memoriam,
364 852 476 884 iudices,
493 860 562 887 quae
576 851 659 878 libido
673 851 752 877 istius
766 851 793 876 in
808 851 866 876 iure

70 890 186 917 dicundo
200 890 292 921 fuerit,
308 898 378 924 quae
391 890 504 915 varietas
518 889 697 919 decretorum,
713 896 783 923 quae
796 896 867 913 nun-

69 927 182 959 dinatio,
201 936 282 962 quam
295 928 388 953 inanes
402 927 498 953 domus
512 935 603 952 eorum
618 926 752 956 omnium,
772 925 819 960 qui
834 925 867 951 de

69 965 128 991 iure
145 964 218 991 civili
235 964 339 991 consuli
357 964 455 995 solent,
481 972 562 999 quam
581 963 658 998 plena
677 967 755 997 atque
772 962 866 988 referta

70 1001 237 1029 Chelidonis:
253 1010 267 1028 a
277 1010 330 1036 qua
342 1001 453 1028 muliere
464 1010 550 1036 quum
565 1005 619 1027 erat
632 1001 665 1026 ad
679 1009 741 1026 eum
755 1004 867 1026 ventum

70 1043 95 1066 et
112 1040 140 1065 in
158 1047 248 1065 aurem
267 1040 325 1065 eius
342 1039 553 1069 insusurratum,
575 1038 640 1064 alias
658 1037 797 1064 revocabat
810 1046 865 1068 eos,

69 1080 138 1103 mter
151 1085 219 1111 quos
229 1077 281 1102 iam
293 1076 444 1102 decreverat
453 1076 645 1110 decretumque
656 1075 784 1106 mutabat,
801 1074 866 1100 alias

69 1118 139 1140 :nter
151 1114 216 1140 alios
230 1115 391 1140 contrarium
406 1114 464 1140 sine
477 1113 533 1139 ulla
551 1113 679 1149 religione
698 1112 864 1142 decernebat,

70 1160 100 1178 ac
118 1152 247 1186 proximis
265 1151 356 1186 paullo
374 1155 434 1177 ante
457 1151 618 1177 decreverat.
661 1151 715 1177 ⁴21.
738 1150 804 1176 Hinc
827 1149 867 1175 illi

70 1189 192 1215 homines
210 1192 296 1219 erant,
321 1189 368 1223 qui
387 1189 466 1214 etiam
484 1188 592 1215 ridiculi
611 1187 816 1214 inveniebantur
834 1195 867 1213 ex

70 1225 169 1252 dolore.
209 1225 329 1258 Quorum
348 1225 406 1257 alii,
428 1230 458 1252 ut
471 1226 599 1257 audistis,
620 1225 754 1261 negabant
768 1225 868 1250 miran—

70 1263 136 1290 dum
150 1271 221 1294 esse,
238 1266 279 1290 ius
292 1268 346 1290 tam
360 1272 476 1298 nequam
490 1271 549 1289 esse
561 1266 707 1289 verrinum:
728 1262 772 1288 alii
787 1262 867 1288 etiam

71 1299 221 1335 frigidiores
235 1304 321 1333 erant,
344 1300 405 1332 sed,
421 1301 485 1335 quia
499 1300 743 1331 stomachabantur,
759 1299 867 1325 ridiculi

71 1338 231 1364 videbantur
254 1346 326 1369 esse,
350 1347 435 1373 quum
459 1337 627 1364 Sacerdotem
650 1337 864 1367 exsecrabantur,

71 1375 118 1410 qui
136 1384 234 1401 verrem
251 1379 305 1401 tam
324 1383 440 1410 nequam
458 1374 621 1410 reliquisset.
662 1374 734 1406 Quae
749 1382 797 1410 ego
815 1382 867 1400 non

70 1421 305 1439 commemorarem
323 1412 421 1448 (neque
439 1412 510 1438 enim
529 1412 659 1447 perfacete
677 1411 760 1441 dicta,
782 1419 868 1446 neque

71 1458 149 1485 porro
163 1450 212 1476 hac
226 1450 365 1476 severitate
379 1450 459 1485 digna
473 1450 546 1484 sunt)
560 1450 611 1475 nisi
627 1458 674 1475 vos
688 1448 756 1475 illud
771 1448 867 1474 vellem

71 1487 215 1518 recordari,
236 1487 316 1513 istius
330 1488 477 1522 nequitiam
491 1491 516 1513 et
529 1487 696 1521 iniquitatem
712 1490 768 1512 tum
783 1487 810 1512 in
825 1494 869 1511 ore

72 1524 147 1560 vulgi
161 1529 241 1558 atque
254 1525 281 1550 in
295 1525 485 1551 communibus
496 1524 645 1559 proverbiis
656 1532 714 1549 esse
726 1527 866 1549 versatam.

127 1562 231 1588 XLVII.
255 1563 312 1589 ⁴22.
342 1563 371 1588 In
394 1562 501 1597 plebem
524 1570 586 1588 vero
610 1561 755 1588 Romanam
778 1565 868 1586 utrum

71 1599 225 1634 superbiam
249 1600 325 1634 prius
344 1607 502 1630 memorem,
528 1607 561 1625 an
584 1597 786 1625 crudelitatem?
805 1597 869 1623 Sine

72 1636 155 1663 dubio
168 1636 311 1663 crudelitas
325 1637 432 1672 gravior
445 1641 485 1662 est
498 1640 578 1671 atque
588 1636 708 1662 atrocior.
731 1634 868 1661 Oblitosne

71 1674 155 1710 igitur
168 1674 217 1700 hos
231 1675 330 1709 putatis
344 1682 411 1706 esse,
427 1673 656 1709 quemadmodum
667 1673 702 1699 sit
711 1673 761 1699 iste
772 1672 868 1698 solitus

71 1712 156 1747 virgis
170 1711 275 1746 plebem
285 1712 430 1738 Romanam
444 1710 600 1738 concidere?
619 1710 704 1743 Quam
720 1719 775 1736 rem
790 1710 868 1736 etiam

71 1748 197 1775 tribunus
212 1748 298 1783 plebis
312 1749 340 1775 in
353 1750 479 1776 concione
497 1749 564 1785 egit,
586 1757 672 1783 quum
690 1756 766 1778 eum,
787 1756 868 1782 quem

71 1786 122 1812 iste
139 1786 223 1822 virgis
241 1786 383 1818 ceciderat,
409 1787 437 1813 in
456 1790 626 1821 prospectum
645 1785 738 1821 populi
757 1785 868 1811 Romani

72 1823 208 1858 produxit.
249 1823 333 1851 Cuius
347 1825 384 1850 rei
398 1823 596 1859 cognoscendae
611 1823 705 1849 faciam
724 1823 801 1849 vobis
820 1831 869 1849 suo

72 1865 190 1896 tempore
204 1865 370 1896 potestatem.
410 1863 467 1888 ⁴23.
489 1860 620 1896 Superbia
635 1869 697 1887 vero
711 1869 764 1895 qua
779 1860 866 1891 fuerit,

72 1899 134 1934 quis
149 1898 269 1934 ignorat‘?
288 1898 517 1934 quemadmodum
531 1899 554 1924 is
569 1899 759 1924 tenuissimum
773 1906 870 1933 quem-

72 1943 125 1970 que
135 1937 332 1970 contempserit,
349 1936 509 1971 despexerit,
526 1935 640 1962 liberum
651 1944 710 1962 esse
721 1944 869 1970 numquam

72 1972 198 2000 duxerit‘?
217 1974 246 1999 P.
262 1974 410 2000 Trebonius
425 1974 495 2000 viros
511 1973 593 1999 bonos
612 1977 636 1999 et
654 1973 779 1999 honestos
797 1981 870 1999 com-

72 2009 164 2046 plures
179 2010 240 2036 fecit
255 2010 378 2037 heredes:
402 2011 428 2037 in
444 2010 486 2036 his
500 2010 563 2036 fecit
575 2019 655 2036 suum
672 2010 807 2036 libertum.
845 2011 870 2036 Is

72 2047 105 2074 A.
131 2047 292 2074 Trebonium
320 2047 426 2074 fratrem
454 2047 582 2074 habuerat
609 2048 797 2082 proscriptum.
838 2048 869 2074 Ei

73 2093 159 2120 quum
173 2089 281 2111 cautum
296 2085 383 2116 vellet,
400 2085 516 2120 scripsit,
534 2089 563 2111 ut
578 2084 689 2111 heredes
699 2085 826 2115 iurarent,
842 2093 870 2111 se

73 2127 224 2153 curaturos,
245 2127 275 2148 ut
293 2130 326 2149 ex
344 2131 392 2148 sua
406 2122 539 2157 cuiusque
553 2127 625 2157 parte
641 2130 672 2148 ne
686 2122 776 2148 minus
790 2122 871 2148 dimi-

73 2159 150 2186 dium
172 2159 205 2185 ad
223 2159 255 2186 A.
275 2159 436 2186 Trebonium
461 2159 567 2186 fratrem
590 2159 668 2186 illum
691 2160 869 2194 proscriptum

73 2197 231 2232 perveniret.
272 2197 395 2223 Libertus
410 2197 491 2223 iurat:
507 2197 586 2223 ceteri
601 2197 710 2223 heredes
725 2197 824 2223 adeunt
838 2197 870 2223 ad

73 2234 195 2262 Verrem:
211 2234 314 2265 docent,
328 2243 379 2260 nou
390 2238 509 2269 oportere
519 2242 547 2260 se
557 2235 658 2265 iurare,
675 2233 790 2260 facturos
801 2243 868 2265 esse,

73 2271 145 2307 quod
157 2276 245 2298 contra
259 2271 343 2307 legem
355 2271 503 2298 Corneliam
515 2276 592 2302 esset,
609 2280 677 2306 quae
692 2272 870 2306 proscriptum

73 2309 161 2336 iuvari
176 2313 284 2335 vetaret.
319 2310 471 2343 Impetrant‚
488 2313 518 2334 ut
532 2317 564 2335 ne
577 2309 678 2335 iurent:
694 2309 739 2335 dat
753 2309 795 2335 his
809 2318 872 2343 pos-

73 2347 231 2373 sessionem.
272 2346 300 2373 Id
324 2354 372 2382 ego
396 2354 448 2372 non
471 2345 645 2380 reprehendo.

74 2383 208 2419 iniquum,
225 2383 326 2410 bomini
337 2384 493 2418 proscripto,
506 2383 603 2419 egenti,
619 2382 652 2409 de
663 2382 783 2409 fraternis
794 2383 870 2410 bonis

74 2420 223 2456 quidquam
238 2420 304 2447 dari.
346 2421 379 2447 At
393 2420 437 2446 ille
453 2420 578 2451 libertus,
599 2421 649 2446 nisi
669 2429 701 2446 ex
716 2425 871 2447 testamento

75 2458 178 2493 patroni
206 2459 332 2489 iurasset,
361 2458 449 2484 scelus
475 2466 504 2483 se
529 2457 659 2483 facturum
682 2457 868 2484 arbitrabatur.

76 2496 134 2522 ⁴24.
156 2496 247 2530 Itaque
260 2495 284 2521 ei
299 2495 392 2522 Verres
406 2495 602 2530 possessionem
623 2494 775 2520 hereditatis
794 2499 871 2530 negat

75 2540 104 2559 se
121 2533 260 2564 daturum,
281 2541 314 2558 ne
332 2537 421 2567 posset
439 2536 578 2567 patronum
597 2540 678 2558 suum
694 2532 870 2566 proscriptum

75 2569 180 2596 iuvare:
203 2569 283 2596 simul
304 2574 333 2596 ut
351 2574 421 2596 esset
439 2577 536 2604 poena,
558 2569 630 2604 quod
645 2568 754 2595 alterius
769 2569 870 2604 patroni

76 2611 233 2634 testamento
245 2607 464 2642 obtemperasset.
498 2607 548 2633 Das
564 2606 760 2641 possessionem
775 2606 808 2636 ei,
824 2606 871 2641 qui

76 2653 128 2670 non
143 2645 249 2671 iuravit.
279 2644 412 2671 Concedo:
429 2645 589 2679 praetorium
604 2648 652 2670 est.
675 2643 779 2670 Adimis
793 2648 821 2669 tu
836 2644 869 2673 ei,

75 2682 123 2718 qui
137 2682 245 2708 iuravit.
279 2681 337 2714 Quo
350 2681 492 2717 exemplo?
505 2681 685 2717 Proscriptum
700 2681 783 2708 iuvat.
818 2681 872 2707 Lex

886 740 894 768 Ἃ
916 739 1010 765 Verres
1034 743 1185 773 praeturam
1208 744 1296 773 petere
1322 740 1446 774 coeperit.

686 2346 791 2372 Etenim
817 2350 871 2372 crat
892 2346 894 2351 ⁴

1656 150 1704 175 259

913 222 964 245 est:
987 227 1070 253 poena
1084 223 1133 245 est.
1173 218 1245 251 Quid
1258 218 1291 245 ad
1305 227 1375 250 eum,
1391 219 1439 253 qui
1453 218 1496 244 ius
1509 217 1591 244 dicit‘?
1610 218 1705 245 Utrum

913 256 1099 290 reprehendis,
1120 256 1192 290 quod
1206 260 1346 291 patronum
1360 255 1469 282 iuvabat
1486 264 1562 286 eum,
1582 257 1629 290 qui
1648 260 1706 282 tum

913 294 941 319 in
964 293 1078 319 miseriis
1102 297 1168 325 erat,
1191 302 1237 324 an,
1260 293 1332 328 quod
1354 293 1462 319 alterius
1485 293 1587 327 patroni
1609 293 1707 319 mortui

914 330 1077 356 voluntatem
1091 331 1276 362 conservabat,
1296 339 1310 356 a
1329 339 1382 365 quo
1396 339 1533 356 summum
1548 330 1708 356 beneficium

914 367 1068 402 acceperat‘.>
1091 368 1186 394 Utrum
1205 368 1300 394 horum
1319 366 1509 402 reprehendis?
1532 367 1565 393 Et
1584 367 1633 394 hoc
1651 372 1707 394 tum

914 404 947 430 de
961 404 1026 430 sella
1041 405 1081 430 vir
1094 406 1212 439 optimus
1226 404 1307 431 dixit:
1330 405 1418 438 Equiti
1432 405 1556 435 Romano,
1572 409 1623 430 lain
1638 406 1710 430 locu-

912 443 982 474 pleri,
999 443 1133 468 libertinus
1146 445 1178 468 sit
1193 444 1264 468 homo
1273 441 1364 468 heres?
1383 441 1405 468 Ο
1416 441 1566 468 modestum
1577 441 1706 473 ordinem,

914 478 987 513 quod
1006 478 1081 505 illinc
1100 479 1179 505 vivus
1198 480 1327 505 surrexit!
1370 481 1426 506 ⁴25.
1448 479 1561 505 Possum
1585 483 1710 505 sexcenta

915 516 1018 541 decreta
1032 515 1157 550 proferre,
1174 517 1201 542 in
1216 517 1325 551 quibus,
1342 521 1371 542 ut
1384 525 1433 552 ego
1447 517 1587 551 pecuniam
1602 525 1653 542 non
1668 516 1710 542 di-

915 562 972 579 cam
987 554 1182 584 intercessisse,
1198 554 1256 588 ipsa
1271 553 1435 580 decretorum
1451 554 1553 580 novitas
1568 553 1710 588 iniquitas-

915 598 968 624 que
981 590 1105 616 declarat.
1145 591 1253 621 Verum,
1269 596 1298 617 ut
1312 600 1345 617 ex
1359 600 1411 617 uno
1425 591 1457 617 de
1470 592 1564 617 ceteris
1576 592 1711 617 coniectu-

916 636 971 653 ram
986 626 1070 653 facere
1084 628 1206 661 possitis:
1224 628 1250 653 id
1264 628 1336 662 quod
1351 629 1436 662 priore
1450 629 1550 654 actione
1564 629 1707 663 cognostis,

916 664 1014 690 audite.
1045 664 1072 690 C.
1088 664 1223 699 Sulpicius
1238 664 1369 700 Olympus
1384 665 1443 691 fuit.
1473 665 1587 692 XLVIII.
1604 666 1628 691 Is
1640 674 1711 691 mor-

916 706 979 727 tuus
993 706 1033 727 est
1047 701 1076 728 C.
1092 701 1229 728 Sacerdote
1244 707 1374 736 praetore,
1392 703 1480 728 nescio
1494 711 1526 728 an
1540 707 1612 733 ante,
1628 711 1708 737 quam

1487 740 1559 765 Fecit
1585 739 1710 765 heredem

917 776 952 802 M.
980 775 1120 802 Octavium
1138 776 1283 812 Ligurem.
1323 777 1406 812 Ligur
1432 776 1603 802 hereditatem
1630 777 1708 802 adiit:

917 813 1036 847 possedit
1058 812 1198 839 Sacerdote
1224 818 1341 848 praetore
1363 814 1421 840 sine
1445 813 1499 839 ulla
1521 814 1708 840 controversia.

917 851 1091 885 Posteaquam
1098 851 1192 876 Verres
1202 851 1387 886 magistratum
1398 851 1470 881 iniit,
1485 859 1517 877 ex
1526 850 1612 877 edicto
1621 852 1708 881 istius,

917 887 989 922 quod
1007 887 1126 914 edictum
1145 888 1273 914 Sacerdos
1293 897 1343 914 non
1363 888 1504 919 habuerat,
1529 888 1642 922 Sulpicii
1665 897 1712 922 pa—

917 925 985 951 troni
1000 924 1053 951 filia
1067 929 1169 951 sextam
1183 930 1284 960 partem
1299 925 1452 952 hereditatis
1466 925 1499 951 ab
1512 926 1609 960 Ligure
1623 930 1711 960 petere

917 962 1012 997 coepit.
1053 963 1136 997 Ligur
1154 972 1205 989 non
1225 963 1322 989 aderat.
1364 963 1393 989 L.
1414 962 1492 989 frater
1510 964 1567 989 eius
1589 971 1711 988 caussam

918 1000 1024 1035 agebat:
1047 1000 1156 1026 aderant
1169 1000 1256 1031 amici,
1272 1000 1427 1035 propinqui.
1464 1000 1572 1026 Dicebat
1586 1001 1644 1031 iste,
1661 1000 1712 1026 nisi

918 1046 980 1063 cum
994 1037 1106 1063 muliere
1120 1037 1294 1069 decideretur,
1311 1038 1338 1064 in
1353 1038 1549 1072 possessionem
1563 1046 1591 1063 se
1606 1038 1642 1063 ire
1657 1038 1713 1063 ius-

918 1083 1023 1100 surum.
1063 1075 1093 1101 L.
1122 1074 1226 1101 Gellius
1252 1083 1375 1101 caussam
1401 1075 1508 1110 Liguris
1538 1074 1710 1101 defendebat:

918 1111 1028 1138 docebat
1046 1112 1164 1138 edictum
1178 1112 1237 1138 eius
1252 1121 1303 1139 non
1318 1116 1436 1147 oportere
1451 1111 1483 1138 ad
1497 1121 1541 1138 eas
1556 1112 1713 1138 hereditates

919 1149 1018 1180 valere,
1039 1158 1108 1184 quae
1127 1154 1186 1176 ante
1204 1158 1265 1176 eum
1284 1154 1431 1184 praetorem
1449 1150 1598 1176 venissent:
1623 1150 1645 1175 si
1664 1149 1714 1175 hoc

918 1191 975 1212 tum
994 1186 1090 1213 fuisset
1108 1187 1239 1219 edictum,
1265 1186 1376 1213 fortasse
1394 1187 1520 1222 Ligurem
1539 1186 1713 1213 hereditatem

918 1224 1053 1250 aditurum
1068 1233 1120 1250 non
1135 1224 1226 1251 fuisse.
1266 1224 1357 1259 Aequa
1372 1224 1528 1259 postulatio,
1546 1233 1651 1250 summa
1666 1224 1713 1250 ho-

920 1262 1023 1288 minum
1037 1262 1178 1288 auctoritas
1193 1262 1277 1296 pretio
1291 1262 1476 1296 superabatur.
1501 1263 1556 1288 126.
1572 1262 1649 1288 Venit
1662 1261 1714 1287 Ro-

919 1308 989 1325 mam
1001 1299 1096 1335 Ligur:
1113 1308 1163 1325 non
1175 1299 1321 1331 dubitabat,
1338 1299 1413 1334 quin,
1430 1299 1453 1325 si
1465 1299 1522 1334 ipse
1532 1299 1639 1325 Verrem
1651 1308 1714 1325 con-

920 1337 1046 1367 venisset,
1063 1337 1194 1371 aequitate
1209 1345 1318 1363 caussae
1333 1341 1358 1363 et
1372 1337 1525 1363 auctoritate
1537 1345 1585 1362 sua
1596 1345 1714 1362 commo-

919 1382 980 1400 vere
998 1374 1133 1400 hominem
1152 1378 1251 1409 posset.
1292 1374 1405 1400 Domum
1424 1374 1457 1400 ad
1475 1382 1537 1400 eum
1552 1374 1637 1399 venit:
1659 1382 1713 1399 rem

919 1410 1095 1437 demonstrat:
1111 1420 1191 1446 quam
1204 1410 1306 1445 pridem
1317 1411 1369 1437 sibi
1380 1411 1513 1437 hereditas
1525 1411 1650 1441 venisset,
1667 1410 1713 1437 do-

919 1453 969 1474 cet.
1010 1447 1086 1480 Quod
1106 1448 1182 1474 facile
1197 1449 1223 1474 in
1237 1457 1331 1474 caussa
1346 1449 1508 1483 aequissima
1522 1449 1622 1474 homini
1639 1449 1714 1483 inge-

920 1486 995 1512 nioso
1010 1485 1073 1512 fuit:
1091 1485 1183 1517 multa,
1200 1494 1269 1520 quae
1282 1486 1408 1520 quemvis
1422 1494 1528 1512 movere
1539 1490 1655 1520 possent,
1673 1485 1714 1510 di-

920 1523 969 1549 xit.
1009 1523 1049 1548 Ad
1064 1528 1213 1549 extremum
1228 1527 1316 1557 petere
1329 1523 1429 1557 coepit,
1447 1532 1478 1549 ne
1493 1531 1579 1557 usque
1593 1531 1624 1548 eo
1637 1531 1713 1548 suam

920 1560 1101 1586 auctoritatem
1120 1560 1267 1595 despiceret
1285 1561 1452 1596 gratiamque
1469 1564 1660 1590 contemneret,
1686 1564 1714 1585 ut

920 1606 949 1624 se
967 1602 1037 1624 tanta
1056 1598 1154 1624 iniuria
1177 1597 1301 1624 afficeret.
1342 1598 1423 1624 llomo
1442 1598 1567 1633 Ligurem
1591 1606 1714 1623 accusare

921 1635 1020 1669 coepit,
1037 1636 1084 1670 qui
1099 1636 1125 1661 in
1140 1644 1167 1661 re
1181 1635 1325 1661 adventitia
1340 1640 1418 1670 atque
1435 1635 1591 1661 hereditaria
1607 1639 1658 1660 tam
1674 1634 1715 1660 di—

922 1672 1016 1708 ligens,
1039 1677 1092 1698 tam
1113 1677 1228 1699 attentus
1246 1677 1329 1699 esset:
1350 1673 1446 1698 debere
1461 1681 1522 1698 eum
1538 1672 1623 1698 aiebat
1638 1680 1714 1697 suani

920 1716 1028 1745 quoque
1042 1710 1169 1736 rationem
1184 1709 1294 1742 ducere;
1311 1709 1393 1736 multa
1405 1710 1457 1736 sibi
1469 1718 1536 1744 opus
1548 1718 1615 1740 esse,
1632 1709 1715 1735 multa

920 1748 1032 1774 canibus
1046 1747 1112 1778 suis,
1129 1756 1197 1782 quos
1211 1748 1280 1773 circa
1294 1756 1322 1773 se
1337 1747 1454 1773 haberet.
1477 1748 1532 1773 Non
1549 1755 1658 1781 possum
1671 1746 1714 1772 illa

920 1784 1028 1819 planius
1044 1793 1262 1816 commemorare,
1281 1794 1362 1820 quam
1377 1785 1467 1819 ipsum
1480 1785 1603 1819 Ligurem
1621 1789 1716 1818 prote-

921 1823 1047 1849 stimonio
1065 1822 1153 1848 dicere
1173 1822 1296 1849 audistis.
1335 1823 1391 1848 ⁴27.
1413 1821 1484 1854 Quid
1503 1822 1583 1852 euim,
1604 1820 1716 1847 Verres?

921 1864 1011 1886 utrum
1028 1868 1060 1886 ne
1075 1860 1117 1886 his
1132 1859 1242 1894 quidem
1259 1860 1372 1886 testibus
1388 1858 1527 1885 credetur?
1546 1868 1578 1884 au
1600 1859 1663 1884 haee
1683 1858 1715 1883 ad

920 1906 975 1923 rem
991 1906 1042 1923 nou
1058 1896 1209 1932 pertinent?
1231 1906 1282 1923 non
1298 1898 1332 1923 M.
1348 1896 1475 1923 Octavio?
1494 1905 1545 1922 non
1560 1896 1589 1922 L.
1606 1896 1716 1929 Liguri?

920 1934 987 1967 Quis
1000 1935 1076 1961 nobis
1087 1934 1194 1961 credet?
1202 1935 1246 1961 cui
1257 1934 1322 1961 nos‘?
1332 1934 1402 1967 Quid
1414 1934 1567 1965 est,Verres,
1576 1934 1647 1968 quod
1660 1933 1716 1967 pla-

921 1981 987 1998 num
1003 1972 1059 1998 fieri
1075 1972 1188 1998 testibus
1204 1973 1301 2006 possit,
1319 1973 1342 1998 si
1359 1972 1406 1999 hoc
1419 1981 1468 1998 non
1482 1971 1527 1997 tir?
1541 1971 1579 1997 Au
1592 1971 1627 2002 id,
1643 1970 1715 2005 quod

920 2009 1023 2040 dicunt,
1041 2009 1098 2036 leve
1109 2008 1166 2036 est?
1184 2009 1257 2036 Nihil
1274 2010 1369 2040 levius,
1387 2018 1467 2044 quam
1481 2014 1626 2043 praetorem
1638 2008 1716 2034 Urbis

922 2047 971 2073 hoc
986 2047 1053 2073 iuris
1067 2047 1093 2073 iu
1108 2056 1158 2073 suo
1172 2047 1329 2083 magistratu
1344 2047 1514 2077 constituere,
1530 2046 1657 2072 omnibus
1673 2046 1713 2076 iis,

921 2084 1023 2119 quibus
1038 2084 1171 2111 hereditas
1186 2085 1300 2115 venerit,
1321 2084 1478 2111 coheredem
1498 2089 1642 2118 praetorem
1658 2091 1716 2109 esse

921 2126 1050 2156 oportere.
1073 2122 1113 2148 Au
1125 2130 1186 2148 vero
1197 2122 1362 2152 dubitamus,
1378 2130 1432 2156 quo
1443 2130 1487 2147 ore
1499 2121 1548 2147 iste
1558 2126 1657 2147 eeteros
1670 2120 1716 2146 ho-

923 2160 1008 2185 miues
1020 2158 1144 2185 inferiore
1155 2159 1219 2190 loco,
1232 2160 1393 2189 auctoritate.
1401 2158 1503 2188 ordine,
1512 2167 1565 2193 quo
1575 2167 1618 2184 ore
1630 2158 1717 2184 homi-

923 2206 969 2222 nes
985 2197 1133 2222 rusticauos
1148 2205 1181 2223 ex
1196 2197 1362 2231 municipiis,
1379 2205 1432 2230 quo
1447 2196 1563 2230 denique
1579 2204 1631 2225 ore,
1648 2203 1715 2229 quos

923 2242 1071 2268 numquam
1089 2233 1185 2260 liberos
1201 2234 1313 2268 putavit,
1331 2233 1468 2259 libertinos
1484 2233 1604 2259 homiues
1620 2232 1716 2258 solitus

922 2272 957 2297 sit
971 2270 1112 2305 appellare,
1129 2272 1175 2305 qui
1186 2272 1220 2297 ob
1232 2272 1274 2297 ius
1285 2271 1433 2297 dicundum
1446 2271 1479 2296 M.
1488 2270 1626 2296 Octavium
1635 2270 1716 2304 Ligu-

923 2317 987 2339 rem,
997 2308 1132 2334 hominem
1143 2308 1343 2334 ornatissimum
1357 2307 1420 2337 loco,
1428 2307 1529 2337 ordine,
1539 2307 1653 2336 nomine,
1663 2316 1673 2331 x
1682 2307 1716 2332 ir-

924 2350 986 2376 tute,
1004 2345 1119 2379 iugenio,
1131 2346 1225 2379 copiis,
1240 2354 1346 2379 poscere
1359 2345 1498 2379 pecuniam
1510 2354 1560 2370 nou
1571 2343 1717 2370 dubitarit?

977 2382 1072 2408 XLIX.
1094 2384 1150 2408 ⁴28.
1175 2383 1203 2408 ln
1222 2383 1300 2408 sartis
1320 2383 1394 2408 tectis
1413 2391 1475 2407 vero
1488 2381 1714 2416 thuiadiuodum

922 2428 981 2446 sese
995 2420 1122 2455 gesserit,
1143 2419 1209 2454 quid
1229 2428 1277 2454 ego
1290 2419 1394 2445 dicam?
1420 2419 1547 2445 Dixeruut
1563 2419 1609 2453 qui
1624 2427 1716 2444 sense-

923 2461 997 2483 runt:
1023 2460 1086 2482 sunt
1105 2456 1163 2487 alii,
1184 2457 1231 2491 qui
1246 2457 1347 2482 dicunt:
1373 2462 1447 2482 notae
1462 2465 1502 2482 res
1517 2464 1546 2481 ac
1561 2455 1715 2482 uiauil‘estae

924 2494 1038 2528 prolatae
1053 2498 1115 2520 sunt
1129 2499 1154 2520 et
1169 2493 1344 2528 proferentur.
1367 2494 1437 2519 Dixit
1447 2494 1476 2519 C.
1490 2493 1616 2523 Fannius,
1633 2501 1715 2528 eques

924 2532 1072 2561 Romanus,
1091 2530 1169 2557 frater
1181 2539 1325 2565 germanus
1338 2530 1369 2563 Q.
1386 2531 1490 2560 Titinii,
1507 2531 1603 2557 iudicis
1618 2531 1665 2561 tui.
1683 2531 1716 2557 ti—

923 2569 949 2595 bi
969 2578 997 2595 se
1016 2569 1156 2603 pecuniam
1178 2568 1293 2594 dedisse.
1335 2577 1443 2594 necin
1467 2577 1666 2594 rrzsrmoxuuu
1690 2577 1713 2594 c.

923 2615 1034 2632 ranan.
1075 2605 1160 2632 Nolite
1175 2606 1204 2632 C.
1221 2606 1320 2632 Fannio
1333 2605 1431 2631 dicenti
1445 2604 1564 2631 credere:
1586 2605 1652 2635 noli,
1674 2606 1715 2631 in-

923 2652 1017 2678 quam,
1039 2647 1080 2674 tu,
1096 2643 1127 2675 Q.
1143 2644 1236 2673 Titini,
1253 2643 1282 2669 C.
1299 2643 1411 2673 Fannio,
1433 2642 1504 2669 fratri
1519 2647 1577 2673 tuo,
1597 2643 1712 2668 credere.

924 2681 991 2707 Dicit
1008 2681 1079 2707 enim
1100 2689 1153 2707 rem
1173 2680 1371 2707 incredibilem:
1396 2680 1425 2707 C.
1446 2680 1553 2706 Verrem
1576 2679 1713 2706 insimulat

1449 2727 1506 2753 33·
