1941 3052
639 129 843 157 ORATOR.
878 129 975 156 CAP.
1009 131 1156 156 52—58.

87 200 196 227 orationi
215 204 278 226 sunt
295 199 396 226 solutae
415 200 561 227 simillima.
602 201 639 228 Ac
657 202 818 228 comicorum
833 209 875 226 se-

88 238 153 264 narii
172 242 278 272 propter
295 237 498 264 similitudinem
516 239 646 265 sermonis
665 239 703 265 sic
721 247 799 273 saepe
813 242 876 264 sunt

87 275 190 305 abiecti,
207 279 235 300 ut
250 283 450 309 nonnumquam
462 276 508 301 vix
521 276 548 302 in
560 276 597 302 eis
609 284 736 302 numerus
747 281 771 301 et
782 284 875 301 versus

86 311 201 347 intelligi
220 312 312 346 possit.
353 312 411 343 Quo
429 317 468 338 est
486 313 517 338 ad
538 313 728 339 inveniendum
743 312 877 338 disticilior

87 350 114 375 in
129 349 244 375 oratione
258 357 394 379 numerus,
411 358 492 383 quam
506 350 533 376 in
548 351 680 376 versibus.
715 352 770 376 ⁴85.
783 350 877 376 Omni-

88 394 122 412 no
134 386 187 412 duo
201 390 271 417 sunt,
288 394 356 420 quae
370 387 493 412 condiant
506 388 659 418 orationem,
673 387 814 413 verborum
827 395 877 413 nu-

89 431 275 457 merorumque
293 423 454 449 iucunditas.
494 425 521 450 In
541 425 630 450 verbis
647 425 717 450 inest
730 425 806 459 quasi
821 432 877 449 ma-

88 461 152 486 teria
165 460 308 494 quaedam,
329 461 357 486 in
376 470 486 487 numero
505 466 591 487 autem
606 461 741 496 expolitio.
783 461 834 487 Sed
848 465 878 487 ut

87 498 181 524 ceteris
198 497 225 523 in
245 497 324 523 rebus
340 499 502 524 necessitatis
516 499 622 525 inventa
642 499 789 533 antiquiora
804 502 874 528 sunt,

87 543 168 570 quam
184 534 340 569 voluptatis:
363 536 397 561 ita
412 536 439 561 in
453 535 501 562 hac
515 544 542 561 re
556 535 657 566 accidit,
671 540 700 561 ut
714 535 805 561 multis
820 544 878 560 sae-

87 571 155 598 culis
175 576 233 598 ante
250 572 332 598 oratio
350 573 421 598 nuda
439 581 468 598 ac
485 573 560 598 rudis
582 573 614 598 ad
636 572 706 599 solos
728 573 876 598 animorum

88 617 183 635 sensus
198 609 384 643 exprimendos
399 609 477 635 fuerit
491 614 600 644 reperta,
613 618 693 644 quam
705 610 769 635 ratio
784 618 878 635 nume-

88 655 177 672 rorum
192 662 228 665 —
241 655 335 672 caussa
353 646 532 673 delectationis
553 647 657 673 aurium
671 662 707 666 —
721 647 875 681 excogitata.

90 685 146 709 186.
163 685 252 718 Itaque
266 688 291 709 et
304 684 449 709 Herodotus
463 688 487 709 et
505 684 596 709 eadem
615 684 788 718 superiorque
807 689 876 709 aetas

89 730 199 746 numero
212 721 304 751 caruit,
321 721 371 746 nisi
386 721 492 755 quando
503 726 599 747 temere
610 729 638 747 ac
654 721 760 747 fortuito
774 726 799 746 et
812 721 878 746 scri-

89 762 176 792 ptores
190 762 338 792 perveteres
352 757 385 783 de
399 767 509 784 numero
523 758 589 784 nihil
604 759 720 789 omnino,
736 758 768 783 de
783 759 877 784 oratio-

90 804 121 820 ne
136 799 272 828 praecepta
287 794 369 820 multa
384 795 460 821 nobis
474 795 648 830 reliquerunt.

90 831 193 857 facilius
207 836 245 857 est
259 836 284 858 et
298 832 382 867 magis
397 834 585 864 necessarium,
601 833 628 859 id
643 841 748 867 semper
761 837 820 858 ante
834 841 878 858 co-

87 869 232 904 gnoscitur.
274 869 337 895 LVI.
358 870 447 904 Itaque
465 870 556 896 tralata
575 874 619 896 aut
638 870 703 896 sacta
723 874 767 895 aut
789 871 877 895 iuncta

90 906 168 932 verba
183 905 258 932 facile
273 910 335 932 sunt
348 907 460 942 cognita,
477 908 539 942 quia
553 908 728 933 sumebantur
742 915 756 932 e
766 916 879 933 consue-

90 943 180 969 tudine
194 943 401 978 quotidianoque
415 953 545 971 sermone.
575 946 708 970 Numerus
723 949 811 970 autem
827 954 878 970 non

88 980 166 1006 domo
180 980 383 1015 depromebatur
397 990 483 1016 neque
497 982 610 1008 habebat
628 982 743 1017 aliquam
763 982 879 1008 necessi-

89 1018 208 1044 tudinem
227 1022 272 1044 aut
289 1020 472 1054 cognationem
487 1028 547 1045 cum
566 1020 691 1045 oratione.
733 1020 822 1054 Itaque
837 1028 879 1045 se—

88 1057 144 1082 rius
167 1055 302 1090 aliquanto
325 1061 429 1082 notatus
448 1061 472 1082 et
490 1057 611 1092 cognitus
635 1057 711 1091 quasi
734 1057 878 1091 quamdam
899 1064 901 1079 ὲ

88 1092 244 1128 palaestram
272 1098 296 1119 et
322 1098 438 1120 extrema
465 1094 622 1120 lineamenta
648 1095 757 1120 orationi
781 1094 876 1119 attulit.
899 1092 901 1110 ἰ

89 1131 146 1156 487.
159 1130 234 1162 Quod
246 1131 267 1156 si
279 1135 304 1156 et
314 1135 424 1165 angusta
435 1131 566 1166 quaedam
576 1136 654 1166 atque
668 1131 781 1161 concisa,
794 1136 818 1157 et
828 1131 878 1157 alia

88 1172 128 1194 est
140 1167 259 1194 collatata
273 1172 298 1194 et
311 1168 407 1194 diffusa
421 1169 509 1200 oratic,
527 1178 634 1195 necesse
648 1173 687 1195 est
702 1169 728 1194 id
744 1178 794 1195 non
811 1168 879 1194 litte-
899 1181 901 1190 ι

89 1214 176 1231 rarum
191 1205 308 1231 accidere
326 1210 431 1238 natura,
455 1206 502 1232 sed
519 1206 719 1232 intervallorum
739 1206 877 1241 longorum

89 1246 113 1268 et
136 1242 258 1268 brevium
281 1243 417 1276 varietate3
440 1244 539 1278 quibus
563 1243 698 1278 implicata
722 1248 800 1278 atque
820 1252 879 1277 per-

89 1280 170 1306 mixta
184 1280 265 1306 oratio
278 1281 404 1314 quoniam
418 1285 475 1307 tum
489 1281 593 1307 stabilis
607 1285 655 1311 est,
669 1285 725 1307 tum
740 1281 876 1312 volubilis,

89 1325 196 1343 necesse
222 1321 261 1342 est
287 1318 418 1344 eiusmodi
444 1322 564 1344 naturam
590 1319 709 1344 numeris
739 1319 877 1344 contineri.

89 1354 154 1380 Nam
169 1354 296 1380 circuitus
310 1354 369 1386 ille,
385 1364 465 1390 quem
480 1364 558 1390 saepe
571 1356 624 1382 iam
638 1355 770 1386 diximus,
787 1356 879 1381 incita—

88 1392 138 1417 tior
152 1400 262 1418 numero
276 1392 335 1426 ipso
348 1391 430 1418 fertur
443 1397 469 1418 et
483 1392 587 1424 labitur,
603 1393 690 1427 quoad
702 1393 836 1427 perveniat
846 1392 879 1418 ad

89 1428 168 1455 finem
189 1432 214 1454 et
235 1429 349 1455 insistat.
390 1430 564 1464 Perspicuum
587 1434 627 1456 est
652 1431 735 1466 igitur
760 1430 878 1456 numeris

88 1466 205 1492 strictam
220 1467 362 1492 orationem
377 1475 435 1493 esse
448 1468 553 1499 debere,
569 1476 656 1493 carere
670 1467 803 1493 versibus.

145 1505 201 1529 488.
210 1503 262 1529 Sed
277 1504 304 1529 hi
319 1505 422 1530 numeri
433 1505 562 1539 poeticine
573 1505 626 1530 sint
636 1514 668 1531 an
680 1514 712 1531 ex
723 1504 774 1531 alio
783 1513 878 1539 genere

88 1540 214 1575 quodam,
239 1540 365 1575 deinceps
384 1546 423 1567 est
438 1542 594 1568 videndum.
629 1542 725 1568 Nullus
744 1547 783 1567 est
797 1542 879 1577 igitur
899 1566 901 1575 χ

89 1586 216 1604 numerus
231 1582 303 1604 extra
318 1579 442 1612 poeticos,
459 1584 595 1614 propterea
609 1579 681 1613 quod
695 1579 802 1605 definita
817 1583 879 1605 sunt

88 1623 184 1650 genera
198 1623 379 1642 numerorum.
401 1617 468 1642 Nam
482 1617 568 1643 omnis
583 1616 642 1642 talis
657 1621 704 1647 est,
720 1621 750 1642 ut
764 1625 834 1642 unus
845 1617 879 1642 sit
899 1614 901 1635 i*

89 1661 103 1678 e
116 1652 212 1678 tribus.
246 1653 294 1679 Pes
308 1653 388 1684 enim,
404 1654 452 1688 qui
466 1653 608 1680 adhibetur
621 1653 653 1680 ad
669 1662 801 1684 numeros,
819 1662 879 1688 par-

89 1690 152 1716 titur
170 1690 197 1716 in
216 1690 273 1721 tria,
294 1695 324 1716 ut
337 1699 445 1717 necesse
459 1691 501 1722 sit,
518 1695 618 1726 partem
633 1691 709 1726 pedis
723 1695 767 1717 aut
781 1700 879 1726 aequa-

89 1726 141 1753 lem
159 1726 233 1753 alteri
251 1728 318 1762 parti
336 1732 381 1754 aut
399 1728 479 1755 altero
497 1733 567 1755 tanto
586 1733 631 1754 aut
645 1729 737 1763 sesqui
751 1737 809 1754 esse
823 1737 880 1754 ma-

88 1765 181 1790 iorem.
204 1765 240 1790 lta
254 1764 282 1791 tit
297 1765 415 1800 aequalis
429 1766 560 1802 dactylus,
576 1765 678 1800 duplex
691 1766 805 1795 iambus.
823 1775 880 1791 ses-

89 1801 201 1837 quiplex
223 1810 318 1837 paean;
350 1803 397 1837 qui
421 1803 502 1838 pedes
520 1804 547 1829 in
562 1804 705 1830 orationem
721 1812 771 1829 non
786 1803 879 1829 cadere
907 1830 908 1835 ,

89 1840 136 1874 qui
159 1839 288 1874 possunt?
316 1840 416 1874 quibus
434 1841 525 1867 ordine
545 1840 643 1871 locatis,
663 1840 735 1875 quod
754 1841 876 1871 eflicitur,
900 1855 901 1858 =

89 1885 261 1903 numerosum
276 1877 311 1904 sit
324 1886 432 1904 necesse
445 1882 494 1904 est.
526 1879 582 1904 ⁴89.
599 1878 652 1904 Sed
665 1878 809 1912 quaeritur,
826 1886 879 1912 quo

90 1922 200 1941 numero
214 1918 259 1940 aut
272 1915 372 1950 quibus
383 1915 553 1950 potissimum
563 1916 598 1942 sit
608 1915 747 1942 utendum.
763 1915 880 1941 Incidere
908 1934 909 1941 1

90 1959 152 1978 vero
174 1960 265 1978 omnes
283 1953 311 1978 in
329 1953 482 1983 orationem,
503 1953 581 1979 etiam
596 1961 629 1979 ex
643 1953 692 1979 hoc
705 1952 818 1987 intelligi
834 1961 880 1986 po-

89 1989 228 2024 test‚quod
243 1997 337 2015 versus
351 1998 428 2024 saepe
442 1991 469 2016 in
483 1991 599 2016 oratione
612 1998 659 2025 per
672 1989 879 2024 imprudentiam

89 2026 219 2058 dicimusq
241 2026 323 2062 (quod
346 2027 516 2053 vehementer
538 2031 578 2053 est
600 2027 740 2059 vitiosum;
767 2027 879 2053 sednon

89 2063 260 2094 attendimus,
273 2072 358 2098 neque
369 2064 528 2090 exaudimus
539 2068 642 2091 nosmet
651 2065 724 2099 ipsos
733 2063 750 2099 :)
764 2064 880 2090 senarios

91 2109 152 2126 vero
167 2105 191 2126 et
198 2101 389 2135 Hipponacteos
401 2101 515 2137 etl'ugere
526 2102 572 2128 vix
582 2110 740 2136 possumus3
757 2110 879 2137 magnam

89 2138 161 2164 enim
185 2142 285 2172 partem
309 2146 342 2164 ex
363 2138 459 2164 iambis
478 2143 565 2165 nostra
583 2143 684 2165 constat
702 2139 793 2165 oratio.
828 2138 879 2164 Sed

90 2179 177 2201 tamen
195 2184 240 2201 eos
255 2183 348 2201 versus
367 2175 442 2202 facile
461 2176 580 2212 agnoscit
593 2176 709 2208 auditor,
732 2180 795 2202 sunt
809 2176 879 2202 enim

90 2213 268 2239 usitatissimi.
303 2212 471 2239 Inculcamus
491 2217 579 2240 autem
603 2222 650 2248 per
670 2213 878 2248 imprudentiam

90 2257 168 2284 saepe
181 2250 261 2276 etiam
274 2250 365 2276 minus
379 2251 499 2281 usitatos,
513 2250 560 2277 sed
573 2254 660 2277 tamen
675 2259 783 2282 versus;
804 2251 881 2276 vitio-

90 2295 150 2313 sum
173 2295 259 2322 genus
282 2291 308 2313 et
331 2287 406 2323 longa
430 2288 512 2314 animi
536 2288 687 2322 provisione
710 2287 878 2323 fugiendum.

92 2325 148 2350 ⁴90.
168 2324 256 2360 Elegit
273 2333 306 2351 ex
324 2325 416 2351 multis
435 2325 541 2351 Isocrati
561 2324 636 2351 libris
651 2325 756 2360 triginta
772 2324 880 2351 sortasse

91 2369 184 2388 versus
202 2362 387 2398 Hieronymus³
408 2362 598 2396 Peripateticus
616 2362 643 2388 in
662 2362 756 2397 primis
771 2361 878 2392 nobilis,

91 2398 231 2434 plerosque
249 2399 374 2430 senarios.
395 2399 441 2425 sed
460 2399 538 2425 etiam
557 2403 725 2434 anapaestum
747 2407 800 2434 quo
814 2399 880 2434 quid

91 2441 178 2471 potest
194 2445 252 2462 esse
271 2435 395 2471 turpius?
417 2437 466 2462 etsi
480 2437 507 2462 in
522 2436 644 2471 eligendo
658 2435 719 2462 fecit
733 2435 877 2462 malitiose:

91 2473 176 2508 prima
190 2474 261 2500 enim
275 2473 378 2509 syllaba
391 2473 498 2508 dempta
509 2474 535 2499 in
548 2474 633 2508 primo
644 2473 725 2499 verbo
736 2473 881 2499 sententiae
909 2498 910 2504 ,

908 2513 910 2526 ³
933 2509 966 2534 ita
984 2512 1087 2537 censet.
1112 2507 1158 2533 scd
1183 2507 1294 2542 reliquis
1320 2507 1398 2532 etiam
1423 2506 1555 2537 nunwris,
1581 2514 1649 2541 quos
1677 2505 1722 2531 illc

91 2515 255 2545 postremum
274 2511 306 2537 ad
324 2511 436 2537 verbum
456 2511 567 2545 primam
583 2519 676 2536 rursus
690 2509 820 2546 syllabam
835 2510 882 2536 ad-

92 2548 180 2574 iunxit
196 2548 372 2583 insequentis.
406 2549 442 2574 lta
461 2547 546 2574 factus
560 2552 600 2573 est
613 2551 771 2581 anapaestus
785 2547 817 2577 is.
834 2547 880 2582 qui

91 2584 300 2620 Aristophaneus
314 2585 477 2617 nominatum
493 2584 565 2620 quod
580 2594 612 2610 ne
625 2584 734 2614 accidat.
747 2584 880 2610 observari

92 2629 139 2648 nec
156 2627 241 2657 potest
259 2630 307 2649 nee
325 2631 433 2648 necesse
446 2627 495 2649 est.
530 2621 582 2648 Sed
596 2626 683 2648 tamen
698 2621 740 2647 hic
754 2627 882 2647 corrector

93 2658 118 2686 in
132 2667 163 2686 eo
173 2660 233 2694 ipso
247 2659 311 2690 loco,
327 2667 381 2695 quo
394 2659 572 2694 reprehendit,
589 2663 618 2685 ut
631 2667 644 2685 a
659 2667 702 2685 me
713 2658 882 2685 animadver-

690 796 754 821 Nam
767 796 837 830 quod
853 800 877 821 ct
898 814 899 817 ,

906 1577 907 1583 ¹
929 1578 1046 1611 gnitatis.

906 1649 907 1672 Ῑ
929 1652 1012 1682 tione,
1034 1652 1072 1677 sic
1091 1651 1117 1677 hi
1137 1655 1199 1677 suut
1217 1650 1333 1676 evitandi
1348 1650 1493 1677 continuati
1509 1649 1598 1684 pedes.

906 1690 907 1717 ἒ
929 1690 1000 1715 enim
1019 1688 1147 1723 quiddam
1166 1693 1205 1714 est
1223 1689 1317 1718 oratio,
1339 1696 1385 1714 nec
1403 1688 1551 1722 quidquam
1575 1687 1718 1715 inimicius.

906 1725 907 1731 ¹
929 1735 1009 1762 quam
1024 1726 1069 1752 illa
1084 1726 1216 1751 versibus.
1232 1726 1314 1751 Paean
1329 1730 1417 1751 autem
1432 1725 1541 1751 minime
1552 1729 1590 1750 est
1601 1729 1678 1758 aptus
1689 1723 1721 1749 ad

1663 132 1710 156 ΓΠ

903 200 905 208 ’
927 209 986 226 sum
1001 205 1040 226 est
1054 199 1171 226 studiose
1185 200 1335 234 inquirente
1349 200 1375 225 in
1389 208 1459 230 eum,
1477 200 1596 226 immittit
1610 201 1713 234 impru-

927 238 992 263 dens
1006 238 1064 272 ipse
1078 237 1221 263 senarium.
1256 237 1295 263 Sit
1309 237 1392 271 igitur
1406 237 1454 263 hoc
1467 238 1612 271 cognitum,
1629 238 1655 263 in
1669 246 1713 263 so-

928 274 990 300 lutis
1013 275 1091 301 etiam
1110 274 1198 300 verbis
1217 274 1303 300 inesse
1318 282 1450 304 numeros,
1476 274 1636 308 eosdemque
1655 283 1713 300 esse

927 313 1061 342 oratorios,
1077 312 1124 346 qui
1140 312 1192 337 sint
1206 312 1311 345 poetici.

982 350 1057 375 LVII.
1076 350 1132 374 191.
1148 348 1273 383 Sequitur
1286 357 1356 382 ergo,
1378 352 1414 374 ut.
1431 348 1478 382 qui
1493 348 1607 374 maxime
1621 348 1715 374 cadant

927 387 954 412 in
969 387 1111 412 orationem
1123 391 1210 420 aptam
1224 387 1336 416 numeri,
1346 385 1491 411 videndum
1505 386 1548 410 sit.
1565 384 1633 410 Sunt
1643 385 1713 410 enim

928 424 972 457 qui
992 423 1137 449 iambicum
1157 427 1258 456 putent,
1279 422 1349 456 quod
1368 423 1402 448 sit
1419 423 1528 449 orationi
1543 422 1712 453 siniillinnis3

928 469 979 495 qua
994 460 1026 486 de
1040 469 1133 486 caussa
1148 460 1212 490 fieri,
1232 464 1261 485 ut
1280 460 1302 485 is
1317 460 1484 494 potissimum
1501 463 1605 494 propter
1619 459 1716 485 simili-

928 497 1048 523 tudinem
1072 497 1187 522 veritatis
1211 497 1367 522 adhibeatur
1389 497 1416 522 in
1439 496 1550 528 fabulis;
1580 496 1651 531 quod
1670 496 1715 522 ille

928 534 1074 569 dactylicus
1098 542 1224 559 numerus
1244 534 1455 560 hexametrorum
1475 533 1715 569 magniloquentiae

929 572 962 597 sit
976 571 1204 597 accommodatior.
1220 571 1342 605 Ephorus
1357 575 1452 602 autem,
1469 571 1534 596 levis
1548 572 1605 605 ipse
1619 575 1712 600 orator,

929 609 975 634 sed
994 608 1126 643 profectus
1145 617 1177 633 ex
1195 610 1293 642 optima
1312 608 1461 642 disciplina,
1483 616 1579 642 paeana
1594 608 1716 642 sequitur

929 650 973 671 aut
991 645 1135 680 dactylum,
1161 645 1228 680 fugit
1246 650 1332 670 autem
1352 645 1499 679 spondeum
1514 650 1538 671 et
1553 645 1713 671 trochaeum.

928 682 1003 714 Quod
1022 683 1091 708 enim
1106 691 1188 716 paean
1203 682 1295 707 habeat
1311 687 1361 708 tres
1375 682 1477 712 breves,
1493 682 1614 717 dactylus
1628 687 1714 708 autem

928 720 1003 750 duas,
1016 720 1142 745 brevitate
1153 724 1178 745 et
1188 719 1318 745 celeritate
1333 719 1494 754 syllabarum
1507 719 1557 745 labi
1570 724 1642 753 putat
1658 728 1717 745 ver-

928 757 960 783 ba
975 756 1132 791 proclivius,
1153 761 1294 790 contraque
1313 756 1430 782 accidere
1450 757 1476 782 in
1496 757 1612 790 spondeo
1625 762 1649 782 et
1664 762 1716 782 tro-

928 794 1021 826 chaeo,
1043 794 1114 828 quod
1132 794 1197 819 alter
1215 793 1302 828 longis
1315 798 1458 823 constaret,
1475 793 1539 819 alter
1557 802 1570 819 e
1590 794 1715 819 brevibus

905 856 906 859 ,
929 831 1009 862 fieret,
1025 831 1133 857 alteram
1148 831 1227 857 nimis
1242 831 1383 861 incitatam,
1401 830 1507 856 alteram
1523 832 1602 856 nimis
1616 831 1715 856 tardam

929 869 1084 898 orationem.
1111 873 1231 894 neutram
1255 873 1435 902 temperatam.
1478 869 1533 893 492.
1557 868 1608 893 Sed
1631 873 1656 893 et
1678 868 1716 893 illi

929 907 1028 940 priores
1043 910 1129 931 errant
1147 910 1172 931 et
1185 905 1308 940 Ephorus
1326 906 1352 931 in
1371 905 1449 939 culpa
1463 910 1511 931 est.
1552 906 1618 930 Nam
1632 910 1656 931 et
1670 906 1717 939 qui

929 952 1027 977 paeana
1042 947 1220 977 praetereunt,
1242 951 1293 968 non
1312 942 1402 968 vident
1421 942 1609 968 mollissimum
1628 951 1640 967 a
1660 950 1717 967 sese

899 988 907 998 *ι
930 989 1070 1006 numerum
1085 980 1263 1014 eumdemque
1274 979 1470 1014 amplissimum
1482 980 1626 1014 praeteriri.
1642 978 1716 1010 Quod

906 1015 907 1040 ζ
930 1017 1006 1053 longe
1025 1017 1157 1043 Aristoteli
1178 1017 1283 1042 videtur
1300 1026 1391 1047 secus,
1416 1017 1462 1051 qui
1485 1016 1585 1043 iudicat
1608 1016 1716 1042 heroum

930 1064 1070 1081 numerum
1085 1055 1264 1090 grandiorem,
1280 1063 1360 1089 quam
1378 1054 1509 1080 desideret
1527 1054 1611 1080 soluta
1625 1055 1714 1081 oratio÷

929 1093 1047 1118 iambum
1071 1097 1158 1118 autem
1182 1092 1262 1117 nimis
1281 1100 1295 1117 e
1314 1091 1417 1127 vulgari
1436 1100 1494 1117 esse
1511 1100 1641 1118 sermone.
1681 1092 1718 1117 lta

906 1152 907 1161 ,
930 1139 1015 1164 neque
1030 1129 1159 1155 humilem
1178 1134 1203 1155 et
1221 1129 1348 1155 abiectam
1367 1129 1510 1155 orationem
1526 1138 1573 1154 nec
1587 1129 1666 1154 nimis
1681 1128 1719 1154 al-

930 1172 982 1193 tam
997 1172 1022 1192 et
1035 1171 1218 1202 exaggeratam
1238 1166 1342 1201 probat.
1364 1166 1469 1200 plenam
1488 1170 1574 1192 tamen
1589 1174 1646 1192 eam
1661 1166 1719 1192 vult

929 1213 987 1230 esse
1000 1205 1150 1239 gravitatis,
1166 1209 1195 1229 ut
1210 1212 1267 1234 eos,
1288 1204 1334 1238 qui
1350 1203 1470 1234 audient,
1487 1203 1519 1230 ad
1534 1204 1658 1229 maiorem
1673 1203 1719 1228 ad-

907 1249 908 1257 *
929 1242 1093 1267 mirationem
1109 1242 1192 1276 possit
1205 1241 1351 1267 traducere.
1376 1242 1431 1267 l93.
1443 1241 1605 1267 Trochaeum
1620 1245 1716 1269 autem,

907 1300 908 1305 ,
929 1279 974 1314 qui
990 1283 1028 1305 est
1043 1279 1134 1305 eodem
1149 1279 1242 1313 spatio,
1259 1287 1313 1313 quo
1326 1278 1447 1309 choreus,
1464 1278 1578 1313 κόρδακα
1593 1277 1716 1312 appellat,

907 1316 908 1323 ¹
929 1317 991 1351 quia
1013 1321 1155 1342 contractio
1177 1320 1202 1341 et
1225 1316 1340 1342 brevitas
1363 1316 1519 1351 dignitatem
1544 1324 1595 1341 non
1614 1315 1717 1340 habeat.

907 1354 908 1359 ¹
930 1355 964 1379 lta
981 1362 1077 1387 paeana
1093 1353 1183 1387 probat
1197 1362 1281 1388 eoque
1295 1354 1329 1379 ait
1345 1354 1382 1379 uti
1396 1361 1500 1384 omnes,
1521 1352 1566 1378 sed
1582 1353 1653 1387 ipsos
1668 1361 1719 1378 non

930 1391 1039 1421 sentire,
1060 1399 1144 1425 quum
1165 1395 1286 1421 utantur;
1307 1398 1365 1416 esse
1384 1395 1471 1416 autem
1491 1390 1597 1416 tertium
1617 1398 1645 1415 ac
1664 1398 1720 1415 me-

930 1428 1004 1454 dium
1023 1429 1091 1454 inter
1109 1427 1181 1458 illos,
1202 1427 1249 1453 sed
1262 1428 1298 1453 ita
1313 1427 1393 1453 factos
1412 1436 1456 1453 eos
1470 1427 1551 1462 pedes
1565 1436 1632 1456 esse,
1649 1431 1678 1452 ut
1692 1427 1719 1452 in

929 1466 967 1491 eis
986 1465 1101 1501 singulis
1121 1465 1215 1491 modus
1234 1465 1298 1491 insit
1315 1469 1359 1490 aut
1378 1464 1534 1499 sesquiplex
1551 1469 1595 1490 aut
1619 1463 1720 1498 duplex

929 1507 974 1528 aut
988 1511 1043 1537 par.
1085 1503 1175 1536 ltaque
1194 1501 1246 1532 illi,
1267 1502 1299 1527 de
1317 1502 1417 1536 quibus
1436 1506 1495 1527 ante
1513 1501 1583 1531 dixi,
1605 1506 1720 1526 tantum-

930 1540 1007 1566 modo
1021 1540 1215 1565 commoditatis
1234 1539 1384 1565 habuerunt
1403 1539 1543 1570 rationem,
1565 1538 1665 1564 nullam
1679 1538 1721 1564 di-

1090 1577 1145 1603 wi.
1166 1576 1272 1602 lambus
1291 1577 1362 1602 enim
1381 1581 1405 1602 ct
1422 1575 1544 1611 dactylus
1567 1576 1593 1601 in
1613 1583 1719 1601 versum

1206 1615 1296 1648 ltaque
1316 1618 1344 1639 ut
1364 1622 1469 1639 versum
1490 1612 1608 1648 sugimus
1623 1613 1649 1638 in
1663 1621 1721 1638 ora-

1640 1649 1720 1675 Aliud

928 1615 1027 1641 cadunt
1042 1614 1165 1640 maxime.

930 1772 1052 1795 versum,
1074 1772 1128 1798 quo
1147 1763 1272 1789 libentius
1286 1772 1347 1788 eum
1363 1762 1461 1797 recepit
1474 1762 1564 1788 oratio.
1598 1761 1721 1795 Ephorus

930 1810 992 1828 vero
1006 1810 1038 1827 nc
1053 1800 1200 1835 spondeum
1215 1800 1334 1834 quidem,
1347 1808 1427 1834 quem
1441 1799 1516 1834 sugit.
1530 1798 1653 1833 intelligit
1663 1806 1721 1824 esse

930 1838 1067 1873 aequalem
1083 1837 1195 1873 dactylo,
1212 1846 1291 1872 quem
1308 1838 1409 1871 probat.
1451 1836 1567 1864 Svllabis
1581 1837 1651 1862 enim
1667 1844 1722 1861 me-

907 1887 908 1895 *
931 1876 1034 1902 ticmlos
1049 1875 1142 1910 pede&
1165 1884 1215 1901 non
1235 1874 1382 1901 intervallis
1396 1867 1543 1906 existimat·5
1565 1873 1635 1908 quod
1651 1873 1720 1898 idem

932 1913 992 1940 tacit
1007 1914 1033 1939 in
1049 1913 1177 1942 trochaeo,
1194 1912 1240 1947 qui
1257 1912 1421 1946 temporibus
1433 1916 1457 1938 et
1468 1911 1614 1937 intervallis
1626 1915 1664 1936 est
1677 1919 1722 1945 par

931 1950 1028 1981 iambo,
1045 1949 1090 1975 sed
1106 1958 1136 1975 eo
1151 1950 1263 1975 vitiosus
1283 1950 1308 1975 iu
1328 1949 1456 1979 oratione,
1473 1949 1495 1974 si
1511 1953 1623 1983 ponatur
1636 1952 1722 1974 extre-

931 1997 1005 2019 mus,
1031 1987 1102 2022 quod
1124 1987 1202 2013 vei-ha
1226 1986 1322 2012 melius
1346 1986 1371 2012 in
1392 1986 1508 2022 syllabas
1530 1985 1660 2020 longiores
1679 1994 1722 2010 ca-

931 2026 1007 2052 dunt.
1045 2025 1131 2059 Atque
1150 2024 1226 2054 haec,
1243 2032 1312 2058 quac
1326 2028 1387 2049 sunt
1406 2023 1476 2058 apud
1488 2022 1663 2051 Aristotelem.
1679 2031 1722 2047 ea-

908 2086 909 2095 ,
931 2063 991 2090 dem
1015 2071 1028 2088 a
1047 2061 1229 2096 Theophrasto
1247 2061 1447 2095 'l'heodeeteque
1466 2060 1498 2086 de
1517 2068 1614 2094 paeane
1629 2059 1722 2085 dicuu-

908 2101 909 2107 *
932 2105 983 2126 tur.

1026 2101 1082 2125 ⁴95.
1099 2099 1154 2133 ligo
1172 2104 1259 2125 autem
1278 2099 1362 2124 sentio
1380 2106 1472 2124 omues
1491 2098 1517 2123 in
1535 2097 1650 2123 oratione
1664 2105 1722 2122 esse

931 2137 1008 2172 quasi
1028 2137 1173 2171 permixtos
1191 2141 1215 2162 et
1229 2135 1354 2161 confusos
1375 2135 1464 2169 pedes.
1506 2135 1558 2160 Nec
1572 2135 1641 2160 enim
1657 2134 1723 2159 etl‘u-

908 2169 910 2199 ¹.
931 2183 992 2210 gere
1013 2182 1152 2208 possemus
1170 2172 1439 2202 auimadversiouem.
1461 2172 1484 2198 si
1502 2180 1608 2206 semper
1621 2171 1722 2197 eisdem

932 2216 1080 2239 uterentur:
1103 2211 1165 2245 quia
1181 2219 1267 2245 neque
1282 2218 1421 2236 numerosa
1435 2217 1502 2239 esse,
1520 2213 1548 2235 ut
1563 2217 1663 2243 poema.
1678 2217 1723 2233 ne—

931 2258 984 2284 que
998 2253 1070 2275 extra
1086 2256 1240 2277 munerum,
1257 2252 1285 2273 ut
1299 2256 1385 2273 serino
1400 2246 1486 2281 vulgi,
1503 2254 1560 2272 esse
1574 2245 1652 2271 debet
1665 2254 1723 2270 ora-

932 2287 976 2312 tio.
1017 2285 1136 2312 Alterum
1152 2285 1232 2310 nimis
1250 2289 1289 2310 est
1303 2285 1435 2314 vinctum,
1452 2288 1480 2309 ut
1494 2283 1526 2309 dc
1541 2282 1669 2309 industria
1686 2282 1723 2308 sa-

908 2325 910 2348 }
931 2328 1003 2349 ctum
1019 2327 1154 2356 appareat.
1174 2321 1286 2347 alterum
1302 2322 1381 2347 nimis
1395 2320 1570 2349 dissolutum,
1587 2324 1615 2345 ut
1630 2328 1723 2354 perva-

931 2365 1022 2395 gatum
1038 2368 1067 2385 uc
1082 2358 1190 2393 vulgare
1206 2358 1339 2389 ridentum
1362 2363 1390 2384 ut
1404 2358 1436 2383 ab
1450 2357 1530 2383 altero
1545 2366 1595 2383 nou
1610 2356 1724 2382 delecte-

933 2406 973 2427 re,
993 2396 1104 2422 alterum
1124 2396 1221 2421 oderis.
1265 2397 1319 2421 ⁴96.
1340 2395 1380 2421 Sit
1398 2395 1492 2428 igitur.
1514 2399 1541 2420 ut
1561 2402 1640 2428 supra
1655 2393 1721 2423 dixi.

933 2434 1061 2469 permixta
1076 2438 1101 2458 et
1115 2437 1257 2467 temperata
1273 2432 1391 2458 numeris
1406 2440 1452 2458 uec
1466 2431 1595 2457 dissoluta
1611 2440 1657 2457 nee
1672 2436 1723 2457 tota

933 2479 1082 2499 numerosa.
1100 2479 1197 2504 paeane.
1211 2470 1339 2499 inaximo.
1360 2469 1487 2504 quoniam
1501 2469 1620 2503 optimus
1633 2473 1723 2494 aiis-tor

933 2545 1062 2580 praeterit.
1080 2549 1232 2579 temperata.

989 2582 1074 2608 LVlll.
1098 2583 1170 2614 Quos
1189 2586 1276 2607 autem
1297 2589 1434 2610 numeros,
1458 2589 1519 2607 cum
1539 2580 1639 2615 quibus
1657 2584 1724 2605 tam-

932 2628 1013 2654 quam
1037 2627 1182 2653 purpuram
1207 2618 1310 2644 misceri
1335 2623 1465 2652 oportent,
1490 2626 1561 2644 nune
1579 2617 1722 2643 dicendum

933 2661 982 2687 est.
995 2661 1074 2691 atquo
1088 2657 1166 2683 etiam
1185 2656 1286 2690 quibus
1300 2655 1425 2682 orationis
1438 2655 1581 2691 generibus
1595 2655 1649 2681 siut.
1662 2655 1723 2689 qui—

1493 2704 1523 2727 23
