1941 3052
217 97 278 120 tilio
774 93 829 117 123.
864 90 898 116 M.
933 90 962 115 T.

213 173 264 192 tum
278 164 425 191 immortale
438 163 542 189 nullum
553 170 625 190 esse.
644 170 676 187 ne
692 160 865 187 individuum
881 160 1002 194 quidem.
1026 160 1035 174 '¹
1056 165 1222 185 «ruminatum
1234 161 1361 194 rapiatur.

214 212 261 230 nec
281 202 352 237 quod
374 202 464 227 dirimi
484 199 631 225 distrahive
653 207 703 224 non
726 198 819 232 possit.
860 199 1005 232 Quumque

212 249 290 266 omne
307 239 404 265 animal
422 236 559 272 patibilem
575 240 696 261 naturam
714 234 822 265 habeat,
845 234 950 260 nullusn
966 239 1006 260 est

213 286 304 304 vorum
314 297 319 306 ,
338 275 408 310 quud
425 274 533 306 ell'ugiat
548 272 698 306 accipiendi
709 271 814 306 aliquid
826 272 1003 302 extrinsecus.

215 314 239 340 id
252 319 291 340 cst
306 313 382 348 quusi
401 310 500 337 svn-ndi
518 315 542 336 ct
557 309 690 344 patiendi.
709 309 907 341 necessitati—nu
931 313 969 339 et.
982 309 1005 335 si

213 360 291 377 mnne
313 348 409 375 nuimal
432 346 563 390 [mor]tale
584 351 638 378 est,
662 346 811 372 immortale
833 346 938 372 nullum
955 351 1004 372 cst.

214 389 282 421 Ergo
295 387 399 415 ium-m.
415 394 438 410 ni
454 393 531 410 omne
548 383 646 410 animal
662 384 747 410 secari
762 392 791 410 ne
806 383 893 409 dividi
910 388 1004 418 potest.

214 425 316 451 :nullum
329 428 368 449 est
379 431 470 448 eorum
483 421 781 451 in‹lividuum.nulluni
792 426 940 447 aeternum.
961 421 1006 447 Λῑ·

212 463 258 497 qui
275 470 352 486 niune
365 459 462 485 animal
475 459 507 485 ad
519 458 703 493 accipiendam
717 459 771 485 vim
783 463 919 485 externam
931 463 956 484 et
968 457 1006 483 se-

213 498 320 525 rendam
336 502 456 531 paratum
473 501 525 523 cst:
550 496 658 522 mortale
676 497 758 531 igitur
773 505 851 522 omne
866 495 964 521 animal
981 500 1007 521 et

211 534 370 561 dissolubile
382 539 407 560 et
418 534 562 560 dividuum
574 534 609 559 sit
621 542 728 560 necesse
740 538 790 560 est.
825 535 865 559 30.
880 533 912 559 Ut
922 533 1004 563 enim.

211 575 233 599 si
244 573 331 598 omnis
342 581 400 597 cera
412 571 612 598 commutabilis
627 576 710 601 esset.
728 570 795 597 nihil
807 574 876 596 esset
886 578 1004 600 cereum,

210 610 281 644 quod
297 609 455 636 commutari
472 618 524 635 non
541 613 642 643 posset,
670 609 733 634 item
749 607 817 634 nihil
837 612 1004 643 argenteum,

211 646 278 673 niliil
291 655 411 677 uei-cum.
434 647 457 673 si
468 645 668 673 commutabilis
682 650 752 672 esset
763 650 856 671 natum
867 645 969 680 argenti
981 649 1006 671 et

211 685 288 711 aeris.
305 684 435 711 Similiter
446 684 537 719 igitur.
546 683 569 709 si
580 684 679 713 omnia.
688 691 701 709 c
713 682 824 718 quibus,
833 691 901 717 quae
912 682 1003 712 sunt·.

211 727 305 748 cuncta
318 726 454 752 constant,
471 720 611 748 mutabilia
622 724 698 746 sunt:
715 719 821 746 nullum
837 728 935 754 corpus
945 727 1005 745 esse

211 763 296 794 potest
312 767 363 785 non
379 758 518 785 mutabile.
559 757 697 784 Mutabilia
714 762 802 783 autem
817 761 880 783 sunt
897 756 954 787 illa.
972 765 1005 783 ex

210 796 312 832 quibus
323 797 412 823 omnin
424 800 553 826 constant.
568 800 596 822 ut
608 795 684 821 vobis
697 794 816 821 videtur:
833 803 911 820 omne
924 794 1007 829 igitur

210 842 308 868 corpus
322 833 450 860 mutabile
461 838 510 860 cst.
551 835 583 859 At
594 833 617 859 si
631 837 702 859 esset
716 841 814 866 corpus
830 831 938 866 aliquod
955 832 1006 857 im·

212 871 335 902 mortale,
359 880 409 897 non
425 876 496 897 esset
510 879 588 897 omne
606 869 748 896 mutabile:
773 870 807 895 ita
823 868 951 900 efficitur,
977 873 1006 895 ut

210 917 288 935 omne
309 917 406 943 corpus
423 908 532 935 mortale
548 908 592 934 sit.
633 908 738 934 Etenim
754 915 832 933 omne
847 915 945 941 corpus
961 911 1006 932 aut

211 954 279 981 aqua
291 950 336 972 aut
347 954 390 972 aer
402 951 447 972 aut
463 947 534 981 ignis
547 950 591 972 aut
608 950 674 971 terra
690 950 743 975 est.
761 949 807 971 aut
821 943 863 975 id,
883 943 955 979 quod
967 948 1007 970 est

210 983 364 1010 concretum
376 991 409 1010 ex
422 983 464 1009 his
475 988 520 1010 aut
531 991 564 1009 cx
575 982 665 1017 aliqua
678 987 751 1017 parte
762 990 865 1008 eorum.
906 981 1006 1008 Horum

210 1025 298 1047 autem
312 1019 380 1047 nihil
392 1025 440 1051 est,
453 1021 520 1056 quin
533 1021 653 1047 intereat.
693 1021 734 1046 3⁴.
758 1020 824 1046 Nam
835 1024 861 1046 et
871 1023 1005 1045 terrenum

209 1066 288 1085 omne
299 1057 441 1089 dividitur.
453 1063 479 1084 et
491 1058 587 1084 humor
598 1058 633 1084 ita
645 1057 734 1084 mollis
745 1062 793 1088 est,
807 1062 836 1083 ut
846 1055 922 1083 facile
933 1064 1006 1083 com-

210 1096 291 1130 primi
302 1094 448 1130 collidique
460 1096 556 1130 possit3
576 1096 646 1131 ignis
658 1103 720 1121 vero
732 1100 757 1121 et
767 1103 811 1121 aer
821 1094 894 1121 omni
906 1093 1007 1129 impul-

209 1141 242 1159 su
261 1132 388 1159 facillime
402 1132 512 1168 pellitur
528 1137 675 1167 naturaque
693 1132 790 1158 cedens
802 1137 842 1158 est
854 1132 970 1158 maxime
981 1136 1007 1158 et

209 1169 390 1204 dissipabitis.
431 1171 565 1197 Praeterea
585 1171 675 1196 omnia
697 1169 762 1196 haec
783 1174 840 1196 tum
861 1170 1004 1200 intereunt,

209 1216 294 1242 quum
308 1208 334 1233 in
347 1212 468 1234 naturam
479 1207 559 1234 aliam
570 1211 771 1238 convertuntur.
785 1206 857 1242 quod
871 1206 907 1238 fit.
920 1215 1006 1242 quum

210 1249 278 1272 terra
289 1245 317 1271 in
329 1252 425 1279 aquam
437 1253 465 1271 se
478 1245 570 1276 vertit,
591 1249 617 1271 et
631 1253 718 1280 quum
732 1253 765 1271 ex
775 1253 844 1280 aqua
856 1245 940 1271 oritur
951 1252 1004 1275 aer,

209 1286 235 1308 et
249 1290 335 1317 quum
351 1290 385 1308 ex
401 1284 459 1309 aere
470 1282 712 1318 aether‚quumque
724 1281 818 1308 eadem
830 1282 952 1308 vicissim
964 1290 1006 1308 re-

209 1324 248 1346 tro
262 1324 421 1346 commeant.
461 1319 538 1352 Quod
548 1320 572 1346 si
584 1328 614 1346 ea
625 1320 768 1350 intereunt.
781 1328 816 1346 ex
828 1319 931 1354 quibus
942 1328 1006 1346 con-

209 1361 261 1382 stat
274 1365 353 1383 omne
369 1356 482 1388 animal,
506 1356 612 1384 nullum
627 1362 668 1384 est
683 1356 781 1384 animal
798 1357 1004 1392 sempiternum.

209 1394 279 1420 Xlll.
301 1395 342 1421 32.
365 1395 409 1425 Et,
425 1399 455 1421 ut
467 1394 532 1421 haec
541 1395 713 1426 omittamus,
731 1399 820 1421 tamen
832 1394 931 1421 animal
943 1393 1006 1421 nul-

210 1430 265 1458 lum
282 1431 400 1458 inveniri
416 1436 514 1467 potest,
537 1432 610 1467 quod
626 1440 714 1467 neque
726 1437 818 1458 natum
829 1440 960 1467 umquam
971 1432 1006 1458 sit

208 1473 234 1495 et
253 1477 360 1503 semper
379 1469 414 1495 sit
435 1469 566 1496 futurum.
607 1469 692 1496 Omne
705 1470 778 1495 enim
794 1470 893 1496 animal
909 1478 1005 1496 sensus

209 1505 298 1532 habet.
339 1506 426 1533 Sentit
437 1507 520 1542 igitur
529 1511 555 1533 et
565 1506 652 1533 calida
663 1511 689 1533 et
703 1506 815 1542 frigida.
833 1512 860 1534 et
873 1506 964 1533 dulcia
980 1511 1006 1534 et

208 1551 310 1574 amara.
328 1552 377 1570 nec
391 1548 480 1578 potest
494 1543 549 1570 ullo
560 1552 642 1570 sensu
654 1544 772 1571 iucunda
783 1545 905 1579 accipere
916 1549 942 1571 et
952 1553 1005 1571 non

208 1581 328 1615 accipere
338 1581 480 1608 contraria.
510 1581 538 1608 Si
550 1582 633 1617 igitur
645 1581 790 1616 voluptatis
801 1590 912 1608 sensum
922 1582 1003 1617 capit.

208 1617 308 1644 doloris
319 1619 399 1645 etiam
411 1619 492 1654 capit.
532 1618 610 1651 Quod
621 1623 710 1646 autem
721 1618 841 1645 dolorem
852 1620 963 1654 accipit,
977 1619 1004 1645 id

208 1655 322 1690 accipiat
343 1656 424 1682 etiam
445 1656 584 1683 interitum
604 1664 714 1683 necesse
731 1660 781 1683 est.
822 1656 907 1683 Omne
923 1657 1006 1692 igitur

208 1692 307 1719 animal
318 1693 500 1720 confitendum
511 1698 621 1720 estesse
632 1693 752 1720 mortale.
793 1695 835 1720 33.
857 1694 1003 1725 Praeterea,

207 1730 231 1756 si
243 1729 309 1765 quid
320 1735 369 1761 est.
381 1730 454 1766 quod
467 1739 515 1757 nec
526 1731 690 1766 voluptatem
702 1731 808 1762 sentiat,
817 1739 865 1758 nec
875 1731 1004 1762 dolorem.

208 1766 236 1793 id
248 1767 346 1793 animal
358 1776 417 1794 esse
428 1777 481 1795 non
492 1773 591 1803 potest;
608 1769 650 1795 sin
661 1773 751 1795 autem
767 1768 841 1803 quod
848 1768 1004 1800 animalest,

207 1803 236 1830 id
248 1804 293 1830 illa
304 1813 413 1832 necesse
423 1810 464 1832 est
474 1806 586 1833 sentiat:
601 1810 627 1833 et
636 1805 709 1841 quod
720 1814 750 1832 ea
760 1806 871 1836 sentiat,
889 1814 942 1832 non
957 1814 1006 1841 po-

208 1846 259 1868 test
269 1850 327 1868 esse
338 1847 490 1870 aeternum:
504 1848 530 1870 et
540 1842 825 1870 omneanimalsentit:
839 1842 1006 1878 nullumigi-

208 1883 251 1905 tur
271 1879 370 1906 animal
390 1884 431 1907 est
450 1885 599 1907 aeternum.
639 1881 776 1907 Praeterea
798 1879 904 1906 nullum
920 1885 1006 1915 potest

207 1923 267 1942 esse
282 1916 381 1944 animal
392 1937 398 1948 ,
419 1918 448 1944 in
464 1926 519 1953 quo
534 1926 587 1944 non
602 1922 628 1945 et
641 1917 769 1953 appetitio
780 1918 816 1944 sit
826 1922 853 1944 et
862 1916 1005 1944 declinatio

207 1953 348 1981 naturalis.
387 1955 558 1990 Appetuntur
568 1960 657 1982 autem
665 1975 671 1986 .
684 1963 753 1990 quae
764 1954 915 1981 secundum
927 1960 1005 1982 natu-

207 1998 264 2016 ram
276 1996 352 2023 sunt,
365 1991 536 2019 declinantur
545 1993 690 2019 contraria:
707 1997 733 2019 et
747 2000 826 2018 omne
841 1992 941 2018 animal
957 2001 1006 2027 ap-

206 2028 275 2062 petit
293 2029 427 2064 quaedam
447 2034 473 2057 et
491 2029 562 2065 sugit
576 2038 591 2056 a
605 2029 782 2064 quibusdam.
822 2029 900 2062 Quod
915 2035 1004 2057 autem

207 2064 320 2101 refugit,
338 2066 366 2092 id
380 2070 471 2093 contra
485 2071 607 2093 naturam
618 2071 672 2098 est.
687 2071 712 2094 et
722 2066 795 2102 quod
806 2072 847 2093 est
856 2072 946 2094 contra
957 2076 1006 2094 na-

207 2106 308 2134 turam.
326 2103 354 2130 id
370 2103 451 2131 habet
461 2104 518 2130 vim
529 2103 716 2130 interimendi:
739 2113 819 2130 omne
830 2112 894 2140 ergo
905 2104 1004 2131 animal

207 2139 320 2166 intereat
331 2149 440 2167 necesse
451 2145 502 2167 est.
535 2142 576 2168 34.
589 2141 800 2168 Innumerabilia
811 2147 884 2173 sunt,
897 2150 932 2168 ex
942 2143 1006 2177 qui-

206 2175 259 2203 bus
270 2177 341 2204 effici
352 2179 467 2213 cogique
478 2179 575 2213 possit,
589 2178 657 2205 nihil
668 2187 736 2209 esse.
749 2178 823 2214 quod
834 2187 945 2206 sensum
957 2179 1006 2206 ha-

207 2213 276 2245 beat.
285 2215 352 2249 quin
363 2215 391 2241 id
403 2215 528 2242 intereat:
541 2217 639 2242 etenim
652 2224 760 2243 necesse
771 2221 812 2243 est
822 2224 851 2243 ea
860 2217 927 2251 ipsa.
935 2225 1004 2251 quae

207 2252 369 2283 sentiuntur,
381 2257 411 2278 ut
422 2251 517 2288 friguS,
529 2258 559 2279 ut
568 2253 648 2285 calor.
661 2258 690 2280 ut
701 2253 834 2288 voluptas,
843 2259 873 2280 ut
883 2253 967 2285 dolor,
976 2259 1005 2280 ut

207 2293 306 2319 cetera.
319 2298 405 2324 quum
417 2289 578 2324 amplificata
589 2291 656 2321 sint.
673 2291 840 2317 interimant:
857 2299 905 2317 nec
916 2290 1004 2318 ullum

207 2325 306 2352 animal
317 2331 358 2353 est
368 2327 426 2353 sine
437 2335 533 2354 sensu:
547 2327 653 2354 nullum
665 2328 748 2363 igitur
758 2327 858 2354 animal
869 2333 910 2355 est
920 2333 1006 2355 aeter-

208 2369 283 2389 num.
323 2363 395 2390 XIV.
416 2364 523 2391 Etenim
538 2370 584 2392 aut
594 2365 713 2400 simplex
723 2370 764 2391 est
776 2370 869 2392 natura
881 2367 1005 2392 animan-

209 2398 255 2428 tis,
269 2404 298 2426 ut
309 2400 350 2426 vel
362 2406 466 2428 terrena
476 2402 525 2433 sit.
543 2402 585 2429 vel
597 2403 689 2438 ignea.
706 2402 748 2428 vel
761 2402 941 2432 animalis,vel
952 2403 1005 2429 hu-

209 2435 293 2467 mida;
313 2438 385 2472 quod
396 2438 476 2473 quale
486 2439 534 2470 sit.
548 2448 581 2466 ne
593 2439 709 2475 intelligi
719 2439 832 2474 quidem
843 2445 942 2474 potest:
959 2445 1005 2467 aut

209 2478 328 2499 concreta
339 2480 422 2502 estex
432 2475 559 2510 pluribus
570 2477 673 2503 naturis
681 2497 687 2508 ‚
700 2485 816 2511 quarum
827 2486 908 2504 suum
919 2486 1005 2512 quae-

209 2515 262 2542 que
277 2508 363 2536 locum
375 2511 483 2544 haheat,
501 2522 555 2549 quo
567 2519 676 2541 naturae
688 2514 715 2540 vi
726 2513 859 2540 feratur*:
876 2514 928 2541 alia
942 2514 1005 2541 infi-

210 2551 299 2575 mum,
316 2546 366 2573 alia
381 2557 533 2581 summum.
550 2551 602 2578 alia
616 2551 748 2578 medium.
788 2551 859 2578 Haec
872 2551 906 2578 ad
916 2551 1005 2587 quod-

210 2580 271 2607 dam
283 2587 387 2618 tempus
397 2586 537 2614 cohaerere
552 2593 679 2623 possunt,
701 2596 810 2623 semper
824 2593 913 2615 autem
929 2589 1005 2616 nullo

210 2617 289 2645 modo
299 2626 423 2654 possunt:
436 2631 545 2652 necesse
555 2630 596 2653 est
606 2627 689 2658 enim.
697 2634 779 2653 suum
789 2634 914 2662 quaeque
925 2626 953 2653 in
965 2626 1005 2654 lo-

998 89 1273 115 CICERONIS

1404 160 1512 187 Nullum
1527 162 1608 195 igitur
1619 163 1717 188 animal
1731 168 1770 189 est
1780 172 1850 190 »em-

1057 202 1202 231 piu-tuum.

1113 235 1153 259 353.
1167 233 1219 259 Sed
1231 234 1320 260 omnia
1333 234 1521 263 vestrim-albe.
1536 236 1622 262 solent
1633 236 1665 262 ad
1678 238 1783 269 igneam
1797 239 1851 264 vim

1058 270 1164 300 referre.
1174 271 1344 301 lleraclitum.
1355 272 1490 306 utopinor.
1500 279 1654 307 sequentes:
1668 268 1749 309 qui-in
1764 276 1852 309 ipsum

1058 317 1109 334 non
1125 316 1219 334 omnes
1235 309 1444 343 interpretantur
1460 318 1512 335 uno
1531 311 1621 341 niodo.
1644 313 1691 346 qui
1713 313 1850 346 quoniam.

1057 345 1122 379 quid
1135 345 1249 375 diceret.
1268 345 1382 381 intelligi
1398 345 1495 375 noluit.
1512 348 1681 374 omittamus:
1706 359 1752 374 vo»
1764 354 1853 376 autem

1034 383 1035 388 ¹
1059 383 1092 408 ita
1104 382 1204 412 dicitis.
1216 391 1322 408 omnem
1337 383 1390 408 vim
1402 392 1461 409 esse
1474 384 1563 419 ignem
1572 405 1577 414 ,
1595 386 1683 420 itaque
1694 392 1719 412 et
1731 388 1854 413 animan-

1034 439 1036 443 .
1059 425 1106 449 tes.
1119 428 1205 454 quum
1216 419 1288 445 calor
1298 419 1434 449 defecerit.
1448 426 1504 447 tum
1518 422 1634 452 interire.
1647 429 1672 449 et
1684 424 1709 449 in
1721 426 1793 449 omni
1807 433 1854 450 na-

1059 461 1115 482 tura
1129 465 1216 482 rerum
1230 457 1255 482 id
1269 457 1368 488 vivere.
1386 457 1412 484 id
1426 459 1525 492 vigere,
1541 459 1613 493 quod
1624 460 1717 486 caleat.
1739 461 1794 496 Ego
1805 470 1853 486 au-

1059 499 1110 519 tem
1124 503 1174 520 non
1188 494 1317 529 intelligo.
1329 503 1383 529 quo
1395 496 1482 525 modo.
1497 495 1583 522 calore
1595 498 1852 532 exstincw.c0rp‹1ra

1060 532 1202 559 intereant,
1227 540 1277 557 non
1296 533 1438 562 intereant.
1455 533 1566 559 humore
1578 539 1623 560 aut
1634 535 1730 569 spiritu
1743 536 1851 566 amiam.

1059 569 1214 603 praesertim
1231 577 1316 603 quum
1335 570 1464 596 intereant
1479 571 1558 596 etiam
1575 573 1659 598 nimio
1673 572 1769 598 calore.
1810 575 1851 598 36.

1057 605 1236 638 Quamobrem
1254 606 1280 632 id
1297 606 1408 641 quidem
1424 616 1566 634 commune
1581 614 1621 635 est
1637 609 1670 635 de
1685 610 1785 637 calido:
1808 618 1854 635 ve-

1058 648 1208 669 rumtamen
1221 643 1362 669 videamus
1374 646 1487 671 exitum.
1514 646 1549 671 lta
1562 646 1653 675 vultis,
1666 648 1770 681 opinor.
1784 646 1853 673 nihil

1057 689 1116 706 esse
1128 680 1226 706 animal
1238 686 1263 706 et
1275 682 1409 707 sentiens·
1424 683 1449 708 in
1462 687 1554 709 natura
1566 688 1645 718 atque
1658 684 1767 714 mundo.
1777 693 1854 719 prae-

1058 723 1096 744 ter
1108 719 1208 753 ignem.
1249 718 1301 750 Qui
1315 720 1410 754 magis,
1424 728 1505 754 quam
1518 726 1621 755 praeter
1631 723 1763 751 animam.
1782 721 1854 748 undo

1057 756 1235 781 animantium
1247 764 1355 790 quoquc
1366 762 1468 783 constet
1479 759 1599 788 animus,
1617 767 1650 785 ex
1665 768 1719 793 quo
1730 758 1829 785 animal
1842 759 1852 770 ’

1057 792 1174 819 dicitur?
1194 792 1252 824 Quo
1265 793 1342 819 modo
1353 799 1442 820 autem
1455 795 1512 825 hoc.
1526 797 1604 830 quasi
1615 796 1790 827 concedatur.
1806 804 1854 822 su-

1058 831 1145 860 mitis,
1169 830 1236 856 nihil
1252 839 1311 856 esse
1327 832 1461 862 animum.
1485 833 1537 859 nisi
1558 834 1666 869 ignem?
1686 833 1854 868 probabilius

1057 868 1129 894 enim
1146 867 1265 897 videtur.
1284 868 1334 893 tale
1350 869 1480 903 quiddam
1497 878 1556 897 esse
1571 872 1706 901 animum,
1727 876 1756 897 ut
1771 872 1805 897 sit
1820 879 1854 897 ex

1058 905 1114 940 igni
1126 909 1205 939 atque
1216 905 1304 931 anima
1317 910 1503 940 temperatum.
1543 908 1619 940 Quod
1632 910 1654 934 si
1668 909 1738 943 ignis
1750 917 1783 935 ex
1794 916 1854 934 sese

1058 943 1116 976 ipse
1127 942 1226 968 animal
1238 947 1291 971 est.
1306 942 1378 969 nulla
1389 952 1417 969 se
1431 944 1481 970 alia
1494 945 1657 972 admiscente
1671 951 1772 975 natura.
1785 954 1855 980 quo-

1059 980 1130 1006 niam
1144 980 1179 1010 is,
1195 988 1280 1015 quum
1294 981 1363 1006 inest
1375 982 1400 1007 in
1412 983 1571 1017 corporibus
1583 984 1694 1013 nostris.
1712 983 1806 1012 efficit.
1826 987 1855 1009 ut

1058 1017 1219 1043 sentiamus:
1239 1026 1289 1043 non
1306 1023 1391 1052 potest
1407 1020 1464 1053 ipse
1478 1029 1537 1046 esse
1548 1021 1606 1047 sine
1617 1029 1710 1046 sensu.
1753 1021 1854 1046 Rursus

1058 1055 1151 1081 eadem
1163 1054 1217 1080 dici
1230 1060 1353 1090 possunt.
1393 1056 1532 1092 Quidquid
1545 1064 1584 1084 est
1599 1059 1686 1087 enim,
1707 1058 1779 1092 quod
1792 1066 1854 1083 sen-

1058 1101 1118 1118 sum
1131 1092 1235 1122 habeat,
1245 1092 1272 1118 id
1285 1101 1394 1119 necesse
1405 1099 1445 1119 cst
1457 1096 1583 1121 sentiatet
1595 1096 1758 1130 voluptatem
1770 1100 1795 1122 et
1805 1094 1855 1120 do-

1059 1129 1154 1161 lorem;
1169 1129 1203 1155 ad
1214 1137 1295 1164 quem
1307 1135 1396 1156 autem
1403 1131 1478 1158 dolor
1487 1133 1582 1161 veniat.
1592 1133 1624 1158 ad
1636 1132 1761 1159 eumdem
1773 1134 1853 1159 etiam

1060 1168 1197 1193 interitum
1210 1168 1311 1193 venire.
1343 1168 1378 1194 lta
1391 1168 1427 1198 lit.
1443 1174 1514 1196 utne
1526 1171 1616 1205 ignem
1628 1170 1739 1205 quidem
1749 1169 1855 1196 efficere

1058 1205 1168 1240 possitis
1179 1209 1327 1231 aeternum.
1359 1207 1400 1232 37.
1416 1206 1487 1238 Quid
1499 1207 1590 1233 cnim‘!
1599 1216 1650 1234 non
1662 1207 1764 1233 eisdem
1777 1206 1855 1233 vobis

1058 1241 1144 1277 placet
1159 1250 1266 1268 omnem
1283 1243 1373 1278 ignem
1390 1249 1482 1278 pastus
1498 1245 1619 1280 indigere
1635 1253 1683 1271 nec
1699 1251 1855 1279 permanere

1059 1279 1113 1306 ullo
1126 1279 1204 1306 modo
1214 1288 1302 1314 posse.
1317 1281 1369 1307 nisi
1381 1281 1479 1313 alatur.
1496 1282 1530 1308 ali
1543 1288 1631 1309 autem
1643 1282 1736 1311 solem.
1751 1282 1852 1312 lunam.

1058 1317 1161 1352 reliqua
1173 1322 1242 1344 astra
1254 1319 1346 1352 aquis.
1362 1318 1413 1344 alia
1425 1318 1562 1349 dulcibus.
1576 1319 1627 1346 alia
1640 1319 1769 1346 marinis?
1781 1328 1855 1346 eam-

1058 1363 1110 1390 que
1122 1363 1246 1381 caussam
1260 1355 1402 1382 Cleantlies
1413 1356 1501 1387 affert.
1519 1366 1568 1383 cur
1582 1366 1610 1383 se
1626 1357 1665 1384 sol
1678 1357 1787 1387 reserat.
1806 1365 1855 1383 nec

1059 1392 1166 1428 longius
1178 1392 1365 1428 progrediatur
1375 1394 1509 1421 solstitiali
1520 1395 1598 1425 orbe.
1615 1395 1733 1430 itemque
1745 1394 1855 1421 bruma-

1059 1429 1090 1459 li,
1110 1438 1142 1456 ne
1159 1429 1266 1465 longius
1281 1430 1402 1457 discedat
1416 1440 1430 1457 a
1445 1432 1516 1458 cibo.
1556 1432 1610 1459 Hoc
1624 1436 1707 1458 totum
1719 1431 1798 1466 quale
1809 1433 1853 1463 sit,

1058 1476 1130 1493 mox.
1171 1467 1249 1494 Nunc
1264 1473 1353 1494 autem
1369 1469 1545 1496 concludatur
1558 1469 1640 1500 illud,
1658 1469 1730 1504 quod
1747 1469 1855 1495 interire

1057 1505 1151 1539 possit,
1164 1504 1191 1530 id
1203 1510 1340 1531 aeternum
1353 1514 1404 1532 non
1416 1514 1475 1532 esse
1487 1512 1594 1533 natura:
1611 1508 1701 1542 ignem
1712 1511 1801 1533 autem
1813 1507 1856 1533 in-

1057 1542 1199 1568 teriturum
1220 1550 1292 1573 esse.
1316 1543 1368 1569 nisi
1389 1543 1488 1577 alatur;
1511 1553 1564 1571 non
1584 1553 1642 1571 esse
1665 1545 1747 1580 igitur
1761 1548 1854 1570 natura

1057 1579 1148 1615 ignem
1160 1580 1366 1614 sempiternum.

1113 1616 1170 1643 XV.
1191 1618 1233 1643 38.
1252 1617 1366 1649 Qualem
1377 1623 1467 1644 autem
1477 1617 1559 1645 deum
1571 1618 1722 1654 intelligere
1733 1626 1781 1644 nos
1792 1626 1856 1652 pos-

1057 1662 1153 1680 sumus
1165 1653 1239 1680 nulla
1251 1655 1348 1682 virtute
1359 1655 1530 1690 praeditum?
1549 1655 1620 1688 Quid
1631 1655 1722 1682 enim?
1736 1655 1856 1681 Pruden-

1058 1691 1157 1717 tiamne
1168 1691 1218 1718 deo
1229 1692 1391 1723 tribuemus.
1404 1701 1473 1727 quae
1484 1698 1587 1720 constat
1597 1701 1631 1719 ex
1641 1693 1753 1719 scientia
1765 1700 1855 1718 rerum

1058 1728 1189 1755 bonarum
1200 1733 1226 1755 et
1240 1729 1385 1760 malarum.
1402 1735 1428 1756 et
1440 1739 1489 1756 nec
1503 1730 1633 1757 bonarum
1645 1738 1694 1756 nec
1707 1728 1857 1756 malarum?

1057 1766 1108 1792 Cui
1119 1765 1183 1792 mali
1195 1766 1263 1793 nihil
1275 1771 1374 1793 estnec
1385 1775 1444 1793 esse
1456 1772 1555 1802 potest.
1573 1767 1641 1802 quid
1657 1767 1720 1793 huic
1735 1775 1805 1802 opus
1815 1771 1856 1793 est

1057 1803 1163 1830 delectu
1178 1803 1311 1830 bonorum
1326 1810 1352 1831 et
1370 1804 1520 1831 malorum?
1538 1804 1606 1840 quid
1626 1809 1715 1831 autem
1736 1803 1856 1831 ratione?

1057 1841 1124 1876 quid
1145 1840 1342 1877 intelligentia?
1361 1842 1464 1877 quibus
1479 1843 1582 1869 utimur
1602 1841 1635 1869 ad
1655 1850 1713 1868 eam
1734 1850 1804 1872 rem,
1827 1846 1856 1868 ut

1057 1879 1156 1913 apertis
1172 1878 1286 1906 obscura
1305 1887 1497 1914 assequamur:
1519 1885 1545 1906 at
1559 1879 1705 1906 obscurum
1721 1878 1771 1906 deo
1785 1878 1856 1905 nihil

1057 1921 1144 1951 potest
1154 1924 1224 1942 esse.
1264 1917 1331 1943 Nam
1344 1917 1460 1947 iustitia,
1477 1925 1546 1952 quae
1561 1925 1642 1943 suum
1653 1917 1753 1951 cuique
1762 1915 1856 1942 distri-

1057 1954 1129 1985 buit,
1147 1953 1214 1988 quid
1230 1955 1345 1989 pertinet
1359 1953 1393 1980 ad
1406 1953 1490 1980 deos‘?
1503 1954 1647 1981 Hominum
1658 1954 1731 1980 enim
1741 1954 1855 1980 societas

1057 1996 1083 2018 et
1097 1992 1292 2022 communitas,
1314 1996 1343 2018 ut
1358 2000 1406 2018 vos
1421 1991 1526 2022 dicitis.
1546 1992 1677 2018 iustitiam
1693 1990 1854 2026 procreavit.

1057 2029 1244 2063 Temperantia
1258 2033 1347 2055 autem
1361 2033 1465 2056 constat
1477 2037 1511 2056 ex
1522 2028 1766 2064 praetermittendis
1777 2026 1856 2054 volu-

1057 2066 1177 2101 ptatibus
1193 2066 1326 2101 corporis.
1342 2066 1387 2093 cui
1402 2067 1426 2093 si
1442 2065 1517 2093 locus
1528 2067 1555 2093 in
1566 2066 1640 2093 caelo
1650 2070 1703 2096 est,
1720 2070 1761 2092 est
1774 2065 1855 2091 etiam

1058 2103 1252 2138 voluptatibus.
1293 2104 1361 2130 Nam
1375 2103 1451 2130 fortis
1464 2103 1532 2130 deus
1544 2103 1660 2139 intelligi
1670 2105 1718 2138 qui
1729 2106 1816 2137 potest
1827 2110 1854 2128 in

1056 2140 1156 2172 dolore,
1172 2149 1205 2167 an
1217 2141 1245 2167 in
1257 2140 1356 2167 labore.
1364 2149 1398 2167 an
1410 2141 1437 2167 in
1448 2140 1578 2176 periculo.
1591 2149 1709 2176 quorum
1719 2139 1802 2166 deum
1811 2139 1856 2165 ni-

1058 2177 1095 2204 hil
1107 2177 1232 2214 attingit?
1263 2179 1305 2204 39.
1323 2179 1377 2205 Nec
1393 2179 1494 2205 ratione
1509 2179 1594 2214 igitur
1607 2182 1727 2204 utentem
1738 2184 1787 2203 nec
1798 2176 1855 2202 vir-

1057 2220 1112 2242 tute
1127 2214 1182 2242 ulla
1198 2215 1351 2250 praeditum
1365 2215 1448 2242 deum
1463 2215 1613 2251 intelligere
1627 2217 1676 2250 qui
1690 2211 1855 2249 possumus?

1056 2253 1110 2279 Nec
1122 2260 1184 2279 vero
1196 2252 1272 2288 vulgi
1283 2258 1363 2288 atque
1374 2253 1560 2288 imperitorum
1575 2250 1854 2285 inscitiamdespicere

1056 2298 1177 2324 possum,
1190 2298 1277 2324 quum
1287 2298 1318 2316 ea
1329 2290 1483 2321 considero,
1495 2298 1566 2325 quae
1576 2289 1704 2316 dicuntur
1714 2296 1730 2314 a
1739 2287 1852 2314 Stoicis:

1055 2332 1120 2354 sunt
1129 2328 1202 2354 enim
1213 2327 1259 2353 illa
1271 2328 1472 2362 imperitorum:
1489 2328 1593 2362 piscem
1603 2326 1664 2361 Syri
1676 2329 1850 2356 venerantur-3

1055 2373 1134 2391 omne
1151 2364 1205 2391 fere
1219 2373 1306 2400 genus
1322 2365 1470 2391 bestiarum
1480 2365 1607 2400 Aegyptii
1617 2366 1851 2389 consecraverunt.

1056 2403 1111 2428 Iam
1122 2411 1185 2429 vero
1197 2402 1224 2428 in
1231 2402 1343 2429 Graecia
1355 2402 1454 2429 multos
1465 2399 1766 2428 habentexhominibus
1772 2398 1850 2431 deos;

1055 2439 1226 2466 Alabandum
1241 2439 1388 2466 Alabandi:
1405 2439 1518 2466 Tenedii
1531 2438 1644 2465 Tenem:
1662 2435 1851 2466 Leucotheam,

1055 2485 1124 2511 quae
1137 2476 1188 2503 fuit
1198 2477 1253 2508 Ino,
1266 2481 1292 2503 et
1302 2477 1361 2503 eius
1372 2476 1559 2503 Palaemonem
1570 2474 1657 2501 filium
1667 2478 1763 2500 cuncta
1769 2473 1853 2500 Grae-

1055 2515 1095 2540 cia
1104 2534 1110 2544 .
1125 2514 1276 2545 Herculem,
1288 2513 1495 2548 Aesculapium,
1508 2511 1689 2548 Tyndaridas:
1706 2509 1853 2552 Romulum

1055 2552 1139 2577 nostri
1150 2551 1272 2586 aliosque
1283 2551 1450 2586 complures,
1465 2558 1535 2585 quos
1547 2549 1627 2584 quasi
1637 2556 1721 2575 novos
1731 2552 1758 2574 et
1767 2555 1854 2574 ascri—

1055 2589 1147 2622 ptitios
1158 2589 1232 2615 cives
1245 2590 1274 2616 in
1284 2588 1390 2615 caelum
1400 2592 1520 2622 receptos
1530 2590 1634 2621 putant.
1649 2585 1720 2612 XVI.
1729 2586 1770 2612 40.
1781 2585 1853 2611 Haec

1055 2625 1139 2661 igitur
1156 2625 1268 2653 indocti.
1307 2625 1380 2658 Quid
1400 2633 1448 2652 vos
1466 2622 1641 2659 philosophi?
1659 2624 1709 2659 qul
1723 2620 1852 2649 meliora?
