1941 3052
265 126 296 148 ³2
845 123 869 148 7.
905 122 939 148 M.
975 122 1004 147 Τ.
1039 122 1315 149 Cttlssttorx'ts

263 194 429 221 ornatissima
448 199 527 228 atque
545 194 653 227 optima.
673 199 828 228 occupem-i
842 199 886 219 aut
902 193 1012 222 Ennius.
1029 194 1052 219 ni
1074 197 1077 220 i
1106 198 1172 223 sent,
1189 198 1217 219 tu
1234 193 1309 219 valde
1323 196 1458 228 spectandi
1472 194 1588 229 cupidus
1601 204 1684 225 esses.
1697 205 1748 223 non
1759 195 1896 224 dubium

263 233 295 259 ad
314 232 372 258 eius
392 241 484 258 versun
503 240 544 257 me
562 240 720 260 exercerem.
737 236 781 256 aut
796 231 941 259 Gracc-lius.
958 231 979 256 si
995 231 1054 256 eius
1106 239 1196 264 rogare
1219 230 1367 260 dominum,
1394 236 1422 257 ut
1444 231 1553 266 proferri
1572 232 1683 263 iuberet.
1705 235 1858 267 pracsertim
1872 235 1895 262 si

263 271 406 296 orationem
431 269 495 295 milii
519 269 583 294 forte
607 269 818 302 proposuissem:
848 268 891 297 ita.
916 268 938 293 si
958 267 1053 293 iisdem
1105 271 1174 293 esset
1189 267 1337 294 familiaris.
1359 267 1488 295 Similiter
1502 278 1572 295 nunc
1586 275 1660 304 petes
1673 279 1687 296 a
1701 270 1805 300 Crasso.
1821 277 1850 298 ut
1863 271 1896 298 it-

265 307 352 333 verlnis
372 312 466 336 uterer,
488 306 552 332 nihil
570 306 707 340 prodes-em
733 306 755 330 si
770 305 838 335 aliis,
854 305 931 330 etiam
947 305 1050 334 obesse,
1107 304 1157 330 lam
1176 305 1279 339 copiam
1298 310 1512 332 ornamentorum
1530 315 1651 338 suorum,
1674 316 1755 343 quam
1774 314 1897 335 constru-

263 354 346 379 quum
371 345 459 370 'uinus
474 343 575 369 idoneis
591 343 627 368 uti
642 350 853 368 consuescerem.
890 343 945 368 155.
963 342 1053 367 Postea
1105 346 1173 367 ctam
1189 350 1241 368 uuo
1255 342 1282 368 in
1298 341 1354 368 loco
1367 343 1444 377 quani
1459 352 1505 377 per
1520 348 1686 371 transennam
1698 350 1896 379 praetereunte·

264 382 328 408 mihi
346 381 452 416 placuit,
468 389 551 414 eoque
565 389 625 405 sum
641 388 706 404 usus
720 379 882 409 adolescens,
896 384 924 405 ut
934 388 1054 404 summo-
1080 356 1083 442 1
1105 379 1217 405 strictim
1236 380 1401 414 aspeximus,
1422 380 1449 406 in
1469 379 1555 406 lucem
1574 381 1687 415 proferat
1706 387 1731 408 et
1748 391 1799 409 suo
1816 382 1897 418 quid-

263 428 322 445 rum
337 423 468 445 oratorum
485 418 597 443 Graecas
611 417 740 442 orationes
755 416 926 451 explicarem.
948 416 1053 447 Quibus
1105 424 1157 450 que
1171 416 1197 442 in
1213 415 1270 443 loco
1283 416 1401 443 collocet.
1424 418 1481 443 tea.
1496 417 1552 453 Ego
1567 427 1637 450 vero.
1654 419 1740 454 inquit
1751 419 1834 451 Cotta.
1847 428 1860 446 a
1872 425 1897 447 tt·

264 456 338 482 lectis
362 456 410 481 lion
432 454 601 488 assequcbar.
628 458 664 482 ut.
690 462 775 488 quum
799 453 1051 488 ea,quaelegere1n
1074 445 1083 490 'i
1106 458 1174 487 peto.
1194 452 1332 480 Scaevola:
1361 454 1413 488 (me
1431 455 1502 481 enim
1520 459 1546 481 et
1560 454 1631 482 hunc
1645 455 1796 492 Sulpicium
1811 457 1897 493 impe-

263 494 370 523 Graeco.
392 493 482 518 Latine
500 490 646 520 redderem.
668 500 718 517 non
739 490 826 517 solum
841 491 950 525 optimis
965 491 1053 516 verbis
1104 490 1143 517 dit
1158 490 1252 525 pudor.
1268 491 1302 518 ab
1316 491 1423 518 homine
1436 492 1558 518 omnium
1571 494 1740 528 gravissimo,
1753 494 1799 529 qui
1829 502 1897 522 enus

263 535 350 557 uterer
363 535 387 555 et
403 535 488 555 tamen
504 527 672 558 usitatis,sed
686 528 765 555 etiam
779 529 957 563 exprimerem
971 537 1053 562 quae-
1105 527 1260 555 huiusmodi
1278 527 1469 563 disputationis
1487 538 1593 564 semper
1605 532 1803 566 contempserit.
1839 540 1894 563 aec.

263 568 321 594 dam
339 567 415 592 verba
433 566 568 596 imitando,
584 574 653 600 quae
668 574 734 592 nova
750 566 846 592 nostris
860 570 958 596 essent.
974 565 1053 591 dum-
1104 573 1172 600 quae
1191 566 1234 592 isti
1254 565 1362 592 forsitan
1381 575 1525 601 puerorum
1540 566 1670 594 elementa
1686 568 1834 600 videantur,
1849 577 1897 596 ex-

263 604 340 631 modo
354 608 442 629 essent
456 603 558 629 idonea.
584 604 641 629 156.
657 603 710 629 lam
727 603 798 629 vocis
812 608 836 629 et
850 604 961 637 spiritus
975 607 1000 628 ct
1015 607 1053 628 to-
1104 603 1236 638 quirem)
1261 602 1308 629 sed
1328 608 1356 629 tu
1375 603 1424 630 hoc
1443 604 1519 630 nobis
1537 603 1580 635 da,
1600 604 1735 636 Scaevola,
1751 610 1776 632 et
1789 605 1894 641 perfice.

263 643 314 668 tius
337 641 454 675 corporis
477 645 502 667 et
520 641 606 675 ipsius
625 640 731 675 linguae
746 645 834 666 motus
849 645 873 666 et
887 640 1053 667 exercitatio·
1105 644 1134 666 ut
1147 640 1260 666 Crassus
1274 640 1347 671 haec,
1363 650 1431 676 quae
1445 643 1587 668 coarctavit
1600 647 1625 669 et
1640 648 1801 678 peranguste
1814 642 1896 670 refer-

263 688 308 705 nes
324 688 374 705 non
389 683 441 704 tam
455 679 519 704 artis
533 678 662 713 indigent.
677 687 758 712 quam
775 677 885 704 laboris:
909 678 1011 713 quibus
1026 678 1051 703 in
1104 678 1138 703 sit
1152 678 1179 703 in
1193 678 1310 704 oratione
1323 686 1381 708 sua,
1397 678 1488 705 dilatet
1502 679 1579 705 nobis
1593 684 1672 714 atque
1685 680 1809 714 explicet.
1837 681 1893 708 161.

262 716 341 742 relius
364 715 483 742 habenda
507 720 547 741 est
569 716 633 741 ratio
656 714 806 751 diligenter,
823 724 892 750 quos
906 716 1050 745 imitemur.
1104 714 1160 750 Ego
1173 714 1334 746 mehercule.
1347 715 1434 750 inquit
1444 716 1557 747 Mucius,
1565 721 1640 743 antea
1653 723 1738 744 vestra
1749 718 1835 754 magis
1846 717 1895 745 boc

260 762 375 788 quorum
399 753 502 779 similes
525 752 640 779 velimus
658 762 726 778 esse.
757 753 880 779 Intuendi
899 753 976 779 nobis
990 756 1053 778 sunt
1103 760 1198 778 caussa
1213 751 1343 783 volebam,
1359 761 1440 787 quarn
1455 762 1522 779 mea.
1546 754 1637 788 Neque
1650 755 1721 781 enim
1733 759 1804 782 tanto
1815 762 1896 790 opere

261 799 312 817 non
331 790 418 817 solum
436 795 560 821 oratores,
580 790 720 816 sedetiam
735 795 844 820 actores.
861 799 893 816 ne
908 790 975 816 mala
989 799 1053 816 con·
1105 789 1173 816 banc
1194 797 1208 816 a
1231 789 1325 816 Crasso
1347 789 1554 824 disputationem
1577 791 1770 823 desiderabam.
1795 797 1896 828 quanto

260 828 402 854 suetudine
425 828 457 854 ad
481 827 597 862 aliquam
620 827 812 854 deformitatem
841 828 1052 862 pravitatemque
1103 835 1182 861 opere
1204 827 1263 853 eius
1284 827 1311 853 in
1329 828 1434 854 caussis
1451 829 1566 855 oratione
1583 828 1713 861 delect0r;
1732 838 1803 856 nunc
1821 837 1893 861 vero.

260 866 410 891 veniamus.
446 866 502 891 ⁴57.
526 864 678 892 Exercenda
700 870 740 891 est
758 866 837 891 etiam
857 865 981 891 memoria
996 864 1053 891 etli-
1105 863 1207 895 Crasse.
1227 872 1285 890 mea
1303 873 1412 899 quoque
1425 866 1504 892 etiam
1518 874 1612 892 caussa
1626 875 1697 902 rogo.
1714 871 1752 897 ut.
1767 867 1893 902 quoniam

260 903 366 929 seendis
384 902 415 929 ad
435 902 546 929 verbum
561 911 642 937 quam
657 902 782 937 plurimis
795 907 820 928 et
835 903 931 928 nostris
945 902 1052 937 scriptis
1104 906 1206 928 tantum
1230 901 1360 928 habemus
1382 902 1438 933 otii,
1462 908 1593 938 quantum
1617 903 1718 930 iamdiu
1742 904 1820 931 nobis
1842 912 1894 931 non

260 946 285 966 et
307 940 411 966 alienis.
445 940 530 974 Atque
553 940 580 966 in
598 948 627 965 ea
642 940 828 966 exercitatione
843 948 894 966 non
909 948 971 966 sane
986 939 1051 966 mihi
1103 939 1223 974 contigit,
1239 947 1272 965 ne
1285 940 1405 974 graveris
1418 939 1590 967 exaedificare
1604 940 1631 967 id
1644 950 1722 975 opus.
1730 941 1803 976 quod
1816 941 1895 969 insti-

260 977 384 1012 displicet
397 977 532 1008 adhibere,
549 977 570 1003 si
585 977 731 1008 consueris,
747 978 826 1003 ctiam
840 977 918 1003 istam
935 977 1051 1004 locorum
1103 976 1189 1003 tuisti.
1224 976 1346 1002 Formam
1359 977 1430 1003 enim
1445 977 1526 1003 totius
1549 978 1647 1014 negotii
1668 979 1794 1013 opinione
1811 979 1895 1006 maio-

260 1015 519 1049 simulacrorumque
541 1015 678 1045 rationem,
703 1023 772 1049 quae
798 1016 825 1041 in
848 1020 902 1041 arte
929 1014 1050 1041 traditur.
1103 1022 1158 1040 rem
1182 1013 1373 1048 melioremque
1394 1014 1484 1047 video;
1508 1023 1589 1050 quam
1608 1015 1779 1042 vehementer
1800 1016 1884 1051 probo

259 1052 402 1078 Educenda
421 1052 516 1078 deiude
530 1051 610 1078 dictio
624 1057 664 1078 est
681 1060 714 1079 ex
730 1052 778 1078 hac
791 1052 935 1079 domestica
950 1053 1053 1078 exerci-
1103 1050 1225 1078 xxxvl.
1244 1052 1300 1077 ⁴65.
1315 1051 1467 1082 Enimvero.
1483 1052 1572 1087 inquit
1586 1052 1708 1083 Crassus.
1725 1053 1815 1080 mirari
1828 1053 1894 1080 satis

260 1090 356 1115 tatione
370 1094 395 1115 et
409 1088 544 1116 umbratili
559 1089 678 1116 medium
694 1090 720 1115 in
735 1098 840 1125 agmen.
858 1090 885 1116 in
900 1089 1048 1124 pulverem,
1103 1097 1155 1115 non
1164 1096 1234 1123 queo
1243 1088 1323 1114 etiam
1334 1093 1359 1114 te
1370 1088 1442 1120 haec,
1455 1088 1590 1121 Scaevola,
1601 1089 1760 1121 desiderare.
1768 1099 1838 1126 quae
1847 1098 1894 1118 ne-

259 1127 285 1153 in
300 1127 451 1158 clamorem,
465 1127 491 1153 in
505 1131 589 1153 castra
603 1132 682 1162 atque
696 1128 722 1153 in
733 1128 815 1153 aciem
828 1127 972 1158 forensem;
986 1127 1052 1153 sub·
1101 1134 1154 1161 que
1168 1134 1217 1162 ego
1228 1130 1312 1156 teneo,
1328 1126 1367 1152 uti
1381 1126 1409 1157 ii,
1425 1127 1473 1161 qui
1484 1126 1592 1159 docent;
1613 1136 1700 1162 neque
1709 1133 1773 1154 sunt
1780 1128 1895 1164 eiusge-

259 1164 364 1190 eundus
383 1173 448 1190 usus
466 1165 588 1191 omnium
608 1169 634 1190 et
648 1164 835 1198 periclitandae
850 1165 920 1191 vires
935 1165 1048 1199 ingenii;
1103 1163 1182 1194 neris,
1192 1167 1229 1194 ut,
1237 1163 1260 1189 si
1271 1163 1370 1198 optime
1380 1164 1595 1200 tenerem,digna
1605 1169 1693 1191 essent
1703 1165 1753 1191 ista
1763 1166 1894 1200 sapientia

259 1206 283 1228 et
302 1201 347 1227 illa
365 1202 551 1228 commentatio
569 1201 672 1228 inclusa
686 1202 713 1228 in
729 1202 846 1228 veritatis
862 1201 948 1228 lucem
963 1201 1051 1236 profe—
1101 1209 1131 1227 ac
1141 1201 1195 1227 tuis
1205 1200 1326 1227 auribus.
1338 1200 1388 1227 Ain
1399 1200 1446 1227 tu‘?
1456 1202 1543 1236 inquit
1553 1201 1608 1228 ille.
1621 1201 1692 1229 Side
1702 1202 1762 1229 istis
1771 1211 1894 1230 commu-

259 1239 338 1265 renda
361 1244 410 1265 est.
447 1241 503 1265 158.
524 1239 640 1275 Legendi
658 1239 737 1265 etiam
751 1244 852 1274 poetae.
867 1239 1050 1275 cognoscenda
1102 1238 1182 1264 nibus
1196 1242 1222 1264 et
1235 1238 1386 1274 pervagatis
1401 1239 1447 1265 vix
1459 1238 1524 1265 huic
1536 1239 1614 1266 aetati
1625 1239 1788 1266 audiendum
1803 1245 1891 1275 putas.

259 1276 377 1307 historia,
400 1277 521 1303 omnium
541 1277 669 1302 bonarum
687 1277 784 1302 artium
798 1277 940 1311 scriptores
959 1285 989 1302 ac
1003 1276 1051 1303 do·
1100 1276 1215 1302 etiamne
1230 1275 1276 1302 illa
1291 1275 1425 1311 negligere
1440 1284 1594 1310 possumus,
1611 1285 1680 1312 quae
1695 1281 1725 1303 tu
1739 1277 1835 1304 oratori
1848 1285 1894 1305 oo-

257 1318 343 1340 ctores
363 1313 467 1349 legendi
486 1318 511 1340 et
526 1313 710 1348 pervolutandi
724 1318 749 1340 et
763 1314 958 1340 exercitationis
972 1322 1050 1340 caus-
1099 1312 1251 1349 gnoscenda
1265 1321 1324 1339 esse
1337 1312 1480 1344 dixisti,de
1491 1314 1593 1340 naturis
1607 1313 1757 1345 hominum.
1768 1313 1802 1341 de
1811 1315 1894 1342 mori-

257 1360 285 1377 sa
312 1351 445 1382 laudandi,
469 1351 668 1385 interpretandi.
688 1351 846 1386 corrigendi,
869 1351 1046 1386 vituperandi,
1100 1349 1202 1381 buS.de
1212 1350 1360 1376 rationibus
1370 1350 1523 1385 iis,quibus
1533 1350 1673 1377 hominum
1684 1356 1818 1378 menteset
1826 1352 1894 1379 inei-

258 1388 409 1421 resellendi3
430 1388 677 1423 disputandumque
690 1388 723 1415 de
736 1389 809 1415 omni
823 1397 850 1415 re
863 1389 892 1414 in
906 1389 1048 1415 contrarias
1101 1392 1218 1414 tarentur
1231 1391 1256 1414 et
1270 1388 1486 1422 reprimerentur=
1498 1388 1532 1414 de
1545 1388 1664 1420 historia,
1676 1388 1710 1415 de
1723 1389 1889 1424 antiquitate,

258 1431 345 1460 partes
359 1430 392 1457 et,
408 1426 542 1461 quidquid
555 1426 604 1452 erit
617 1426 645 1452 in
658 1434 766 1461 quaque
780 1434 816 1456 re,
824 1426 897 1461 quod
912 1425 1048 1460 probabile
1099 1425 1132 1451 de
1154 1424 1382 1451 administratione
1404 1425 1580 1460 reipublicae,
1607 1425 1724 1461 denique
1745 1425 1778 1453 de
1804 1431 1894 1454 nostro

259 1463 341 1489 videri
357 1464 449 1497 possit.
466 1463 626 1490 eliciendum
641 1467 720 1498 atque
734 1463 888 1490 dicendum.
913 1465 970 1490 ⁴59.
986 1463 1049 1489 Per·
1098 1463 1159 1497 ipso
1176 1462 1234 1489 iure
1247 1461 1340 1488 civili?
1362 1462 1435 1489 lianc
1448 1463 1519 1489 enim
1533 1471 1582 1498 ego
1594 1471 1701 1490 omnem
1715 1464 1854 1490 scientiam
1867 1468 1894 1491 et

256 1500 414 1527 discendum
429 1501 472 1527 ius
485 1500 575 1532 civile,
589 1500 787 1536 cognoscendae
801 1500 882 1536 leges,
899 1501 1048 1535 percipien-
1098 1500 1202 1534 copiam
1220 1507 1310 1526 rerum
1329 1499 1357 1526 in
1374 1504 1419 1526 tua
1436 1500 1578 1535 prudentia
1594 1501 1713 1527 sciebam
1735 1501 1836 1533 inoese;
1865 1502 1891 1528 ir.

256 1538 287 1563 da
301 1538 390 1564 omnis
403 1538 556 1573 antiquitas,
572 1538 702 1564 senatoria
715 1538 889 1569 consuetudo,
905 1537 1048 1572 disciplina
1097 1537 1208 1564 oratoris
1223 1545 1284 1563 vero
1302 1537 1480 1564 instrumento
1497 1542 1551 1564 tam
1565 1537 1663 1564 lautam
1677 1537 1891 1573 suppellectilem

256 1575 428 1610 reipublicae,
443 1576 500 1602 iura
514 1576 656 1605 sociorum,
672 1575 784 1606 foedera,
802 1576 945 1610 pactiones,
953 1583 1047 1601 caussa
1098 1582 1247 1609 numquam
1261 1573 1390 1600 videram.

255 1613 361 1647 imperii
375 1612 556 1648 cognoscenda
569 1617 622 1644 est;
641 1612 765 1639 libandus
775 1614 854 1639 etiam
869 1621 902 1639 ex
914 1613 987 1639 omni
1001 1621 1048 1648 ge-
1156 1613 1214 1638 166.
1229 1611 1305 1638 Potes
1318 1611 1410 1647 igitur.
1425 1611 1514 1647 inquit
1527 1611 1649 1643 Crassus,
1659 1611 1760 1647 (utalia
1770 1612 1890 1640 omittam

256 1658 317 1676 nere
335 1650 493 1676 urbanitatis
512 1649 665 1676 facetiarum
683 1649 794 1685 quidam
813 1649 896 1684 lepos,
911 1658 966 1684 quo
980 1654 1048 1676 tam-
1074 1659 1077 1672 ι
1098 1648 1304 1675 innumerabilia
1317 1654 1343 1675 et
1356 1649 1496 1680 immensa,
1515 1653 1543 1676 et
1554 1648 1588 1676 ad
1601 1650 1692 1684 ipsum
1707 1654 1784 1676 tuum
1797 1649 1841 1677 ius
1853 1651 1892 1677 ci-

255 1696 336 1722 quam
359 1687 414 1713 sale
432 1692 619 1723 perspergatur
635 1688 724 1714 omnis
741 1687 834 1714 oratio.
867 1686 956 1713 Effudi
970 1687 1047 1713 vobis
1098 1686 1151 1712 vile
1165 1685 1293 1721 veniam,)
1309 1690 1424 1712 oratores
1437 1690 1532 1722 putare
1544 1695 1599 1718 eos,
1619 1695 1688 1722 quos
1701 1685 1800 1714 multas
1813 1686 1891 1715 boras

255 1725 352 1755 omnia,
372 1733 441 1759 quae
454 1724 610 1755 sentiebam,
629 1732 698 1759 quae
713 1724 831 1756 fortasse,
847 1732 1047 1759 quemcumque
1097 1723 1271 1758 exspectavit.
1291 1731 1377 1758 quum
1395 1724 1424 1750 in
1440 1732 1567 1758 campum
1585 1729 1745 1759 properaret,
1760 1728 1788 1751 et
1799 1724 1890 1752 ridens

256 1761 475 1796 patremfamilias
488 1762 669 1796 arripuissetis
683 1770 716 1788 ex
729 1761 819 1796 aliquo
833 1761 942 1793 circulo,
954 1761 1045 1788 eadem
1097 1766 1123 1787 et
1148 1760 1317 1787 stomachans
1339 1760 1479 1792 Scaevola,
1503 1769 1590 1796 quum
1612 1761 1752 1797 Hypsaeus
1773 1763 1890 1789 maxima

256 1799 332 1826 vobis
346 1799 562 1833 percontantibus
576 1799 767 1834 respondisset.
1097 1807 1170 1830 voce,
1191 1797 1317 1833 plurimis
1334 1798 1424 1825 verbis
1442 1807 1457 1824 a
1475 1798 1510 1825 M.
1526 1798 1621 1825 Crasso
1637 1803 1757 1833 praetem
1780 1804 1891 1826 eonten-

310 1836 422 1863 XXXV.
444 1838 501 1863 160.
517 1837 586 1862 Haec
598 1845 684 1871 quum
699 1836 811 1863 Crassus
825 1835 947 1867 dixisset,
963 1835 1046 1862 silen—
1096 1835 1179 1867 deret¹
1200 1839 1229 1862 ut
1243 1835 1276 1866 ei.
1293 1843 1374 1870 quem
1388 1834 1557 1868 defendebat,
1571 1844 1667 1863 caussa
1679 1835 1774 1863 cadere
1787 1835 1887 1868 liceret.

255 1875 322 1900 tium
340 1878 380 1900 est
397 1878 580 1900 consecutum.
614 1873 666 1900 Sed
684 1882 848 1909 quamquam
862 1873 926 1899 satis
940 1873 983 1904 iis,
998 1874 1046 1908 qui
1097 1873 1146 1900 Cn.
1171 1877 1260 1899 autem
1282 1871 1418 1904 Octavius,
1445 1873 1525 1900 bomo
1546 1873 1704 1904 consularis,
1728 1882 1781 1900 non
1798 1874 1890 1901 minus

255 1911 370 1942 aderant,
387 1911 419 1937 ad
433 1911 469 1942 id,
485 1911 557 1946 quod
570 1916 625 1937 erat
638 1911 814 1946 propositum,
824 1910 925 1937 dictum
937 1910 1047 1937 videba-
1097 1910 1174 1946 longa
1187 1910 1305 1936 oratione
1318 1914 1460 1942 recusaret,
1476 1918 1509 1937 ne
1522 1909 1690 1937 adversarius
1703 1919 1799 1938 caussa
1811 1910 1890 1938 cade-

254 1953 305 1978 tur,
322 1952 409 1974 tamen
423 1948 573 1975 sentiebant
586 1948 700 1975 celerius
713 1956 772 1975 esse
787 1947 879 1979 multo,
896 1956 978 1983 quam
993 1948 1046 1983 ipsi
1097 1952 1136 1974 ret
1153 1956 1183 1974 ac
1196 1955 1230 1973 ne
1242 1947 1276 1978 is,
1291 1955 1340 1982 pro
1352 1956 1406 1983 quo
1419 1947 1478 1982 ipse
1491 1947 1600 1979 diceret,
1619 1948 1692 1982 turpi
1706 1947 1804 1975 tutelae
1815 1947 1890 1975 iudi-

254 1985 362 2016 vellent,
378 1985 411 2012 ab
425 1993 455 2012 eo
469 1991 630 2020 peroratum.
664 1986 732 2012 Tum
750 1984 884 2016 Scaevola,
905 1985 977 2017 Quid
995 1990 1043 2016 est,
1096 1985 1137 2012 cio
1150 1989 1230 2019 atque
1242 1985 1316 2011 omni
1330 1984 1460 2016 molestia,
1472 1984 1585 2011 stultitia
1596 1984 1750 2016 adversarii.
1763 1984 1890 2012 liberare-

253 2022 346 2049 Cotta‘?
362 2023 458 2058 inquit,
474 2023 541 2058 quid
555 2022 664 2049 tacetis?
682 2022 784 2049 nihilne
798 2022 874 2049 vobis
887 2023 914 2048 in
929 2027 1044 2049 mentem
1097 2021 1158 2049 tur‘?
1179 2023 1236 2048 167.
1251 2022 1308 2058 Ego
1321 2030 1384 2049 vero
1397 2022 1472 2054 istos,
1487 2022 1584 2057 inquit,
1600 2022 1721 2057 (memini
1734 2022 1807 2049 enim
1819 2022 1888 2050 mibi

253 2061 334 2091 venit,
350 2060 424 2095 quod
437 2065 570 2095 praeterea
584 2068 598 2086 a
612 2060 706 2087 Crasso
720 2058 880 2095 requiratis?
895 2061 937 2086 161
946 2080 951 2085 .
961 2060 1045 2086 Immo
1096 2068 1200 2086 narrare
1211 2058 1352 2094 Mucium)
1365 2067 1418 2086 non
1431 2058 1510 2086 modo
1522 2059 1633 2086 oratoris
1651 2059 1767 2091 nomine,
1786 2059 1835 2086 sed
1853 2067 1888 2086 ne

253 2097 279 2124 id
299 2097 459 2128 mehercule,
483 2098 580 2132 inquit,
604 2098 695 2132 ipsum
712 2097 828 2124 attendo.
859 2097 960 2123 Tantus
973 2097 1044 2123 enim
1097 2096 1153 2123 foro
1170 2096 1281 2131 quidem
1299 2096 1396 2132 dignos
1413 2097 1539 2131 putarim.
1572 2097 1655 2132 Atqui
1668 2105 1721 2123 non
1733 2095 1820 2124 defuit
1831 2096 1888 2124 iltis

253 2143 348 2161 cursus
367 2135 510 2161 verborum
530 2134 588 2165 fuit,
608 2139 634 2161 et
651 2135 690 2161 sic
707 2134 823 2161 evolavit
837 2134 928 2165 oratio,
944 2138 973 2160 ut
986 2135 1045 2160 eius
1066 2128 1067 2156 ἶ
1096 2134 1223 2169 patronis,
1247 2134 1336 2168 inquit
1355 2133 1476 2165 Crassus,
1500 2133 1652 2169 eloquentia
1674 2141 1762 2169 neque
1779 2132 1886 2161 dicendi

253 2173 308 2198 vim
327 2176 407 2207 atque
429 2172 610 2198 incitationem
628 2173 787 2207 aspexerim,
809 2172 920 2207 vestigia
939 2172 1043 2207 ingres-
1066 2167 1074 2208 ]“
1095 2172 1161 2197 ratio
1175 2175 1220 2197 aut
1233 2171 1318 2206 copia,
1333 2170 1381 2197 sed
1394 2171 1462 2197 iuris
1471 2171 1560 2198 civilis
1569 2171 1724 2206 prudentia:
1739 2169 1813 2206 quod
1821 2170 1888 2198 alter

253 2217 368 2244 sumque
382 2210 429 2236 vix
442 2209 555 2236 viderim
569 2214 595 2236 et
608 2214 744 2244 tamquam
756 2209 783 2235 in
797 2209 914 2243 aliquam
926 2208 1045 2243 locuple·
1066 2211 1067 2243 J
1095 2208 1166 2243 plus,
1183 2208 1242 2243 lege
1254 2208 1366 2244 agendo,
1381 2208 1496 2243 petebat,
1511 2217 1594 2243 quam
1606 2213 1738 2243 quantum
1756 2207 1800 2235 lex
1812 2208 1842 2235 in
1853 2217 1886 2235 ιιι

253 2251 304 2273 tem
319 2255 349 2273 ac
363 2246 484 2273 refertam
498 2247 609 2273 domum
624 2247 751 2277 venerim,
769 2255 820 2272 non
834 2245 964 2280 explicata
971 2250 1045 2272 veste
1065 2265 1067 2281 :
1095 2245 1194 2272 tabulis
1212 2246 1382 2280 permiserat;
1409 2245 1483 2280 quod
1499 2254 1586 2280 quum
1599 2247 1776 2280 impetrasset,
1790 2253 1886 2272 caussa

253 2292 339 2318 neque
357 2284 492 2318 proposito
509 2289 617 2320 argento
631 2292 718 2319 neque
731 2283 831 2310 tabulis
844 2288 870 2309 et
883 2284 969 2319 signis
984 2292 1045 2317 pro-
1064 2289 1067 2319 ξ
1094 2282 1212 2309 caderet:
1227 2282 1293 2309 alter
1306 2283 1430 2318 iniquum
1445 2283 1555 2317 putabat
1568 2282 1631 2318 plus
1643 2290 1736 2308 secum
1744 2283 1796 2318 agi,
1803 2290 1886 2318 quam

252 2321 338 2355 palam
353 2320 495 2352 collocatis.
515 2321 563 2348 sed
579 2321 621 2347 his
634 2321 760 2347 omnibus
774 2321 866 2347 multis
880 2320 1045 2356 magnificis-
1064 2322 1073 2346 Ι·
1094 2320 1167 2355 quod
1184 2320 1280 2346 eratin
1293 2320 1409 2352 actione;
1437 2328 1524 2355 neque
1538 2319 1712 2355 intelligebat,
1728 2320 1753 2346 si
1767 2320 1802 2346 ita
1815 2324 1886 2346 osset

252 2367 304 2392 que
318 2358 398 2384 rebus
411 2359 571 2385 constructis
585 2367 614 2385 ac
628 2359 786 2385 reconditis:
806 2359 846 2384 sic
860 2358 938 2384 modo
947 2358 975 2384 in
984 2367 1044 2384 ora—
1093 2362 1191 2388 actum,
1209 2357 1282 2383 litem
1295 2357 1478 2383 adversarium
1489 2357 1667 2392 perditurum.

252 2396 322 2421 tione
336 2395 423 2422 Crassi
437 2396 545 2422 divitias
559 2401 639 2431 atque
651 2401 804 2422 ornamenta
815 2396 874 2421 eius
883 2395 986 2430 ingenii
996 2403 1044 2430 per
1149 2393 1442 2426 xxxvlttesouid?
1450 2394 1494 2420 his
1504 2394 1597 2429 paucis
1606 2393 1703 2420 diebus
1709 2393 1885 2424 nonnemohis

251 2432 381 2466 quaedam
396 2433 532 2459 involucra
546 2437 626 2468 atque
639 2434 821 2469 integumenta
835 2432 974 2467 perspexi3
995 2431 1043 2458 sed
1063 2437 1065 2467 Ι
1093 2432 1121 2458 in
1132 2431 1259 2458 tribunali
1269 2431 1437 2466 Q.P0mpeii‚
1445 2432 1573 2466 praetoris
1584 2430 1679 2457 urbani
1690 2429 1829 2457 familiaris
1837 2438 1885 2457 no-

252 2478 280 2494 ea
295 2478 381 2503 quum
394 2470 565 2505 contemplari
579 2479 715 2505 cuperem,
736 2471 783 2496 vix
799 2469 948 2505 aspiciendi
967 2474 1043 2504 pote-
1091 2469 1149 2499 stri,
1165 2469 1330 2500 sedentibus,
1342 2469 1422 2496 homo
1431 2477 1465 2495 ex
1473 2477 1586 2495 numero
1595 2467 1754 2494 disertorum
1764 2466 1885 2502 postula-

251 2511 305 2532 stas
327 2505 388 2533 fuit.
418 2507 454 2533 Ita
473 2516 559 2542 neque
576 2508 626 2534 hoc
640 2516 751 2543 possum
765 2507 862 2538 dicere,
877 2515 921 2533 me
933 2507 1042 2533 omnino
1069 2516 1071 2548 i
1092 2506 1318 2537 bat.utilli‚unde
1327 2510 1554 2541 peteretur,vetus
1565 2510 1644 2540 atque
1657 2505 1755 2531 usitata
1763 2504 1885 2540 exceptio

252 2543 379 2578 ignorare,
395 2543 462 2578 quid
475 2545 617 2579 possideat,
633 2553 720 2580 neque
735 2544 812 2580 plane
826 2553 904 2571 nosse
918 2552 948 2570 ac
957 2543 1043 2570 vidis-
1061 2525 1071 2570 il
1091 2542 1281 2574 daretur,cuws
1290 2552 1408 2570 excusus
1415 2551 1468 2569 oms
1475 2542 1589 2569 fuisse-r?
1597 2542 1671 2577 quod
1675 2542 1796 2577 petitoris
1805 2549 1884 2568 caus-

250 2589 288 2606 se.
314 2582 370 2607 162.
390 2580 460 2613 Quin
478 2587 507 2608 tu
524 2583 607 2618 igitur
623 2582 689 2609 facis
707 2582 788 2613 idem,
804 2582 893 2616 inquit
905 2581 1039 2612 Scaevola,
1061 2576 1071 2621 Γ
1091 2589 1120 2606 sa
1130 2585 1435 2615 comparatumessenon
1445 2579 1620 2615 intelligebat:
1631 2583 1661 2606 ut
1670 2579 1694 2605 si
1703 2578 1749 2605 ille
1758 2578 1884 2606 infitiator

250 2617 323 2651 quod
338 2617 444 2649 faceres,
453 2619 476 2645 si
490 2620 517 2645 in
531 2619 649 2654 aliquam
662 2619 773 2646 domum
783 2619 890 2654 plenam
900 2627 1042 2645 ornamen-
1061 2624 1070 2668 Ι.
1091 2617 1229 2652 probasset
1250 2618 1334 2644 iudici
1355 2622 1416 2644 ante
1431 2617 1542 2652 petitam
1559 2625 1618 2643 esse
1635 2616 1786 2652 pecuniam,
1800 2623 1881 2651 quam

251 2659 337 2681 torum
352 2654 478 2681 villamve
492 2657 624 2683 venisses:
647 2657 670 2683 si
683 2665 714 2683 ea
727 2657 851 2691 seposita,
866 2660 896 2682 ut
909 2655 986 2687 dicis,
998 2664 1042 2682 es—
1060 2671 1070 2682 ι
1091 2659 1161 2681 esset
1177 2659 1270 2689 coepta
1286 2654 1387 2686 deberi.
1407 2654 1502 2689 petitor
1518 2663 1613 2681 rursus
1626 2662 1712 2689 quum
1725 2657 1834 2687 peteret.
1848 2660 1882 2679 ne
