1941 3052
198 147 244 172 :ut
770 146 809 170 ²22.
845 144 879 169 M.
915 145 944 169 ’1“.

197 218 288 243 ninum
307 220 376 242 esset
395 216 449 241 ihs
464 223 513 244 xv,
533 215 660 240 ‹li-cuniae
675 220 762 240 auti-m
779 214 943 240 inediuini‘im
960 221 986 239 ιιι
1007 214 1015 220 ”’

198 253 344 282 venium-nt.
371 253 418 278 lioe
436 257 475 278 est
495 253 548 278 ll-S
568 259 656 280 xxxv,
682 250 746 276 lut-ri
766 251 914 276 decumano
933 250 986 276 ihs
1008 257 1009 263 ¹

196 299 231 316 ι,ιι
246 290 389 317 dnn-ntur?
408 290 439 315 At
454 298 597 323 permagno
611 287 737 313 decumas
751 288 809 313 eius
823 288 878 320 agri
895 287 987 313 vendi·
1007 297 1009 306 ⁴

196 328 268 354 «listi.
311 327 437 352 Videlicet
451 326 590 358 gloriatur,
613 333 662 350 uon
678 324 805 358 Turpioni
822 324 926 350 lucrum
940 324 987 350 da-

197 371 252 390 tum
267 373 333 393 esse,
350 364 396 389 sed
413 363 523 388 Petrinis
539 362 677 395 pecuniam
693 366 819 395 ereptam.

253 402 307 427 Nl..
324 402 364 426 91.
385 399 473 431 Quid?
491 398 668 433 Halicyenses.
688 407 803 432 quorum
823 398 923 424 incolae
941 398 987 424 de-

195 448 287 464 cumas
301 438 372 466 dant,
390 437 440 470 ipsi
455 445 531 469 agros
547 436 680 461 immunes
695 435 805 466 babent,
824 444 910 461 nonne
925 435 987 462 liuic

195 475 280 502 eidi-ni
296 474 436 508 Turpioni,
461 481 546 507 quum
565 472 692 498 decumae
711 472 730 499 C
749 472 819 499 med.
841 473 984 503 venissent,

197 512 250 538 ll-S
265 520 343 536 xvii.»
357 511 418 536 dare
432 510 513 536 coacti
528 509 609 536 sunt‘?
626 510 653 536 Si
670 509 704 540 id,
721 509 792 544 quod
809 510 923 536 maxime.
936 510 985 540 vis,

197 558 286 583 posses
306 547 427 582 probare,
457 547 521 573 baec
539 547 571 573 ad
590 546 751 573 decumanos
776 546 847 573 lucra
873 547 985 578 venisse,

196 586 261 612 nibil
279 590 302 611 te
315 585 448 619 attigisse:
467 589 553 610 tamen
569 584 616 610 bne
632 585 768 618 pecuniae,
786 593 831 619 per
844 585 896 610 vim
909 589 987 619 atque

195 623 317 649 iniuriam
334 626 405 647 tuam
419 626 510 656 captae
524 626 549 647 et
562 621 724 650 conciliatae,
743 622 788 648 tibi
805 621 891 648 fraudi
906 622 988 648 011111-

195 659 320 686 mnationi
335 667 394 684 esse
408 658 548 685 deberent:
570 668 654 693 quum
675 668 736 685 vero
751 659 799 685 lioc
814 659 912 685 nemini
929 668 988 693 per-

193 697 305 723 suadere
319 697 416 731 possis,
435 700 458 722 te
474 701 525 722 tam
540 701 671 722 amentem
688 696 780 727 fuisse,
798 701 826 722 ut
839 697 987 731 Apronium

193 739 218 760 et
228 734 400 768 Turpionem,
414 741 505 759 servos
518 733 648 763 homines,
663 738 707 760 tuo
720 733 918 768 liberorumque
929 738 988 760 tuo-

194 780 251 797 rum
267 770 386 806 periculo
399 770 496 796 divites
512 771 566 796 lieri
583 770 678 796 velles:
695 770 880 797 dubitaturum
892 780 988 806 quein-

192 817 274 843 quam
288 808 435 839 existimas,
451 808 517 842 quin
533 808 586 834 illis
600 808 746 834 emissariis
762 808 825 834 baec
841 809 887 834 tibi
899 809 987 834 omnis

195 845 306 880 pecunia
323 846 443 880 quaesita
461 844 514 871 sit?
544 847 585 871 92.
605 845 743 880 Segestam
764 846 826 871 item
841 845 872 871 ad
889 846 987 871 immu-

194 891 254 909 nem
272 883 406 909 civitatem
421 883 550 909 Venerius
564 882 743 918 Symmachus
757 883 922 909 decumanus
938 883 988 908 im-

194 920 318 946 mittitur.
341 920 364 946 15
375 920 408 946 311
419 920 470 946 isto
483 919 580 946 litteras
592 919 673 951 afl'ert,
691 924 719 946 ut
730 920 781 946 sibi
796 925 885 946 contra
899 920 987 946 onmia

195 961 304 984 senatus
319 957 452 987 consulta,
469 961 557 983 contra
569 957 656 983 onmia
673 957 728 983 iura
743 962 887 992 contraque
903 956 986 992 legem

196 994 329 1029 Rupiliam
345 999 417 1020 extra
433 994 518 1020 forum
535 994 715 1020 vadimonium
732 995 886 1028 promittant
904 999 988 1020 arato-

197 1040 246 1057 res.
287 1031 384 1058 Audite
408 1031 522 1062 litteras,
545 1040 614 1066 quas
636 1031 668 1057 ad
692 1031 851 1067 Segestanos
875 1031 986 1057 miserit.

196 1070 285 1095 fairra
293 1078 347 1095 111111
362 1077 384 1095 c,
401 1078 515 1095 venius.
556 1069 603 1094 Hic
618 1069 746 1095 Venerius
760 1068 987 1104 quemadmodum

195 1110 308 1132 aratores
332 1105 454 1137 eluserit,
479 1114 512 1132 ex
531 1114 582 1132 una
602 1106 721 1141 pactione
745 1106 862 1133 bominis
885 1106 988 1132 honesti

194 1143 357 1179 gratiosique
375 1143 539 1179 cognoscite:
564 1143 590 1169 in
611 1143 703 1169 eodem
722 1144 793 1170 enim
812 1152 908 1179 genere
926 1148 990 1170 sunt

194 1185 289 1207 cetera.
315 1182 357 1206 93.
373 1180 474 1206 Diocles
489 1185 529 1207 est
542 1181 754 1211 Panormitanus,
772 1181 879 1207 Phimes
892 1189 990 1216 cogno-

195 1218 274 1249 mine,
292 1217 372 1244 homo
385 1217 498 1244 illustris
512 1226 542 1244 ac
553 1217 660 1244 nobilis.
683 1218 779 1244 Arabat
790 1218 812 1244 is
823 1227 916 1254 agrum
927 1226 991 1244 eon-

194 1255 305 1281 ductum
320 1256 347 1281 in
362 1254 520 1290 Segestano:
540 1255 611 1290 (nam
629 1256 819 1282 commercium
839 1256 865 1282 in
884 1264 914 1281 eo
927 1264 990 1291 agro

196 1293 295 1318 nemini
314 1292 380 1328 est:)
401 1292 563 1319 conductum
587 1292 700 1319 habebat
718 1292 772 1319 1¹-S
790 1301 837 1319 sex
856 1292 987 1319 millibus.

197 1330 244 1356 Pro
258 1329 383 1360 decuma,
400 1338 485 1364 quum
501 1329 623 1364 pulsatus
637 1338 651 1356 a
668 1329 778 1356 Venerio
792 1335 874 1361 esset,
891 1329 990 1356 decidit

195 1367 250 1393 ll-S
262 1375 310 1392 XV!
325 1367 447 1393 millibus
460 1372 486 1393 et
500 1367 643 1393 medimnis
658 1375 766 1393 tuccini.
801 1367 829 1393 Id
843 1375 876 1393 ex
891 1367 989 1393 tabulis

195 1404 282 1438 ipsius
307 1404 467 1440 cognoscite.
513 1413 609 1430 nouas
635 1414 753 1430 uinctis
779 1413 988 1431 raserint-rasi.

196 1442 261 1468 lluic
279 1441 366 1467 eidem
384 1441 544 1477 Symmacho
561 1441 591 1468 C.
608 1441 732 1468 Annaeus
747 1442 893 1472 Brocchus,
913 1450 990 1467 sena-

196 1484 242 1510 tor,
259 1478 337 1505 homo
352 1487 381 1505 eo
396 1478 546 1513 splendore,
563 1488 593 1505 ea
608 1479 713 1510 vii-tute,
730 1488 782 1513 qua
794 1487 886 1505 omnes
897 1479 991 1505 existi-

195 1516 286 1547 matis,
307 1524 432 1542 nummos
446 1521 550 1551 praeter
564 1515 729 1543 frumentum
742 1521 849 1543 coactus
863 1520 903 1542 est
916 1516 988 1542 dare.

196 1553 341 1580 Venerione
355 1562 441 1584 servo,
458 1558 482 1579 te
497 1558 624 1588 praetore,
641 1553 701 1580 talis
716 1553 765 1584 vir,
782 1558 887 1580 senator
897 1553 989 1588 populi

194 1591 314 1621 Romani,
331 1591 454 1625 quaestui
471 1590 539 1617 fuit‘?
557 1591 626 1617 XLI.
641 1591 718 1617 Hunc
731 1590 851 1617 ordinem
867 1591 889 1616 si
901 1590 990 1626 digni-

194 1632 245 1654 tate
259 1628 415 1654 antecellere
429 1636 480 1654 non
495 1628 677 1659 existimabas,
694 1636 726 1654 ne
742 1628 790 1654 hoc
800 1628 910 1663 quidem
922 1628 991 1654 scie-

194 1665 255 1696 bas,
275 1664 413 1691 iudicare?
441 1666 482 1691 94.
503 1666 585 1691 Antea
604 1674 690 1700 quum
704 1669 828 1700 equester
841 1665 905 1691 ordo
919 1665 991 1691 iudi-

193 1706 276 1733 caret,
304 1702 421 1737 improbi
439 1707 464 1729 et
482 1711 589 1737 rapaces
608 1703 779 1738 magistratus
798 1703 824 1728 in
845 1702 989 1736 provinciis

193 1739 376 1766 inserviebant
389 1739 554 1774 publicanis:
571 1739 699 1766 ornabant
713 1748 766 1770 eos,
782 1740 948 1774 quicumque
963 1739 989 1765 in

193 1777 282 1811 operis
293 1781 380 1803 erant:
392 1785 592 1811 quemcumque
603 1777 721 1812 equitem
732 1777 880 1803 Romanum
891 1777 918 1803 in
929 1785 990 1811 pro-

195 1814 282 1840 vincia
302 1813 435 1845 viderant,
464 1814 602 1840 benefieiis
620 1822 649 1840 ac
668 1813 825 1840 liberalitate
843 1822 991 1848 proseque—

194 1851 304 1877 bantur:
325 1859 412 1885 neque
431 1855 532 1877 tantum
552 1850 597 1877 illa
619 1859 660 1877 res
680 1851 837 1877 nocentibus
856 1850 987 1885 proderat,

193 1892 325 1923 quantum
341 1887 428 1914 obfuit
442 1888 547 1919 multis,
568 1897 653 1923 quum
668 1888 771 1922 aliquid
785 1893 874 1914 contra
890 1888 991 1914 utilita-

195 1929 247 1951 tem
262 1925 320 1951 eius
334 1925 435 1951 ordinis
451 1925 668 1960 voluntatemque
683 1925 816 1951 fecissent.
849 1925 991 1951 Retineba-

194 1967 238 1989 tur
252 1962 301 1988 hoc
316 1967 372 1988 tum
387 1963 476 1989 nescio
490 1963 624 1998 quomodo
637 1963 714 1998 quasi
727 1963 864 1988 communi
879 1962 990 1989 consilio

193 1999 226 2026 ab
241 1999 295 2025 illis
309 1999 464 2035 diligenter,
485 2005 527 2031 ut,
547 2000 594 2035 qui
609 2008 693 2026 unum
708 2000 826 2034 equitem
840 2000 989 2026 Romanum

193 2036 354 2063 contumelia
368 2037 480 2072 dignum
493 2042 621 2072 putasset,
638 2037 670 2063 ab
682 2037 807 2063 universo
817 2037 909 2063 ordine
921 2036 990 2063 malo
1012 2045 1013 2051 ¹

193 2073 292 2109 dignus
310 2074 485 2100 iudicaretur:
520 2076 562 2100 95.
587 2079 614 2100 tu
633 2075 671 2100 sic
689 2074 809 2100 ordinem
827 2074 990 2100 senatorium

194 2111 350 2146 despexisti,
366 2112 405 2138 sic
418 2111 450 2137 ad
464 2112 576 2138 iniurias
587 2111 766 2146 libidinesque
778 2116 836 2137 tuas
847 2112 935 2137 onmia
946 2120 991 2138 co-

194 2149 329 2183 aequasti,
349 2149 389 2175 sic
408 2148 526 2175 habuisti
543 2153 672 2175 statutum
691 2157 752 2175 cum
771 2149 860 2175 animo
879 2157 908 2174 ac
922 2148 990 2174 deli-
1011 2150 1020 2170 ὐ

194 2186 328 2216 beratum,
349 2194 454 2217 omnes,
474 2187 522 2221 qui
537 2186 685 2212 habitarent
703 2187 730 2212 in
748 2185 850 2217 Sicilia,
875 2190 920 2212 aut
942 2186 989 2220 qui

194 2222 315 2249 Siciliam
329 2227 354 2249 te
368 2228 486 2258 praetore
500 2224 662 2259 attigissent,
683 2223 786 2249 iudices
814 2223 935 2254 reiicere,
961 2227 990 2249 ut

194 2259 262 2286 illud
277 2269 329 2287 non
343 2261 485 2296 cogitares,
503 2265 590 2287 tamen
603 2261 637 2287 ad
651 2260 773 2287 eiusdem
787 2259 888 2286 ordinis
902 2260 990 2286 homi-

195 2306 242 2323 nes
256 2302 281 2324 te
294 2297 397 2324 iudices
411 2306 470 2324 esse
485 2297 646 2324 venturum?
664 2298 691 2324 in
705 2298 816 2332 quibus,
832 2298 856 2323 si
870 2306 904 2323 ex
916 2298 990 2332 ipso-

195 2343 254 2360 rum
277 2334 423 2362 domestico
447 2335 616 2362 incommodo
637 2335 729 2361 nullus
753 2334 828 2361 dolor
850 2334 987 2365 insideret,

195 2376 281 2398 tamen
295 2376 365 2398 esset
377 2371 423 2398 illa
437 2373 574 2408 cogitatio,
594 2373 621 2398 in
636 2372 745 2398 alterius
759 2372 857 2398 iniuria
870 2380 929 2398 sese
943 2371 990 2398 de-

194 2413 313 2442 spectos,
333 2409 544 2445 dignitatemque
561 2409 662 2436 ordinis
680 2413 859 2444 contemptam
878 2413 903 2435 et
916 2409 990 2435 abie-

195 2450 274 2471 ctam.
304 2445 381 2478 Quod
395 2446 555 2479 mehercule,
573 2446 684 2477 iudices,
701 2447 768 2472 mihi
781 2454 834 2473 non
848 2445 990 2472 mediocri—

195 2487 233 2508 tei·
252 2482 390 2509 ferendum
409 2483 524 2515 videtur.
565 2484 648 2510 Habet
666 2484 737 2510 enim
759 2483 904 2518 quemdam
926 2491 990 2509 acu—

197 2518 267 2544 leum
285 2520 458 2552 contumelia,
482 2530 564 2556 quem
582 2521 636 2556 pati
654 2521 785 2555 pudentes
805 2529 834 2546 ac
852 2520 902 2546 viri
926 2519 988 2546 boni

195 2555 353 2583 difficillime
377 2563 499 2592 possunt.
539 2560 580 2584 96.
609 2557 734 2592 Spoliasti
757 2557 875 2583 Siculos:
903 2556 989 2583 solent

196 2593 267 2618 enim
287 2602 345 2619 esse
363 2595 391 2620 in
408 2595 514 2621 iniuriis
532 2596 589 2622 suis
603 2595 681 2621 muti.
722 2594 830 2621 Vexasti
844 2595 989 2629 negotiato-

197 2637 252 2655 res:
273 2630 350 2656 inviti
364 2631 435 2657 enim
449 2632 559 2658 Romam
573 2640 685 2666 raroque
698 2630 838 2657 decedunt.
876 2631 988 2665 Equites

198 2667 328 2693 Romanos
341 2667 374 2694 ad
389 2668 497 2702 Apronii
512 2670 623 2696 iniurias
637 2668 748 2695 dedisti:
769 2667 835 2703 quid
849 2668 920 2694 enim
934 2668 987 2694 iam

980 144 1255 170 uiui-:ttoxis

1040 222 1131 239 nocere
1156 218 1280 248 possunt.
1310 214 1411 248 quibua
1433 223 1484 241 non
1509 214 1569 241 licet
1592 214 1728 242 iudicare?
1752 216 1828 250 quiil.

1039 259 1123 284 quum
1139 255 1286 276 seruatorem
1301 251 1416 277 summis
1431 252 1536 278 iniuriis
1550 251 1653 278 afficis?
1677 251 1743 286 quid
1757 252 1829 279 aliud

1039 287 1114 317 divis,
1133 288 1182 313 nini
1200 287 1266 313 linc?
1278 287 1342 313 cedo
1357 288 1422 314 milii
1436 289 1514 315 etiam
1530 290 1610 315 istum
1626 294 1785 316 senatorem:
1803 295 1830 316 ut

1040 325 1087 350 lior.
1099 323 1295 358 amplissimum
1311 334 1406 351 nornen
1420 327 1581 352 senatorium
1597 335 1647 352 non
1660 326 1780 353 modoad
1791 327 1831 354 in-

1041 361 1138 387 vidiam
1155 362 1350 396 imperitorum,
1374 362 1420 388 aed
1439 363 1517 389 etiam
1531 363 1563 389 ad
1577 363 1766 390 contumeliam
1781 364 1830 390 im-

1040 398 1182 433 proborum
1203 404 1293 424 natum
1312 408 1370 425 esse
1391 398 1520 426 videatur.
1560 401 1601 426 97.
1627 401 1718 435 Neque
1738 400 1786 427 hoc
1805 401 1830 428 in

1041 444 1093 461 uno
1108 435 1168 462 fecit
1179 436 1294 465 Annaeo.
1310 435 1356 462 sed
1373 437 1398 462 in
1412 437 1538 463 omnibus
1552 438 1731 465 senatoribus:
1749 443 1778 464 ut
1790 447 1832 465 or-

1039 473 1111 499 dinis
1126 482 1220 499 nomen
1240 482 1291 499 non
1311 478 1411 500 tantum
1431 473 1463 499 ad
1483 474 1621 504 honorem,
1645 480 1775 509 quantum
1799 475 1830 502 nd

1040 510 1214 544 ignominiam
1231 509 1336 536 valeret.
1372 511 1400 537 ln
1414 510 1443 537 C.
1459 510 1559 541 Cassio,
1577 512 1633 538 viro
1645 511 1795 539 clarissimo
1807 518 1831 539 et

1042 547 1199 577 fortissimo,
1224 556 1309 582 quum
1329 548 1352 573 is
1370 557 1400 574 eo
1419 548 1477 582 ipso
1496 553 1625 583 tempore,
1650 549 1736 584 primo
1754 550 1832 576 istim

1040 594 1108 611 anno
1130 585 1223 611 consul
1246 589 1328 615 esset,
1355 590 1424 611 tanta
1444 585 1612 620 improbitate
1631 594 1696 612 usus
1715 591 1767 616 est.
1793 592 1829 615 ut.

1039 631 1124 656 quum
1140 623 1198 648 eius
1214 631 1292 652 uxor,
1314 621 1411 648 femina
1426 623 1564 657 primaria,
1585 627 1707 658 paternas
1726 623 1832 650 haberet

1040 660 1169 685 arationes
1188 659 1214 685 in
1234 659 1373 690 Leontino,
1395 659 1558 686 frumentum
1575 669 1653 686 omne
1671 660 1833 687 decumanos

1039 696 1143 723 auferre
1158 697 1274 723 iusserit.
1307 697 1380 723 1111111.-
1395 702 1422 723 1ι1
1439 697 1464 723 111
1480 697 1528 723 1130
1541 706 1635 723 caussa
1650 702 1753 728 testem,
1771 697 1833 724 Ver-

1040 742 1090 764 res,
1108 733 1232 760 habebis:
1249 735 1385 769 quoniam,
1403 734 1518 760 iudicem
1534 743 1565 760 ne
1580 734 1699 765 haberes.
1717 734 1833 769 providi-

1040 772 1084 797 sti.
1125 773 1166 797 98,
1192 771 1242 797 Vos
1257 776 1359 802 autem,
1386 771 1502 802 iudices,
1529 776 1620 806 putare
1634 771 1751 803 debetis,
1775 781 1833 799 esse

1039 808 1168 843 quiddam
1183 808 1260 834 nobis
1274 809 1399 835 internos
1408 817 1550 835 commune
1560 814 1638 844 atque
1649 809 1832 836 coniunctum.

1041 845 1122 871 Multa
1137 850 1200 872 sunt
1215 846 1337 880 imposita
1353 845 1414 872 huic
1428 845 1513 872 ordini
1529 855 1652 877 munera,
1669 846 1746 872 multi
1762 846 1834 874 labo-

1045 892 1099 913 res,
1117 882 1198 909 multa
1215 882 1331 917 pericula
1347 892 1397 909 non
1412 882 1499 909 solum
1516 882 1604 919 legum
1619 893 1648 909 ae
1662 883 1831 913 iudiciorum.

1040 920 1086 946 sed
1106 921 1184 946 etiam
1204 929 1340 946 rumorum
1360 929 1389 946 ac
1404 925 1563 955 temporum.
1605 920 1648 947 Sic
1662 926 1702 947 est
1716 921 1758 947 liic
1771 920 1835 948 ordo

1039 957 1117 992 quasi
1138 958 1290 992 propositus
1305 962 1384 992 atque
1397 957 1486 983 editus
1501 958 1527 984 in
1542 957 1638 988 altum,
1660 963 1689 984 ut
1702 958 1735 984 ab
1748 958 1835 985 omni-

1041 995 1092 1021 bus
1113 995 1198 1020 ventis
1216 994 1332 1020 invidiae
1351 993 1508 1021 circumflari
1533 1003 1611 1029 posse
1635 995 1765 1021 videatur.
1806 996 1834 1022 111

1042 1032 1089 1058 bac
1109 1037 1160 1058 tam
1181 1032 1276 1058 misera
1294 1036 1372 1066 atque
1388 1032 1478 1067 iniqua
1493 1031 1642 1058 conditione
1658 1033 1726 1058 vitae
1740 1041 1773 1059 ne
1786 1032 1835 1059 hoc

1040 1069 1149 1104 quidem
1163 1069 1345 1099 retinebimus,
1362 1069 1473 1100 iudices,
1488 1074 1515 1095 ut
1527 1069 1727 1104 magistratibus
1739 1070 1835 1096 nostris

1042 1107 1068 1133 in
1083 1106 1227 1132 obtinendo
1241 1106 1298 1132 iure
1313 1111 1401 1132 nostro
1415 1115 1447 1132 nc
1461 1106 1683 1141 contemptissimi
1697 1115 1727 1132 ac
1741 1106 1836 1143 despe-

1041 1144 1154 1170 ctissimi
1169 1152 1227 1169 esse
1243 1142 1400 1169 videamur?
1424 1143 1503 1170 XLu.
1520 1145 1560 1169 99.
1577 1143 1740 1170 Thermitani
1755 1144 1837 1170 mise-

1042 1185 1111 1211 runt,
1128 1181 1176 1216 qui
1190 1181 1316 1206 decumas
1330 1185 1446 1207 emerent
1460 1181 1515 1216 agri
1530 1181 1582 1207 sui.
1621 1181 1710 1217 Magni
1724 1190 1772 1207 sua
1785 1190 1837 1216 pu·

1043 1218 1132 1244 tabant
1146 1218 1282 1248 interesse,
1299 1218 1406 1252 publice
1421 1219 1508 1252 potius
1523 1218 1647 1252 quamvis
1663 1227 1758 1253 magno
1771 1219 1833 1247 emi,

1041 1264 1122 1290 quain
1138 1256 1164 1282 in
1179 1255 1295 1290 aliquem
1312 1255 1389 1281 istius
1403 1255 1572 1281 emissarium
1587 1255 1713 1281 incidere.
1747 1255 1837 1291 Appo-

1043 1293 1111 1319 situs
1130 1298 1185 1319 erat
1199 1291 1344 1318 Venuleius
1363 1292 1487 1327 quidam,
1507 1293 1555 1327 qui
1574 1297 1681 1318 emeret.
1722 1293 1746 1319 ls
1764 1292 1836 1319 liceri

1044 1339 1094 1356 non
1109 1329 1221 1356 destitit.
1255 1329 1305 1360 Illi,
1322 1329 1410 1364 quoad
1425 1329 1564 1355 videbatur
1579 1329 1640 1356 ferri
1655 1329 1745 1364 aliquo
1759 1329 1837 1357 modo

1044 1376 1130 1402 posse,
1146 1366 1351 1393 contenderunt:
1369 1371 1502 1401 postremo
1516 1366 1589 1393 liceri
1602 1366 1774 1394 destiterunt:
1790 1367 1837 1394 ad—

1043 1404 1141 1430 dicitur
1155 1403 1284 1430 Venuleio
1299 1404 1376 1430 tritici
1393 1403 1558 1430 medimnum
1574 1412 1619 1430 vui
1631 1404 1762 1431 millibus.
1786 1404 1837 1431 Le-

1041 1447 1119 1477 gatus
1135 1441 1292 1468 Possidorus
1306 1441 1448 1468 renuntiat.
1488 1441 1577 1474 Quum
1591 1441 1718 1468 omnibus
1733 1441 1782 1468 hoc
1794 1442 1837 1468 in-

1043 1479 1209 1505 tolerandum
1226 1478 1368 1510 videretur,
1385 1483 1472 1505 tamen
1484 1478 1613 1505 Venuleio
1626 1478 1732 1510 dantur,
1748 1487 1781 1506 ne
1794 1487 1838 1506 30-

1041 1516 1130 1547 ccdat,
1157 1516 1237 1542 tritici
1257 1515 1328 1542 mod.
1345 1524 1379 1541 νιι
1394 1520 1419 1542 et
1432 1521 1565 1551 praeterea
1579 1515 1634 1542 H-S
1649 1524 1691 1543 cia
1705 1524 1757 1543 cia.
1797 1516 1837 1543 Ex

1041 1562 1096 1589 quo
1108 1553 1183 1579 facile
1194 1558 1311 1588 apparet,
1326 1562 1395 1588 quae
1407 1562 1506 1580 merces
1517 1553 1667 1584 decumani,
1682 1561 1752 1588 quae
1761 1561 1838 1588 prae-

1043 1591 1105 1617 toris
1120 1590 1216 1625 praeda
1230 1599 1288 1617 esse
1304 1590 1433 1616 videatur.
1456 1590 1526 1617 Cedo
1540 1590 1772 1617 Thermitanorum
1786 1591 1837 1617 mi-

1043 1628 1069 1654 hi
1085 1627 1184 1654 litteras
1198 1632 1223 1653 et
1237 1627 1430 1654 testimonium.
1471 1627 1611 1654 ΤΑιιυιΑε
1629 1636 1836 1654 ruenni-rum-

1042 1674 1099 1692 nuit
1115 1674 1147 1691 ετ
1160 1674 1371 1691 restium-iun.
1400 1666 1456 1690 100.
1473 1664 1680 1695 Imacharenses,
1697 1665 1748 1691 iam
1763 1666 1835 1692 omni

1043 1701 1176 1728 frumento
1194 1701 1293 1732 ablato,
1314 1702 1366 1727 iam
1384 1701 1512 1728 omnibus
1526 1702 1632 1728 iniuriis
1647 1702 1700 1728 tuis
1714 1702 1836 1729 exinani-

1043 1744 1095 1770 tos,
1113 1739 1242 1765 tributum
1259 1738 1342 1765 facere
1357 1739 1468 1765 miseros
1483 1748 1512 1765 ac
1526 1738 1644 1774 perditos
1657 1739 1782 1774 coegisti:
1809 1744 1837 1766 ut

1041 1776 1158 1811 Apronio
1176 1776 1268 1802 darent
1287 1775 1350 1802 H-S
1363 1784 1403 1801 xx
1417 1776 1511 1802 millia.
1551 1776 1640 1802 Recita
1653 1776 1789 1803 decretum
1803 1776 1837 1803 de

1043 1814 1150 1840 tributis
1168 1817 1193 1839 et
1215 1813 1355 1848 publicum
1379 1813 1571 1840 testimonium.
1611 1812 1748 1840 Semnus
1765 1822 1837 1840 cos-

1042 1860 1153 1877 sunuu
1178 1859 1211 1876 οε
1234 1859 1359 1877 rainero
1380 1859 1586 1877 cos-ferisset).
1627 1850 1836 1878 ’rest-uomu-

1043 1897 1299 1914 IMAcuARENquu.
1325 1887 1489 1918 Hennenses.
1505 1896 1591 1922 quum
1605 1887 1733 1914 decumae
1747 1888 1838 1914 venis-

1041 1930 1101 1951 sent
1114 1925 1170 1960 agri
1181 1925 1330 1950 Hennensis
1344 1924 1511 1951 medimnum
1522 1932 1609 1955 vuicc,
1625 1924 1742 1959 Apronio
1754 1925 1835 1952 coacti

1042 1967 1105 1988 sunt
1127 1962 1188 1988 dare
1212 1962 1292 1988 tritici
1315 1961 1435 1988 modium
1456 1970 1538 1992 xviii,
1563 1966 1589 1988 et
1613 1961 1667 1988 H-S
1691 1970 1718 1988 ιιι
1740 1961 1834 1988 11111113.

1018 2023 1020 2030 ι
1042 1998 1154 2032 Quaeso,
1171 1998 1306 2029 attendite,
1323 2003 1440 2034 quantus
1452 2007 1579 2025 numerus
1591 1998 1718 2025 frumenti
1728 2003 1837 2035 cogatur

1018 2222 1020 2239 i

1018 2252 1020 2269 ι

1018 2313 1020 2335 l

1018 2360 1019 2377 l

1018 2427 1019 2439 l

1017 2463 1019 2484 ι’

1016 2523 1019 2566 l

1016 2568 1019 2619 l

1010 2628 1019 2667 i

1457 2036 1523 2062 Nam
1538 2044 1586 2070 per
1598 2045 1691 2062 omnes
1704 2036 1834 2066 civitates,

1041 2082 1110 2108 quae
1125 2073 1252 2100 decumas
1266 2073 1372 2104 debent,
1389 2074 1519 2108 percurrit
1531 2073 1614 2100 oratio
1627 2082 1699 2099 mea:
1714 2074 1777 2100 etin
1788 2073 1837 2100 hoc

1042 2045 1075 2062 ex
1093 2037 1164 2063 omni
1184 2045 1247 2072 agro
1260 2035 1416 2062 decumano.

1019 2127 1020 2130 =
1040 2119 1136 2146 genere
1152 2119 1234 2141 nunc,
1252 2110 1368 2142 iudices,
1384 2119 1487 2141 versor,
1504 2111 1531 2136 in
1545 2119 1599 2145 quo
1613 2119 1664 2137 non
1677 2109 1836 2146 singillatim

1042 2153 1155 2174 aratores
1170 2148 1255 2174 eversi
1271 2147 1348 2173 bonis
1362 2147 1488 2174 omnibus
1501 2148 1568 2178 sint,
1584 2147 1632 2174 sed
1646 2155 1715 2182 quae
1728 2146 1836 2182 publice

1041 2185 1196 2211 decumanis
1217 2184 1287 2210 lucra
1306 2184 1366 2210 data
1384 2190 1460 2215 sunt,
1485 2189 1515 2211 ut
1531 2184 1676 2219 aliquando
1693 2192 1727 2211 ex
1743 2192 1835 2211 eorum

1041 2223 1112 2258 agris
1131 2227 1210 2257 atque
1230 2221 1342 2248 urbibus
1361 2221 1459 2256 expleti
1477 2227 1556 2256 atque
1573 2221 1684 2248 saturati
1702 2230 1764 2247 cum
1787 2221 1836 2248 1100

1041 2258 1150 2285 cumulo
1163 2264 1292 2294 quaestus
1305 2258 1472 2285 decederent.
1511 2259 1603 2285 XLIII.
1620 2259 1677 2284 tot.
1693 2257 1836 2285 Calactinis

1040 2296 1215 2331 quamobrem
1234 2296 1371 2330 imperasti
1390 2304 1459 2322 anno
1477 2296 1566 2326 tertio,
1587 2300 1616 2322 ut
1633 2295 1761 2322 decumas
1779 2297 1836 2331 agri

1041 2334 1097 2364 sui,
1121 2342 1190 2368 quas
1203 2332 1323 2360 Calactae
1341 2332 1404 2359 dare
1416 2337 1621 2362 consueverant,
1641 2332 1783 2359 Amestrati
1797 2329 1835 2359 M:

1041 2370 1133 2397 Caesio
1147 2371 1295 2396 decumano
1308 2369 1418 2396 darent?
1434 2369 1507 2405 quod
1521 2377 1607 2404 neque
1620 2374 1680 2395 ante
1695 2374 1719 2395 10
1732 2373 1836 2404 praeto-

1041 2416 1096 2434 rem
1111 2407 1152 2433 illi
1166 2407 1282 2434 fecerant
1297 2415 1383 2442 neque
1398 2411 1426 2433 tu
1440 2407 1498 2441 ipse
1511 2405 1561 2432 hoc
1572 2406 1606 2432 ita
1618 2411 1668 2432 stat
1691 2415 1749 2433 eras
1759 2411 1834 2433 antea

1041 2453 1087 2479 per
1101 2444 1250 2471 biennium.
1283 2444 1478 2470 Theomnastus
1491 2442 1675 2478 Syracusanus
1693 2444 1721 2470 in
1739 2452 1832 2479 agi-nui

1039 2482 1222 2517 Mutycensem
1236 2490 1283 2507 cur
1297 2481 1345 2507 abs
1358 2485 1383 2507 te
1396 2481 1536 2507 immissus
1547 2479 1604 2506 est‘?
1616 2481 1665 2514 qui
1674 2485 1788 2507 aratores
1798 2481 1834 2506 ita

1040 2519 1160 2550 vexavit,
1181 2523 1211 2545 ut
1228 2518 1269 2544 illi
1288 2519 1316 2544 in
1329 2517 1424 2544 alteras
1441 2516 1580 2548 decumas,
1604 2517 1632 2543 id
1645 2517 1717 2552 quod
1731 2518 1758 2543 iu
1773 2517 1832 2543 aliis

1039 2564 1147 2591 quoque
1160 2555 1315 2582 civitatibus
1332 2554 1483 2585 ostendam,
1502 2554 1620 2580 triticum
1635 2563 1722 2580 emere
1740 2562 1833 2580 neees—

1039 2593 1108 2619 sario
1121 2597 1228 2628 propter
1240 2592 1358 2627 inopiam
1371 2595 1537 2626 cogerentur.
1579 2592 1634 2618 ⁴02.
1654 2592 1709 2617 Iam
1724 2599 1785 2618 vero
1798 2599 1832 2618 ex

1039 2629 1216 2665 Hyblensium
1231 2628 1399 2664 pactionibus
1413 2627 1575 2663 intelligetis,
1591 2637 1660 2663 quae
1674 2627 1755 2655 factae
1767 2633 1832 2654 sunt

1038 2675 1101 2693 cum
1123 2666 1272 2693 decumano
1293 2665 1342 2693 Cn.
1361 2663 1466 2700 Sergio,
1498 2665 1585 2691 sexies
1608 2669 1724 2697 tantum,
1749 2673 1830 2700 quam
