1941 3052
231 124 279 149 70³
805 121 846 146 ⁸7.
880 120 901 146 M
908 141 913 146 .

230 194 347 219 cratium
361 193 521 220 inminutum,
535 190 705 223 erogaretur?
723 190 892 225 Quamquam
902 190 1022 224 basque-
1042 189 1052 215 {t

231 230 299 256 relus
317 230 454 255 bominum
472 233 620 253 nostrorum
646 227 690 253 illo
701 227 814 253 consilio
825 228 1019 261 oppressimus,
1043 243 1044 246 =

230 266 300 302 quod
323 267 347 292 in
371 267 430 291 Asia
447 265 536 290 nescio
551 273 604 298 quo
621 264 712 294 morlo,
732 265 828 290 Romae
843 264 954 298 quidem
971 273 1021 290 non

231 303 357 330 medios-ri
374 311 434 327 νιιιιι
451 302 624 326 mimir-mom·
642 301 776 331 laudatur,
789 301 871 336 quod,
888 310 973 336 quum
990 300 1022 327 ad
1043 313 1044 321 κ

233 340 362 374 templum
386 343 643 372 mouuuwntumque
665 343 784 364 nostrum
801 339 923 364 civitates
941 347 1022 373 pecu·
1042 334 1045 384 ι

231 378 287 403 uia-⁴
304 377 499 406 decrevissent,
532 384 672 410 quumque
690 375 715 401 id
733 380 757 401 et
774 384 820 410 pro
838 376 942 411 [tingnis
955 376 1021 401 meis
1042 396 1044 406 ,

230 414 340 442 uin-ritis,
353 418 378 438 et
390 421 436 446 pro
449 413 501 437 tuis
514 412 640 438 maximis
653 412 790 438 benefieiis
801 422 906 439 summa
919 422 966 438 sua
976 421 1022 438 vo-

231 452 329 476 luntate
345 449 484 481 fovissem
509 450 721 484 nominatimque
735 450 927 485 lexexeiperct,
941 459 973 476 nr
988 459 1022 476 An

228 496 364 513 ruunt-»i
414 495 677 517 uuxuuesruuovn
721 496 835 513 ‹tm-eni:
879 496 1019 518 meeum}

228 533 367 559 quumque
384 523 424 554 itl,
447 523 519 558 quod
539 523 660 554 dabatur,
680 533 731 550 non
752 530 822 550 esset
839 525 1019 554 interiturum,

228 561 274 587 sed
297 562 322 587 in
339 561 503 587 ornamentis
519 561 611 596 templi
629 561 762 592 futurum,
782 566 810 588 ut
826 570 877 588 non
895 562 961 587 mihi
975 570 1022 596 po-
1042 567 1051 589 l*

229 599 290 629 tius,
309 607 389 633 quam
407 598 505 632 populo
522 599 637 625 llomano
653 607 682 625 ac
698 598 752 625 diis
765 599 962 625 immortalibus
974 599 1021 624 da-

229 641 283 662 tum
306 635 455 661 videretur:
488 640 575 662 tamen
591 635 628 666 id,
647 636 674 662 in
690 645 743 671 quo
759 641 815 662 erat
825 636 952 672 dignitas,
966 640 1021 662 erat

230 673 280 703 lex,
294 677 349 699 erat
359 681 460 703 eorum.
475 673 521 707 qui
535 672 676 704 faciebant,
691 673 1019 708 voluntas,accipiendum

229 720 279 736 non
300 710 407 745 putavi;
431 718 516 744 quum
536 710 597 736 aliis
618 710 650 736 de
671 711 788 742 caussis,
813 716 868 737 tum
889 711 978 740 etiam,
992 715 1021 736 ut
1042 717 1043 731 ¹

227 748 317 774 animo
337 747 463 781 aequiore
480 746 577 774 ferrent
593 748 622 778 ii,
641 748 743 782 quibus
758 757 806 774 nec
820 748 962 774 deberetur
973 756 1020 774 nec

945 120 974 146 T.
1005 119 1279 146 ClClthtiNlS

1075 190 1154 215 tantis
1180 189 1319 216 hominum
1339 190 1527 224 opinionibus,
1551 191 1631 217 tantia
1650 191 1684 217 de
1699 196 1723 217 te
1741 190 1859 222 iudiciis,

1075 227 1154 252 tantis
1176 226 1322 252 bonoribus
1343 226 1454 257 debeas,
1475 228 1615 263 cogitabis.
1655 228 1683 255 ld
1704 234 1791 255 autem
1812 229 1863 255 erit

1074 263 1217 293 eiusmodi.
1241 268 1269 289 ut
1283 263 1407 289 consulas
1421 264 1561 295 omnibus,
1580 270 1608 292 ut
1623 266 1745 292 medeare
1761 266 1862 292 incom-

1074 301 1161 326 modis
1182 300 1335 330 bominum.
1359 301 1500 335 provideas
1519 302 1612 332 saluti,
1634 307 1662 329 ut
1681 308 1706 329 te
1726 308 1861 338 parentem

1075 338 1152 363 Asiae
1163 338 1251 363 etdici
1263 342 1289 363 et
1301 337 1392 364 baberi
1406 338 1482 364 velis.
1514 338 1560 365 ΧΙ.
1578 341 1618 366 3Ξ,
1634 341 1720 375 Atque
1732 340 1863 366 buictuae

1076 374 1204 400 voluntati
1217 384 1246 400 ac
1257 374 1414 409 diligentiae
1424 375 1608 402 difficultatem
1620 385 1743 412 magnam
1750 377 1864 403 afferunt

1075 411 1227 446 publicani:
1250 412 1352 446 quibus
1363 413 1386 438 si
1398 412 1585 444 adversamur,
1607 414 1728 441 ordinem
1739 415 1773 441 de
1785 414 1863 441 nobis

1050 457 1051 464 ¹
1073 450 1172 483 optime
1194 449 1317 474 meritum
1339 454 1364 475 et
1383 458 1430 484 per
1451 459 1498 476 nos
1516 458 1577 476 cum
1599 451 1736 485 republica
1750 452 1863 478 coniun-

1049 509 1051 514 Α
1073 491 1145 511 etum
1161 491 1186 512 et
1201 495 1214 511 a
1232 485 1309 512 nobis
1325 491 1349 512 et
1365 495 1378 512 a
1390 486 1528 521 republica
1543 487 1730 523 diiungemus:
1762 490 1803 515 sin
1815 497 1863 514 au-

1049 521 1051 563 ]
1074 528 1125 549 tem
1137 523 1264 549 omnibus
1278 524 1303 549 in
1317 523 1397 549 rebus
1410 524 1600 559 obsequemur,
1615 524 1737 551 funditus
1747 534 1791 552 eos
1802 534 1863 560 per-

229 785 328 811 liceret.
354 785 395 811 27.
414 784 719 819 Quapropterincumbe
731 790 782 812 toto
793 786 884 812 animo
895 790 920 812 et
930 785 1020 812 studio
1041 811 1043 823 Δ,

227 822 300 848 omni
318 822 344 848 in
361 830 419 847 eam
436 823 578 852 rationem,
602 831 655 857 qua
671 822 759 849 adhuc
775 831 841 849 usus
856 831 898 853 es.
919 828 949 850 ut
963 831 1018 853 eos,
1041 843 1043 848 ,

227 868 295 894 quos
311 863 371 885 tuae
387 858 448 885 fidei
465 860 642 894 potestatique
657 865 765 886 senatus
781 860 953 895 populusque
970 860 1020 886 tto-

228 905 324 922 manus
339 897 475 923 commisit
490 901 515 922 et
530 896 658 927 credidit,
672 897 780 933 diligas,
798 902 823 924 ct
833 898 906 924 omni
919 898 1019 924 ratione

227 938 327 964 tueare,
351 938 379 959 ut
394 941 453 959 esse
467 942 548 968 quam
570 934 740 960 beatissimos
753 934 830 961 velis,
872 934 948 967 Quod
960 936 983 961 si
996 939 1019 961 tc

209 964 214 971 ’
227 979 284 997 sors
296 970 368 997 Afris
378 975 423 996 aut
434 971 560 1005 llispanis
575 976 619 997 aut
631 971 716 998 Gallis
728 971 909 1006 praefecisset,
923 973 1020 998 imma-

228 1008 309 1034 nibus
321 1016 350 1034 ac
362 1008 483 1034 barbaris
495 1009 658 1039 nationibus,
668 1013 755 1035 tamen
767 1014 837 1035 esset
845 1009 1019 1035 humanitatis
1041 1041 1042 1047 1

228 1050 297 1075 tuae,
311 1045 450 1071 consulere
462 1054 553 1072 eorum
565 1046 722 1076 commodis,
731 1051 756 1073 et
767 1046 1019 1081 utilitatisalutique
1041 1049 1043 1074 Ξ

227 1083 339 1108 servire.
379 1082 469 1114 Quum
485 1091 547 1108 vero
562 1084 586 1109 ci
598 1084 690 1118 generi
704 1083 843 1110 bominum
856 1084 1016 1118 praesimus,

228 1128 278 1145 non
302 1119 380 1145 modo
400 1120 427 1145 in
448 1128 502 1154 quo
514 1121 569 1154 ipsa
586 1121 632 1151 sit,
659 1120 707 1146 sed
722 1121 802 1147 etiam
819 1129 832 1147 a
844 1129 897 1156 quo
909 1120 941 1146 ad
953 1120 1020 1146 alios
1048 1149 1049 1154 Ἰ

226 1157 383 1191 pervenisse
399 1161 507 1191 putetur
523 1158 689 1183 immanitas:
712 1163 781 1184 certe
793 1159 827 1184 iis
839 1166 897 1184 eam
909 1158 1020 1193 potissi-

227 1202 301 1220 mum
313 1194 430 1220 tribuere
441 1193 581 1225 debemus,
590 1203 603 1220 a
614 1195 715 1229 quibus
722 1195 886 1230 accepimus.
909 1197 950 1221 28.
962 1195 1019 1221 Non

226 1232 298 1257 enim
321 1239 363 1257 me
380 1231 428 1256 boc
447 1231 499 1257 iam
518 1231 607 1258 dicere
622 1232 749 1266 pudebit,
773 1233 930 1267 praesertim
947 1233 973 1258 in
989 1241 1019 1258 ea
1048 1243 1049 1263 1

1048 1278 1049 1291 ι
1072 1267 1226 1303 vectigales,
1251 1275 1302 1293 non
1318 1268 1354 1294 ita
1368 1269 1496 1295 acerbum
1511 1269 1598 1296 videri
1614 1268 1708 1300 debet,
1725 1273 1865 1304 propterea

227 1268 280 1294 vita
296 1272 375 1302 atque
391 1268 425 1293 iis
436 1268 517 1294 rebus
526 1269 619 1303 gestis.
639 1269 779 1304 inquibus
791 1278 842 1295 non
855 1274 940 1304 potest
952 1270 1020 1296 resi-

225 1304 288 1331 dere
305 1305 414 1331 inertiae
430 1310 475 1331 aut
491 1305 607 1332 levitatis
623 1306 677 1332 ulla
687 1307 816 1341 suspicio,
835 1316 882 1333 nos
897 1316 936 1337 ea.
950 1314 1019 1342 quae
1040 1314 1043 1326 ⁷

226 1343 361 1368 consecuti
378 1351 482 1373 sumus,
502 1343 544 1369 his
558 1343 658 1369 studiis
674 1349 699 1370 et
709 1344 813 1370 artibus
825 1353 883 1371 csse
897 1344 1017 1379 adeptos,

225 1388 294 1413 quae
309 1380 363 1406 sint
380 1379 458 1405 nobis
469 1380 596 1407 Graeciae
611 1382 793 1407 monumentis
808 1381 1019 1417 disciplinisque

226 1416 346 1442 traditae.
396 1417 483 1448 Quare
508 1422 612 1452 praeter
636 1427 807 1445 communem
833 1418 927 1450 fidem,
949 1427 1018 1454 quae

225 1454 353 1480 omnibus
369 1453 490 1486 debetur,
508 1460 644 1489 praetcrea
655 1464 703 1482 nos
715 1456 759 1482 isti
772 1456 913 1483 bominum
925 1457 1017 1492 generi

225 1491 368 1525 praecipue
388 1491 486 1518 debere
507 1492 645 1523 videmur,
668 1497 709 1524 ut,
733 1502 849 1528 quorum
868 1494 1018 1528 praeceptis

225 1528 323 1554 eruditi
344 1529 439 1559 simus,
457 1529 528 1563 apud
544 1538 590 1556 eos
606 1530 688 1564 ipsos,
706 1530 778 1565 quod
798 1531 832 1557 ab
844 1531 878 1557 iis
889 1531 1019 1557 didiceri-

224 1573 294 1595 mus,
308 1565 424 1592 velimus
435 1574 601 1601 expromere.
642 1567 676 1594 X.
692 1569 734 1594 29.
750 1568 836 1602 Atque
848 1568 894 1594 ille
905 1568 1017 1603 quidem

224 1603 350 1637 princeps
362 1603 464 1638 ingenii
476 1608 501 1630 et
511 1604 656 1635 doctrinae,
672 1604 752 1635 Plato,
766 1610 822 1631 tum
833 1605 951 1640 denique
963 1605 1018 1632 fore

224 1639 315 1665 beatas
330 1640 498 1674 respublicas
517 1642 630 1675 putavit,
653 1642 676 1668 si
693 1647 738 1668 aut
753 1642 823 1668 docti
841 1651 870 1669 ac
882 1643 1016 1677 sapientes

224 1676 348 1703 homines
369 1685 413 1703 eas
434 1677 524 1713 regere
545 1679 711 1713 coepissent,
734 1684 793 1710 aut,
816 1680 864 1714 qui
884 1684 1014 1715 regerent,

223 1722 302 1740 omne
323 1723 403 1740 suum
424 1715 546 1741 studium
562 1716 590 1742 in
606 1716 725 1742 doctrina
740 1725 770 1742 ac.
785 1717 917 1751 sapientia
935 1716 1018 1743 collo—
1046 1721 1047 1759 ]
1358 1753 1363 1758 Ι
1458 1753 1464 1779 ¹

1046 1762 1047 1769 1
1068 1759 1121 1786 que
1133 1760 1152 1777 u
1163 1759 1299 1783 recusare,
1316 1761 1365 1787 qui
1376 1757 1454 1787 postu
1467 1758 1589 1780 averunt.

223 1756 337 1777 cass-ent.
379 1752 450 1777 Hanc
464 1753 680 1779 coniunctionem
697 1753 823 1780 videlicet
839 1755 977 1788 potestatis
988 1762 1018 1779 ac

224 1788 384 1822 sapientiae,
415 1789 495 1815 saluti
521 1790 626 1816 censuit
651 1790 810 1816 civitatibus
838 1799 897 1817 esse
923 1799 1015 1825 posse:

224 1825 296 1859 quod
318 1824 427 1851 fortasse
449 1825 595 1861 aliquando
615 1828 758 1853 universae
781 1827 948 1862 reipublicae
970 1837 1018 1854 no-

224 1866 307 1893 strae,
335 1871 405 1888 nunc
420 1863 530 1897 quidem
543 1863 660 1898 profecto
671 1865 716 1890 isti
728 1865 882 1898 provinciae
893 1866 1014 1901 contigit,
1038 1875 1047 1890 η

223 1903 253 1925 ut
264 1899 287 1925 is
300 1899 327 1925 in
339 1907 368 1925 ea
380 1908 514 1926 summam
526 1905 681 1935 potestatem
692 1901 810 1933 liaberet,
823 1903 867 1928 cui
879 1903 906 1929 in
918 1902 1018 1929 doctri-

224 1944 266 1966 na,
284 1937 328 1962 cui
346 1937 373 1962 in
390 1937 487 1963 virtute
502 1942 581 1972 atque
593 1937 758 1965 humanitate
770 1939 943 1974 percipienda
955 1939 1018 1975 plu-

223 1973 323 1999 rimum
334 1981 348 1999 a
359 1974 475 2008 pueritia
486 1974 569 2000 studii
583 1974 853 2010 fuissetettemporis.
876 1978 917 2003 30.
930 1977 1016 2009 Quare

222 2018 296 2041 cura,
319 2015 347 2037 ut
368 2011 411 2036 hic
431 2020 531 2042 annus,
553 2013 601 2046 qui
616 2012 650 2038 ad
667 2012 784 2039 laborem
801 2018 877 2040 tuum
892 2015 1014 2045 accessit,

223 2047 296 2073 idem
321 2047 354 2073 ad
378 2048 491 2075 salutem
515 2049 594 2075 Asiae
620 2055 777 2086 prorogatus
802 2059 861 2077 esse
881 2052 1014 2078 videatur.

222 2084 354 2116 Quoniam
380 2086 407 2111 in
435 2090 458 2111 te
481 2086 620 2112 retinendo
641 2086 692 2114 fuit
711 2088 774 2113 Asia
795 2087 911 2120 felicior,
933 2097 1016 2124 quam

223 2130 270 2148 nos
295 2122 322 2148 in
347 2122 519 2154 deducendo,
546 2124 656 2158 perfice,
684 2129 714 2151 ut
741 2124 839 2151 laetitia
861 2127 1016 2160 provinciae

222 2158 389 2185 desiderium
405 2165 524 2186 nostrum
542 2160 665 2187 leniatur.

222 2196 313 2227 rendo,
337 2201 366 2222 ut
382 2197 430 2223 tibi
447 2198 511 2223 tanti
528 2197 640 2224 honores
653 2199 823 2230 haberentur,
837 2201 931 2235 quanti
944 2201 1016 2227 haud
1038 2200 1039 2209 ¹

221 2234 277 2260 scio
288 2242 321 2260 an
333 2235 448 2265 nemini,
461 2234 536 2261 fuisti
548 2236 669 2262 omnium
681 2236 922 2272 diligentissimus:
945 2238 1017 2264 mul—

221 2275 247 2297 to
267 2271 394 2297 maiorem
415 2272 442 2298 in
458 2271 501 2298 bis
520 2272 666 2299 bonoribus
681 2273 789 2300 tuendis
808 2274 938 2301 adhibere
952 2275 1017 2301 dili—

221 2308 339 2343 gentiam
354 2308 447 2335 debes.
488 2311 529 2335 3¹.
549 2310 581 2336 Et
591 2310 702 2344 quidem
714 2311 746 2337 de
761 2312 812 2338 isto
823 2320 921 2347 genere
932 2312 1017 2339 hono-

221 2354 280 2371 rum
301 2345 368 2380 quid
387 2346 527 2377 sentirem,
545 2348 643 2382 scripsi
654 2348 687 2374 ad
698 2353 723 2374 te
737 2353 806 2375 ante.
847 2349 959 2384 Semper
971 2359 1016 2376 eos

221 2383 327 2416 putavi,
345 2383 368 2409 si
383 2383 509 2419 vulgares
524 2390 628 2416 essent,
641 2385 723 2416 viles,
747 2387 771 2412 si
782 2387 910 2421 temporis
921 2395 1016 2413 caussa

221 2420 567 2452 constituerentur,.leves:
599 2422 623 2448 si
644 2431 707 2448 vero
722 2423 760 2457 (id
775 2423 848 2457 quod
864 2425 899 2450 ita
916 2423 1014 2450 factum

221 2455 270 2489 est)
291 2457 393 2483 meritis
409 2458 463 2483 tuis
480 2458 676 2490 tribuerentur,
697 2460 887 2486 existimabam
903 2461 1015 2488 multam

223 2492 272 2517 tibi
292 2493 319 2518 in
341 2493 383 2519 his
399 2495 507 2521 tuendis
527 2504 636 2530 operam
651 2504 709 2522 esse
724 2497 887 2530 ponendam.
928 2498 1015 2531 Quare

221 2530 348 2562 quoniam
364 2531 392 2556 in
408 2532 467 2557 istis
483 2532 599 2559 urbibus
614 2541 677 2559 cum
687 2542 794 2559 summo
807 2535 920 2569 imperio
931 2541 956 2562 et
966 2544 1015 2570 po-

223 2569 313 2591 testate
329 2569 457 2599 versaris,
481 2569 508 2595 in
523 2570 626 2604 quibus
644 2575 703 2597 tuas
719 2571 832 2597 virtutes
847 2578 1014 2599 consecratas

223 2606 248 2627 et
262 2602 289 2628 in
306 2602 416 2630 deorum
432 2614 547 2633 numero:
562 2607 703 2634 collocatas
720 2607 810 2634 vides:
843 2609 870 2634 in
885 2610 1013 2636 omnibus
1034 2621 1036 2632 r

223 2638 312 2669 rebus,
335 2648 402 2674 quas
417 2646 531 2674 statues,
549 2653 616 2679 quas
627 2644 765 2674 decernes,
779 2653 846 2680 quas
860 2654 932 2681 ages,
945 2646 1013 2682 quid

706 2162 812 2188 Etenim
828 2163 851 2189 si
870 2164 897 2189 in
908 2172 1017 2198 prome·
1037 2175 1046 2195 «ς

1048 907 1050 917 r
1072 900 1132 921 tate.

1074 561 1111 586 ire
1133 561 1274 595 patiemur,
1296 568 1411 595 quorum
1436 570 1487 587 non
1509 562 1588 588 modo
1606 562 1699 593 saluti,
1721 562 1767 588 sed
1783 563 1863 589 etiam

1072 597 1221 623 commodis
1237 597 1376 624 consulere
1391 598 1532 625 debemus.
1573 599 1640 625 llaec
1654 604 1694 626 est
1704 608 1755 626 una
1770 600 1802 633 (si
1818 608 1864 626 ve-

1073 643 1100 660 re
1120 635 1236 670 cogitare
1253 634 1389 670 volumus)
1405 636 1431 662 in
1448 641 1501 662 toto
1517 637 1630 671 imperio
1646 641 1690 663 tuo
1706 636 1862 663 difficultas.

1073 672 1139 698 Nam
1155 681 1213 698 esse
1229 672 1417 702 abstinentem,
1434 674 1569 700 continere
1583 682 1676 700 omnes
1691 674 1862 709 cupiditates.

1072 718 1136 735 suos
1151 718 1281 739 coercere.
1301 710 1368 736 iuris
1383 710 1553 745 aequabilem
1569 715 1657 737 tenere
1672 712 1810 742 rationem.
1825 710 1864 737 fa-

1071 746 1150 773 cilem
1173 747 1218 772 se·
1231 747 1258 773 in
1279 747 1361 772 rebus
1374 747 1582 783 cognoscendis.
1600 749 1627 775 in
1644 748 1801 775 hominibus
1815 756 1865 774 au·

1072 783 1180 810 diendis
1194 783 1424 820 admittendisque
1439 785 1579 819 praebere,
1598 785 1765 820 praeclarum
1777 786 1864 821 magis

1071 825 1120 851 est,
1137 830 1219 856 quam
1235 821 1356 848 difficile.
1398 822 1454 848 Non
1470 828 1510 848 est
1520 823 1592 849 enim
1604 823 1721 858 positum
1734 823 1760 850 in
1775 822 1864 849 labore

1071 858 1171 893 aliquo,
1188 858 1235 884 sed
1249 859 1275 884 in
1286 858 1403 893 quadam
1416 859 1571 886 inductione
1581 861 1665 886 animi
1677 865 1757 895 atque
1767 859 1865 886 volun-

1173 897 1214 922 33.
1237 895 1282 921 llla
1297 904 1390 922 caussa
1403 896 1609 931 publicanorum
1621 902 1748 932 quantam
1760 897 1865 923 acerbi-

1072 937 1150 959 tatem
1163 933 1252 959 ass'crat
1263 934 1353 960 sociis.
1363 933 1547 960 intelleximus
1558 935 1715 965 excivibus,
1723 935 1771 970 qui
1779 942 1865 969 nuper

1048 986 1049 995 1
1071 970 1098 996 in
1111 970 1331 1004 portoriisltaliae
1343 970 1477 1001 tollendis,
1487 980 1537 998 non
1545 976 1597 998 tam
1609 971 1641 997 de
1648 973 1773 1006 portorio,
1782 980 1863 1006 quam

1071 1007 1105 1033 de
1117 1007 1255 1033 nonnullis
1267 1008 1376 1034 iniuriis
1387 1009 1545 1042 portitorum
1557 1009 1750 1044 querebantur.
1776 1008 1865 1041 Quare

1072 1053 1123 1070 non
1136 1044 1313 1080 ignoro,quid
1326 1046 1408 1071 sociis
1419 1045 1521 1072 accidat
1532 1047 1559 1072 in
1572 1045 1864 1081 ultimisterris,quum

1071 1081 1204 1107 audierim
1222 1082 1249 1108 in
1266 1082 1339 1107 ltalia
1354 1082 1478 1117 querelas
1497 1083 1611 1109 civium.
1652 1083 1700 1109 Hic
1715 1087 1739 1109 te
1757 1083 1792 1109 ita
1804 1091 1865 1109 ver-

1072 1119 1134 1149 sari,
1154 1123 1183 1144 ut
1199 1123 1224 1145 et
1238 1119 1393 1153 publicanis
1405 1119 1562 1150 satisfacias,
1576 1121 1734 1155 praesertim
1745 1119 1865 1155 publicis

1072 1155 1141 1182 male
1156 1155 1316 1190 redemptis.
1334 1164 1364 1182 ac
1378 1157 1466 1183 socios
1481 1157 1568 1192 perire
1583 1166 1634 1184 non
1650 1158 1738 1189 sinas,
1754 1157 1865 1184 divinae

1071 1193 1214 1219 cuiusdam
1228 1194 1336 1219 virtutis
1347 1202 1406 1220 esse
1418 1193 1534 1225 videtur,
1547 1194 1576 1220 id
1586 1199 1635 1226 est,
1649 1199 1719 1222 tuae.
1760 1195 1797 1221 Ae
1808 1195 1865 1229 pri-

1071 1238 1147 1256 mum
1163 1230 1282 1261 Graecis,
1299 1230 1327 1256 id
1342 1230 1415 1266 quod
1430 1231 1638 1258 acerbissimum
1652 1236 1702 1263 est,
1718 1231 1790 1267 quod
1801 1235 1865 1258 sunt

1071 1304 1145 1339 quod
1155 1305 1214 1330 sine
1226 1305 1340 1340 imperio
1351 1305 1445 1341 populi
1456 1306 1578 1338 Romani,
1593 1307 1652 1333 suis
1663 1307 1804 1337 institutis,
1817 1313 1866 1341 per

1071 1350 1099 1367 se
1121 1342 1174 1376 ipsi
1191 1342 1225 1368 ita
1242 1341 1361 1369 fuerunt.
1402 1343 1504 1370 Nomen
1519 1349 1608 1370 autem
1619 1343 1760 1379 publicani
1771 1351 1865 1378 asper-

1071 1379 1129 1405 nari
1141 1387 1193 1405 non
1204 1385 1326 1414 possunt,
1335 1381 1383 1415 qui
1394 1380 1511 1415 pendere
1522 1381 1576 1416 ipsi
1587 1381 1766 1417 vectigalsine
1772 1379 1865 1416 publi-

1071 1424 1137 1442 cano
1147 1425 1199 1442 non
1210 1422 1362 1452 potuerunt,
1379 1417 1452 1452 quod
1464 1418 1507 1444 his
1517 1418 1665 1454 aequaliter
1675 1418 1750 1445 Sulla
1761 1417 1865 1445 descri-

1070 1458 1169 1488 pserat.
1210 1455 1268 1480 Non
1284 1463 1343 1481 esse
1358 1459 1447 1481 autem
1464 1455 1578 1482 leniores
1590 1456 1617 1482 in
1627 1455 1769 1492 exigendis
1779 1455 1865 1482 vecti-

1046 1491 1048 1518 }
1069 1490 1309 1526 galibusGraecos,
1322 1501 1403 1527 quam
1415 1497 1518 1520 nostros
1528 1492 1697 1528 publicanos,
1711 1493 1775 1519 hinc
1785 1491 1865 1519 intel-

1071 1528 1118 1563 ligi
1130 1533 1228 1563 potest,
1245 1529 1317 1564 quod
1329 1529 1425 1556 Caunii
1436 1539 1534 1565 nuper,
1551 1539 1699 1566 omnesque
1710 1539 1744 1557 ex
1753 1529 1862 1560 insulis,

1069 1573 1138 1600 quae
1150 1570 1224 1592 erant
1235 1566 1269 1592 ab
1275 1566 1348 1593 Sulla
1360 1566 1472 1594 Rhodiis
1483 1568 1634 1599 attributae,
1642 1567 1821 1603 confugerunt
1830 1565 1864 1593 ad

1069 1607 1202 1634 senatum,
1215 1603 1294 1629 nobis
1306 1609 1334 1630 ut
1345 1604 1435 1638 potius
1446 1605 1570 1641 vectigal,
1582 1614 1664 1641 quam
1675 1605 1787 1631 Rhodiis
1797 1612 1865 1639 pen-

1069 1639 1172 1666 derent.
1203 1639 1290 1672 Quare
1303 1649 1399 1667 nomen
1409 1641 1551 1676 publicani
1562 1651 1650 1678 neque
1661 1643 1680 1669 ii
1691 1642 1791 1668 debent
1802 1641 1865 1667 hor-

1069 1685 1140 1708 rere,
1157 1678 1205 1711 qui
1221 1686 1328 1712 semper
1338 1678 1483 1714 vectigales
1495 1678 1616 1710 fuerunt,
1634 1687 1722 1714 neque
1737 1679 1757 1705 ii
1772 1686 1865 1713 asper-

1069 1714 1140 1744 nari,
1157 1715 1206 1748 qui
1221 1723 1269 1749 per
1283 1724 1312 1741 se
1323 1715 1439 1750 pendere
1450 1716 1565 1752 vectigal
1577 1725 1628 1743 non
1640 1720 1798 1751 potuerunt.
1816 1723 1864 1742 ne-

1135 1751 1150 1756 ””
1630 1755 1671 1780 34.
1692 1752 1778 1779 Simul
1794 1757 1819 1779 et
1830 1752 1865 1778 il-

1069 1787 1116 1814 lud
1127 1788 1189 1814 Asia
1199 1790 1310 1824 cogitet,
1329 1789 1431 1816 nullam
1443 1799 1457 1817 a
1467 1799 1496 1817 se
1508 1799 1596 1826 neque
1607 1790 1672 1817 belli
1684 1790 1786 1817 externi
1795 1810 1801 1820 ,
1817 1798 1864 1816 ne-

1068 1833 1121 1860 que
1132 1825 1329 1853 discordiarum
1345 1827 1553 1855 domesticarum
1565 1828 1742 1854 calamitatem
1753 1826 1865 1853 abfutu-

1068 1871 1125 1889 ram
1137 1862 1236 1894 fuisse,
1258 1864 1282 1890 si
1297 1864 1346 1891 boc
1362 1865 1475 1900 imperio
1487 1874 1539 1892 non
1551 1870 1694 1892 teneretur.
1734 1863 1764 1891 Id
1774 1868 1863 1890 autem

1068 1900 1213 1934 imperium
1225 1909 1310 1936 quum
1321 1903 1430 1928 retineri
1443 1903 1502 1929 sine
1514 1902 1694 1939 vectigalibus
1704 1900 1864 1928 nullomodo

1067 1939 1161 1972 possit,
1169 1946 1255 1973 aequo
1261 1939 1350 1965 animo
1359 1944 1434 1974 parte
1444 1939 1534 1975 aliqua
1545 1948 1656 1966 suorum
1668 1939 1805 1966 fructuum
1815 1946 1864 1973 pa-

1045 1979 1046 1998 1
1068 1983 1126 2000 cem
1138 1975 1191 2001 sibi
1203 1977 1395 2010 sempiternam
1407 1976 1521 2004 redimat
1531 1982 1610 2012 atque
1621 1977 1716 2004 otium.

1123 2012 1183 2039 ΧΠ.
1195 2014 1241 2039 35.
1257 2013 1334 2045 Quod
1345 2014 1369 2040 si
1379 2022 1466 2050 genus
1477 2015 1569 2049 ipsum
1580 2019 1606 2041 et
1616 2022 1712 2041 nomen
1723 2012 1864 2048 publicani

1044 2047 1046 2059 ³
1067 2057 1120 2075 non
1132 2050 1226 2085 iniquo
1237 2051 1327 2077 animo
1341 2052 1529 2078 sustinebunt:
1546 2055 1671 2086 poterunt
1685 2052 1733 2082 iis,
1750 2049 1864 2077 oonsilio

1044 2264 1046 2297 ἓ

1044 2303 1046 2325 ι

1044 2333 1046 2344 l

1044 2345 1046 2399 l

1042 2556 1044 2589 l

1068 2091 1093 2112 et
1104 2087 1247 2121 prudentia
1258 2092 1317 2119 tua,
1336 2088 1439 2123 reliqua
1455 2089 1543 2115 videri
1553 2089 1668 2115 mitiora.
1709 2088 1824 2116 Possunt
1834 2087 1863 2113 in

1068 2124 1239 2158 pactionibus
1254 2124 1385 2152 faciendis
1401 2134 1453 2152 non
1469 2125 1556 2162 legem
1571 2131 1691 2161 spectare
1701 2125 1860 2154 censoriam.

1068 2161 1115 2187 sed
1128 2163 1218 2196 potius
1233 2162 1450 2189 commoditatem
1465 2163 1625 2190 conficiendi
1639 2163 1740 2199 negotii
1755 2166 1781 2189 et
1794 2161 1864 2188 libe-
1895 2190 1902 2198 ‚

1067 2199 1196 2225 rationem
1213 2199 1361 2226 molestiae.
1400 2200 1478 2227 Potes
1493 2201 1574 2227 etiam
1585 2205 1614 2227 tu
1628 2200 1657 2227 id
1672 2200 1771 2230 facere,
1789 2197 1863 2233 quod

1067 2240 1094 2262 et
1108 2235 1195 2262 fecisti
1211 2238 1320 2273 egregie
1339 2242 1365 2264 et
1380 2236 1459 2269 facis,
1485 2242 1514 2264 ut
1531 2245 1738 2267 commemom,
1762 2240 1863 2271 quanta

1067 2273 1103 2299 sit
1123 2274 1150 2299 in
1170 2274 1325 2308 publicanis
1345 2274 1477 2310 dignitas,
1499 2279 1631 2310 quantum
1651 2280 1700 2301 nos
1717 2273 1758 2300 illi
1772 2272 1862 2299 ordini
1886 2279 1897 2298 J

1067 2310 1229 2342 debeamus,
1252 2316 1282 2338 ut
1297 2317 1397 2338 remoto
1411 2313 1526 2347 imperio
1541 2321 1571 2338 ac
1585 2312 1614 2338 vi
1628 2311 1766 2346 potestatis
1781 2315 1806 2336 et
1821 2309 1862 2336 fa-
1887 2314 1893 2320 ·

1067 2349 1154 2374 scium
1169 2348 1330 2383 publicanos
1344 2357 1407 2375 cum
1422 2349 1532 2376 Graecis
1546 2349 1631 2385 gratia
1651 2352 1730 2383 atque
1745 2347 1862 2374 auctori-

1067 2390 1118 2412 tate
1133 2386 1292 2422 coniungas.
1331 2385 1384 2412 Sed
1399 2391 1425 2412 et
1439 2386 1472 2412 ab
1488 2387 1536 2417 iis,
1552 2386 1586 2412 de
1600 2385 1818 2421 quibusoptime
1830 2389 1860 2410 tu
1887 2387 1892 2390 '

1066 2424 1179 2449 meritus
1189 2432 1227 2455 es,
1240 2428 1266 2450 et
1276 2424 1324 2458 qui
1335 2423 1385 2449 tibi
1395 2424 1485 2450 omnia
1496 2423 1606 2453 debent,
1620 2422 1670 2448 hoc
1680 2427 1768 2457 petas,
1780 2426 1811 2448 ut
1820 2421 1861 2448 fa-

1066 2460 1167 2486 cilitate
1182 2469 1231 2486 sua
1247 2469 1295 2487 nos
1310 2469 1369 2487 eam
1385 2459 1627 2491 necessitudinem,
1646 2467 1716 2494 quae
1730 2463 1771 2485 est
1780 2458 1859 2485 uobis

1065 2505 1128 2523 cum
1153 2497 1321 2532 publicanis,
1348 2497 1468 2524 obtinere
1488 2502 1514 2523 et
1532 2504 1690 2523 conservare
1711 2497 1857 2531 patiantur.

1065 2536 1106 2560 36.
1128 2534 1181 2560 Sed
1199 2535 1267 2569 qnid
1287 2543 1337 2570 ego
1356 2539 1380 2560 te
1396 2534 1461 2560 haec
1476 2533 1578 2564 hortor,
1600 2542 1670 2568 quae
1684 2537 1713 2559 tu
1727 2541 1781 2559 non
1799 2540 1859 2559 mo-

1064 2571 1099 2597 do
1119 2571 1205 2597 facere
1225 2577 1300 2606 potes
1320 2576 1363 2598 tua
1384 2575 1478 2606 sponte
1498 2572 1557 2597 sine
1571 2571 1734 2605 cuiusquam
1748 2577 1858 2604 praeoe-

1064 2609 1132 2642 ptis,
1149 2608 1197 2634 sed
1211 2610 1292 2635 etiam
1307 2617 1404 2644 magna
1419 2609 1473 2634 iam
1487 2616 1522 2634 ex
1536 2613 1610 2642 parte
1625 2606 1780 2642 perfecisti?
1798 2607 1856 2633 Non

1040 2664 1043 2670 .
1063 2646 1136 2671 enim
1156 2645 1290 2672 desistunt
1312 2645 1390 2672 nobis
1409 2653 1487 2681 agere
1509 2644 1630 2679 quotidie
1650 2645 1749 2680 gratias
1773 2644 1857 2670 hone-
