1941 3052
274 152 301 174 ns.
812 154 834 174 :t
871 151 1075 176 tNtltiltTt

269 221 356 246 omnis
376 219 527 246 inveniendi
549 221 696 254 praeceptio
715 220 761 246 tibi
781 221 980 254 quamprimum
1002 229 1061 254 per·
1082 230 1090 250 t,

270 257 425 283 solveretur.
462 257 587 291 Reliquae
606 262 730 291 ‹pt-'itiner
749 263 835 291 parts-s
854 262 926 283 erant
945 257 1058 282 artiticii.
1082 259 1083 274 ἶ

271 295 304 320 Ι)ι·
321 295 405 320 tribus
420 295 539 328 partibus
554 295 580 319 in
597 294 644 320 ho(-
656 294 861 328 librodicetnps,
875 294 1057 328 dispositione,
1082 293 1083 298 ¹

272 332 492 366 premuntiatione,
511 332 646 357 momoria.
687 332 720 357 De
735 331 889 361 elocutione,
907 332 969 365 quia
985 330 1060 365 plura
1082 346 1083 352 κ

271 369 380 394 dicenda
401 369 567 398 videbantur,
591 369 615 394 in
630 373 724 402 (ptarto
745 368 811 394 libro
824 368 990 393 conscribere
1006 377 1061 393 ma—
1082 384 1083 392 t

272 406 385 438 ininius,
401 414 491 440 quem,
509 410 537 431 ut
551 405 669 435 arbitror,
687 406 733 431 tibi
746 405 843 430 librum
855 405 1061 430 celeriterabso-
1082 424 1083 434 ,

273 443 357 468 lutum
378 444 522 472 mittemus,
545 452 576 467 ne
590 442 655 476 quid
671 443 717 468 tibi
733 442 877 468 rhetoricae
891 443 954 468 artis
967 442 1060 467 deesse
1082 439 1083 458 l

272 481 363 514 possit.
399 481 496 506 Interea
517 480 600 514 prima
618 488 740 513 quaeque
759 484 784 504 et
803 480 954 509 nobiscum,
975 487 1059 513 quum
1082 491 1083 497 ¹

273 518 352 547 voles,
369 522 393 542 et
409 517 540 542 interdurn
555 517 612 542 sine
627 517 702 542 nobis
716 516 826 551 legendo
836 525 1011 550 consequere,
1029 524 1061 542 ne

270 555 336 588 quid
355 554 507 588 impu-(liure,
529 554 593 588 quin
613 553 644 579 ad
664 554 731 579 hanc
749 554 889 580 utilitatem
904 554 1000 588 pariter
1015 562 1061 579 no-

272 592 374 617 biscum
399 591 520 625 progredi
546 591 641 624 possis.

272 629 411 662 praebeas:
428 637 474 653 nos
490 629 618 661 proticisci
634 628 665 653 ad
680 629 798 654 instituta
814 637 966 663 pergemus.

326 666 357 691 Il.
377 667 402 691 ⁹2.
427 665 633 691 Deliberationes
657 667 751 700 partim
774 670 837 691 sunt
860 665 1006 695 eiusmodi,
1033 669 1061 691 ut

270 706 420 737 «praeratum
438 707 527 728 utrum
542 703 630 737 potius
645 702 794 729 faciendum
810 704 857 735 sit3
879 703 973 737 partim
988 703 1061 728 eius-

272 739 350 770 modi,
369 743 405 770 nt,
422 739 487 774 quid
502 740 671 774 potissimum
687 739 836 766 faciendum
851 741 893 771 sit,
910 739 1061 765 considere-

272 782 323 802 tur.
358 777 450 803 Utrum
466 777 563 811 potius,
581 777 628 803 hoc
643 777 733 803 modo:
756 778 888 810 Karthago
903 777 1016 803 tollenda
1027 786 1060 803 an

271 814 444 848 relinquenda
459 814 588 840 videatur.
625 814 696 846 Quid
710 815 889 849 potissimum,
907 815 955 840 hoc
969 819 1057 848 pacto:

271 856 300 877 ut
314 852 335 877 si
352 851 480 877 Hannibal
495 851 634 882 consultet,
647 860 733 886 quum
743 860 776 878 ex
787 852 858 877 Italia
871 852 1059 885 Karthaginem
1082 866 1083 874 κ

271 889 420 918 arcessitur,
441 889 467 914 in
487 888 559 914 Italia
577 893 717 919 remaneat,
739 898 771 915 an
789 889 898 915 domum
914 888 1010 918 redeat,
1028 897 1059 914 an

270 927 297 951 in
316 926 467 961 Aegyptum
487 925 619 960 profectus
635 930 745 960 occupet
763 926 960 952 Alexandriam.
996 927 1059 951 Item

270 962 473 989 deliberationes
493 963 586 997 partim
610 963 683 997 ipsae
701 968 806 997 propter
825 972 853 989 se
871 963 1060 989 consultandae
1082 966 1083 993 1

271 1004 342 1030 sunt,
359 1004 388 1026 ut
401 1001 423 1025 si
438 999 565 1026 deliberet
579 1004 695 1031 senatus,
708 1001 826 1035 captivos
841 1001 873 1027 ab
885 1000 1007 1026 hostibus
1020 1009 1061 1026 rt>

270 1037 361 1068 dimat,
387 1046 418 1063 an
442 1046 507 1069 non,
536 1038 630 1071 partim
650 1042 756 1072 propter
773 1037 890 1073 aliquam
909 1042 1059 1064 extraneam
1082 1065 1083 1073 Ι

270 1083 391 1100 caussam
406 1075 517 1100 veniunt
527 1075 553 1100 in
565 1074 781 1101 deliberationem
793 1080 817 1101 et
828 1075 1057 1105 consultationem,

271 1114 299 1137 ut
318 1112 340 1137 si
355 1111 483 1137 deliberet
497 1116 604 1137 senatus
619 1112 689 1138 bello
703 1112 799 1144 Italico,
821 1113 939 1139 solvatne
954 1112 1059 1147 legibus

271 1149 431 1183 Scipionem,
448 1153 477 1174 ut
491 1157 552 1175 eum
568 1149 642 1175 liceat
654 1154 712 1175 ante
723 1154 828 1184 tempus
839 1149 976 1176 consulem
988 1150 1057 1177 lieri:

271 1187 365 1220 partim
380 1190 405 1212 et
419 1190 525 1221 propter
538 1195 566 1212 se
580 1191 643 1213 sunt
657 1186 851 1218 deliberandae,
868 1192 893 1213 et
905 1187 989 1221 magis
1000 1195 1060 1221 pro-

271 1227 328 1257 pter
346 1228 496 1249 extraneam
515 1232 637 1250 caussam
656 1224 768 1250 veniunt
786 1225 813 1251 in
827 1224 1056 1254 consultationem,
1082 1232 1083 1236 ¹

272 1265 299 1286 ut
317 1261 339 1286 si
359 1260 487 1286 deliberet
505 1265 612 1287 senatus
631 1260 701 1288 bello
714 1261 812 1293 1talico,
833 1263 911 1288 sociis
926 1262 1058 1288 civitatem
1081 1291 1082 1294 Ἰ

269 1298 321 1325 det,
338 1307 370 1323 an
386 1307 447 1323 non.
470 1299 497 1324 In
512 1298 612 1332 quibus
627 1299 730 1325 caussis
744 1300 780 1326 rei
795 1304 887 1326 natura
903 1299 979 1326 saciet
992 1298 1060 1324 deli-

271 1335 440 1366 berationem,
461 1336 548 1361 omnis
566 1337 647 1362 oratio
661 1336 693 1362 ad
707 1337 794 1371 ipsam
809 1346 863 1363 rein
878 1335 1059 1363 accommoda·
1081 1355 1082 1359 ,

270 1372 350 1398 bitur.
385 1373 412 1398 In
432 1373 532 1407 quibus
546 1377 668 1399 extranea
687 1382 780 1400 caussa
794 1374 914 1401 conficiet
928 1374 1060 1400 delibera-

270 1410 377 1439 tionem,
397 1410 424 1435 in
444 1410 485 1435 his
500 1419 529 1436 ea
544 1410 601 1444 ipsa
615 1419 708 1436 caussa
723 1412 771 1437 erit
785 1411 939 1447 adaugenda
955 1415 1000 1437 aut
1013 1410 1059 1436 de-

270 1447 417 1481 primenda.
449 1449 472 1473 3.
489 1447 600 1473 Omnem
615 1449 759 1474 orationem
775 1458 874 1479 eorum,
892 1449 938 1484 qui
953 1453 1060 1474 senten-

269 1485 332 1510 tiam
346 1484 442 1515 dicent,
460 1484 538 1510 tinem
553 1485 604 1511 sibi
618 1487 758 1512 conveniet
769 1486 890 1512 utilitatis
901 1493 1056 1521 proponere,

269 1526 298 1547 ut
311 1522 397 1547 omnis
412 1530 442 1547 eo
456 1522 536 1547 totius
550 1523 674 1548 orationis
688 1523 754 1549 ratio
768 1523 927 1549 conferatur.
955 1522 1058 1549 Utilitas

268 1559 295 1584 in
310 1558 377 1584 duas
391 1563 478 1593 partes
492 1559 519 1585 in
533 1559 607 1585 civili
621 1560 813 1586 consultatione
823 1560 961 1591 dividitur,
975 1564 1059 1586 tutam

268 1600 293 1621 et
307 1596 455 1622 honestam.
467 1597 534 1622 Tuta
548 1601 595 1627 est,
612 1605 680 1631 quae
694 1598 798 1624 conticit
808 1598 931 1624 instantis
943 1602 988 1624 aut
996 1606 1060 1624 con-

268 1634 405 1668 sequentis
420 1633 532 1668 periculi
546 1634 700 1660 vitationem
714 1634 834 1669 qualibet
847 1635 956 1661 ratione.
990 1635 1059 1661 Haec

268 1671 439 1697 distribuitur
460 1672 488 1697 in
507 1671 562 1697 vim
585 1675 610 1697 et
623 1671 729 1705 dolum,
757 1681 873 1707 quorum
887 1676 933 1698 aut
946 1671 1058 1698 alterum

269 1709 410 1742 separatim
437 1712 482 1734 aut
495 1712 640 1743 utrumque
654 1718 794 1735 sumemus
808 1709 980 1736 coniunctim.
1012 1709 1058 1735 Vis

268 1745 419 1771 decernitur
441 1754 488 1780 per
510 1746 650 1777 exercitus,
675 1746 783 1778 classes,
809 1756 894 1778 arma,
919 1751 1056 1777 tormenta.

269 1783 434 1809 evocationes
449 1783 588 1809 hominum
602 1787 627 1809 et
641 1783 705 1809 alias
720 1784 875 1810 huiusmodi
889 1793 941 1810 res.
978 1783 1059 1810 Dolus

269 1821 435 1846 consumitur
448 1821 475 1846 in
494 1821 615 1855 pecunia,
628 1820 826 1855 pollicitatione,
835 1820 1056 1852 dissimulatione,

270 1858 451 1888 maturatione,
484 1859 617 1884 mentione
639 1862 664 1884 et
681 1859 775 1884 ceteris
794 1859 882 1890 rebus,
908 1858 941 1884 de
958 1859 1059 1893 quibus

269 1896 354 1931 magis
368 1894 462 1921 idoneo
476 1899 594 1929 tempore
609 1894 757 1930 loquemur,
774 1896 797 1922 si
811 1895 918 1931 quando
928 1895 961 1921 de
971 1904 998 1922 re
1009 1896 1060 1922 mi-

270 1932 338 1958 litari
356 1937 401 1958 aut
414 1932 447 1958 de
465 1932 692 1958 administratione
707 1933 870 1967 reipublicae
884 1933 999 1959 scribere
1013 1942 1061 1959 vo-
1081 1949 1083 1951 -

270 1969 366 1995 lenius.
391 1970 505 1996 Honesta
519 1978 560 1996 res
574 1969 704 1996 dividitur
717 1970 745 1996 in
759 1975 861 1997 rectum
875 1975 900 1996 et
914 1970 1057 1996 laudabile.

268 2007 379 2032 Rectum
394 2011 441 2038 est,
462 2006 535 2041 quod
548 2015 609 2033 cum
624 2008 722 2033 virtute
736 2012 761 2034 et
774 2007 861 2034 officio
875 2007 913 2034 fit.
947 2007 976 2034 Id
990 2007 1060 2033 divi-

257 2043 342 2075 (ditur
360 2044 387 2070 in
405 2044 584 2079 prudentiam,
603 2045 742 2075 iustitiam,
760 2044 952 2075 fortitudinem,
968 2044 1060 2071 mode-

256 2081 357 2106 tstiani.
390 2081 532 2107 Prudentia
547 2085 587 2107 est
600 2081 817 2117 calliditas,quae
830 2083 930 2108 ratione
943 2081 1059 2117 quadam

269 2122 355 2152 potest
368 2118 500 2144 delectum
515 2118 612 2144 habere
627 2118 758 2145 bonorum
776 2124 802 2145 et
815 2119 955 2146 malorum.
989 2119 1060 2145 Dici-

271 2160 312 2181 tur
330 2156 393 2181 item
412 2155 551 2190 prudentia
570 2156 679 2182 scientia
697 2156 838 2182 cuiusdam
853 2156 966 2182 artificii.
994 2157 1059 2182 Item

269 2192 418 2227 appellatur
439 2192 580 2227 prudentia
602 2201 689 2218 rerum
713 2193 858 2219 multarum
883 2194 1009 2219 memoria
1035 2197 1060 2219 et

270 2238 336 2255 usus
349 2229 529 2264 complurium
544 2230 720 2265 negotiorum.
755 2231 856 2256 Iustitia
875 2234 915 2256 est
928 2231 1056 2264 aequitas,

269 2268 312 2293 ius
326 2267 474 2301 unicuique
487 2267 608 2293 tribuens
622 2275 670 2301 pro
683 2267 812 2302 dignitate
825 2268 968 2302 cuiusque.
995 2267 1060 2293 For-

270 2304 354 2330 titudo
368 2308 407 2330 est
420 2312 509 2330 rerum
523 2312 679 2339 magnarum
690 2305 816 2338 appetitio
829 2309 854 2330 et
866 2313 954 2330 reruni
969 2304 1060 2330 humi—

270 2341 336 2367 lium
350 2341 510 2376 contemptio
524 2345 549 2367 et
563 2340 659 2367 laboris
670 2350 732 2367 cum
747 2341 869 2367 utilitatis
884 2342 984 2367 ratione
999 2350 1059 2375 per-

269 2379 367 2412 pessio.
402 2378 530 2405 Modestia
548 2382 588 2404 est
605 2379 633 2404 in
652 2379 740 2405 animo
757 2379 895 2405 continens
914 2378 1059 2405 moderatio

269 2415 455 2449 cupiditatum.
492 2416 535 2442 111.
556 2416 579 2441 4.
599 2415 758 2442 Prudentiae
776 2416 897 2450 partibus
911 2420 1018 2441 utemur
1031 2416 1058 2441 in

269 2452 388 2483 dicendo,
409 2453 432 2479 si
450 2452 586 2479 commoda
605 2461 667 2478 eum
685 2453 861 2479 incommodis
879 2452 1056 2483 conferemus,

269 2498 355 2524 quum
374 2489 487 2516 alterum
505 2490 592 2524 sequi,
614 2490 697 2516 vitare
715 2490 827 2516 alterum
846 2489 1056 2522 cohortabimur,

269 2531 314 2552 aut
331 2527 354 2552 si
372 2535 425 2561 qua
443 2527 470 2552 in
488 2535 515 2553 re
529 2526 726 2553 cohortabimur
740 2527 850 2562 aliquid,
867 2527 944 2553 cuius
959 2527 997 2553 rei
1010 2526 1059 2553 ali-

268 2572 350 2598 quam
363 2563 588 2598 disciplinabilem
602 2565 740 2590 scientiam
754 2565 901 2599 poterimus
915 2564 1020 2594 habere,
1034 2568 1059 2590 et

268 2609 322 2635 quo
345 2601 423 2627 modo
446 2605 490 2627 aut
511 2609 564 2635 qua
586 2601 707 2636 quidque
729 2602 829 2628 ratione
853 2602 909 2627 fieri
931 2605 1055 2635 oporteat,

268 2638 453 2670 ostendemus3
479 2643 524 2664 aut
537 2638 560 2664 si
574 2638 749 2664 suadebimus
762 2639 912 2673 quippiam,
928 2638 1006 2664 cuius
1020 2638 1058 2664 rei

267 2679 357 2710 gestae
370 2679 415 2702 aut
428 2679 594 2710 praesentem
608 2679 653 2702 aut
666 2675 783 2702 auditam
795 2676 950 2702 memoriam
960 2675 1058 2710 poteri-

1111 151 1360 177 AUttTottIS

1113 230 1172 246 mue
1189 221 1354 255 habore-,qun
1369 222 1395 247 in
1410 230 1436 248 re
1451 221 1527 248 facile
1542 221 1656 256 id,quod
1670 222 1791 252 velimus,
1807 232 1897 250 exem-

1113 257 1156 292 plo
1178 257 1256 283 allato
1279 258 1437 292 [uersuadere
1460 260 1603 293 ptissimus.
1639 260 1756 285 iustitiae
1778 261 1898 294 partibus

1113 299 1226 324 ute-mur.
1247 295 1268 320 ei
1288 300 1333 320 aut
1351 296 1531 322 innocentium
1551 301 1595 321 aut
1611 296 1764 330 supplicum
1778 297 1898 323 dicemus

1113 332 1230 357 misereri
1255 336 1387 366 oportere,
1416 334 1437 359 si
1457 333 1627 359 ostendemus
1650 334 1716 359 bene
1735 335 1899 361 merentibus

1111 369 1221 403 gratiam
1241 368 1330 395 referri
1349 371 1503 401 convenire;
1530 371 1551 396 si
1570 370 1812 397 demonstrabimus
1832 371 1900 397 ulci-

1111 406 1149 431 sci
1165 405 1232 431 male
1247 407 1354 432 meritos
1367 412 1499 441 oportere;
1516 407 1538 433 si
1554 407 1632 433 tidem
1644 416 1741 442 magno
1750 417 1828 442 opere
1838 418 1899 434 ren-

1111 443 1232 468 sebimus
1253 444 1475 476 conservandam3
1504 445 1527 470 si
1547 443 1618 479 leges
1636 449 1661 470 et
1679 454 1764 471 mores
1783 446 1899 471 civitati·-

1111 480 1216 512 egregie
1230 479 1351 506 dicemus
1365 486 1482 515 oportere
1497 482 1609 513 servari3
1634 482 1655 507 si
1670 483 1807 508 societates
1821 488 1899 517 atque

1112 517 1241 543 amicitias
1255 517 1374 543 studiose
1387 518 1509 544 dicemus
1523 518 1572 544 coli
1591 520 1746 551 coni-enirm
1774 520 1806 549 si,
1827 520 1898 554 quod

1081 518 1090 606 li
1112 554 1154 579 ius
1174 554 1199 580 in
1214 559 1344 588 parentes.
1361 555 1433 586 deos,
1455 556 1564 590 patriam
1581 560 1672 581 natura
1685 557 1855 591 comparavit,
1873 557 1898 582 id

676 592 752 617 Nunc
775 596 802 617 tu
827 591 866 617 sac
889 595 1016 617 attentum
1037 595 1060 616 te
1081 609 1090 739 Ι

1081 817 1083 842 l

1112 591 1234 625 religiose
1247 591 1388 618 colendum
1403 593 1658 624 demonstrabimus,
1675 593 1697 618 si
1713 594 1835 628 hospitia,
1851 594 1899 620 cli-

1111 628 1221 659 entelas,
1246 630 1428 663 cognationes,
1455 629 1594 655 affinitates
1612 634 1682 655 caste
1699 630 1823 657 colendas
1841 639 1899 657 esse

1111 665 1246 698 dicemus,
1263 667 1284 692 si
1300 675 1347 692 nec
1361 675 1437 700 prece
1452 676 1499 692 nec
1514 668 1597 701 pretio
1611 676 1657 693 nec
1671 668 1753 700 aratia
1768 677 1816 694 nec
1829 669 1900 702 peri-

1111 702 1172 728 culo
1195 712 1242 729 nec
1264 703 1399 729 simultate
1422 713 1435 729 a
1461 705 1500 730 via
1523 709 1590 729 recta
1614 705 1784 730 ostendemus
1802 705 1898 731 deduci

1088 752 1090 765 i
1111 744 1243 774 oportere,
1259 741 1281 766 si
1295 740 1425 771 dicemus,
1442 742 1468 767 in
1482 742 1607 767 omnibus
1618 742 1756 776 aequabile
1766 743 1808 768 ius
1818 743 1898 768 statui

1111 777 1261 803 convenire.
1288 777 1334 803 llis
1349 783 1427 811 atque
1442 778 1595 804 huiusmodi
1611 779 1731 813 partibus
1747 780 1862 805 iustitiae
1875 780 1898 805 si

1110 822 1191 848 quam
1206 823 1260 840 rem
1276 815 1302 840 in
1316 816 1440 840 concione
1454 819 1499 840 aut
1513 816 1538 841 in
1553 816 1663 841 consilio
1678 816 1822 842 taciendam
1837 825 1899 842 cen-

1111 851 1240 881 sebimus,
1260 852 1357 877 iustam
1377 860 1434 877 esse
1457 852 1641 884 ostendemus,
1669 854 1806 879 contrariis
1828 854 1900 880 iniu-

1111 892 1186 914 stam.
1208 889 1244 914 Ita
1259 888 1310 918 fiet,
1327 894 1355 914 ut
1369 889 1470 915 eisdem
1485 889 1548 915 locis
1563 894 1587 915 et
1602 890 1634 915 ad
1649 890 1815 916 suadendum
1830 890 1899 917 etad

1111 925 1321 952 dissuadendum
1341 927 1427 952 simus
1445 927 1597 960 comparati.
1632 929 1654 953 5.
1675 927 1720 953 Sin
1737 927 1899 954 fortitudinis

1111 963 1263 989 retinendae
1293 972 1387 989 caussa
1414 963 1563 989 faciendum
1591 964 1657 999 quid
1683 973 1740 990 esse
1766 965 1896 994 dicemus,

1111 999 1291 1030 ostendemus,
1313 1009 1354 1026 res
1369 1009 1478 1036 magnas
1492 1005 1516 1026 et
1530 1001 1613 1027 celsas
1628 1002 1703 1036 sequi
1718 1007 1742 1027 et
1757 1003 1899 1036 appetere*

1111 1041 1242 1071 oportere,
1259 1042 1283 1063 et
1298 1038 1360 1063 item
1375 1046 1416 1064 res
1431 1038 1546 1064 humiles
1560 1043 1585 1064 et
1599 1039 1722 1074 indignas
1735 1040 1805 1065 viros
1819 1039 1899 1065 fortes

1111 1079 1247 1109 propterea
1261 1080 1428 1101 contemnere
1441 1080 1568 1109 oportere,
1589 1085 1636 1102 nec
1650 1076 1757 1102 idoneas
1771 1076 1899 1111 dignitate

1111 1120 1158 1137 sua
1178 1111 1304 1138 iudicare.
1338 1113 1403 1138 Item
1422 1112 1454 1138 ab
1473 1112 1545 1138 nulla
1564 1121 1590 1138 re
1606 1113 1713 1139 honesta
1728 1113 1838 1148 periculi
1855 1119 1900 1140 aut

1112 1148 1208 1175 laboris
1231 1149 1415 1184 magnitudine
1438 1149 1533 1176 deduci
1559 1155 1690 1184 oportere:
1723 1151 1898 1193 antiquiorem

1111 1191 1221 1212 mortem
1237 1187 1401 1221 turpitudine
1416 1186 1525 1219 habere,
1546 1187 1620 1213 nullo
1633 1185 1848 1223 ‹lolorectTg-ns‘ut
1866 1188 1899 1214 ab

1110 1223 1198 1249 officio
1219 1224 1368 1250 recedatur:
1403 1223 1505 1250 nullius
1528 1233 1574 1259 pro
1596 1226 1632 1251 rei
1654 1226 1760 1251 veritate
1782 1230 1899 1251 metuere

1111 1261 1278 1293 inimicitias;
1304 1261 1443 1296 quodlibet
1457 1270 1504 1295 pro
1518 1263 1610 1296 patria,
1627 1263 1791 1297 parentibuS‚
1808 1262 1899 1297 hospi-

1088 1313 1089 1316 «
1111 1298 1192 1328 tibus,
1213 1298 1305 1324 amicis
1323 1303 1347 1324 et
1366 1299 1398 1324 iis
1418 1298 1506 1328 rebus,
1523 1308 1590 1333 quas
1606 1300 1705 1325 iustitia
1720 1299 1805 1325 colere
1818 1300 1896 1335 cogit,

1110 1335 1182 1361 adire
1196 1335 1346 1370 periculum
1361 1340 1385 1361 et
1399 1335 1545 1370 quemlibet
1556 1337 1692 1371 suscipere
1704 1336 1828 1362 laborem.
1844 1337 1900 1363 Μο-

1110 1373 1208 1399 destiae
1223 1373 1344 1407 partibus
1357 1377 1472 1403 utemur.
1493 1374 1515 1399 si
1531 1374 1626 1399 nimias
1642 1373 1766 1399 libidines
1781 1373 1896 1403 honoris,

1111 1410 1247 1444 pecuniae,
1267 1409 1398 1436 similium
1418 1418 1505 1436 rerum
1524 1411 1749 1445 vituperabimus,
1777 1411 1800 1437 si
1819 1420 1899 1437 unam

1110 1455 1245 1482 quamque
1260 1455 1314 1473 rem
1329 1452 1398 1473 certo
1413 1452 1520 1473 naturae
1538 1449 1650 1474 termino
1664 1448 1836 1480 deflniemus3
1865 1449 1896 1479 si,

1110 1484 1182 1519 quod
1196 1485 1295 1519 cuique
1313 1485 1378 1510 satis
1391 1485 1434 1515 sit,
1451 1485 1631 1516 ostendemus,
1648 1486 1762 1511 nimium
1776 1485 1899 1521 progredi

1110 1521 1336 1553 dissuadebimus,
1353 1521 1462 1548 modum
1477 1522 1622 1557 unicuique
1636 1523 1673 1548 rei
1687 1527 1845 1549 statuemus.
1873 1525 1897 1549 6.

1110 1559 1269 1585 Huiusmodi
1284 1564 1371 1594 partes
1385 1564 1447 1585 sunt
1462 1560 1568 1585 virtutis
1582 1559 1822 1594 amplificandam&
1837 1569 1899 1586 sua-

1110 1596 1248 1629 debimus·7
1273 1596 1455 1627 attenuandae,
1481 1597 1503 1622 si
1522 1596 1555 1622 ab
1574 1596 1616 1623 his
1634 1596 1842 1628 dehortabimur,
1861 1596 1899 1633 [ut

1110 1634 1174 1660 haec
1187 1632 1376 1669 attenuentur,]
1393 1642 1461 1668 quae
1475 1642 1556 1668 supra
1569 1634 1756 1660 demonstravi.
1776 1634 1842 1660 Nam
1854 1643 1900 1660 ne-

1110 1679 1153 1697 mo
1170 1671 1227 1702 erit,
1253 1672 1301 1705 qui
1318 1675 1422 1697 censeat
1436 1680 1450 1697 a
1468 1671 1565 1697 virtute
1587 1671 1778 1703 recedendum3
1807 1680 1898 1698 verum

1110 1713 1155 1734 aut
1168 1716 1209 1734 res
1224 1717 1276 1734 non
1290 1707 1422 1734 eiusmodi
1436 1708 1558 1734 dicantur
1571 1716 1638 1739 esse,
1655 1713 1683 1734 ut
1698 1709 1822 1735 virtutem
1837 1717 1899 1744 pos-

1087 1743 1088 1746 ’
1110 1746 1196 1771 simus
1210 1746 1344 1781 egregiam
1359 1746 1482 1780 experiri,
1504 1750 1549 1771 aut
1562 1746 1589 1771 in
1603 1746 1741 1772 contrariis
1754 1747 1844 1780 potius
1858 1755 1899 1772 τι»

1110 1783 1170 1813 bus.
1191 1792 1273 1818 quam
1287 1783 1314 1811 iu
1329 1783 1380 1813 his,
1397 1783 1483 1809 virtus
1496 1787 1615 1809 constare
1629 1783 1789 1809 ostendatur.
1822 1783 1895 1815 Item,

1110 1821 1133 1846 si
1156 1829 1210 1854 quo
1232 1825 1308 1855 pacto
1330 1820 1485 1854 poterimus,
1505 1829 1585 1855 quam
1604 1821 1635 1851 is,
1656 1821 1703 1855 qui
1717 1825 1805 1846 contra
1819 1820 1896 1851 dicet,

1110 1858 1240 1884 iustitiam
1253 1858 1360 1888 vocarit,
1377 1865 1424 1883 nos
1438 1857 1679 1884 demonstrabimus
1693 1858 1827 1893 ignaviam
1840 1866 1898 1884 esse

1112 1894 1147 1931 [et
1160 1893 1292 1931 inertiam]
1308 1903 1337 1921 ac
1350 1903 1459 1930 pravam
1474 1893 1670 1927 liberalitatem,
1687 1903 1768 1929 quam
1781 1895 1899 1929 pruden—

1110 1933 1174 1958 tiam
1188 1931 1336 1967 appellarit,
1356 1933 1475 1967 ineptam
1489 1936 1515 1957 et
1527 1931 1660 1967 garrulam
1675 1937 1700 1958 et
1713 1931 1831 1958 odiosam
1845 1933 1898 1958 sci-

1111 1970 1207 1996 entiam
1222 1978 1280 1995 esse
1294 1969 1428 2002 dicemus3
1448 1977 1529 2004 quam
1545 1968 1590 1994 ille
1604 1969 1760 1995 modestiam
1773 1969 1843 1996 dicet
1856 1978 1899 1996 es-

1111 2015 1147 2037 se,
1164 2015 1221 2033 eam
1236 2015 1283 2033 nos
1297 2007 1418 2032 inertiam
1432 2011 1458 2032 et
1471 2005 1628 2032 dissolutam
1638 2006 1827 2041 negligentiam
1840 2015 1899 2033 esse

1111 2043 1246 2076 dicemus,
1262 2052 1344 2078 quam
1357 2043 1402 2070 ille
1416 2043 1598 2070 fortitudinem
1612 2043 1762 2074 nominarit,
1778 2052 1835 2070 eam
1851 2053 1898 2070 nos

1111 2081 1294 2118 gladiatoriam
1308 2085 1333 2107 et
1346 2080 1566 2107 inconsideratam
1580 2080 1777 2115 appellabimus
1792 2081 1899 2107 temeri-

1111 2123 1197 2144 tatem.
1230 2118 1272 2144 IV.
1288 2119 1313 2144 7.
1333 2117 1478 2144 Laudabile
1492 2121 1539 2148 est,
1556 2117 1628 2152 quod
1643 2117 1748 2144 conficit
1761 2117 1898 2144 honestam

1088 2163 1089 2168 ¹
1110 2160 1135 2181 et
1153 2159 1318 2190 praesentem
1335 2159 1362 2181 et
1382 2159 1588 2189 consequentem
1611 2155 1896 2181 commemorationem.

1088 2206 1089 2212 ,
1110 2192 1163 2219 Hoc
1177 2201 1224 2218 nos
1238 2201 1269 2218 eo
1282 2201 1296 2218 a
1309 2196 1379 2218 recto
1391 2200 1554 2226 separamus,
1571 2200 1623 2218 non
1633 2191 1706 2226 quod
1715 2191 1764 2218 hae
1773 2197 1898 2227 quattuor
1929 2203 1932 2205 >

1111 2234 1206 2264 partes,
1230 2237 1299 2264 quae
1321 2229 1501 2255 subiiciuntur
1524 2229 1575 2255 suh
1593 2228 1724 2255 vocabulo
1741 2229 1813 2260 recti,
1830 2229 1898 2256 hanc

1110 2267 1255 2293 honestatis
1273 2266 1550 2292 commemorationem
1568 2265 1630 2292 dare
1647 2274 1700 2292 non
1713 2265 1828 2299 soleant3
1849 2266 1898 2293 sed

1088 2297 1089 2324 l
1109 2312 1273 2338 quamquam
1287 2311 1321 2329 ex
1334 2308 1404 2329 recto
1418 2303 1550 2329 laudabile
1564 2303 1689 2334 nascitur,
1709 2307 1798 2330 tamen
1814 2304 1843 2330 in
1855 2303 1898 2330 di-

1109 2340 1193 2367 cendo
1210 2348 1330 2366 seorsum
1349 2340 1515 2366 tractandum
1533 2344 1572 2366 est
1589 2340 1639 2366 hoc
1655 2339 1688 2366 ab
1710 2339 1766 2366 illo.
1804 2341 1897 2376 Neque

1109 2378 1181 2404 enim
1195 2377 1282 2404 solum
1297 2377 1383 2403 laudis
1397 2386 1491 2403 caussa
1504 2381 1605 2403 rectum
1615 2377 1693 2411 sequi
1702 2378 1838 2410 convenit;
1850 2378 1897 2404 sed

1109 2415 1133 2441 si
1147 2414 1205 2440 laus
1218 2415 1399 2449 consequitur,
1415 2414 1567 2449 duplicatur
1576 2414 1640 2440 recti
1650 2414 1791 2448 appetendi
1801 2414 1898 2441 volun-

1109 2456 1158 2478 tas.
1192 2451 1282 2483 Quum
1300 2452 1383 2487 igitur
1395 2452 1445 2477 erit
1456 2451 1664 2477 demonstratum
1679 2456 1788 2483 rectum,
1805 2451 1898 2478 lauda-

1109 2489 1162 2515 bile
1176 2497 1235 2514 esse
1248 2489 1490 2515 demonstrabimus
1508 2492 1553 2514 aut
1566 2488 1599 2514 ab
1612 2487 1716 2514 idoneis
1730 2488 1894 2520 hominibus,

1109 2530 1139 2552 ut
1153 2527 1175 2552 si
1189 2534 1242 2560 qua
1255 2534 1298 2552 res
1312 2526 1456 2552 honestiori
1469 2524 1555 2551 ordini
1569 2524 1678 2559 placeat,
1691 2534 1759 2560 quae
1772 2534 1787 2552 a
1799 2525 1898 2552 deteri-

1109 2571 1153 2589 ore
1170 2563 1262 2589 ordine
1279 2563 1457 2598 improbetur,
1482 2566 1528 2588 aut
1545 2562 1578 2588 ab
1597 2562 1734 2597 aliquibus
1747 2563 1836 2594 sociis,
1851 2567 1897 2589 aut

1109 2600 1234 2626 omnibus
1247 2600 1362 2630 civibus,
1391 2600 1488 2625 exteris
1501 2599 1654 2626 nationibus
1666 2600 1835 2635 posterisque
1849 2609 1896 2626 no-

1109 2638 1181 2663 stris.

1163 2673 1253 2706 Quum
1267 2673 1423 2700 huiusmodi
1437 2673 1554 2700 locorum
1568 2673 1665 2700 divisio
1679 2673 1706 2700 tit
1720 2675 1747 2700 in
1763 2674 1896 2701 consulta-
