1941 3052
358 158 543 186 ORATIO
575 159 666 186 PRO
698 159 884 187 ARCHIA
917 160 1080 187 POETA.
1116 161 1369 188 otei—⁴2.

69 238 104 267 go
113 228 206 260 illum,
219 229 267 264 qui
279 228 344 255 haec
355 228 458 261 fecerat,
472 230 610 257 Rudinum
622 230 768 262 hominem,
782 232 867 257 maio-

69 276 112 294 res
123 267 206 294 nostri
217 267 245 292 in
256 267 391 293 civitatem
402 272 573 302 receperunt:
596 276 644 294 nos
660 268 732 294 hunc
743 268 867 294 Heracle-

69 312 171 336 ensem,
184 302 278 330 multis
289 304 444 330 civitatibus
456 305 614 339 expetitum,
628 305 654 331 in
667 305 716 331 hac
728 310 816 331 autem
829 305 867 331 le-

68 341 150 378 gibus
161 341 346 372 coustitutum,
360 341 392 368 de
404 346 494 368 nostra
505 343 612 369 civitate
623 342 781 369 eiiciemus‘?

124 380 167 406 23.
189 379 257 405 Nam
273 379 296 404 si
311 379 373 413 quis
389 380 519 406 minorem
537 379 637 415 gloriae
658 379 776 406 fructum
792 384 867 414 putat

69 424 103 443 ex
114 416 222 443 Graecis
233 416 357 442 versibus
374 417 488 452 percipi,
507 426 588 452 quam
604 425 638 443 ex
652 417 767 448 Latinis,
786 417 868 443 vehe-

69 458 172 480 menter
191 457 273 480 errat:
305 459 456 488 propterea,
479 454 552 489 quod
573 454 673 482 Graeca
694 454 820 490 leguntur
839 455 867 481 in

68 491 195 518 omnibus
212 490 266 517 fere
280 491 420 526 gentibus,
443 492 536 518 Latina
552 492 609 518 suis
625 492 738 523 finibus,
761 492 867 527 exiguis

70 537 147 560 sane,
160 529 340 555 continentur.
380 528 467 561 Quare
478 530 502 555 si
513 537 555 555 res
567 538 625 560 eae,
642 538 709 564 quas
720 530 865 565 gessimus,

69 566 142 593 orbis
153 570 237 592 terrae
247 566 404 601 regionibus
416 566 595 593 definiuntur:
611 575 710 601 cupere
725 567 865 597 debemus,

68 612 123 639 quo
134 612 265 630 manuum
276 607 427 630 nostrarum
439 603 490 630 tela
501 604 684 639 pervenerint,
702 603 795 630 eodem
810 603 869 639 glo-

69 641 136 667 riam
148 640 302 676 famamque
312 646 463 676 penetrare,
481 641 553 676 quod
569 650 654 676 quum
669 641 736 676 ipsis
747 641 865 676 populis,

69 678 102 705 de
113 687 229 714 quorum
241 678 321 704 rebus
332 679 472 710 scribitur,
490 678 555 705 haec
565 678 654 713 ampla
669 683 745 709 sunt,
764 683 821 704 tum
833 678 867 704 iis

68 720 150 747 certe,
168 716 216 751 qui
227 715 260 742 de
272 716 324 742 vita
335 715 436 751 gloriae
447 724 542 742 caussa
557 715 698 747 dimicant,
717 716 766 742 hoc
781 716 868 742 maxi-

69 762 145 780 mum
166 758 192 779 et
210 752 392 788 periculorum
412 753 616 779 incitamentum
637 757 718 779 estet
734 753 866 779 laborum.

68 792 109 818 ⁶24.
130 790 216 823 Quam
237 790 336 816 multos
356 790 499 825 scriptores
520 799 609 816 rerum
625 799 736 817 suarum
752 799 866 826 magnus

67 828 115 855 ille
129 827 280 854 Alexander
295 836 387 854 secum
403 827 531 854 habuisse
547 827 659 854 dicitur!
681 828 770 863 Atque
790 828 813 854 is
828 832 868 854 ta-

68 874 144 896 men,
167 873 253 900 quum
271 865 299 891 in
311 864 391 901 Sigeo
406 864 439 891 ad
450 864 564 891 Achillis
576 865 713 892 tumulum
725 866 864 896 astitisset,

69 903 92 930 O
101 906 243 937 fortunate,
256 903 354 937 inquit,
367 904 522 933 adolescens,
535 905 580 936 qui
591 907 649 929 tuae
660 905 765 929 virtutis
774 903 867 928 Home-

67 949 126 966 rum
134 948 286 973 praeconem
296 941 438 966 inveneris!
448 940 480 966 Et
491 948 563 966 vere.
594 940 670 971 Nam,
685 940 737 966 nisi
748 940 809 966 Ilias
821 939 867 966 illa

68 977 224 1008 exstitisset,
237 977 309 1003 idem
321 977 453 1009 tumulus,
467 978 514 1012 qui
526 986 623 1012 corpus
634 979 692 1004 eius
703 982 864 1008 contexerat,

68 1023 166 1042 nomen
186 1015 265 1041 etiam
287 1015 430 1041 obruisset.
463 1014 553 1047 Quid?
572 1019 662 1042 noster
682 1015 725 1041 hic
741 1016 864 1051 Magnus,

67 1053 116 1088 qui
127 1061 189 1079 cum
200 1053 298 1078 virtute
310 1052 443 1079 fortunam
455 1052 623 1088 adaequavit,
632 1061 720 1079 nonne
726 1053 868 1088 Theopha-

68 1098 129 1117 nem
140 1089 345 1125 Mitylenaeum,
362 1091 518 1124 scriptorem
530 1098 619 1117 rerum
631 1099 751 1121 suarum,
764 1091 792 1117 in
804 1099 868 1117 con-

68 1128 144 1154 cione
155 1127 273 1153 militum
284 1128 392 1154 civitate
402 1127 529 1154 donavit‘?
549 1132 575 1154 et
586 1128 669 1154 nostri
681 1127 721 1154 illi
733 1127 814 1154 fortes
825 1128 868 1154 vi-

68 1165 105 1197 ri,
122 1164 170 1191 sed
186 1165 279 1191 rustici
295 1173 325 1191 ac
341 1165 453 1197 milites,
476 1164 620 1192 dulcedine
635 1165 752 1201 quadam
767 1165 867 1202 gloriae

67 1203 207 1234 commoti,
224 1203 302 1238 quasi
318 1203 461 1238 participes
473 1202 594 1229 eiusdem
607 1203 709 1233 laudis,
727 1212 823 1239 magno
833 1203 868 1230 il-

68 1239 116 1266 Iud
127 1239 242 1266 clamore
253 1240 486 1275 approbaverunt?
496 1242 538 1268 25.
551 1241 652 1276 Itaque,
665 1241 752 1272 credo,
766 1241 788 1267 si
799 1241 867 1267 civis

68 1278 204 1304 Romanus
215 1278 326 1304 Archias
339 1277 444 1313 legibus
456 1286 509 1305 non
520 1283 603 1310 esset,
621 1283 650 1305 ut
665 1279 698 1304 ab
714 1278 805 1313 aliquo
816 1279 868 1304 im-

68 1317 187 1351 peratore
198 1315 304 1341 civitatc
315 1315 465 1346 donaretur,
480 1316 606 1350 perficere
617 1324 669 1342 non
681 1317 777 1350 potuit.
805 1315 868 1342 Sul-

69 1353 106 1383 la,
120 1361 205 1387 quum
217 1353 349 1386 Hispanos
361 1357 386 1379 et
398 1353 488 1380 Gallos
500 1353 622 1384 donaret,
636 1353 723 1385 credo,
737 1353 809 1380 hunc
821 1362 868 1388 pe-

67 1394 167 1416 tentem
183 1389 365 1424 repudiasset,
387 1399 468 1425 quem
484 1399 532 1417 nos
547 1391 575 1417 in
590 1391 716 1418 concione
735 1391 864 1422 vidimus,

67 1436 154 1463 quum
171 1427 194 1453 ei
212 1427 334 1454 libellum
350 1427 437 1454 malus
454 1432 528 1462 poeta
539 1428 572 1454 de
583 1428 684 1463 populo
695 1428 864 1459 subiecisset,

67 1465 140 1500 quod
156 1465 320 1500 epigramma
332 1465 359 1491 in
371 1473 433 1492 eum
445 1465 552 1492 fecisset
563 1466 746 1493 tantummodo
757 1466 867 1493 alternis

68 1502 193 1529 versibus
205 1502 398 1538 longiusculis,
416 1504 506 1530 statim
517 1503 594 1530 exiis
607 1504 701 1536 rebus,
718 1512 787 1539 quas
803 1508 866 1530 tunc

67 1540 208 1571 vendebat,
217 1540 298 1566 iussit
308 1541 332 1567 ei
344 1541 493 1575 praemium
506 1541 588 1567 tribui
599 1541 651 1568 sub
662 1550 692 1568 ea
703 1541 863 1572 conditione,

66 1587 98 1604 ne
108 1580 171 1611 quid
178 1582 236 1611 post
247 1586 277 1604 ea
287 1580 417 1604 scriberet.
447 1578 500 1610 Qui
515 1578 687 1606 sedulitatem
698 1578 762 1606 mali
773 1584 866 1614 poetae

66 1615 175 1642 duxerit
195 1614 285 1650 aliquo
305 1619 393 1642 tamen
410 1616 528 1650 praemio
543 1616 667 1652 dignam,
691 1616 774 1643 huius
789 1617 866 1652 inge—

67 1653 143 1679 nium
159 1656 184 1678 et
199 1653 325 1679 virtutem
340 1653 368 1679 in
380 1653 522 1680 scribendo
532 1658 558 1680 et
568 1654 671 1688 copiam
684 1663 735 1681 non
747 1655 867 1689 expetis-

67 1689 126 1716 set?
154 1691 196 1717 26.
213 1689 303 1722 Quid?
322 1699 336 1717 a
347 1690 378 1723 Q.
392 1690 498 1718 Metello
510 1691 564 1723 Pio,
581 1691 793 1719 familiarissimo
804 1700 863 1723 suo,

67 1728 114 1762 qui
125 1728 232 1754 civitate
244 1727 343 1754 multos
355 1728 476 1760 donavit,
494 1737 583 1764 neque
593 1737 641 1764 per
655 1738 697 1761 se,
716 1737 803 1765 neque
819 1737 866 1764 per

67 1764 194 1792 Lucullos
210 1765 429 1800 impetravisset?
447 1767 495 1801 qui
512 1767 668 1801 praesertim
685 1776 772 1802 usque
787 1775 818 1794 eo
833 1766 866 1793 de

67 1803 125 1829 suis
145 1803 227 1829 rebus
247 1803 329 1830 scribi
349 1808 472 1838 cuperet,
495 1808 525 1830 ut
544 1805 625 1831 etiam
641 1804 781 1831 Cordubae
797 1805 865 1831 natis

67 1840 161 1875 poetis,
170 1841 270 1876 pingue
281 1840 410 1876 quiddam
422 1841 580 1868 sonantibus
591 1846 671 1877 atque
682 1843 863 1878 peregrinum,

67 1881 156 1904 tamen
172 1886 250 1904 aures
265 1886 329 1904 suas
344 1878 462 1905 dederet.
494 1878 541 1906 XI.
563 1880 657 1915 Neque
672 1880 744 1906 enim
760 1885 802 1906 est
817 1880 867 1906 hoe

67 1914 311 1947 dissimulandum,
329 1915 402 1951 quod
414 1916 551 1943 obscurari
563 1925 614 1944 non
627 1921 726 1952 potest,
744 1918 792 1944 sed
803 1926 866 1952 prae

67 1952 145 1979 nobis
166 1951 320 1979 ferendum:
344 1953 476 1980 trahimur
495 1962 588 1981 omnes
611 1954 698 1981 laudis
719 1955 818 1987 studio,
841 1960 867 1982 et

66 1990 185 2024 optimus
196 1990 314 2025 quisque
325 1990 442 2017 maxime
453 1990 537 2027 gloria
547 1991 665 2018 ducitur.
687 1993 741 2027 Ipsi
753 1992 792 2019 illi
804 1992 866 2028 phi-

67 2026 171 2062 losophi
183 2027 262 2053 etiam
275 2027 329 2053 illis
342 2027 454 2059 libellis,
471 2036 540 2063 quos
555 2028 588 2055 de
602 2030 796 2057 contemnenda
807 2030 867 2067 glo-

67 2065 105 2091 ria
116 2064 250 2095 scribunt,
270 2073 366 2091 nomen
378 2073 459 2091 suum
471 2065 636 2094 inscribunt:
659 2067 687 2094 in
702 2075 733 2094 eo
747 2068 818 2102 ipso,
837 2069 864 2095 in

66 2110 121 2137 quo
132 2101 356 2136 praedicationem
369 2102 589 2138 nobilitatemque
604 2103 771 2139 despiciunt,
788 2114 866 2140 prae-

66 2139 149 2166 dicari
160 2139 194 2166 de
205 2147 234 2166 se
245 2147 274 2166 ac
285 2140 417 2166 nominari
429 2139 532 2167 volunt.
563 2141 606 2168 27.
619 2142 743 2169 Decimus
754 2143 864 2178 quidem

66 2176 175 2209 Brutus,
188 2185 313 2204 summus
325 2176 371 2203 ille
383 2177 424 2203 vir
434 2181 459 2204 et
470 2178 622 2213 imperator,
635 2178 718 2211 Accii,
731 2181 865 2208 amicissi—

67 2214 105 2241 mi
125 2215 182 2246 sui,
209 2214 375 2241 carminibus
396 2214 558 2249 templorum
578 2224 608 2243 ac
628 2223 864 2246 monumentorum

67 2251 156 2279 aditus
167 2252 306 2279 exornavit
317 2260 438 2278 suorum.
473 2252 527 2279 Iam
539 2261 602 2281 vero
613 2253 668 2286 ille,
681 2255 801 2290 quicum
813 2255 865 2283 Ae-

67 2289 141 2321 tolis,
158 2289 246 2316 Ennio
256 2289 365 2321 comite,
383 2289 506 2321 bellavit,
522 2290 648 2323 Fulvius,
667 2301 718 2319 non
730 2293 865 2320 dubitavit

67 2326 158 2354 Martis
170 2327 311 2354 manubias
323 2327 409 2353 Musis
421 2335 584 2355 consecrare.
605 2328 701 2362 Quare,
716 2330 741 2356 in
753 2339 806 2366 qua
819 2339 865 2358 ur-

67 2362 101 2391 be
115 2364 288 2400 imperatores
303 2372 386 2399 prope
402 2365 496 2391 armati
511 2370 649 2399 poetarum
661 2375 758 2394 nomen
769 2373 794 2394 et
805 2369 865 2395 Mu-

67 2409 158 2429 sarum
169 2401 280 2429 delubra
292 2401 440 2433 coluerunt,
449 2402 476 2428 in
488 2410 517 2429 ea
530 2411 581 2430 non
591 2402 690 2431 debent
701 2405 781 2440 togati
793 2406 865 2432 iudi-

67 2445 112 2466 ces
121 2447 136 2466 a
146 2439 285 2467 Musarum
295 2439 395 2466 honore
405 2444 431 2466 et
441 2448 455 2466 a
467 2444 604 2474 poetarum
615 2440 702 2468 salute
712 2442 864 2470 abhorrere.

121 2477 165 2505 28.
180 2477 282 2513 Atque,
299 2481 329 2505 ut
339 2477 366 2504 id
378 2476 507 2505 libentius
518 2477 635 2511 faciatis,
652 2479 706 2506 iam
720 2488 763 2506 me
776 2480 863 2513 vobis,

1664 166 1712 191 455

917 231 1035 262 iudices,
1053 231 1189 263 indicabo,
1207 237 1232 259 et
1247 232 1280 258 de
1295 241 1354 259 meo
1369 232 1486 268 quodam
1501 242 1589 260 amore
1603 233 1711 270 gloriae,

918 269 999 294 nimis
1014 269 1066 295 acri
1084 269 1208 300 sortasse,
1230 275 1414 297 verumtamen
1426 271 1550 302 honesto,
1563 272 1640 298 vobis
1652 281 1715 299 con—

919 306 1020 332 fitebor.
1047 307 1128 337 Nam,
1142 316 1209 342 quas
1221 316 1262 333 res
1274 316 1321 334 nos
1332 309 1359 334 in
1370 308 1511 335 consulatu
1523 314 1612 335 nostro
1623 310 1715 336 vobis-

918 352 979 369 cum
1001 344 1083 370 simul
1104 353 1152 378 pro
1171 344 1257 370 salute
1278 345 1359 371 huius
1379 346 1455 372 urbis
1471 351 1551 381 atque
1566 348 1673 382 imperii
1689 352 1715 374 et

918 389 966 415 pro
981 381 1034 407 vita
1050 381 1151 407 civium
1167 390 1268 416 proque
1282 383 1407 409 universa
1419 384 1557 418 republica
1568 385 1713 420 gessimus

919 418 1005 453 attigit
1021 418 1064 444 hic
1080 419 1204 445 versibus
1221 424 1299 454 atque
1314 420 1463 447 inchoavit:
1486 421 1588 456 quibus
1604 422 1713 453 auditis,

918 455 990 490 quod
1003 456 1069 482 mihi
1081 465 1176 491 magna
1188 465 1229 482 res
1241 462 1265 483 ct
1277 457 1394 484 iucunda
1406 459 1462 484 visa
1474 463 1522 490 est,
1531 459 1603 485 hunc
1614 459 1646 485 ad
1657 468 1717 494 per-

920 492 1065 519 ficiendum
1077 493 1197 520 hortatus
1209 503 1280 520 sum.
1321 495 1428 521 Nullam
1445 497 1517 522 enim
1533 496 1619 523 virtus
1635 497 1716 523 aliam

920 530 1068 556 mercedem
1082 530 1201 557 laborum
1213 531 1449 568 periculorumque
1459 533 1600 565 desiderat,
1614 539 1717 568 praeter

919 567 987 593 hanc
1000 567 1086 594 laudis
1097 572 1123 594 et
1133 568 1245 603 gloriae,
1268 577 1321 603 qua
1332 570 1442 604 quidem
1454 570 1582 603 detracta,
1600 572 1714 603 iudices,

919 604 986 639 quid
1006 609 1058 635 est,
1080 606 1153 640 quod
1169 606 1196 632 in
1211 606 1260 632 hoc
1276 611 1329 632 tam
1345 609 1443 642 exiguo
1459 609 1528 634 vitae
1542 609 1676 636 curriculo
1692 614 1718 636 et

920 646 972 668 tam
994 642 1069 668 brevi
1090 643 1169 669 tantis
1191 652 1238 670 nos
1259 644 1287 670 in
1311 644 1447 671 laboribus
1463 646 1653 673 exerceamus?
1673 648 1715 673 29.

920 679 1008 710 Certe,
1022 680 1045 705 si
1058 679 1124 705 nihil
1137 681 1243 707 animus
1255 683 1429 715 praesentiret
1440 683 1467 709 in
1480 688 1630 717 posterum,
1645 689 1669 710 et
1681 685 1714 716 si,

919 717 1019 751 quibus
1036 717 1193 752 regionibus
1208 718 1277 744 vitae
1289 720 1406 753 spatium
1418 721 1653 756 circumscriptum
1665 727 1714 753 est,

919 753 1020 780 eisdem
1032 763 1124 780 omnes
1135 755 1307 790 cogitationes
1320 757 1473 783 terminaret
1484 766 1560 789 suas,
1577 767 1625 785 nec
1637 760 1716 785 tantis

918 799 947 817 se
960 791 1096 818 laboribus
1108 791 1254 828 frangeret,
1272 802 1359 828 neque
1371 799 1407 820 tot
1418 795 1489 821 curis
1502 795 1657 831 vigiliisque
1669 805 1716 823 an-

918 833 1037 864 geretur,
1060 837 1147 864 neque
1163 831 1239 856 toties
1255 830 1288 856 de
1303 832 1356 857 vita
1372 832 1430 866 ipsa
1450 832 1597 859 dimicaret.
1639 834 1717 860 Nunc

918 866 1017 892 insidet
1031 867 1164 901 quaedam
1180 867 1207 894 in
1223 868 1323 902 optimo
1338 878 1447 904 quoque
1462 870 1562 901 virtus,
1585 879 1653 905 quae
1670 880 1717 898 no-

918 907 973 929 ctes
989 908 1015 930 et
1029 904 1087 930 dies
1103 905 1223 931 animum
1238 905 1337 941 gloriae
1352 906 1470 933 stimulis
1486 908 1613 939 concitat,
1637 913 1716 943 atque

918 941 1055 973 admonet,
1078 950 1131 968 non
1146 951 1208 968 cum
1224 944 1294 969 vitae
1309 948 1428 978 tempore
1448 953 1508 971 esse
1528 945 1715 972 dimittendam

918 980 1197 1006 commemorationem
1210 981 1326 1007 nominis
1338 982 1430 1014 nostri,
1451 982 1498 1008 sed
1509 991 1571 1009 cum
1583 984 1655 1009 omni
1668 992 1716 1018 po-

919 1017 1035 1043 steritate
1047 1017 1257 1052 adaequandam.
1298 1018 1357 1045 XII.
1376 1021 1416 1045 30.
1438 1019 1478 1046 An
1495 1029 1558 1047 vero
1573 1025 1626 1047 tam
1640 1022 1716 1055 parvi

919 1054 1002 1080 animi
1018 1054 1159 1081 videamur
1179 1063 1237 1081 esse
1252 1064 1358 1087 omnes,
1376 1057 1423 1092 qui
1441 1058 1467 1084 in
1484 1058 1620 1092 republica
1637 1064 1716 1094 atque

919 1091 947 1117 in
968 1091 1010 1118 his
1031 1092 1101 1118 vitae
1125 1092 1253 1127 periculis
1279 1092 1471 1130 laboribusque
1496 1104 1648 1127 versamur,
1676 1101 1714 1127 ut,

918 1137 1003 1164 quum
1021 1138 1108 1164 usque
1123 1130 1156 1156 ad
1172 1134 1321 1157 extremum
1337 1132 1455 1166 spatium
1467 1132 1574 1159 nullum
1585 1134 1717 1168 tranquil·

920 1166 976 1193 lum
997 1171 1077 1202 atque
1097 1168 1212 1194 otiosum
1233 1169 1358 1203 spiritum
1379 1169 1550 1202 duxerimus,
1574 1171 1716 1198 nobiscum

919 1204 1001 1230 simul
1014 1205 1140 1231 moritura
1152 1206 1240 1232 omnia
1252 1206 1430 1234 arbitremur?
1449 1208 1503 1239 An,
1517 1217 1602 1243 quum
1614 1213 1716 1236 statuas

918 1246 945 1269 et
955 1242 1100 1278 imagineS,
1115 1251 1167 1269 non
1178 1244 1329 1270 animorum
1341 1244 1493 1277 simulacra,
1507 1246 1552 1272 sed
1563 1255 1713 1281 corporum,

919 1279 1039 1306 studiose
1051 1279 1130 1306 multi
1147 1282 1247 1307 summi
1264 1281 1385 1308 homines
1403 1283 1572 1318 reliquerint,
1591 1284 1717 1311 consilio-

919 1326 979 1343 rum
996 1317 1147 1352 relinquere
1163 1327 1192 1344 ac
1209 1319 1338 1345 virtutum
1354 1325 1504 1347 nostrarum
1525 1320 1642 1356 effigiem
1664 1331 1716 1348 non

919 1355 1004 1381 multo
1016 1355 1095 1381 malle
1106 1355 1250 1387 debemus,
1269 1358 1384 1383 summis
1396 1358 1512 1393 ingeniis
1524 1367 1679 1393 expressam
1692 1364 1718 1386 ct

920 1392 1047 1427 politam‘?
1067 1393 1123 1428 Ego
1136 1401 1197 1419 vero
1207 1394 1309 1424 omnia,
1323 1403 1391 1429 quae
1402 1396 1541 1430 gerebam,
1556 1396 1608 1422 iam
1620 1401 1676 1422 tum
1689 1397 1715 1423 in

918 1429 1035 1465 gerendo
1051 1439 1175 1466 spargere
1191 1439 1233 1457 me
1248 1440 1277 1457 ac
1288 1431 1466 1459 disseminare
1477 1433 1624 1460 arbitrabar
1635 1435 1662 1460 in
1673 1443 1717 1461 or-

919 1467 961 1493 bis
973 1471 1055 1494 terrae
1067 1468 1222 1494 memoriam
1235 1470 1435 1504 sempiternam.
1475 1471 1544 1497 Haec
1560 1480 1622 1497 vero
1633 1472 1691 1498 sive
1702 1481 1715 1497 a

918 1513 978 1531 meo
989 1513 1070 1531 sensu
1084 1510 1264 1540 postmortem
1277 1506 1401 1533 abfutura
1413 1511 1466 1539 cst,
1480 1509 1551 1539 sive,
1569 1514 1599 1534 ut
1609 1510 1716 1543 sapien-

918 1543 1015 1568 tissimi
1032 1543 1154 1569 homines
1171 1547 1344 1578 putaverunt,
1362 1544 1394 1571 ad
1411 1545 1528 1580 aliquam
1546 1547 1597 1572 mei
1614 1551 1715 1581 partem

918 1580 1075 1615 pertinebit,
1102 1589 1172 1607 nunc
1192 1581 1303 1616 quidem
1328 1587 1396 1609 certe
1420 1583 1579 1619 cogitatione
1599 1584 1715 1619 quadam

917 1626 1020 1653 speque
1031 1617 1156 1644 delector.

973 1657 1013 1681 31.
1035 1655 1122 1687 Quare
1137 1660 1304 1687 conservate,
1322 1656 1438 1688 iudices,
1462 1657 1597 1684 hominem
1615 1658 1716 1693 pudore

917 1701 956 1724 eo,
965 1701 1046 1728 quem
1058 1693 1204 1720 amicorum
1217 1694 1314 1720 videtis
1325 1695 1491 1729 comprobari
1503 1704 1588 1730 quum
1600 1696 1716 1732 dignita-

918 1734 956 1761 te,
974 1735 1031 1757 tum
1043 1731 1123 1757 etiam
1136 1735 1280 1764 vetustate;
1303 1732 1411 1768 ingenio
1421 1737 1510 1759 autem
1528 1738 1611 1764 tanto,
1629 1743 1715 1769 quan-

919 1772 975 1794 tum
991 1767 1019 1794 id
1034 1769 1159 1795 convenit
1174 1769 1336 1801 existimari,
1354 1770 1426 1805 quod
1442 1779 1612 1797 summorum
1629 1771 1716 1798 homi-

919 1814 984 1832 num
1005 1805 1122 1841 ingeniis
1142 1807 1290 1841 expetitum
1312 1816 1370 1834 esse
1392 1807 1519 1840 videatis;
1542 1817 1636 1835 caussa
1655 1818 1716 1836 vcro

918 1843 1065 1874 eiusmodi,
1082 1852 1151 1878 quae
1163 1844 1291 1871 beneficio
1304 1844 1383 1879 legis,
1397 1846 1550 1872 auctoritate
1562 1847 1714 1881 municipii,

918 1881 1072 1907 testimonio
1084 1881 1199 1912 Luculli,
1212 1882 1312 1908 tabulis
1319 1882 1418 1909 Metelli
1430 1883 1627 1918 comprobetur.
1643 1884 1716 1916 Quae

917 1927 1002 1953 quum
1015 1919 1050 1945 ita
1062 1919 1128 1946 sint:
1151 1919 1269 1954 petimus
1281 1929 1295 1946 a
1311 1920 1401 1951 vobis,
1420 1921 1537 1951 iudices,
1556 1922 1578 1948 si
1594 1930 1647 1957 qua
1664 1931 1715 1949 non

917 1956 996 1982 modo
1012 1956 1143 1988 humana,
1161 1966 1255 1984 verum
1271 1958 1350 1984 etiam
1367 1958 1458 1985 divina
1471 1959 1496 1985 iu
1510 1959 1590 1985 tantis
1602 1960 1716 1995 negotiis

917 1994 1113 2021 commendatio
1123 1994 1202 2021 debet
1213 2003 1285 2025 esse,
1299 2000 1328 2022 ut
1338 2004 1410 2026 eum,
1424 1997 1470 2031 qui
1485 2005 1539 2027 vos,
1553 1997 1600 2032 qui
1614 2002 1715 2023 vestros

917 2032 1104 2066 imperatores,
1127 2032 1174 2067 qui
1196 2032 1288 2067 populi
1310 2033 1421 2060 Romani
1442 2042 1483 2060 res
1503 2040 1593 2069 gestas
1609 2044 1716 2069 semper

916 2070 1034 2101 ornavit,
1057 2070 1104 2104 qui
1120 2070 1199 2096 etiam
1217 2070 1259 2096 liis
1275 2071 1428 2097 recentibus
1445 2073 1542 2098 nostris
1564 2073 1715 2107 vestrisque

916 2106 1071 2133 domesticis
1084 2107 1210 2142 periculis
1221 2112 1358 2134 aeternum
1370 2117 1398 2135 so
1409 2109 1592 2135 testimouium
1605 2109 1714 2136 laudum

917 2144 1043 2171 daturum
1059 2153 1119 2171 esse
1134 2145 1285 2180 profitetum
1302 2146 1406 2180 quiquo
1421 2151 1461 2172 cst
1476 2155 1507 2172 co
1523 2155 1646 2177 numero,
1667 2149 1715 2182 qui

917 2190 1023 2216 semper
1033 2182 1105 2216 apud
1116 2191 1209 2209 omnes
1220 2183 1380 2209 sanctisunt
1392 2183 1475 2210 habiti
1487 2189 1529 2218 atq
1535 2193 1566 2210 ue
1580 2184 1658 2213 dicti.
1676 2187 1715 2211 sic

917 2219 943 2246 in
956 2224 1071 2246 vestram
1083 2219 1220 2254 accipiatis
1237 2219 1330 2251 tidem,
1348 2225 1377 2246 ut
1392 2220 1556 2247 humanitate
1573 2226 1659 2248 vestra
1679 2222 1715 2248 lc*

917 2261 995 2283 vatus
1011 2257 1114 2291 potius,
1131 2265 1213 2292 quam
1229 2257 1370 2284 acerbitate
1383 2257 1498 2284 violatus
1509 2267 1568 2284 csso
1582 2258 1712 2285 videntur.

917 2296 958 2320 3¹2.
980 2293 1053 2326 Quae
1074 2293 1107 2320 do
1127 2302 1222 2320 caussa
1243 2302 1291 2329 pro
1311 2303 1369 2321 mea
1388 2295 1583 2322 consuetudine
1599 2296 1715 2323 breviter

916 2331 1131 2366 simpliciterque
1147 2331 1218 2361 dixi,
1236 2331 1353 2362 iudices,
1371 2340 1400 2358 ea
1415 2332 1519 2359 conlido
1535 2333 1642 2367 probata
1655 2343 1714 2361 csso

915 2368 1056 2395 omnibus:
1079 2376 1148 2403 quae
1165 2377 1216 2395 non
1229 2367 1276 2395 tori
1290 2378 1377 2404 neque
1389 2369 1507 2396 iudiciali
1519 2371 1714 2398 consuetudine

916 2405 985 2432 etde
998 2405 1114 2432 hominis
1126 2406 1234 2441 ingenio
1244 2410 1270 2432 ct
1280 2407 1458 2433 communiter
1473 2407 1506 2433 do
1521 2408 1609 2442 ipsius
1623 2408 1714 2436 studio

918 2442 1022 2470 locutus
1033 2452 1104 2473 suni,
1117 2452 1160 2474 ca,
1174 2443 1290 2474 iudices,
1303 2452 1317 2470 a
1330 2444 1406 2470 vobis
1417 2453 1496 2479 spero
1507 2453 1566 2471 esse
1578 2446 1604 2472 in
1617 2445 1713 2473 bonam

916 2486 1018 2516 partem
1029 2485 1145 2516 accepta:
1158 2481 1191 2508 ab
1202 2481 1297 2517 ce,qui
1309 2481 1440 2509 iudicium
1449 2484 1712 2514 exercet,certoscio.

776 2566 1007 2582 -εοῦομ
