1941 3052
369 143 555 171 ORATIO
589 145 620 170 ll.

138 217 192 244 vn.
208 216 329 242 Primum
343 219 423 250 caput
437 220 478 242 est
492 215 558 251 legis
572 215 698 250 agrariae,
715 224 777 250 quo,
795 219 824 240 ut
838 214 876 240 illi
898 213 900 219 '

82 258 184 290 putant,
201 253 339 280 tentamini
355 253 455 284 leviter,
472 262 526 287 quo
536 253 625 279 animo
636 252 765 278 libertatis
776 257 878 278 vestrae

82 292 288 318 diminutionem
308 290 375 316 ferre
394 291 513 325 possitis.
553 290 629 316 Iubet
643 291 714 316 enim
728 298 877 316 ruinosum

83 338 196 359 neam,
217 337 457 359 coinanimari
472 336 610 358 rotatur,
632 336 746 353 casana
762 336 879 353 necan-

83 376 167 393 viaos
186 375 238 392 ran
256 375 358 392 Tamus
376 374 597 396 ser-rannacm,
619 374 664 395 υτ,
685 374 762 395 Quen
781 373 877 390 NOVEM

83 413 185 430 ‘ramus
198 412 399 433 PECER1N1,1S
415 411 567 429 necsuvin
581 411 635 428 Sir.
659 403 699 428 17.
711 402 758 428 Hie
768 410 875 436 quaero,

83 449 164 476 quam
183 441 216 467 ob
234 448 357 466 caussam
376 440 483 466 initium
503 448 592 465 rerum
611 448 640 465 ac
659 439 748 475 legum
768 447 877 465 suarum

84 478 146 505 hinc
159 478 278 508 duxerit,
296 482 325 503 ut
339 477 456 512 populus
470 478 605 503 Romanus
620 477 747 512 suffragio
761 477 879 511 privare-

84 520 136 542 tur.
158 515 245 542 Toties
261 514 366 550 legibus
381 516 491 551 agrariis
505 519 639 541 curatores
653 514 790 540 constituti
804 517 876 542 sunt,

84 553 227 583 triumviri,
243 553 426 587 quinqueviri,
443 552 602 578 decemviri:
618 560 717 586 quaero
731 560 744 577 a
756 550 878 585 populari

83 591 191 617 tribuno
203 590 298 625 plebis,
315 590 462 625 ecquando,
480 590 531 615 nisi
543 598 589 624 per
598 597 675 614 xxxv
686 589 781 619 tribus,
798 587 878 613 creati

83 628 146 654 sint.
169 628 273 654 Etenim
289 636 374 662 quum
389 636 481 654 omnes
497 630 647 661 potestates,
664 626 785 660 imperia,
803 633 879 651 cura-

85 665 169 692 tiones
189 665 221 691 ab
240 666 366 691 universo
384 664 483 699 populo
496 665 614 690 Romano
632 663 763 698 proficisci
782 670 880 688 conve-

85 703 131 734 nit,
148 707 204 729 tum
220 711 264 729 eas
280 702 396 737 profecto
410 702 534 732 maxime,
551 709 619 736 quae
633 700 833 727 constituuntur
847 699 879 725 ad

85 740 176 775 populi
192 740 307 766 fructum
322 739 438 774 aliquem
450 744 475 765 et
485 738 665 769 commodum,
682 738 709 764 in
720 746 774 772 quo
783 742 809 763 et
818 737 879 763 uni-

85 778 154 804 versi
168 777 295 812 deligant,
311 785 392 811 quem
408 776 507 811 populo
518 776 635 802 Romane
646 775 761 801 maxime
771 774 880 801 consul-

85 820 174 841 turum
189 818 290 848 putent,
307 819 332 840 et
347 823 417 840 unus
431 814 548 849 quisque
559 813 648 839 studio
658 818 682 839 et
692 812 819 848 suffragio
830 820 880 837 suo

84 853 154 879 viam
168 852 221 878 sibi
235 851 267 878 ad
282 851 441 878 beneficium
456 850 654 885 impetrandum
669 851 774 876 munire
785 850 877 884 possit.

84 890 137 916 lloc
151 889 259 916 tribuno
272 889 360 924 plebis
375 889 545 924 potissimum
561 888 634 914 venit
646 888 674 914 in
689 892 814 918 mentem,
831 896 880 922 po-

84 927 179 962 pulum
193 927 342 953 Romanum
358 927 513 953 universum
530 926 634 961 privare
647 925 796 961 suffragiis,
813 933 879 959 pau-

83 973 127 991 cas
142 964 241 995 tribus,
262 973 314 991 non
328 969 398 991 certa
412 964 562 990 conditione
576 964 656 994 iuris,
677 963 725 989 sed
739 963 818 989 sortis
832 963 880 988 be-

84 1002 177 1029 neficio
196 1001 319 1034 fortuitu,
349 1002 383 1028 ad
401 1001 583 1037 usurpandam
603 1000 750 1027 libertatem
774 1008 877 1027 vocare.

85 1042 124 1066 48.
141 1040 225 1071 Iram,
243 1040 338 1075 inquit,
356 1049 454 1066 nonani
469 1048 558 1070 mono,
574 1039 659 1073 capite
673 1038 763 1069 altero,
779 1047 812 1064 ur
826 1047 880 1063 co—

83 1086 177 1104 Mt‘tlts
199 1086 366 1104 PONTIFlCIS
389 1086 505 1104 maxim.
545 1077 584 1102 Ne
603 1076 652 1102 hoc
670 1076 780 1111 quidem
801 1075 876 1106 vidit,

85 1115 196 1141 maiores
210 1119 314 1141 nostros
329 1119 382 1141 tam
398 1114 482 1141 fuisse
501 1113 657 1149 populares,
680 1118 721 1144 ut,
742 1113 814 1148 quod
833 1122 880 1147 per

84 1152 213 1187 populum
228 1153 311 1179 creari
326 1152 364 1178 t‘as
380 1161 431 1178 non
450 1156 517 1183 erat,
539 1156 645 1186 propter
663 1151 818 1186 religionem
838 1160 880 1176 sa-

84 1199 202 1222 crorum,
220 1190 246 1216 in
261 1199 291 1217 eo
305 1194 401 1221 tamen,
419 1194 525 1224 propter
538 1188 744 1224 amplitudinem
758 1188 881 1214 sacerdo-

84 1228 122 1259 tii,
139 1227 273 1254 voluerint
287 1227 385 1263 populo
399 1227 555 1262 supplicari.
596 1226 683 1261 Atque
698 1226 748 1252 hoc
762 1226 833 1252 idem
848 1226 880 1252 de

83 1266 178 1291 ceteris
192 1265 346 1292 sacerdotiis
361 1265 409 1291 Cn.
424 1265 569 1295 Domitius,
586 1264 711 1290 tribunus
727 1263 822 1298 plebis,
841 1264 881 1289 vir

83 1302 263 1334 clarissimus,
285 1302 358 1329 tulit:
379 1302 452 1337 quod
470 1301 587 1337 populus
606 1310 653 1336 per
667 1301 822 1337 religionem
837 1310 880 1327 sa-

83 1340 198 1366 cerdotia
217 1340 342 1366 mandare
357 1348 408 1366 non
424 1344 537 1374 poterat,
558 1344 587 1365 ut
605 1339 692 1365 minor
711 1348 771 1373 pars
786 1338 880 1373 populi

86 1381 238 1404 vocaretur:
259 1377 291 1404 ab
306 1386 335 1403 ea
351 1381 423 1412 parte
437 1377 484 1412 qui
500 1381 570 1403 esset
584 1375 682 1407 factus,
703 1377 726 1402 is
741 1385 754 1402 a
769 1376 881 1411 collegio

83 1419 259 1450 cooptaretur.
302 1416 342 1441 ⁴9.
368 1415 468 1445 Videte,
486 1414 552 1449 quid
567 1414 671 1440 intersit
684 1414 753 1440 inter
767 1414 814 1440 Cn.
830 1414 881 1440 Do—

83 1453 199 1484 mitium,
216 1452 355 1479 tribunum
371 1452 466 1487 plebis,
484 1452 620 1478 hominem
633 1451 842 1482 nobilissimum,
855 1455 881 1477 et

84 1490 111 1516 P.
128 1490 252 1521 Rullum,
273 1490 320 1525 qui
340 1490 463 1521 tentavit,
484 1494 514 1516 ut
531 1490 638 1524 opinor,
660 1489 814 1523 patientiam
835 1497 881 1515 ve·

82 1531 173 1559 stram,
189 1536 274 1562 quum
287 1536 315 1553 se
327 1527 442 1554 nobilem
455 1536 513 1553 esse
524 1527 632 1553 diceret.
655 1527 794 1557 Domitius,
808 1525 881 1561 quod

83 1574 129 1600 per
143 1565 315 1591 caerimonias
332 1564 423 1599 populi
440 1565 494 1591 lieri
514 1573 564 1590 non
586 1568 699 1598 poterat,
720 1564 820 1590 ratione
838 1572 881 1589 as-

82 1607 190 1629 secutus
208 1606 262 1633 est,
288 1607 317 1629 ut
335 1602 375 1633 id,
400 1602 487 1637 quoad
507 1606 610 1637 posset,
635 1601 723 1636 quoad
742 1601 781 1627 sas
800 1605 878 1632 esset,

82 1640 169 1676 quoad
185 1640 287 1671 liceret,
304 1639 397 1675 populi
411 1639 443 1665 ad
460 1644 546 1674 partes
561 1639 649 1666 daret:
671 1639 726 1670 bic,
747 1639 818 1674 quod
834 1648 881 1674 po-

82 1677 140 1713 puli
159 1678 297 1713 proprium
316 1686 422 1712 semper
447 1676 510 1708 suit,
535 1677 608 1712 quod
632 1685 710 1703 nemo
733 1677 878 1707 imminuit,

82 1723 160 1742 nemo
173 1715 334 1746 immutavit,
351 1715 416 1750 quin
432 1715 459 1746 ii,
475 1715 521 1750 qui
537 1713 638 1749 populo
651 1723 727 1749 agros
738 1718 828 1740 essent
838 1723 881 1740 as-

81 1752 222 1789 signaturi,
239 1757 299 1779 ante
313 1753 463 1787 acciperent
477 1761 490 1778 a
506 1752 605 1787 populo
616 1752 785 1783 beneficium,
798 1760 879 1787 quam

82 1790 187 1822 darent,
211 1790 239 1816 id
258 1794 342 1817 totum
360 1791 462 1825 eripere
482 1790 557 1816 vobis
572 1794 651 1824 atque
666 1798 679 1816 e
694 1790 819 1816 manibus
834 1798 881 1816 ex-

82 1832 205 1863 torquere
218 1832 329 1854 conatus
347 1832 396 1854 est.
437 1827 498 1858 Ille,
520 1827 592 1862 quod
611 1827 667 1854 dari
687 1827 788 1862 populo
806 1827 880 1853 nullo

82 1865 160 1892 modo
175 1869 288 1900 poterat,
305 1869 392 1891 tamen
407 1865 604 1900 quodammodo
618 1865 704 1891 dedit:
731 1865 786 1896 bic,
807 1864 879 1900 quod

82 1902 163 1929 adimi
179 1902 253 1929 nullo
267 1907 342 1937 pacto
357 1907 457 1937 poterat
472 1902 584 1937 populo,
605 1907 693 1929 tamen
707 1902 823 1937 quadam
839 1912 880 1928 ra-

82 1941 152 1967 tione
166 1941 268 1975 eripere
282 1945 401 1966 conatur.

137 1978 203 2004 Vlll.
219 1979 261 2005 20.
286 1977 400 2009 Quaeret
413 1977 562 2012 quispiam,
583 1977 610 2003 in
625 1981 696 2004 tanta
711 1978 807 2004 iniuria
823 1981 880 2003 tan-

82 2019 161 2050 taque
179 2014 347 2049 impudentia
365 2015 432 2049 quid
446 2015 580 2049 spectarit.
622 2015 679 2041 Non
693 2015 779 2041 defuit
792 2016 880 2041 consi-

83 2052 163 2079 lium:
189 2052 254 2078 {ides
270 2060 331 2088 erga
346 2052 451 2086 plebem
467 2053 626 2083 Romanam,
647 2053 767 2087 aequitas
787 2053 813 2078 in
834 2062 880 2078 vos

83 2089 287 2124 libertatemque
318 2094 432 2115 vestram
467 2089 637 2115 veliementer
667 2089 762 2116 defuit.
804 2090 880 2116 lubet

82 2127 168 2158 enim,
188 2127 294 2153 comitia
309 2126 469 2153 decemviris
485 2126 581 2152 babere
595 2127 716 2153 creandis
735 2136 810 2158 cum,
832 2129 879 2162 qui

83 2163 168 2201 legem
184 2164 284 2190 tulerit.
311 2164 364 2190 l‘loc
378 2164 465 2190 dicam
481 2163 597 2198 planius.
621 2164 696 2190 Iubet
710 2165 815 2196 Rullus,
833 2165 880 2191 lio-

82 2210 126 2229 mo
140 2210 192 2228 non
206 2201 322 2236 cupidus
338 2210 424 2236 neque
438 2206 573 2236 appetens,
591 2201 687 2228 babere
698 2203 804 2229 comitia
815 2202 880 2229 Rul-

83 2238 149 2266 lum.
184 2239 309 2265 Nondum
325 2239 500 2273 reprebendo.
536 2238 618 2265 Video
634 2239 728 2266 secisse
743 2239 819 2266 alios.
846 2240 880 2266 ll—

83 2276 142 2308 lud,
162 2276 235 2312 quod
254 2285 332 2303 nemo
352 2276 425 2306 serit,
446 2276 477 2302 de
497 2276 598 2302 minore
613 2281 685 2311 parto
699 2277 805 2312 populi,
826 2286 880 2312 quo

82 2315 220 2349 pertineat,
238 2314 335 2340 videte.
374 2313 487 2340 llabebit
500 2314 621 2340 comitia:
638 2314 707 2340 volet
721 2324 766 2341 eos
781 2323 881 2341 renun-

82 2351 155 2383 tiare,
172 2351 273 2387 quibus
287 2352 359 2387 regia
375 2356 491 2386 potestas
506 2351 554 2377 bac
570 2351 627 2387 lege
641 2353 788 2386 quaeritur.
816 2353 881 2379 Uni-

82 2397 159 2416 verso
174 2388 273 2424 populo
288 2398 374 2424 neque
389 2389 446 2424 ipse
460 2389 610 2418 committit.
628 2398 714 2424 neque
730 2390 768 2416 illi
784 2390 879 2416 borum

81 2426 254 2453 consiliorum
269 2431 390 2453 auctores
404 2427 533 2453 committi
549 2431 617 2452 recte
629 2432 722 2461 putant
734 2436 820 2461 posse.
836 2429 878 2453 ⁴21.

82 2462 213 2491 Sortietur
236 2464 323 2491 tribus
346 2464 416 2490 idem
437 2463 542 2490 Rullus.
586 2464 668 2489 llomo
692 2463 756 2490 selix
774 2464 877 2495 educet,

81 2509 149 2536 quas
168 2500 250 2532 volet,
272 2501 367 2528 tribus.
408 2502 481 2533 Quos
501 2510 594 2527 novem
615 2501 700 2527 tribus
714 2501 880 2528 decemviros

83 2537 201 2570 fecerint,
217 2539 250 2565 ab
262 2539 354 2565 eodem
369 2538 445 2565 llullo
457 2539 579 2569 eductae,
597 2538 643 2564 lios
655 2539 776 2564 omnium
792 2548 879 2565 rerum

82 2574 122 2611 (ut
135 2576 187 2602 iam
201 2576 351 2612 ostendam)
365 2576 487 2603 dominos
503 2576 673 2602 habebimus.
706 2576 792 2611 Atque
807 2577 834 2606 ii,
851 2581 880 2602 ut

82 2613 148 2648 grati
163 2621 192 2639 ac
206 2622 338 2640 memores
353 2614 475 2640 benolieii
491 2622 549 2639 esse
564 2613 717 2644 videantur,
735 2613 836 2648 aliquid
851 2623 879 2639 so

84 2658 177 2676 novem
197 2650 316 2677 tribuum
336 2652 405 2677 notis
425 2651 579 2677 hominibus
598 2650 695 2676 debere
713 2651 880 2677 confitebun—

84 2690 138 2714 tur:
155 2687 267 2723 reliquis
282 2696 344 2715 vero
357 2697 406 2715 sex
419 2693 493 2715 etxx
505 2688 639 2719 tribubus,
657 2688 724 2714 nibil
735 2689 792 2719 erit,
807 2689 879 2724 quod

655 145 709 170 DE
744 144 871 170 LEGE
906 141 1141 169 AGRARIA.
1176 141 1274 168 CAP.

1313 143 1379 167 l—
1403 144 1442 167 10.
1677 143 1720 168 40¹

930 223 981 240 non
1001 218 1095 248 putent
1113 221 1190 248 posse
1208 222 1257 239 suo
1275 214 1333 239 iure
1352 212 1492 249 denegare.
1533 212 1604 245 Quos
1620 213 1725 239 tandem

930 252 1012 286 igitur
1025 251 1190 277 decemviros
1206 250 1261 276 lieri
1276 250 1352 277 vult‘?
1371 250 1405 277 Se
1420 251 1547 285 primum.
1582 250 1633 282 Qui
1649 250 1727 276 licet?

931 289 1013 323 Leges
1028 289 1099 314 enirn
1118 293 1181 314 sunt
1200 292 1315 319 veteres,
1341 297 1428 323 neque
1446 296 1492 314 eae
1510 287 1677 318 consulares,
1702 288 1727 314 si

929 326 996 360 quid
1011 326 1139 352 interesse
1154 325 1202 351 hoe
1216 325 1391 356 arbitramini,
1408 325 1454 351 sed
1466 325 1632 356 tribuniciae,
1649 325 1726 351 vobis

931 363 1132 397 maioribusque
1147 363 1243 388 vestris
1258 363 1429 389 vehementer
1442 367 1530 397 gratae
1541 367 1619 398 atque
1631 363 1728 389 iucun—

930 401 988 426 dae.
1030 401 1130 426 Licinia
1144 405 1184 426 est
1200 400 1242 426 lex
1256 405 1335 435 atque
1350 400 1429 426 altera
1443 400 1569 431 Aebutia,
1591 409 1659 435 quae
1674 408 1727 426 non

931 438 1009 464 modo
1023 446 1094 468 eum,
1111 439 1158 472 qui
1173 437 1263 463 tulerit
1277 437 1309 463 de
1324 437 1412 472 aliqua
1427 439 1562 464 curatione
1572 447 1600 464 ac
1612 442 1728 472 potesta—

931 480 968 506 te,
984 475 1032 501 sed
1046 476 1125 501 etiam
1140 474 1255 510 collegas
1270 476 1342 505 eius,
1359 479 1492 510 cognatos,
1509 475 1602 501 affines
1617 475 1725 509 excipit,

931 522 963 538 ne
977 513 1015 538 eis
1030 521 1059 538 ea
1075 517 1191 547 potestas
1205 513 1340 538 curatiove
1351 512 1499 538 mandetur.
1523 515 1564 538 ⁶22.
1576 513 1690 543 Etenim,
1704 513 1727 538 si

931 550 1030 584 populo
1048 549 1180 579 consulis,
1202 558 1308 575 remove
1327 554 1350 575 te
1365 559 1378 575 a
1392 550 1544 584 suspicione
1559 550 1674 576 alicuius
1688 550 1726 576 tui

930 587 1077 613 commodi:
1104 586 1144 612 fac
1159 587 1253 618 tidem,
1269 592 1293 613 te
1308 587 1388 618 nihil,
1410 588 1461 613 nisi
1478 588 1568 622 populi
1585 587 1726 614 utilitatem

931 629 955 650 et
970 624 1086 650 fructum
1102 633 1242 658 quaerere:
1266 625 1324 650 sine
1339 624 1371 650 ad
1386 625 1450 651 alios
1466 630 1635 659 potestatem,
1656 625 1688 651 ad
1703 629 1727 650 te

930 663 1042 697 gratiam
1058 661 1178 687 beneficii
1194 661 1233 687 tui
1248 662 1395 696 pervenire.
1419 663 1484 688 Nam
1500 663 1548 688 boc
1559 662 1669 697 quidem
1682 663 1728 688 vix

931 704 970 725 est
985 699 1061 725 liberi
1076 698 1178 733 populi,
1196 699 1242 725 vix
1256 703 1404 725 vestrorum
1419 700 1569 725 animorum
1585 709 1613 726 ac
1624 700 1728 735 magni—

931 736 1060 762 ficentiae.
1095 736 1140 762 IX.
1157 736 1223 767 Quis
1239 736 1323 771 legem
1340 736 1418 762 tulit?
1431 737 1536 763 Rullus.
1563 736 1629 769 Quis
1645 737 1729 763 maio-

931 783 985 800 rem
1002 778 1102 808 partem
1114 773 1207 808 populi
1218 773 1352 809 suffragiis
1367 774 1522 808 probibuit‘.>
1536 774 1642 800 Rullus.
1661 774 1727 806 Quis

931 811 1045 837 comitiis
1060 810 1193 846 praefuit?
1210 811 1317 837 Rullus.
1357 811 1424 843 Quis
1439 812 1533 843 tribus,
1550 821 1617 846 quas
1633 811 1725 842 voluit,

932 849 1043 880 vocavit,
1061 848 1135 874 nullo
1148 848 1257 875 custode
1271 848 1400 874 sortitus?
1413 848 1519 875 Rullus.
1542 849 1608 881 Quis
1622 849 1728 875 decem-

932 887 1011 918 viros,
1028 895 1096 921 quos
1112 886 1204 916 voluit,
1221 885 1402 912 renuntiavit?
1416 886 1488 913 Idem
1504 886 1607 912 Rullus.
1642 886 1728 918 Quem

931 924 1079 958 principem
1094 923 1274 950 renuntiavit?
1287 924 1407 950 Rullum.
1442 924 1492 950 Vix
1508 924 1659 950 mehercule
1673 932 1729 949 ser-

932 962 972 987 vis
984 962 1033 988 hoc
1047 970 1108 987 eum
1123 962 1189 992 suis,
1206 970 1258 987 non
1273 962 1358 992 vobis,
1376 961 1496 988 omnium
1511 962 1631 997 gentium
1643 961 1729 988 domi-

932 1000 981 1029 nis,
998 999 1173 1034 probaturum
1187 999 1308 1025 arbitrer.
1349 998 1470 1034 Optimae
1489 999 1560 1035 leges
1580 1000 1662 1035 igitur
1681 999 1729 1024 hac

932 1036 988 1072 lege
1006 1037 1065 1062 sine
1084 1036 1138 1062 ulla
1157 1037 1311 1071 suspicione
1334 1037 1468 1063 tollentur.
1510 1037 1581 1063 Idem
1605 1037 1657 1063 sibi
1681 1045 1729 1062 sua

933 1074 990 1110 lege
1008 1075 1172 1100 curationem
1191 1078 1276 1109 petet:
1304 1074 1389 1105 idem,
1419 1075 1517 1101 maiore
1541 1079 1613 1109 parte
1635 1073 1728 1109 populi

932 1112 1066 1148 suffragiis
1081 1111 1202 1147 spoliata,
1219 1112 1326 1138 comitia
1342 1112 1457 1143 babebit,
1474 1121 1542 1147 quae
1556 1112 1633 1142 volet,
1650 1116 1729 1146 atque

932 1150 959 1176 in
978 1150 1012 1176 iis
1035 1158 1063 1176 se
1086 1150 1175 1184 ipsum
1204 1150 1379 1181 renuntiabit,
1407 1154 1445 1181 et,
1472 1150 1595 1176 videlicet
1613 1149 1729 1185 collegas

932 1196 1009 1219 suos,
1039 1188 1196 1222 ascriptores
1221 1187 1289 1222 legis
1312 1188 1430 1223 agrariae
1454 1197 1505 1214 non
1525 1187 1689 1222 repudiabit,
1715 1195 1729 1212 a

933 1225 1033 1260 quibus
1049 1225 1072 1251 ei
1088 1224 1161 1251 locus
1176 1225 1281 1259 primus
1296 1225 1412 1251 invidiae
1427 1226 1454 1251 in
1466 1225 1552 1251 indice
1563 1230 1587 1251 et
1599 1225 1730 1259 praescri-

932 1263 1021 1297 ptione
1037 1262 1103 1298 legis
1117 1271 1261 1288 concessus
1276 1267 1328 1289 est:
1344 1263 1424 1289 ceteri
1441 1262 1542 1289 fructus
1556 1263 1678 1289 omnium
1688 1270 1730 1288 re-

933 1309 1005 1331 rum,
1031 1301 1078 1335 qui
1097 1300 1124 1326 in
1143 1309 1190 1334 spe
1210 1300 1277 1335 legis
1296 1300 1378 1326 liuius
1397 1301 1475 1335 positi
1490 1305 1567 1331 sunt,
1592 1300 1729 1326 communi

932 1338 1053 1364 cautione
1069 1342 1147 1372 atque
1162 1346 1245 1372 aequa
1260 1338 1312 1363 sibi
1328 1343 1400 1372 parte
1415 1338 1609 1364 retinebuntur.

988 1377 1029 1401 23.
1050 1375 1083 1401 At
1098 1375 1185 1401 videte
1199 1375 1315 1401 hominis
1330 1375 1506 1411 diligentiam,
1523 1376 1546 1401 si
1561 1380 1606 1401 aut
1619 1374 1729 1401 Rullum

932 1413 1072 1448 cogitasse,
1088 1417 1134 1438 aut
1147 1413 1169 1438 si
1184 1412 1263 1439 Rullo
1278 1414 1396 1447 potuisse
1411 1413 1437 1439 in
1454 1418 1568 1439 mentem
1586 1413 1674 1438 venire
1689 1421 1730 1438 ar—

932 1450 1079 1476 bitramini.
1120 1449 1251 1476 Viderunt
1266 1451 1297 1481 ii,
1314 1451 1362 1485 qui
1378 1451 1441 1477 baec
1456 1451 1690 1480 machinabantur,
1706 1450 1730 1475 si

932 1488 1008 1514 vobis
1027 1496 1060 1514 ex
1078 1488 1150 1514 omni
1170 1487 1269 1522 populo
1287 1488 1415 1523 diligendi
1437 1493 1552 1522 potestas
1571 1492 1641 1513 esset
1658 1487 1727 1517 data,

932 1534 1119 1560 quaecumque
1134 1534 1175 1551 res
1189 1530 1271 1556 esset,
1294 1526 1319 1551 in
1335 1535 1386 1560 qua
1403 1526 1481 1556 tides,
1503 1525 1654 1559 integritas,
1676 1525 1731 1551 vir-

933 1568 985 1594 tus,
1002 1563 1144 1589 auctoritas
1158 1567 1340 1597 quaereretur,
1359 1572 1405 1589 vos
1420 1572 1476 1589 eam
1492 1563 1549 1589 sine
1564 1563 1730 1588 dubitatione

933 1600 966 1627 ad
991 1600 1039 1627 Cn.
1069 1600 1226 1634 Pompeium
1254 1601 1401 1635 principem
1428 1600 1572 1627 delaturos.
1613 1600 1728 1631 Etenim,

932 1647 1013 1673 quem
1029 1647 1112 1664 unum
1128 1646 1161 1664 ex
1174 1639 1278 1664 cunctis
1292 1638 1468 1673 delegissetis,
1485 1643 1513 1664 ut
1528 1647 1588 1664 eum
1604 1638 1730 1664 omnibus

932 1676 1052 1702 omnium
1071 1676 1193 1711 gentium
1212 1675 1290 1701 bellis
1310 1680 1377 1702 terra
1396 1680 1421 1702 et
1436 1676 1501 1701 mari
1517 1676 1727 1710 praeponeretis:

932 1718 1002 1739 certe
1016 1714 1042 1739 in
1057 1713 1217 1739 decemviris
1233 1713 1371 1745 faciendis,
1388 1714 1445 1739 sive
1461 1713 1526 1739 tides
1542 1713 1682 1739 baberetur
1692 1713 1731 1738 si-

933 1759 964 1777 ve
984 1750 1080 1782 honos,
1102 1755 1127 1777 et
1144 1752 1274 1777 committi
1294 1751 1356 1777 buie
1375 1752 1488 1786 optimc.
1509 1756 1533 1777 et
1552 1751 1638 1777 ornari
1659 1751 1730 1776 hunc

932 1788 1082 1815 iustissime
1097 1797 1174 1823 posse
1189 1788 1384 1824 intelligebant.
1425 1790 1467 1815 24.
1494 1789 1584 1823 Itaque
1599 1789 1731 1823 excipitur

933 1826 981 1852 hac
1001 1826 1072 1862 lege,
1094 1835 1146 1852 non
1165 1826 1356 1857 adolescentia,
1381 1835 1432 1852 non
1454 1826 1602 1861 legitimum
1622 1825 1730 1855 aliquod

932 1864 1166 1898 impedimentum,
1184 1873 1234 1890 non
1251 1869 1375 1898 potestas,
1393 1873 1443 1890 non
1460 1864 1631 1899 magistratus
1647 1863 1728 1891 ullus,

931 1901 991 1927 aliis
1004 1902 1116 1937 negotiis
1128 1910 1157 1927 ac
1170 1901 1275 1937 legibus
1287 1902 1446 1936 impeditus;
1464 1911 1525 1927 reus
1535 1902 1660 1936 denique,
1677 1909 1731 1936 quo

932 1939 1022 1966 minus
1036 1940 1172 1965 decemvir
1187 1940 1242 1965 lieri
1258 1940 1350 1974 possit,
1367 1949 1417 1965 non
1429 1940 1570 1974 excipitur.
1593 1939 1641 1965 Cn.
1653 1939 1731 1964 Pom-

932 1977 1009 2011 peius
1028 1978 1172 2011 excipitur,
1195 1986 1227 2003 ne
1245 1986 1306 2003 curn
1327 1977 1354 2003 P.
1372 1977 1462 2007 llullo,
1485 1982 1555 2003 taceo
1574 1976 1606 2002 ‹le
1625 1977 1728 2004 ceteris,

931 2014 1068 2041 decemvir
1082 2015 1137 2040 lieri
1154 2015 1246 2049 possit.
1290 2015 1456 2041 Praesentem
1471 2015 1542 2040 enim
1559 2014 1673 2048 profiteri
1690 2014 1731 2039 iu-

932 2052 988 2083 bet,
1009 2052 1081 2087 quod
1101 2052 1174 2078 nulla
1189 2052 1239 2078 alia
1254 2053 1281 2078 in
1297 2052 1354 2088 lege
1369 2061 1498 2086 umquam
1514 2052 1577 2082 suit,
1600 2060 1632 2077 ne
1647 2052 1673 2077 in
1689 2051 1730 2077 his

931 2089 1041 2124 quidem
1058 2090 1272 2125 magistratibus,
1293 2098 1408 2125 quorum
1428 2094 1516 2115 certus
1531 2089 1594 2115 ordo
1608 2094 1660 2115 est:
1687 2098 1728 2117 ne.

932 2128 954 2153 si
969 2131 1075 2162 accepta
1092 2127 1134 2153 lex
1148 2133 1230 2158 esset,
1248 2127 1324 2153 illum
1340 2128 1391 2153 sibi
1406 2127 1536 2162 collegam
1551 2127 1728 2154 ascriberetis,

931 2164 1069 2191 custodem
1085 2174 1114 2191 ae
1129 2165 1262 2191 vindicem
1277 2165 1464 2199 cupiditatum.
1489 2164 1522 2189 X.
1537 2164 1591 2193 llic,
1603 2164 1729 2198 quomam

933 2202 1010 2228 video
1030 2211 1076 2228 vos
1096 2202 1212 2229 bominis
1231 2202 1361 2236 dignitate
1376 2207 1400 2228 et
1414 2202 1574 2227 contumelia
1591 2201 1657 2236 legis
1671 2209 1730 2226 esse

931 2244 1091 2270 commotos,
1108 2240 1241 2265 renovabo
1256 2239 1337 2269 illud,
1353 2239 1424 2274 quml
1441 2240 1515 2265 initio
1529 2239 1599 2267 dixi,
1617 2247 1730 2273 regnum

931 2277 1088 2311 comparari,
1106 2277 1253 2303 libertatem
1270 2282 1383 2302 vestram
1401 2277 1447 2302 bac
1460 2276 1516 2310 lege
1529 2276 1649 2302 funditus
1663 2275 1728 2301 tolli.

932 2316 974 2340 ⁶25.
996 2315 1034 2340 Α11
1051 2323 1097 2340 vos
1112 2314 1187 2340 aliter
1205 2314 1412 2343 existimabatis,
1433 2323 1518 2348 quum
1533 2313 1565 2339 ad
1580 2313 1669 2338 onmia
1685 2321 1730 2338 ve-

932 2357 984 2377 stra
1008 2352 1085 2386 pauci
1109 2351 1230 2377 homines
1254 2351 1409 2385 cupiditatis
1435 2351 1526 2376 oeulos
1553 2350 1731 2376 adiecissent?

933 2398 984 2415 non
999 2398 1044 2414 eos
1059 2389 1084 2414 in
1101 2389 1195 2423 primis
1213 2388 1238 2414 id
1253 2394 1366 2418 arun-os,
1385 2394 1411 2414 111
1426 2397 1458 2414 ex
1468 2389 1540 2413 omni
1553 2388 1672 2413 custodia
1685 2396 1730 2413 ve—

931 2431 1000 2452 strae
1017 2426 1154 2456 libertatis,
1171 2435 1203 2451 cx
1217 2426 1289 2451 omni
1306 2431 1440 2460 potestate,
1457 2426 1599 2455 curatione,
1617 2426 1730 2459 patroci-

933 2464 976 2490 nio
996 2468 1144 2489 vestrorum
1162 2463 1363 2489 commmlorum
1383 2464 1431 2489 Cn.
1452 2463 1593 2497 Pompeius
1612 2462 1730 2497 depelle-

932 2500 1022 2527 retur?
1048 2501 1178 2527 Viderunt
1195 2505 1219 2526 et
1235 2501 1338 2531 vident,
1359 2501 1381 2526 si
1402 2509 1447 2535 per
1463 2500 1669 2534 imprmlcntiam
1685 2509 1729 2526 ve-

931 2543 1027 2569 stram,
1049 2538 1238 2573 nef-:ligentimu
1255 2547 1353 2567 meam.
1380 2537 1464 2572 legem
1480 2538 1640 2572 incognitam
1656 2547 1729 2564 acce-

933 2576 1037 2610 peritis,
1056 2575 1122 2605 l'ore,
1141 2577 1177 2602 uti
1194 2581 1296 2610 postea,
1316 2575 1430 2609 cognitis
1446 2576 1565 2606 insidiis,
1582 2585 1666 2610 (pium
1683 2575 1729 2601 ile—

931 2613 1062 2639 eemviros
1076 2614 1208 2643 crearitis,
1230 2618 1286 2639 tum
1307 2613 1379 2638 vitiis
1397 2613 1522 2638 omnibus
1542 2618 1566 2639 et
1581 2613 1728 2639 sceleribus

933 2650 999 2685 legis
1018 2650 1065 2677 Cn.
1086 2651 1204 2686 Pompeii
1225 2650 1388 2685 praesidium
1408 2650 1597 2685 opponendum
1618 2651 1726 2685 putetis.

932 2688 963 2714 Et
978 2688 1027 2715 boc
1041 2697 1154 2723 parvum
1170 2693 1358 2724 argumentum
1374 2688 1450 2714 vobis
1468 2688 1530 2718 erit.
1552 2697 1565 2714 a
1583 2689 1662 2715 certi>
1682 2688 1729 2714 Ιιο-

1494 2738 1522 2762 51
