1941 3052
217 161 263 186 255
784 160 824 185 ⁶10.
860 159 894 184 M.

213 230 338 256 omnibu«
358 230 436 255 rebus
455 229 639 255 ‹nnntinuimus
657 229 686 255 C.
707 228 799 258 Varro,
825 229 872 263 qui
896 232 951 254 tum
976 229 1002 254 in

215 267 274 293 Auia
295 267 418 292 trihunux
437 266 551 292 militurn
574 265 633 295 fuit.
658 265 721 291 haec
739 265 830 291 cadem
851 266 907 300 ipsa
926 274 954 290 ee
971 273 1003 291 ex

215 304 370 330 Philodamo
392 303 498 328 nudissi-
520 303 601 327 dicat:
637 303 745 336 poti-stis
774 302 908 331 dubitare,
957 302 1003 328 uin

215 342 294 367 istum
311 341 412 366 fortuna
429 350 477 366 non
494 344 544 364 tam
560 348 590 365 cx
607 339 652 364 illo
666 338 784 373 periculo
797 339 833 364 eri
855 348 898 364 ere
913 310 1004 365 vtiluo-

215 379 256 407 rit,
272 387 352 412 quum
368 377 399 402 ad
416 381 531 402 vestrum
548 376 677 402 iudicium
693 385 840 402 reservare.
872 376 927 402 Nisi
944 384 1004 402 vcro

216 414 282 441 illud
297 415 374 443 diri-t,
391 413 460 448 quod
476 418 500 438 et
515 414 540 438 in
556 414 707 439 testimonio
720 413 807 443 Tettii,
825 413 910 447 priore
925 413 1005 439 actio-

215 461 246 478 ne
262 451 438 485 interpellavit
450 450 617 476 Hortensius:
634 450 696 484 (quo
711 455 828 484 tempore
843 449 952 484 quidem
968 450 1005 476 si-

213 498 258 524 gni
274 489 336 514 satis
351 488 437 517 dedit,
453 488 475 513 si
489 487 555 522 quid
570 492 651 517 esset,
672 487 743 521 quud
759 491 846 522 posset
861 487 960 518 dicere.
977 496 1005 513 se

215 531 297 551 [πνοι-ι·
316 534 365 550 non
386 533 475 559 posse,
505 529 544 554 ut.
566 524 695 559 quamdiu
715 525 740 550 in
759 525 852 551 ceteris
869 524 948 550 rebus
967 528 1006 550 ta-

213 561 333 597 ‹·usi·r]it.
355 562 421 587 seire
436 570 527 587 omnes
543 570 695 596 possemus,
713 561 777 588 nihil
794 561 919 588 hahuisse
933 561 1004 596 quod

213 599 336 632 diceretz)
352 599 399 624 hor
415 603 469 624 tum
485 599 560 628 dixit,
577 598 764 625 Philodamum
779 599 875 625 eteius
891 598 975 625 filium
991 607 1004 624 a
1027 624 1029 626 ,

214 636 240 661 C.
258 637 358 661 Nerone
372 644 430 662 esse
444 636 590 662 damnatos.
630 637 672 662 72.
689 637 724 662 De
737 645 791 671 quo
805 645 836 662 ne
852 636 934 662 multa
949 636 1005 661 dis-

213 682 308 701 seram,
326 677 426 699 tantum
441 673 509 703 diro.
526 678 647 699 secutum
663 673 689 699 id
700 682 757 699 esse
769 674 898 700 Neronem
910 679 934 699 et
946 674 1004 699 eius

213 710 368 741 consilium,
396 710 467 745 quod
491 710 642 737 Cornelium
667 710 782 737 lictorem
805 712 922 737 occisum
946 719 1004 736 esse

213 751 356 774 constaret:
377 752 484 782 putasse
504 757 554 774 non
572 752 691 782 oportere
709 756 768 774 esse
785 749 911 783 cuiquam
931 756 962 774 ne
977 748 1003 773 in

214 784 365 810 ulciscenda
380 785 489 819 quidem
504 786 599 811 iniuria
615 785 730 811 hominis
743 785 879 811 occidendi
892 790 1004 820 potesta-

214 826 275 848 tem.
298 822 326 848 In
340 831 394 856 quo
409 822 493 853 video,
511 823 621 849 Neronis
636 823 734 849 iudicio
749 831 799 848 non
815 827 838 848 te
853 822 1003 848 absolutum

213 867 271 885 esse
294 859 484 893 improbitatis,
511 859 557 886 sed
583 859 642 885 illos
665 859 802 885 damnatos
825 868 882 885 esse
905 859 1003 885 caedis.
1034 866 1037 875 ’

214 896 311 922 Verum
326 897 375 922 ista
390 896 524 922 damnatio
538 901 624 922 tamen
639 897 790 923 cuiusmodi
806 896 873 923 fuit‘?
896 897 1002 927 Audite,

213 942 321 968 quaeso,
338 933 449 964 iudices,
461 938 486 960 et
497 934 640 968 aliquando
650 934 812 960 miseremini
824 934 966 964 sociorum,
980 939 1004 959 et

212 970 342 997 ostendite
369 970 470 1005 aliquid
497 971 539 997 his
562 971 589 997 in
614 976 699 997 vestra
724 971 774 997 nde
798 972 923 1006 praesidii
946 980 1004 997 esse

213 1012 340 1042 oportere.
382 1008 481 1034 XXlX.
502 1008 578 1040 Quod
593 1009 637 1035 toti
652 1008 728 1034 Asiae
743 1009 799 1034 iure
813 1009 917 1035 occisus
932 1008 1005 1034 vide-

201 1045 293 1085 'batur
308 1045 385 1071 istius
400 1045 444 1071 ille
459 1045 539 1071 verbo
554 1045 636 1076 lictor,
654 1054 680 1072 re
695 1054 755 1072 vera
771 1046 891 1072 minister
906 1046 1005 1080 impro-
1026 1062 1027 1069 η

214 1082 340 1108 bissimae
358 1082 526 1117 cupiditatis:
547 1083 684 1117 pertimuit
702 1083 763 1114 iste,
786 1091 818 1109 ne
833 1082 1004 1109 Philodamus

214 1120 324 1146 Neronis
343 1119 442 1146 iudicio
461 1119 625 1146 liberaretur.
665 1120 748 1156 Rogat
766 1125 791 1146 et
809 1125 864 1146 orat
882 1119 1005 1146 Dolabel-

214 1156 275 1187 lam,
292 1161 322 1183 ut
335 1156 367 1183 de
381 1165 429 1183 sua
443 1158 578 1192 provincia
592 1157 714 1184 decedat:
734 1157 767 1183 ad
780 1158 909 1184 Neronem
925 1157 1005 1192 profi-

212 1194 339 1220 ciscatur:
363 1203 392 1220 se
410 1194 572 1221 demonstrat
589 1194 749 1221 incolumem
768 1203 826 1221 esse
845 1204 896 1221 non
916 1203 1002 1229 posse,

212 1232 234 1257 si
249 1231 403 1258 Philodamo
422 1232 511 1258 vivere
529 1236 607 1267 atque
625 1231 768 1267 aliquando
787 1232 896 1258 Romam
915 1233 1004 1258 venire

214 1267 342 1295 licuisset.
363 1270 404 1294 73.
420 1268 573 1295 Commotus
587 1274 627 1296 est
641 1269 787 1296 Dolabella:
806 1269 866 1295 fecit
880 1269 916 1300 id,
933 1269 1003 1304 quod

213 1305 290 1332 multi
302 1306 535 1340 reprehenderunt,
552 1310 580 1332 ut
591 1307 745 1337 exercitum,
762 1307 935 1341 provinciam,
949 1306 1005 1332 bel-

213 1342 268 1369 lum
284 1342 445 1378 relinqueret
458 1347 483 1369 et
493 1344 520 1369 in
531 1343 619 1370 Asiam
630 1343 746 1370 hominis
758 1344 915 1378 nequissimi
927 1352 1005 1369 caus-

212 1388 241 1406 sa
266 1380 294 1406 in
317 1379 429 1406 alienam
454 1381 616 1415 provinciam
639 1380 858 1415 proficisceretur.
899 1381 1005 1407 Postea-

211 1425 293 1451 quam
307 1417 340 1443 ad
354 1417 484 1444 Neronem
499 1418 585 1444 venit:
605 1418 740 1444 contendit
758 1418 790 1444 ab
809 1427 852 1449 eo,
873 1422 902 1444 ut
915 1417 1005 1444 Philo-

212 1454 283 1480 dami
297 1463 419 1481 caussam
433 1459 611 1490 cognosceret.
651 1455 763 1481 Venerat
777 1455 848 1490 ipse,
873 1456 920 1489 qui
935 1459 1005 1481 esset

212 1491 239 1517 in
253 1491 377 1522 consilio,
394 1496 419 1518 et
432 1493 535 1526 primus
549 1493 707 1518 sententiam
721 1492 833 1525 diceret:
858 1492 1005 1519 adduxerat

212 1529 290 1554 etiam
306 1528 452 1563 praefectos
465 1533 490 1555 et
505 1529 626 1556 tribunos
640 1529 768 1556 militares
781 1538 854 1560 suos,
870 1538 938 1564 quos
952 1530 1005 1556 Ne-
1026 1545 1036 1567 ¹·

212 1574 240 1592 ro
253 1574 345 1592 omnes
358 1567 386 1592 in
400 1566 542 1593 consilium
556 1567 670 1593 vocavit.
691 1567 754 1593 Erat
766 1567 793 1593 in
803 1567 915 1594 consilio
925 1567 1003 1593 etiam

212 1603 392 1638 aequissimus
405 1603 487 1630 iudex
500 1604 557 1638 ipse
572 1604 679 1631 Verres:
700 1608 774 1630 erant
787 1604 909 1630 nonnulli
924 1604 1003 1639 togati

212 1640 352 1666 creditores
367 1640 540 1671 Graecorum,
556 1641 658 1676 quibus
671 1641 704 1667 ad
718 1641 863 1677 exigendas
877 1642 1004 1675 pecunias

212 1677 404 1712 improbissimi
422 1678 554 1712 cuiusque
570 1677 648 1713 legati
662 1677 810 1712 plurimum
825 1678 931 1713 prodest
944 1686 1004 1714 gra-

212 1715 257 1740 tia.
285 1715 327 1741 74.
343 1714 390 1741 Ille
404 1715 485 1741 miser
498 1714 664 1741 defensorem
679 1715 794 1750 reperire
807 1715 941 1741 neminem
957 1723 1005 1749 po-

212 1755 286 1778 terat.
327 1751 392 1784 Quis
411 1753 481 1778 enim
500 1757 570 1778 esset
587 1756 632 1779 aut
651 1756 768 1788 togatus,
788 1753 836 1788 qui
854 1752 1004 1780 Dolabellae

212 1789 308 1824 gratia,
331 1794 375 1815 aut
389 1789 519 1822 Graecus,
540 1790 588 1826 qui
606 1789 727 1817 eiusdem
746 1790 772 1816 vi
787 1794 812 1817 et
824 1790 937 1825 imperio
952 1799 1002 1817 non

212 1825 381 1853 moveretur?
405 1827 548 1854 Accusator
565 1832 653 1854 autem
671 1827 815 1863 opponitur
827 1829 895 1854 civis
908 1828 1005 1854 Roma-

213 1872 264 1890 nus
282 1864 315 1890 de
332 1864 507 1891 creditoribus
521 1865 775 1900 Lampsacenorum:
796 1866 857 1900 qui,
877 1866 900 1891 si
918 1865 1004 1892 dixis-

213 1906 266 1932 set,
281 1901 354 1936 quod
367 1902 417 1928 iste
431 1903 567 1933 iussisset.
583 1911 630 1937 per
644 1902 764 1929 eiusdem
779 1903 858 1929 istius
873 1902 976 1929 lictores
990 1912 1003 1928 a

213 1938 312 1973 populo
325 1939 466 1973 pecuniam
480 1944 569 1974 posset
581 1941 696 1975 exigere.
736 1939 826 1972 Quum
841 1939 905 1966 haec
915 1940 1004 1966 omnia

213 1979 283 2002 tanta
300 1977 478 2007 contentione,
499 1977 578 2003 tantis
595 1977 679 2012 copiis
697 1981 851 2013 agerentur:
871 1985 956 2012 quum
971 1976 1005 2003 il-

213 2012 269 2039 lum
292 2013 420 2040 miserum
443 2013 520 2040 multi
543 2018 707 2045 accusarent,
736 2022 814 2041 nemo
837 2013 1002 2046 defenderet;

212 2058 353 2085 quumque
365 2050 499 2077 Dolabella
518 2060 580 2078 cum
598 2052 656 2078 suis
674 2051 814 2086 praefectis
832 2056 964 2087 pugnaret
977 2052 1003 2077 in

212 2087 332 2118 consilio,
349 2087 442 2114 Verres
456 2087 574 2115 fortunas
588 2089 630 2124 agi
645 2097 708 2115 suas
721 2088 828 2119 diceret.
844 2088 916 2115 idem
931 2089 1005 2115 testi-

213 2125 333 2151 monium
346 2124 453 2156 diceret,
469 2125 540 2152 idem
554 2131 624 2152 esset
636 2126 664 2152 in
678 2125 797 2157 consilio,
813 2126 884 2153 idem
895 2134 1005 2152 accusa-

213 2166 296 2188 torem
311 2167 441 2196 parasset:
465 2162 529 2189 haec
542 2171 628 2198 quum
641 2163 730 2189 omnia
749 2163 853 2195 fierent,
875 2168 900 2189 et
917 2171 1003 2198 quum

213 2199 348 2225 hominem
365 2204 497 2226 constaret
514 2201 646 2226 occisum:
671 2205 758 2226 tamen
777 2205 847 2227 tanta
866 2201 907 2227 vis
925 2201 1003 2227 istius

213 2236 338 2268 iniuriae,
364 2240 434 2263 tanta
451 2237 480 2263 in
498 2237 548 2264 isto
566 2237 721 2272 improbitas
738 2238 894 2273 putabatur,
919 2242 949 2264 ut
971 2237 1004 2264 de

212 2272 368 2300 Philodamo
381 2273 498 2309 amplius
511 2275 737 2309 pronuntiaretur.
777 2275 866 2301 XXX.
878 2276 921 2301 75.
933 2274 1004 2307 Quid

213 2318 262 2346 ego
280 2319 351 2337 nunc
373 2311 400 2337 in
423 2310 502 2338 altera
525 2312 625 2338 actione
643 2311 691 2338 Cn.
710 2312 859 2338 Dolabellae
881 2312 1001 2347 spiritus,

212 2347 279 2382 quid
293 2347 375 2374 huius
390 2347 510 2375 lacrimas
520 2353 545 2375 et
553 2349 765 2376 concursationes
777 2348 926 2384 proferam?
936 2349 1004 2384 quid
1025 2356 1028 2366 ⁴

214 2384 242 2410 C.
254 2385 374 2416 Neronis,
390 2386 441 2412 viri
451 2386 545 2420 optimi
558 2391 637 2421 atque
651 2386 872 2418 innocentissimi,
888 2385 1005 2413 nonnul-

214 2420 247 2447 lis
261 2422 288 2448 in
301 2422 381 2449 rebus
391 2423 510 2449 animum
523 2424 603 2450 nimis
614 2423 737 2450 timidum
749 2429 827 2458 atque
837 2422 1005 2450 demissum?

214 2459 261 2492 qui
276 2459 303 2485 in
317 2459 362 2485 illa
376 2468 403 2485 re
416 2460 483 2495 quid
496 2459 580 2487 facere
595 2461 722 2495 potuerit,
744 2469 796 2487 non
810 2460 933 2491 habebat,
951 2461 1003 2487 nisi

214 2493 289 2526 forte,
305 2496 332 2522 id
346 2496 418 2531 quod
430 2505 522 2524 omnes
533 2502 590 2524 tum
600 2497 793 2529 desiderabant,
809 2502 839 2524 ut
848 2502 1003 2533 agereteam

215 2540 270 2558 rem
284 2533 341 2559 sine
354 2533 434 2560 Verre
446 2539 472 2560 et
484 2535 542 2561 sine
555 2534 702 2561 Dolabella:
717 2534 852 2570 quidquid
865 2539 935 2560 esset
945 2534 1004 2560 sine

215 2568 258 2595 his
272 2574 368 2600 actum,
383 2579 474 2597 omnes
489 2571 642 2606 probarent:
658 2575 715 2598 tum
729 2579 791 2598 vero
800 2571 874 2606 quod
885 2580 1004 2606 pronun-

214 2606 308 2632 tiatum
322 2611 370 2638 est,
386 2616 437 2633 non
452 2616 498 2642 per
512 2609 642 2635 Neronem
655 2608 801 2635 iudicatum
810 2629 816 2639 ,
831 2608 879 2634 sed
893 2616 940 2642 per
952 2608 1003 2634 Do-

929 159 958 184 T.
993 158 1268 185 ClCERONlS

1032 228 1035 272 j
1056 229 1148 258 instat.
1174 233 1250 263 urget
1268 227 1414 258 Dolabella.
1436 234 1464 255 ut
1480 230 1681 265 quamprimum
1699 231 1785 258 securi
1805 231 1843 258 fe—

1056 266 1170 295 riantur,
1195 274 1250 300 quo
1267 274 1347 300 quam
1367 267 1476 293 minime
1494 266 1571 293 multi
1590 276 1622 294 ex
1638 267 1690 293 min
1712 267 1745 294 de
1765 269 1844 295 istius

1057 301 1156 328 nefario
1173 302 1271 329 scelere
1290 302 1381 328 audire
1401 308 1516 337 possent.
1556 305 1597 330 76.
1623 304 1798 331 (Jonstituitur
1817 306 1843 332 in

1057 339 1112 365 foro
1127 339 1270 365 Laodiceae
1288 340 1470 374 spectaculum
1489 341 1614 367 acerbum
1632 346 1658 367 et
1677 343 1805 368 miserum
1819 347 1844 369 et

1056 384 1136 409 grave
1151 376 1196 402 toti
1211 377 1288 402 Asiae
1303 377 1466 411 provinciae;
1485 378 1593 411 grandis
1612 384 1674 404 natu
1691 387 1785 413 parens
1799 379 1845 405 ad-

1057 413 1154 438 ductus
1173 413 1204 439 ad
1223 413 1401 448 snpplii·ium;
1427 422 1458 440 ex
1477 414 1556 441 altera
1576 421 1648 450 parte
1675 416 1760 442 filius:
1790 416 1843 446 ille,

1026 461 1036 479 ,i
1056 450 1128 484 quod
1143 450 1299 484 pudicitiam
1320 450 1476 482 liberorum·¹
1498 451 1553 482 hie,
1573 452 1645 487 quod
1665 453 1745 479 vitam
1764 454 1845 488 patris

1034 483 1036 531 l
1057 487 1208 522 famamque
1222 489 1319 514 sororis
1333 487 1494 514 defenderat.
1519 488 1609 515 Flebat
1623 495 1734 525 uterque
1748 499 1799 517 non
1813 490 1847 517 de

1034 539 1035 542 =
1056 533 1106 550 suo
1119 524 1260 559 supplicio.
1277 525 1323 551 sed
1336 530 1407 559 pater
1417 525 1449 551 dc
1461 525 1507 551 filii
1519 531 1610 556 morte.
1625 526 1658 552 de
1670 528 1751 562 petris
1763 528 1844 554 filius.

1056 561 1126 594 Quid
1143 562 1310 588 lacrimarum
1326 563 1414 596 ipsum
1427 563 1555 589 Neronem
1568 565 1666 597 putatis
1678 563 1847 598 profudisse?

1034 571 1037 631 Ι
1056 607 1136 633 quem
1152 598 1241 625 fletum
1257 600 1336 625 totius
1348 600 1424 625 Asiae
1439 599 1540 625 fuisse?
1552 609 1632 635 quem
1648 600 1748 628 luctum
1762 607 1787 628 et
1801 610 1847 637 ge-

1035 645 1036 650 ¹
1058 636 1151 662 mitum
1164 636 1421 671 Lampsacenorum?
1433 637 1520 663 securi
1535 645 1592 663 esse
1607 646 1747 672 percussos
1761 639 1847 665 homi·

1035 678 1037 705 ζ
1058 682 1104 699 nes
1119 674 1284 704 innocentes,
1302 674 1416 704 nobiles,
1437 675 1523 700 socios
1538 674 1628 709 populi
1644 675 1753 702 Romani
1767 680 1846 710 atque

1035 716 1037 749 ξ
1057 711 1168 741 amicos.
1193 716 1299 746 propter
1323 711 1438 737 hominis
1462 710 1660 746 flagitiosissimi
1683 712 1846 747 singularem

1035 759 1037 778 ῃ
1058 749 1202 782 nequitiam
1226 753 1304 783 atque
1328 748 1554 783 improbissimam
1580 749 1772 783 cupiditatem?
1802 751 1845 776 77.

1035 793 1037 798 ⁷
1057 785 1110 811 lam
1125 786 1186 815 iam.
1203 785 1343 815 Dolabella.
1361 794 1446 820 neque
1458 787 1495 812 tui
1507 794 1592 821 neque
1605 791 1709 812 tuorum
1722 786 1844 818 liberum,

1035 828 1037 838 ⁴
1057 830 1125 856 quos
1144 827 1171 849 tu
1191 823 1301 848 miseros
1321 823 1347 849 in
1364 828 1479 858 egestate
1493 828 1572 858 atque
1587 824 1612 850 in
1627 824 1771 850 solitudine
1785 823 1847 851 reli-

1056 860 1152 894 quisti,
1175 860 1293 886 misereri
1314 865 1407 894 potest.
1451 860 1576 886 Verresne
1591 861 1638 887 tilii
1654 862 1717 887 tanti
1733 861 1796 891 fuit.
1818 866 1847 888 ut

1034 900 1037 931 ζ
1057 897 1114 922 eius
1135 896 1272 923 libidinem
1292 897 1430 923 hominum
1450 898 1630 924 innocentium
1653 899 1786 933 sanguine
1809 898 1846 925 lui

1034 937 1037 959 3
1057 933 1158 959 vclles‘?
1178 933 1309 960 idcircone
1327 934 1472 960 exercitum
1491 939 1570 969 atque
1591 935 1693 961 hostem
1712 935 1848 970 relinque-

1059 971 1114 1001 bas¹
1131 976 1161 997 ut
1175 975 1218 997 tua
1234 971 1259 997 vi
1274 975 1299 997 et
1312 970 1467 997 crudelitate
1482 972 1559 997 istius
1574 971 1689 998 hominis
1704 973 1847 1007 improbis-

1057 1008 1118 1034 simi
1133 1008 1249 1042 pericula
1263 1008 1436 1034 sublevares?
1453 1008 1529 1040 Quod
1543 1009 1613 1035 enim
1628 1018 1689 1035 eum
1704 1009 1751 1036 tibi
1765 1018 1848 1044 quae·

1057 1045 1135 1071 storis
1150 1046 1176 1072 in
1192 1045 1247 1072 loco
1257 1046 1440 1076 constitueras,
1457 1045 1554 1072 idcireo
1564 1046 1612 1072 tibi
1622 1047 1738 1073 amicum
1749 1047 1776 1073 in
1788 1055 1848 1081 per·

1057 1087 1167 1117 petuum
1183 1082 1237 1109 fore
1251 1082 1368 1117 putasti?
1381 1083 1531 1114 Nesciebas,
1547 1083 1580 1109 ab
1593 1092 1624 1109 eo
1637 1083 1685 1110 Cn.
1701 1083 1847 1110 Carbonem

1056 1119 1208 1151 consulem,
1223 1120 1302 1146 cuius
1316 1128 1343 1146 re
1357 1129 1418 1146 vera
1432 1125 1555 1155 quaestor
1569 1120 1631 1151 fuit.
1648 1129 1699 1147 non
1715 1120 1794 1148 modo
1807 1129 1848 1148 re-

1035 1175 1036 1178 «
1058 1156 1160 1188 lictum,
1176 1157 1223 1183 sed
1237 1157 1315 1183 etiam
1330 1157 1474 1192 spoliatum
1489 1157 1606 1188 auxiliis.
1623 1159 1735 1192 pecunia
1749 1158 1848 1185 nefarie

1035 1201 1036 1208 ¹
1056 1199 1241 1229 oppugnatum
1260 1199 1285 1221 et
1303 1194 1457 1229 proditum?
1476 1194 1609 1229 Expertus
1627 1196 1709 1231 igitur
1726 1204 1754 1222 es
1769 1196 1847 1222 istius

1035 1242 1037 1258 ι
1057 1231 1195 1266 perfidiam
1209 1236 1280 1262 tum,
1300 1240 1386 1266 quum
1405 1240 1434 1258 se
1451 1231 1483 1258 ad
1502 1232 1624 1258 inimicos
1643 1238 1702 1259 tuos
1719 1232 1845 1259 contulit:

1057 1277 1142 1303 quum
1156 1269 1183 1295 in
1195 1273 1219 1295 te
1231 1269 1309 1295 homo
1319 1270 1376 1303 ipse
1388 1277 1484 1295 nocens
1496 1270 1654 1295 acerrimum
1665 1270 1847 1296 testimonium

1035 1329 1037 1336 ,
1056 1305 1138 1332 dixit:
1157 1314 1243 1341 quum
1258 1307 1370 1332 rationes
1384 1306 1417 1332 ad
1435 1307 1579 1336 aerarium,
1600 1307 1651 1333 nisi
1669 1306 1793 1333 damnato
1812 1312 1845 1337 te.

1058 1342 1153 1369 referre
1168 1343 1263 1369 noluit.
1292 1343 1393 1369 XXXI.
1408 1344 1451 1369 78.
1467 1343 1598 1369 Tantaene
1612 1348 1680 1374 tuae,
1697 1344 1799 1374 Verres,
1816 1343 1848 1370 li-

1056 1379 1163 1406 bidines
1176 1384 1262 1410 erunt,
1279 1385 1308 1406 ut
1321 1389 1365 1406 eas
1379 1388 1472 1415 capere
1485 1389 1514 1406 ac
1528 1381 1660 1407 sustinere
1675 1389 1725 1407 non
1740 1382 1849 1416 provin-

1056 1417 1112 1443 ciae
1136 1417 1228 1452 populi
1246 1417 1370 1448 Romani,
1397 1426 1449 1444 non
1471 1418 1590 1444 nationes
1607 1423 1711 1444 exterae
1729 1417 1849 1453 possint?

1057 1455 1133 1480 Tune
1146 1454 1219 1489 quod
1232 1454 1340 1485 videris,
1356 1455 1428 1489 quod
1442 1454 1568 1485 audieris,
1584 1455 1656 1490 quod
1669 1456 1845 1490 concupieris,

1056 1491 1130 1526 quod
1143 1492 1275 1527 cogitaris¹
1292 1492 1344 1518 nisi
1358 1492 1385 1518 id
1399 1492 1431 1518 ad
1445 1497 1541 1518 nutum
1555 1497 1633 1518 tuum
1644 1498 1748 1527 praesto
1758 1492 1845 1523 fuerit,

1056 1529 1108 1555 nisi
1124 1529 1228 1555 libidini
1244 1533 1304 1556 tuae
1317 1529 1511 1564 cupiditatique
1524 1530 1654 1564 paruerit,
1671 1530 1848 1556 immittentur

1057 1565 1196 1593 homines?
1209 1566 1436 1602 expugnabuntur
1449 1566 1565 1593 domus?
1577 1567 1698 1593 civitates
1708 1575 1759 1594 non
1770 1567 1848 1594 modo

1056 1607 1175 1638 pacatae,
1192 1611 1286 1630 verum
1300 1604 1378 1629 etiam
1393 1604 1524 1630 sociorum
1539 1608 1618 1638 atque
1631 1604 1793 1635 amicorum',
1814 1604 1847 1631 ad

1056 1640 1112 1666 vim
1126 1644 1205 1675 atque
1219 1640 1251 1666 ud
1266 1649 1337 1666 arma
1351 1640 1519 1675 confugient,
1539 1645 1569 1667 ut
1586 1641 1619 1667 ab
1632 1650 1661 1667 se
1675 1646 1754 1676 atque
1767 1641 1800 1668 ab
1815 1641 1847 1668 li—

1057 1677 1128 1704 beris
1145 1678 1203 1704 suis
1222 1676 1299 1713 legati
1319 1677 1411 1712 populi
1427 1678 1536 1704 Romani
1553 1677 1642 1704 scelus
1659 1687 1689 1704 ac
1707 1678 1846 1705 libidinem

1056 1714 1212 1750 propulsare
1231 1714 1351 1749 possint?
1370 1715 1437 1740 Nam
1450 1723 1549 1749 quaero
1566 1715 1613 1741 abs
1632 1720 1669 1747 te.
1688 1716 1848 1743 circumses-

1056 1761 1138 1779 susne
1155 1753 1193 1779 sis
1207 1751 1359 1788 Lampsaci:
1379 1753 1528 1786 coeperitne
1545 1752 1669 1784 domum,
1689 1754 1716 1779 in
1734 1762 1787 1788 qua
1800 1753 1848 1780 de*

1034 1811 1035 1827 ,
1056 1790 1208 1821 versabare,
1228 1790 1274 1817 illa
1293 1788 1437 1816 multitudo
1451 1789 1604 1816 incendere:
1629 1789 1796 1818 voluerintne
1810 1790 1848 1818 le-

1034 1830 1035 1837 *
1055 1832 1147 1863 gatum
1162 1827 1254 1862 populi
1264 1827 1374 1854 Romani
1389 1827 1543 1854 comburere
1553 1828 1646 1853 vivum
1657 1827 1848 1862 Lampsaceni?

1056 1865 1159 1900 Negare
1177 1873 1228 1891 non
1248 1869 1331 1899 potes.
1372 1865 1460 1890 Habeo
1477 1865 1548 1890 enim
1563 1865 1744 1891 testimonium
1758 1870 1845 1897 tuum,

1055 1902 1128 1937 quod
1139 1902 1211 1937 apud
1221 1902 1351 1928 Neronem
1364 1901 1470 1928 dixisti:
1486 1901 1578 1932 habeo,
1593 1910 1661 1937 quas
1676 1901 1709 1928 ad
1722 1902 1846 1929 eumdem

1058 1939 1156 1966 litteras
1171 1939 1278 1966 misisti.
1308 1940 1350 1965 79.
1366 1939 1455 1965 Recita
1469 1938 1541 1965 hunc
1554 1939 1644 1974 ipsum
1661 1939 1748 1966 locum
1761 1939 1794 1966 de
1808 1945 1847 1967 te-

1055 1982 1191 2003 stimonio.
1224 1985 1425 2003 resriuosicu
1450 1984 1473 2002 c.
1498 1984 1606 2002 νειιηιε
1631 1985 1658 2002 is
1681 1985 1848 2004 nrsnino·

1056 2023 1124 2041 nnn.
1166 2013 1265 2050 [Recita
1286 2022 1320 2040 ex
1336 2013 1426 2040 Verris
1449 2012 1544 2040 litteris
1565 2013 1598 2040 ad
1617 2012 1769 2051 Neronem]
1809 2023 1848 2041 ει

1056 2060 1190 2078 tii-ranis
1211 2060 1235 2078 c.
1259 2060 1364 2077 VERRIS
1386 2059 1423 2077 An
1443 2059 1468 2077 c.
1490 2059 1637 2077 senonen.
1677 2059 1731 2078 ιεοκ
1753 2060 1847 2079 nuno

1055 2096 1124 2115 eosr
1137 2097 1166 2114 is
1179 2097 1289 2115 nouuu.
1324 2087 1463 2114 Bellumne
1477 2087 1576 2122 populo
1589 2088 1707 2115 Romano
1719 2088 1848 2123 Lampsa-

1034 2134 1035 2146 *
1054 2126 1113 2152 ceni
1128 2124 1212 2152 facere
1222 2124 1402 2152 conabantur?
1414 2124 1526 2151 deficere
1535 2125 1569 2151 ab
1579 2125 1693 2160 imperio
1701 2134 1730 2152 ae
1741 2126 1847 2153 nomine

1055 2167 1145 2190 nostro
1157 2162 1299 2190 volebant?
1322 2162 1403 2189 Video
1415 2162 1488 2188 enim
1505 2166 1531 2188 et
1548 2170 1582 2188 ex
1597 2163 1644 2194 iis,
1663 2170 1732 2197 quae
1750 2162 1802 2198 legi
1821 2168 1848 2190 et

1034 2199 1035 2205 ¹
1055 2200 1160 2231 audivi,
1181 2199 1315 2235 intelligo:
1341 2200 1369 2226 in
1387 2207 1440 2234 qua
1457 2199 1563 2226 civitate
1581 2208 1631 2226 uon
1650 2199 1728 2226 modo
1743 2198 1846 2235 legatus

1055 2237 1148 2272 populi
1161 2237 1272 2264 Romani
1286 2237 1494 2267 circumsessus,
1514 2245 1567 2263 non
1581 2236 1659 2263 modo
1675 2237 1745 2272 igni,
1764 2237 1843 2266 ferro.

1055 2283 1145 2305 manu,
1161 2274 1244 2309 copiis
1254 2278 1435 2310 oppugnatus,
1450 2273 1497 2300 sed
1507 2272 1595 2308 aliqua
1605 2281 1639 2299 ex
1647 2278 1721 2308 parte
1731 2273 1846 2301 violatus

1055 2312 1103 2343 sit;
1119 2311 1171 2338 nisi
1185 2310 1293 2346 publice
1306 2310 1471 2337 satisfactum
1484 2311 1528 2342 sit,
1543 2311 1568 2336 ei
1581 2311 1681 2336 civitati
1692 2309 1795 2337 bellum
1803 2311 1846 2338 in-

1054 2348 1107 2375 dici
1121 2353 1201 2383 atque
1215 2347 1308 2374 inferri
1321 2347 1416 2375 solere.
1437 2349 1479 2374 80.
1493 2346 1567 2379 Quae
1579 2346 1630 2373 fuit
1645 2348 1727 2382 igitur
1739 2356 1843 2379 caussa,

1054 2394 1102 2412 cur
1110 2390 1205 2412 cuncta
1214 2385 1308 2412 civitas
1317 2385 1556 2420 Lampsacenorum
1565 2383 1598 2410 de
1608 2385 1742 2416 concione,
1749 2393 1846 2420 quem-

1055 2422 1199 2449 admodum
1213 2427 1269 2449 tute
1282 2422 1386 2453 scribis,
1402 2421 1512 2448 domum
1526 2425 1598 2447 tuam
1612 2421 1791 2448 concurrerit?
1803 2422 1843 2449 Tu

1055 2460 1127 2486 enim
1141 2468 1228 2494 neque
1241 2460 1269 2486 in
1283 2459 1391 2489 litteris,
1410 2466 1478 2492 quas
1492 2458 1588 2484 Neroni
1603 2459 1700 2489 mittis,
1715 2467 1803 2494 neque
1815 2459 1844 2486 in

1032 2497 1035 2534 ξ
1054 2497 1207 2524 testimonio
1227 2504 1350 2523 caussam
1372 2495 1436 2522 tami
1455 2494 1587 2521 tumultus
1604 2495 1723 2522 ostendis
1743 2495 1842 2523 ullam:

1025 2536 1033 2568 ξ]
1053 2534 1195 2560 obsessum
1208 2538 1234 2560 te
1246 2533 1328 2564 dicis,
1342 2533 1432 2568 ignem
1446 2531 1554 2558 allatum
1563 2553 1569 2563 ,
1584 2537 1716 2559 sarmenta
1728 2533 1845 2559 cin-um-

1025 2564 1034 2599 ’ζ
1053 2570 1126 2602 data.
1149 2570 1267 2597 lictorem
1284 2574 1361 2597 tuum
1378 2569 1497 2596 occisum
1514 2577 1573 2595 esse
1590 2568 1670 2601 dicis,
1694 2569 1844 2604 prodeundi

1024 2605 1033 2634 -l
1054 2608 1102 2634 tibi
1116 2609 1144 2634 in
1162 2607 1302 2642 publicum
1320 2610 1476 2642 potestatem
1493 2605 1589 2632 factam
1606 2614 1700 2642 negas:
1719 2615 1842 2633 caussam

215 2641 338 2669 labellam
352 2648 472 2678 ereptum
485 2645 696 2671 existimabatur.
722 2645 918 2672 Condemnatur
931 2646 1003 2671 enim
1024 2642 1027 2661 ¹
1054 2644 1137 2671 huius
1150 2645 1214 2670 tanti
1228 2644 1335 2670 terroris
1348 2642 1474 2670 occultas.
1514 2643 1580 2669 Nam
1593 2643 1617 2669 si
1630 2651 1711 2678 quam
1724 2643 1843 2670 Rubrius

216 2681 355 2715 perpaucis
369 2682 506 2707 sententiis
516 2682 688 2709 Philodamus
699 2686 724 2708 et
733 2683 790 2708 eius
802 2682 882 2708 filius,
911 2681 1002 2713 Adest,
1024 2697 1033 2709 2.

1052 2681 1179 2708 iniuriam
1193 2689 1242 2708 suo
1256 2681 1362 2708 nomine
1375 2688 1404 2706 ac
1418 2688 1470 2706 non
1484 2679 1603 2715 impulsu
1618 2684 1663 2707 tuo
1675 2685 1701 2707 et
1711 2685 1755 2707 tua
1765 2681 1843 2716 cupi-
