1941 3052
272 137 298 159 10
817 137 838 160 2!-

268 205 365 238 scripto
389 204 517 229 recedere.
562 204 644 229 lan-iis
663 205 814 230 muniminis
833 209 871 230 me
888 210 975 230 contra
991 213 1061 234 eum,

267 243 322 276 qni,
339 250 423 276 (μιιιιη
445 241 555 266 [att-ntur
582 251 609 265 ,κν
623 247 710 267 contra
727 242 761 270 id,
778 241 849 275 qumi
863 242 966 275 leg-'ibus
978 242 1064 267 sunri-

269 284 322 304 tutu
347 284 391 304 aut
418 283 573 303 test-‘intento
592 280 767 313 perscriptum
788 280 829 308 sit,
853 278 954 308 [νε-ἰὴν,
977 283 1063 304 tanton

269 316 326 341 tar-ti
342 320 451 349 ‹piat-rat
466 315 660 341 tlt-sensinnvin.
686 317 717 341 Χ.
738 317 775 341 Η.
794 317 810 341 Λ
828 317 957 341 senti-ntia
973 316 1011 340 sit·
1023 316 1064 341 ‹li-

267 363 367 378 conius.
392 354 507 378 l’riniuni
526 353 694 378 laudabimus
705 354 840 387 scriptoris
851 353 1063 378 commoditatem

267 395 344 424 atquc
365 390 526 420 bru-vitatem,
559 390 629 425 qnod
649 395 749 416 tantuin
769 391 912 424 scripserit,
933 391 1003 424 qimid
1020 400 1065 415 ni·-

267 436 340 452 ccsse
361 428 452 454 fucrit:
479 427 554 457 illudy
571 428 642 462 (iuml
658 428 715 453 sinc.
730 429 828 461 scripto
844 427 955 460 intelligi
972 432 1064 462 potue-

269 465 309 495 rit,
328 474 377 490 non
394 466 542 490 necessario
556 465 727 490 scribendum
744 465 851 499 putarit.
880 465 977 490 Deinde
991 465 1064 490 ‹lit-⁴·-

268 511 328 528 mus
342 502 541 527 calumniatoris
557 511 606 526 ess(
628 502 756 532 osticium,
775 502 853 527 verba
868 507 893 528 vt
909 502 1007 528 litteras
1021 511 1063 527 se-

267 540 323 574 qui,
342 539 474 572 negligere
491 539 662 565 voluntatem.
684 540 782 565 Deinde
797 540 833 569 id,
845 540 917 574 qnod
932 540 1061 574 scriptum
1090 548 1092 571 ζ

268 578 309 607 sit,
332 582 375 601 aut
391 585 441 601 non
458 584 534 610 posse
550 577 614 606 tis-ri,
636 582 680 602 aut
695 586 746 603 non
763 577 828 610 lege,
846 586 896 603 non
913 585 992 606 more,
1010 586 1060 602 non

269 619 368 643 tratura,
391 622 440 639 non
460 622 545 647 aequo
564 619 587 639 et
608 614 676 639 bono
695 623 772 648 posse
792 615 861 641 lieri:
890 623 959 649 quae
973 615 1061 640 omnia

268 652 421 685 scriptorem
433 650 551 676 noluisse
561 660 641 685 quam
653 653 799 677 semissium
811 653 875 682 lieri,
890 661 967 677 nemo
977 651 1059 683 dicet,

267 694 292 714 at
306 697 344 719 ea,
360 696 428 722 quae
443 697 455 712 a
472 689 547 714 nobis
563 690 629 714 facta
644 689 705 719 sint,
723 690 871 715 iustissimi·
887 689 962 714 sacta.
984 689 1062 714 Dein-

267 727 299 751 de
330 726 485 752 contrariam
501 726 658 752 sententiam
674 731 718 752 aut
734 726 834 752 nnllam
850 735 908 751 csse
934 731 978 752 aut
994 726 1061 751 stul-

268 769 319 789 tam
350 767 395 789 aut
408 763 544 794 iniustam,
565 768 610 789 aut
625 772 675 789 non
691 773 768 798 posse
783 764 837 789 lieri
869 768 914 789 aut
934 773 983 789 non
999 772 1062 788 con-

267 805 335 826 stare
349 809 410 826 cum
425 801 609 834 superioribus
624 805 649 826 et
662 801 833 827 inferioribus
852 802 999 830 sententiis,
1017 805 1060 826 aut

266 847 326 863 cum
346 838 404 863 iure
421 839 556 864 communi
583 842 628 864 atit
641 847 702 864 cum
718 838 776 864 aliis
793 838 896 871 legibus
911 839 1061 864 communi-

268 875 318 900 bus
333 880 378 901 aut
388 883 449 901 cum
461 875 540 900 rebus
553 876 675 901 iudicatis
689 875 840 901 dissentire.
863 876 960 901 Deinde
970 884 1061 901 ext-m—

268 912 372 946 plorum
387 921 399 938 a
412 912 546 938 voluntate
561 917 649 938 contra
662 913 790 947 scriptum
803 913 978 938 iudicatorum
995 921 1061 939 cnu-

267 950 376 975 meratio
390 950 446 979 ἢθη
474 949 570 975 deinde
586 950 674 985 legum
689 955 713 976 et
727 950 930 985 stipulationum
946 951 1061 976 breviter

267 992 459 1021 excerptarum,
469 987 494 1013 in
510 987 610 1021 quibus
622 987 788 1021 intelligatur
798 988 956 1022 scriptorum
965 987 1061 1014 volun—

267 1029 314 1055 tas,
327 1025 467 1058 expositio.
484 1025 569 1050 Locus
584 1026 734 1051 communis
749 1029 837 1051 eontra
853 1026 978 1060 cum,qui
995 1026 1060 1051 scri-

267 1066 341 1096 ptum
357 1062 447 1087 recitet
473 1066 498 1087 et
511 1063 648 1097 scriptoris
663 1062 825 1088 voluntatem
841 1071 892 1088 non
903 1063 1060 1097 interprete—

267 1104 318 1125 tur.
343 1100 382 1125 ⁴5.
395 1098 483 1130 Quum
499 1099 566 1125 duae
582 1099 653 1135 leges
667 1100 735 1126 inter
749 1108 777 1125 se
791 1100 952 1134 discrepant,
965 1100 1060 1126 viden-

266 1136 330 1162 dum
353 1140 393 1162 est
416 1137 542 1170 primum,
568 1146 698 1172 numqua
718 1138 853 1173 obrogatio
867 1142 912 1163 aut
925 1138 1060 1170 derogatio

266 1175 314 1205 sit3
331 1174 435 1205 deinde,
454 1178 543 1200 utrum
561 1174 631 1209 leges
645 1175 680 1200 ita
695 1174 862 1205 dissentiant,
879 1179 909 1201 ut
923 1175 1002 1200 altera
1017 1175 1060 1201 iu-

267 1211 334 1242 beat,
351 1211 430 1237 altera
446 1215 528 1244 vetct;
553 1221 586 1238 an
604 1212 648 1242 ita,
666 1216 695 1238 ut
709 1212 788 1238 altera
803 1216 886 1247 cogat,
904 1212 983 1238 altera
999 1220 1059 1246 per-

267 1249 360 1274 mittat.
395 1248 500 1274 Infirma
514 1250 584 1275 enim
600 1250 648 1275 erit
661 1250 720 1275 eius
734 1249 862 1280 defensio,
879 1250 926 1284 qui
941 1250 1056 1284 negabit,

265 1295 293 1311 se
309 1286 411 1317 fecisse,
428 1286 499 1321 quod
513 1291 659 1321 cogeretur,
671 1295 756 1322 quum
772 1286 851 1313 altera
867 1287 909 1313 lex
922 1287 1059 1322 permitte·
1080 1313 1081 1318 ,

267 1328 317 1354 rct3
344 1323 405 1358 plus
424 1324 494 1349 enim
510 1324 579 1350 valet
597 1325 697 1350 sanctio
711 1325 897 1359 permissione.

265 1360 384 1387 defensio
398 1361 485 1387 tenuis
500 1365 547 1392 cst,
568 1370 653 1396 quum
672 1362 820 1388 ostenditur
834 1361 860 1388 id
876 1361 974 1388 sactum
990 1370 1056 1392 csse,

265 1398 337 1433 quod
357 1407 385 1423 ea
405 1398 447 1424 lex
466 1399 573 1429 sanciat,
594 1400 638 1425 cui
655 1399 704 1434 legi
719 1399 876 1435 obrogatum
892 1399 933 1425 vel
948 1399 1060 1435 deroga-

267 1441 321 1461 tum
341 1436 388 1468 sit3
411 1435 446 1466 id,
468 1436 539 1470 quod
559 1437 697 1470 posteriori
717 1436 774 1471 lege
793 1437 926 1463 sancitum
940 1437 983 1467 sit,
1000 1445 1058 1462 esse

266 1473 425 1507 neglectum.
448 1472 536 1504 Quum
552 1474 616 1499 baec
630 1478 707 1499 erunt
721 1474 894 1504 considerata,
908 1474 997 1500 statim
1012 1482 1059 1500 no-
1080 1493 1081 1499 1

264 1515 332 1536 strae
347 1510 413 1545 legis
427 1511 600 1544 expositione,
618 1512 778 1542 recitatione,
792 1511 986 1537 collaudatione
1001 1515 1060 1537 ute-

265 1556 334 1573 mur.
362 1547 461 1573 Deinde
475 1549 620 1574 contrariae
631 1548 697 1583 legis
708 1548 884 1575 enodabimus
895 1548 1058 1575 voluntatem
1080 1574 1088 1586 ¹

264 1589 289 1611 et
303 1593 360 1610 eam
375 1585 510 1611 trahemus
525 1585 556 1611 ad
573 1590 675 1611 nostrae
688 1594 798 1612 caussae
812 1586 993 1612 commodum.
1008 1586 1059 1612 De-

938 1325 1002 1350 Item
1013 1324 1059 1350 illa
1080 1338 1081 1343 =

264 1622 325 1648 inde
340 1622 372 1648 de
385 1622 529 1648 iuridiciali
547 1622 668 1649 absoluta
682 1632 822 1649 sumemus
836 1624 964 1650 rationem
991 1624 1058 1649 iuris
1080 1631 1081 1639 ¹

264 1664 290 1686 et
303 1668 463 1694 quaeremus
477 1664 564 1694 partes
578 1661 654 1691 iuris,
670 1665 761 1686 utrum
776 1669 838 1686 cum
852 1669 882 1686 ea
896 1660 1005 1693 faciant3
1025 1661 1058 1687 de
1079 1667 1081 1688 ¹.

264 1706 317 1732 qua
331 1697 463 1731 posterius
477 1697 652 1723 disseremus.
683 1697 728 1724 XI.
746 1700 785 1724 ⁴6.
802 1697 830 1724 Si
845 1698 1004 1733 ambiguum
1019 1702 1058 1724 est

265 1735 402 1769 scriptum,
420 1738 449 1760 ut
462 1738 526 1769 puta
539 1734 612 1769 quod
626 1735 653 1761 in
667 1735 734 1761 duas
749 1739 794 1761 aut
808 1735 899 1770 plures
913 1736 1058 1761 sententias

265 1772 331 1799 trahi
347 1772 438 1806 possit,
456 1771 505 1798 hoc
519 1772 597 1798 modo
611 1772 776 1798 tractandum
791 1777 845 1799 est:
866 1773 993 1807 primum,
1010 1773 1059 1799 sit-

265 1819 297 1837 ne
319 1809 485 1844 ambiguum,
510 1809 693 1844 quaerendum
717 1815 770 1842 est3
798 1810 903 1842 deinde,
924 1810 1058 1845 quomodo

264 1848 394 1882 scriptum
408 1850 486 1877 esset,
515 1847 538 1873 si
552 1847 579 1873 id
593 1847 666 1882 quod
680 1847 825 1874 adversarii
851 1849 1058 1883 interpretantur

264 1886 376 1919 scriptor
394 1884 449 1910 lieri
464 1884 602 1916 voluisset,
618 1885 814 1911 ostendendum
829 1890 884 1917 est,
907 1885 1004 1912 deinde
1018 1885 1054 1916 id,
1078 1895 1080 1912 ς

264 1922 336 1957 quod
351 1930 398 1947 nos
412 1922 624 1956 interpretemur,
637 1927 662 1948 et
675 1922 732 1949 fieri
746 1931 824 1957 posse
838 1927 864 1948 et
885 1923 1003 1954 honeste,
1016 1931 1058 1949 re-

264 1964 312 1990 cte,
338 1958 404 1994 lege,
430 1967 511 1990 more,
535 1964 637 1991 natura,
662 1960 732 1986 bono
750 1964 775 1986 et
793 1969 878 1995 aequo
892 1960 948 1987 fieri
962 1968 1054 1995 posse3

264 1997 335 2032 quod
350 1996 495 2022 adversarii
509 1997 723 2031 interpretentur,
740 2005 754 2023 e
767 1998 911 2030 contrario;
936 2006 984 2024 nec
998 2006 1057 2024 esse

264 2034 389 2069 ambigue
404 2034 542 2068 scriptum,
559 2043 645 2069 quum
658 2034 832 2070 intelligatur,
845 2039 936 2061 utrum
950 2039 1058 2061 senten-
1085 2053 1087 2060 Α

265 2072 300 2098 tia
315 2080 374 2097 vera
390 2071 433 2097 sit.
465 2071 541 2102 Sunt,
554 2072 601 2106 qui
616 2072 784 2103 arbitrentur,
806 2072 838 2098 ad
853 2072 921 2098 hanc
934 2081 1056 2098 caussam

265 2108 425 2135 tractandam
440 2109 611 2135 vehementer
621 2109 753 2143 pertinere
763 2110 940 2145 cognitionem
951 2110 1057 2144 amphi-

265 2146 396 2173 boliarum
410 2154 476 2177 eam,
493 2154 561 2181 quae
575 2155 589 2172 a
603 2146 749 2172 dialecticis
763 2146 905 2181 profertur.
926 2147 980 2173 Nos
995 2155 1057 2173 vero

264 2184 422 2209 arbitramur
440 2191 492 2209 non
506 2183 584 2209 modo
598 2183 673 2210 nullo
686 2184 839 2210 adiumento
853 2192 920 2215 esse,
949 2184 996 2210 sed
1010 2192 1058 2218 po-

264 2221 318 2247 tius
335 2221 452 2247 maximo
465 2220 665 2255 impedimento.
699 2220 798 2247 Omnes
812 2221 883 2247 enim
897 2221 937 2247 illi
951 2221 1057 2256 amphi—

264 2258 348 2284 bolias
371 2262 546 2292 aucupantur,
571 2266 615 2284 eas
637 2258 726 2289 etiam,
751 2267 819 2293 quae
838 2267 872 2285 ex
887 2258 969 2285 altera
983 2262 1056 2293 parte

264 2295 422 2322 sententiam
437 2295 538 2321 nullam
553 2300 665 2329 possunt
678 2296 854 2330 interpretari.
871 2297 963 2330 Itaque
973 2300 998 2322 et
1007 2295 1056 2322 ali-

264 2333 306 2359 eni
329 2333 460 2358 sermonis
482 2332 586 2358 molesti
609 2332 833 2366 interpellatores,
849 2337 875 2359 ct
892 2333 983 2368 scripti
998 2337 1055 2359 tum

264 2370 357 2400 odiosi,
374 2374 431 2396 tum
446 2370 552 2396 obscuri
566 2370 722 2404 interpretes
732 2374 808 2402 sunt;
824 2374 850 2396 et
863 2370 927 2396 dum
942 2374 1018 2396 caute
1031 2375 1057 2396 et

264 2407 387 2441 expedite
405 2406 478 2441 loqui
493 2407 594 2438 volunt,
615 2407 788 2433 infantissimi
806 2408 984 2441 reperiuntur.
1019 2408 1055 2434 lta

264 2444 329 2470 dum
344 2448 467 2470 metuunt
481 2445 509 2470 in
522 2444 643 2475 dicendo,
659 2452 692 2470 ne
706 2444 773 2479 quid
786 2444 944 2480 ambiguum
955 2444 1053 2475 dicant,

265 2490 361 2507 nomen
374 2490 455 2507 suum
469 2482 638 2516 pronuntiare
650 2490 701 2508 non
712 2486 833 2516 possunt.
849 2482 948 2508 Verum
959 2481 1054 2508 horum

266 2518 382 2553 pueriles
400 2519 538 2553 opiniones
557 2519 712 2545 rectissimis
732 2519 887 2550 rationibus,
907 2527 994 2554 quum
1008 2527 1056 2545 vo-

266 2556 312 2586 les,
329 2555 489 2582 refellemus.
505 2556 757 2591 impraesentiarum
772 2556 822 2582 hoc
835 2556 991 2582 interdicere
1003 2565 1054 2582 non

264 2593 381 2619 alienum
396 2592 455 2624 fuit,
473 2597 501 2619 ut
510 2593 592 2619 huius
604 2592 730 2619 inTantiae
740 2593 873 2629 garrulam
884 2593 1054 2628 disciplinam

264 2634 504 2656 contemneremus.
532 2630 588 2656 ΧΠ.
603 2631 643 2656 ⁴7.
660 2630 750 2662 Quum
768 2630 921 2656 definitione
937 2635 1052 2660 utemur,

264 2667 380 2701 primum
397 2667 535 2693 afferemus
548 2667 656 2694 brevem
671 2667 793 2694 vocabuli
808 2667 1055 2698 definitionem,hoc

875 134 1075 160 tNtttzttTt
1111 134 1360 161 :tuatonis

1092 213 1094 222 ¹
1117 204 1207 229 modo:
1226 205 1385 232 Maiestatem
1401 207 1423 232 is
1438 207 1542 236 minuit,
1560 208 1606 242 qui
1621 216 1650 233 ca
1666 208 1739 238 tollit,
1757 210 1902 244 exquibus

1092 266 1094 274 Ι
1115 242 1230 267 vix-itatis
1249 243 1398 276 amplitudo
1415 249 1529 270 corr-dat:
1552 243 1629 279 (quae
1643 251 1705 271 sunt
1719 248 1767 271 ca'?
1779 256 1847 281 quim
1860 256 1903 273 ca-

1092 290 1094 314 >
1117 277 1207 313 piunt]
1237 280 1360 312 suffragia
1388 282 1478 315 populi
1507 286 1531 307 ct
1558 283 1728 314 iringistratus
1749 284 1901 310 consilium.

1092 324 1094 332 *
1118 316 1216 349 Nempe
1231 317 1311 348 igitur
1325 322 1352 342 tu
1367 323 1392 343 ct
1407 318 1534 352 populum
1548 320 1674 350 suffragio
1685 325 1710 345 et
1721 321 1902 353 maj-'istratum

1116 353 1226 378 consilio
1241 354 1358 387 privasti,
1374 364 1458 389 quum
1476 361 1567 390 pontes
1581 356 1748 383 disturbasti.
1790 359 1853 384 item
1871 366 1903 384 ex

1092 392 1093 403 ³
1117 391 1259 416 contrario:
1287 392 1446 417 Maiestatem
1471 393 1493 418 is
1517 394 1621 423 minuit,
1638 395 1684 428 qui
1700 394 1902 429 amplitudinem

1092 435 1093 441 ¹
1115 428 1229 453 civitatis·
1243 427 1401 454 detrimento
1415 429 1504 455 aflicit.
1527 430 1582 463 ligo
1597 439 1646 456 non
1661 431 1743 461 utrm-i,
1756 432 1801 457 sed
1815 433 1901 466 probi·

1092 463 1093 470 ¹
1116 464 1161 490 bui
1183 464 1353 492 dominu-nto:
1382 467 1511 492 aerarium
1535 468 1605 493 enim
1620 470 1783 496 conservavi.
1799 469 1902 495 libidini

1091 499 1093 531 j
1116 501 1244 527 malorum
1260 504 1352 532 restiti,
1369 505 1531 530 maiestatem
1546 513 1650 530 ornnem
1663 506 1769 532 interire
1781 515 1830 532 non
1844 515 1903 541 pas-

1114 547 1160 564 sus
1174 547 1244 565 sum.
1283 540 1399 566 Primum
1415 542 1497 576 igitur
1512 541 1632 567 vocabuli
1647 544 1774 569 sententia
1791 544 1903 569 breviter

1090 574 1091 588 l
1113 581 1137 601 ct
1158 576 1188 601 ad
1213 577 1352 603 utilitatem
1374 587 1483 603 caussae
1507 579 1701 605 accommodate
1724 580 1901 606 describetur:

1090 614 1091 618 ’
1113 613 1208 639 deinde
1228 614 1325 640 sactum
1345 620 1464 641 nostrum
1483 624 1544 641 cum
1561 616 1632 642 verbi
1651 616 1827 651 descriptione
1841 626 1903 644 con-

1114 651 1251 683 iungi-tun
1277 652 1373 678 deinde
1387 654 1531 679 contrariae
1545 653 1731 688 descriptionis
1746 655 1811 681 ratio
1824 654 1902 681 retel-

1115 687 1189 718 letnr,
1206 689 1228 714 si
1243 693 1288 714 aut
1303 689 1366 715 salsa
1381 691 1431 716 erit
1456 695 1500 716 aut
1514 691 1618 717 inutilis
1644 696 1689 717 aut
1699 692 1785 726 turpis
1807 693 1903 718 autin-

1113 725 1220 751 iuriosa.
1256 726 1282 751 ld
1297 735 1405 761 quoque
1419 736 1451 753 ex
1466 728 1531 754 iuris
1547 729 1666 762 partibus
1680 734 1802 755 sumetur
1814 728 1847 755 de
1860 729 1903 755 iu-

1113 762 1224 788 ridiciali
1239 764 1368 793 absoluta,
1385 765 1416 790 de
1431 773 1483 799 qua
1498 766 1550 791 iam
1566 765 1715 800 loquemur.
1738 768 1776 792 ta.
1792 766 1903 797 Quaeri-

1113 803 1155 825 tur
1168 800 1195 826 in
1211 800 1437 832 translationibus,
1459 802 1585 836 primum,
1602 811 1666 828 num
1681 803 1779 838 aliquis
1793 804 1851 829 eius
1865 804 1901 830 rei

1112 837 1249 867 actionem,
1259 838 1411 872 petitionem
1422 844 1467 864 aut
1477 840 1686 873 persecutionem
1699 840 1800 871 habeat,
1812 839 1901 877 [quem

1113 883 1163 900 non
1182 874 1324 911 θρωπε-πῆς
1351 885 1414 902 num
1433 876 1484 902 alio
1499 877 1584 907 modo,
1602 881 1727 912 tempore,
1745 877 1814 909 loco;
1837 886 1900 904 num

1112 911 1161 937 alia
1177 911 1243 946 lege,
1261 921 1325 938 num
1340 913 1391 939 alio
1405 918 1548 948 quaerente
1561 919 1606 940 aut
1620 919 1723 949 agente.
1755 915 1822 941 Haec
1837 914 1903 950 legi-

1112 948 1172 980 bus,
1191 949 1319 980 moribus‚
1339 958 1424 985 aequo
1437 955 1461 977 et
1477 951 1544 977 bono
1558 952 1734 986 reperientur;
1755 952 1788 978 de
1801 952 1903 986 quibus

1111 986 1215 1012 dicetur
1237 987 1264 1012 in
1287 987 1430 1014 iuridiciali
1453 988 1584 1014 absoluta.
1618 989 1646 1015 ln
1669 998 1762 1015 caussa
1781 989 1902 1016 rationali

1111 1024 1227 1058 primum
1246 1029 1396 1058 quaeretur,
1422 1025 1518 1060 ecquid
1537 1026 1564 1051 in
1583 1026 1663 1052 rebus
1689 1026 1835 1052 maioribus
1857 1031 1903 1053 aut

1111 1061 1260 1087 minoribus
1287 1067 1332 1088 aut
1342 1062 1478 1088 similibus
1492 1063 1616 1089 similiter
1629 1064 1757 1097 scriptum
1773 1069 1817 1090 aut
1831 1063 1903 1090 iudi—

1110 1102 1197 1124 catum
1213 1099 1260 1131 sit3
1277 1099 1382 1129 deinde,
1399 1105 1489 1126 utrum
1504 1108 1533 1126 ea
1549 1108 1589 1126 res
1603 1100 1701 1126 similis
1715 1101 1749 1126 sit
1759 1101 1782 1127 ei
1795 1102 1901 1136 rei‚qua

1110 1135 1143 1161 de
1157 1136 1253 1171 agitur,
1275 1144 1306 1162 an
1321 1137 1475 1169 dissimilis;
1504 1137 1610 1168 deinde,
1627 1142 1716 1164 utrum
1735 1138 1857 1164 consulto
1869 1138 1902 1164 de

1110 1181 1139 1198 ea
1154 1181 1181 1199 re
1195 1173 1324 1208 scriptum
1340 1183 1391 1200 non
1406 1175 1448 1205 sit,
1461 1174 1533 1209 quod
1549 1175 1663 1201 noluerit
1675 1183 1768 1201 cavere
1779 1176 1900 1210 scriptor,

1080 1217 1089 1237 'i'
1110 1219 1143 1236 an
1157 1210 1230 1245 quod
1244 1211 1308 1237 satis
1322 1217 1431 1238 cautum
1442 1213 1549 1246 putarit,
1563 1217 1670 1247 propter
1679 1217 1825 1239 ceterorum
1836 1213 1902 1239 scri-

1111 1252 1216 1282 ptorum
1231 1248 1447 1275 similitudinem.
1469 1250 1505 1275 De
1519 1250 1640 1284 partibus
1656 1249 1789 1285 legitimae
1803 1251 1903 1276 consti-

1111 1285 1220 1311 tutionis
1239 1286 1303 1311 satis
1322 1286 1424 1313 dictum
1443 1291 1496 1320 est;
1525 1295 1596 1313 nunc
1613 1286 1646 1313 ad
1665 1287 1842 1313 iuridicialem
1861 1295 1902 1314 re-

1111 1327 1253 1348 vertamur.

1086 1386 1088 1402 Ι
1166 1359 1235 1385 xm.
1246 1361 1285 1386 49.
1293 1359 1420 1387 Absoluta
1431 1360 1573 1387 iuridiciali
1585 1362 1773 1388 constitutione
1784 1366 1900 1392 utemur,

1086 1407 1087 1411 ¹
1109 1405 1195 1431 quum
1210 1397 1295 1431 ipsam
1310 1406 1376 1428 rem,
1391 1406 1473 1432 quam
1487 1407 1534 1424 nos
1550 1398 1644 1425 secisse
1657 1398 1824 1430 confitemur,
1844 1399 1902 1426 iure

1111 1433 1205 1460 factam
1224 1434 1355 1466 dicemus,
1375 1435 1434 1461 sine
1447 1434 1502 1461 ulla
1517 1437 1700 1471 assumptione
1713 1437 1841 1462 extrariae
1855 1436 1902 1463 de-

1111 1471 1249 1498 fensionis.
1290 1472 1318 1498 ln
1333 1480 1362 1498 ea
1376 1473 1468 1507 quaeri
1482 1473 1615 1504 convenit,
1635 1474 1728 1499 iurene
1743 1473 1840 1500 factum
1855 1474 1899 1500 sit.

1087 1523 1088 1532 l
1110 1509 1146 1534 De
1164 1517 1195 1535 eo
1208 1517 1302 1535 caussa
1316 1510 1401 1544 posita
1419 1510 1506 1536 dicere
1524 1511 1680 1545 poterimus,
1700 1511 1724 1536 si
1753 1519 1787 1537 ex
1800 1511 1901 1546 quibus

1110 1547 1232 1581 partibus
1250 1547 1293 1572 ius
1311 1551 1413 1573 constet
1442 1548 1657 1582 cognoverimus.
1698 1547 1806 1574 Constat
1819 1549 1902 1584 igitur

1110 1592 1143 1609 ex
1157 1583 1199 1609 his
1210 1584 1344 1618 partibus:
1361 1589 1463 1615 natura,
1481 1585 1548 1620 lege,
1560 1584 1762 1615 consuetudine.
1774 1585 1899 1611 iudicato.

1109 1629 1195 1655 aequo
1208 1625 1233 1647 et
1247 1621 1325 1651 bono.
1342 1626 1427 1655 pacto.
1449 1622 1547 1648 Natura
1561 1623 1604 1648 ius
1618 1627 1667 1652 est,
1679 1621 1752 1657 quod
1765 1623 1902 1658 cognatio-

1110 1658 1152 1684 nis
1165 1662 1210 1684 aut
1224 1659 1329 1693 pietatis
1343 1667 1437 1685 caussa
1451 1659 1620 1692 observatur-3
1640 1667 1694 1694 quo
1708 1660 1765 1686 iure
1778 1665 1901 1694 parentes

1109 1704 1123 1721 a
1143 1695 1232 1721 liberis
1263 1700 1289 1722 et
1307 1704 1321 1721 a
1340 1696 1496 1731 parentibus
1510 1696 1586 1723 liberi
1600 1696 1734 1723 coluntur.
1774 1697 1844 1733 Lege
1857 1698 1900 1724 ius

1109 1737 1149 1759 est
1163 1732 1199 1764 id,
1215 1733 1287 1768 quod
1301 1733 1395 1768 populi
1408 1734 1486 1760 iussu
1501 1734 1633 1760 sancitum
1647 1738 1701 1767 est3
1716 1733 1790 1769 quod
1802 1742 1898 1770 genus,

1110 1774 1139 1796 ut
1156 1771 1184 1796 in
1202 1770 1246 1796 ius
1264 1779 1318 1801 eas,
1337 1779 1423 1806 quum
1438 1771 1550 1797 voceris.
1591 1771 1790 1798 Consuetudine
1803 1772 1847 1798 ius
1860 1777 1900 1799 est

1079 1824 1087 1835 ,l
1109 1807 1146 1838 id,
1166 1807 1239 1842 quod
1252 1808 1310 1834 sine
1325 1808 1392 1844 lege,
1408 1817 1493 1843 aeque
1506 1817 1536 1834 ac
1549 1809 1572 1834 si
1587 1808 1739 1844 legitimum
1753 1809 1796 1840 sit,
1817 1810 1901 1836 usita-

1085 1847 1087 1871 ἑ
1109 1849 1166 1870 tum
1180 1849 1233 1878 est;
1249 1845 1321 1880 quod
1334 1854 1430 1881 genus,
1445 1845 1474 1872 id
1499 1845 1572 1880 quod
1585 1847 1733 1882 argentario
1746 1845 1840 1873 tuleris
1853 1855 1900 1873 ex—

1109 1890 1234 1917 pensum,
1249 1882 1282 1908 ab
1297 1884 1369 1909 socio
1382 1883 1440 1909 eius
1455 1888 1523 1909 recte
1537 1888 1655 1918 repetere
1669 1883 1768 1918 possis.
1794 1884 1898 1911 ludica-

1085 1929 1087 1941 ›
1108 1924 1166 1945 tum
1184 1924 1225 1945 est
1241 1919 1278 1951 id,
1298 1920 1331 1946 de.
1349 1929 1402 1955 quo
1420 1921 1549 1946 sententia
1569 1921 1618 1947 lata
1632 1925 1672 1947 est
1696 1925 1742 1947 aut
1763 1921 1898 1948 decretum

1108 1957 1306 1992 interpositum.
1327 1958 1364 1983 Ea
1378 1966 1457 1992 saepe
1470 1957 1576 1984 diversa
1589 1962 1661 1989 sunt,
1677 1962 1707 1984 ut
1716 1957 1789 1984 aliud
1799 1958 1844 1985 atii
1855 1959 1900 1985 iu—

1108 1994 1161 2020 dici
1175 1998 1222 2020 aut
1234 1995 1347 2029 praetori
1361 1999 1407 2021 aut
1420 1995 1524 2021 consuli
1539 1999 1584 2021 aut
1597 1995 1704 2022 tribuno
1718 1995 1806 2030 plebis
1815 1995 1899 2031 placi-

1109 2036 1166 2058 tum
1184 2032 1232 2064 sit;
1257 2036 1283 2058 et
1300 2032 1338 2064 fit,
1353 2037 1383 2058 ut
1396 2032 1429 2058 de
1442 2032 1534 2058 eadem
1548 2041 1576 2058 re
1589 2041 1668 2067 saepe
1681 2031 1751 2058 alius
1765 2033 1839 2060 aliud
1851 2033 1899 2060 de·-

1108 2070 1220 2095 creverit
1242 2074 1288 2095 aut
1309 2069 1481 2102 iudicaverit3
1521 2069 1594 2104 quod
1615 2078 1712 2105 genus
1736 2070 1772 2096 M.
1795 2071 1898 2097 Dmsus

1108 2111 1212 2141 praetor
1225 2107 1434 2142 urbanus,qu0d
1448 2115 1510 2133 cum
1525 2107 1621 2133 herede
1635 2107 1751 2133 mandati
1765 2113 1896 2143 ageretur,

1085 2149 1087 2170 ’;
1108 2143 1240 2170 iudicium
1255 2144 1384 2176 reddidit,
1400 2143 1427 2170 S.
1443 2143 1528 2170 Iulius
1542 2152 1594 2170 non
1607 2144 1732 2170 reddidit.
1766 2145 1844 2171 Item:
1867 2145 1896 2172 C.

1085 2191 1086 2194 ¹
1109 2180 1214 2207 Caelius
1228 2181 1311 2207 iudex
1324 2181 1438 2207 absolvit
1451 2182 1611 2207 iniuriarum
1621 2190 1692 2212 eum¹
1704 2182 1752 2216 qui
1762 2182 1896 2209 Lucilium

1108 2222 1212 2252 poetam
1226 2219 1253 2244 in
1268 2227 1346 2244 scena
1360 2219 1516 2244 nominatim
1528 2218 1651 2251 laeserat3
1666 2219 1696 2245 P.
1707 2219 1814 2245 Mucius
1823 2228 1895 2251 eum,

1107 2255 1155 2290 qui
1178 2256 1207 2281 L.
1227 2255 1338 2281 Accium
1360 2260 1463 2290 poetam
1487 2256 1676 2287 nominaverat,
1699 2256 1896 2284 condemnavit.

1085 2291 1086 2295 ’
1108 2294 1150 2318 20.
1164 2292 1243 2328 Ergo,
1259 2293 1323 2327 quia
1340 2297 1454 2328 possunt
1472 2301 1514 2319 res
1527 2291 1610 2319 simili
1624 2292 1657 2319 de
1669 2301 1764 2319 caussa
1777 2293 1898 2320 dissimi-

1108 2329 1167 2355 liter
1188 2330 1319 2356 iudicatae
1340 2329 1461 2365 proferri,
1485 2339 1570 2365 quum
1588 2329 1616 2356 id
1629 2338 1682 2356 usu
1695 2331 1806 2362 venerit,
1824 2331 1897 2358 iudi-

1106 2375 1164 2393 cem
1186 2375 1248 2393 cum
1271 2367 1370 2398 iudice,
1395 2372 1501 2402 tempus
1523 2376 1585 2393 cum
1607 2371 1734 2402 tempore,
1754 2377 1896 2395 numerum

1106 2413 1168 2430 cum
1188 2413 1299 2431 numero
1312 2405 1473 2431 iudiciorum
1490 2404 1668 2431 conferemus.
1706 2405 1749 2431 Ex
1769 2413 1854 2440 aequo
1871 2410 1898 2432 et

1107 2441 1176 2468 bono
1197 2442 1240 2468 ius
1262 2446 1373 2473 constat,
1398 2442 1471 2477 quod
1492 2442 1526 2468 ad
1547 2442 1685 2468 veritatem
1706 2447 1732 2468 et
1754 2441 1895 2469 utilitatem

1105 2487 1276 2505 communem
1290 2479 1397 2505 videtur
1410 2479 1554 2514 pertinere;
1569 2479 1642 2514 quod
1655 2487 1751 2514 genus,
1767 2484 1797 2506 ut
1813 2483 1897 2506 ηιαίον

1105 2519 1182 2542 annis
1193 2516 1249 2546 LX,
1261 2521 1284 2542 et
1295 2519 1337 2542 cui
1350 2519 1452 2543 morbus
1463 2525 1555 2542 caussa
1568 2520 1612 2546 est,
1625 2519 1778 2549 cognitorem
1788 2519 1837 2542 det.
1854 2517 1895 2544 Ex

1105 2561 1136 2579 eo
1150 2553 1191 2579 vel
1206 2562 1307 2579 novum
1320 2554 1364 2580 ius
1377 2553 1503 2580 constitui
1517 2553 1641 2579 convenit
1653 2561 1688 2579 ex
1700 2557 1818 2588 tempore
1827 2558 1853 2580 et
1862 2562 1895 2581 ex

1106 2591 1223 2617 hominis
1236 2591 1374 2626 dignitate.
1394 2591 1436 2617 Ex
1448 2594 1524 2625 pacto
1537 2591 1580 2616 ius
1594 2595 1642 2621 est,
1655 2591 1679 2616 si
1688 2591 1737 2625 qui
1749 2590 1817 2625 quid
1827 2591 1894 2617 inter

1105 2636 1134 2654 se
1147 2628 1315 2664 pepigerunt,
1323 2628 1418 2663 siquid
1428 2629 1497 2654 inter
1505 2636 1573 2662 quos
1583 2628 1715 2654 convenit.
1734 2628 1812 2654 Pacta
1820 2632 1892 2659 sunt,

1082 2671 1085 2699 ι
1105 2674 1174 2700 quae
1188 2665 1294 2700 tegibus
1307 2665 1472 2692 observanda
1485 2669 1557 2696 sunt,
1570 2664 1620 2691 hoc
1631 2664 1717 2696 modo,
1730 2673 1782 2691 rem
1793 2666 1838 2691 ubi*
1845 2673 1895 2698 pa-
