1941 3052
216 162 261 186 270
786 163 825 187 2⁴.
861 162 894 186 M.
930 162 957 186 'I'.

213 232 283 261 tiam,
300 232 442 257 amicitiam
457 232 692 264 cognationemque
705 235 931 256 commemoraret.
962 230 1001 256 Ex
1022 239 1032 268 ξ’

214 269 258 294 illo
277 273 392 303 tempor·-
411 278 423 293 a
441 269 594 294 civitatibus
615 267 778 293 laudationes
798 271 897 301 petere,
922 272 1001 292 testea
1022 270 1025 294 Ι

213 314 262 331 uon
278 306 364 331 nulum
379 305 508 330 deterri-rt·
524 305 620 333 verbis,
637 304 682 329 sad
693 305 772 329 ctiam
786 305 810 329 vi
822 304 933 329 retinere
942 313 1002 329 coe·

213 343 259 376 pit.
300 342 374 373 Quod
395 350 442 373 ego
461 342 511 367 nisi
531 350 589 366 rut-o
607 341 722 366 adventu
743 340 816 366 illius
829 346 939 366 conatus
952 341 1001 366 ali-

212 379 371 414 quautulum
387 379 582 412 repressissent,
596 382 621 403 et
631 377 701 411 apud
713 377 818 403 Siculos
830 386 880 403 non
892 377 998 407 Metelli.

213 416 258 441 sed
274 416 426 441 (ili-brionis
442 415 534 440 litteris
549 423 578 439 ac
594 414 649 446 1⁰2⁴,-
665 422 842 448 pttgnassem:
863 419 915 440 tam
931 414 1001 440 mul-

212 458 250 478 tos
266 453 316 477 luu-
331 460 438 476 evm-arc
453 460 502 476 uon
519 452 675 485 potuissem.
711 451 818 477 xxvtt.
834 453 874 477 65.
892 452 998 481 verum,

211 489 280 523 quod
302 489 404 515 institui
423 488 523 518 dicere,
549 488 670 514 miserias
688 489 838 523 cognoscite
857 489 998 514 sociorum.

213 525 346 551 Heraclius
367 525 410 550 ille
428 529 452 550 et
472 525 606 559 Epicrates
626 525 702 558 longe
721 526 787 551 mihi
809 526 914 551 obviam
938 534 998 551 cum

211 563 267 588 suis
281 562 406 587 omnibus
421 567 614 595 processerunt.
646 562 765 589 Venienti
781 562 926 598 Syracusas
940 571 1000 597 ege-

211 604 269 625 runt
288 599 385 632 gratias
404 598 509 625 flentes:
538 600 646 625 Itomam
664 599 790 625 decedere
805 608 909 625 mecum
924 599 1000 634 cupi-

211 641 312 661 verunt.
347 635 423 667 Quod
437 641 510 661 erant
525 636 590 662 mihi
605 636 701 671 oppida
715 636 851 671 complura
866 637 944 663 etiam
960 645 1000 662 re-

211 674 294 707 quua,
315 681 383 707 quac.
398 672 469 698 adire
484 673 593 703 vellem,
613 674 738 700 constitui
757 683 817 700 cum
833 674 997 703 bominibus,

208 710 318 744 quodie
333 709 398 735 mihi
411 710 546 736 Messanae
561 715 665 745 praesto
678 716 775 737 essent.
798 711 836 737 Eo
849 711 915 737 mihi
931 720 999 737 nun—

209 748 275 773 tium
295 747 437 778 miserunt,
458 756 487 773 se
505 756 518 773 a
537 752 654 782 praetore
673 749 788 774 retineri.
827 748 932 780 Quibus
950 756 998 780 ego

210 784 388 810 testimonium
408 783 576 815 denuntiavi.
599 793 713 819 quorum
733 785 838 811 nomina
858 785 929 811 edidi
945 786 999 811 Me-

209 821 282 852 tello,
302 821 472 855 cupidissimi
488 822 624 852 veniendi.
642 823 766 849 maximis
781 823 887 848 iniuriis
902 822 995 853 affecti,

208 858 294 884 adhuc
309 867 359 884 non
375 863 512 885 venerunt.

208 895 342 930 deplorare
356 896 464 930 quidem
479 896 511 922 de
525 897 582 922 suis
598 897 772 923 incommodis
788 896 872 923 liceat.

263 934 303 958 66.
326 933 378 958 Iam
394 933 505 959 IIeraclii
521 934 696 968 Centuripini,
711 934 805 968 optimi
821 933 998 960 nobilissimi-

206 978 259 1004 que
277 969 465 1000 adolcscentiS,
487 971 667 997 testimonium
683 971 810 997 audistis:
838 980 852 997 a
865 980 919 1006 quo
933 971 997 996 II-S

207 1016 221 1030 ‹-
233 1006 316 1032 millia
331 1015 377 1041 per
389 1007 550 1034 calumniam
566 1008 748 1043 malitiamque
762 1009 840 1043 petita
852 1013 924 1034 sunt.
946 1009 997 1034 Iste

208 1044 298 1077 poeuis
313 1045 568 1080 compromissisque
582 1045 754 1080 interpositis,
772 1046 834 1071 II-S
849 1054 896 1071 ccc
910 1050 997 1071 extor-
1018 1056 1028 1071 1.

204 1080 310 1115 'quenda
325 1082 440 1107 curavit:
462 1083 588 1117 quodque
606 1083 736 1109 iudicium
755 1082 902 1109 secundum
917 1083 997 1108 Hera-

205 1117 287 1144 clium
302 1117 334 1144 de
347 1120 540 1153 compromisso
559 1119 656 1146 factum
675 1124 742 1151 erat,
760 1120 831 1154 quod
845 1120 913 1146 civis
928 1120 996 1145 Cen-

207 1155 341 1190 turipinus
356 1156 423 1182 inter
432 1156 500 1182 duos
510 1157 582 1183 cives
594 1157 746 1188 iudicasset,
764 1157 789 1183 id
800 1158 904 1183 irritum
916 1157 996 1183 iussit

205 1200 277 1218 esse:
302 1201 418 1227 eumque
433 1193 548 1220 iudicem
568 1194 633 1220 salso
651 1195 784 1220 iudicasse
802 1194 943 1221 iudicavit:
968 1194 994 1220 in

205 1233 297 1255 senatu
313 1238 345 1255 ne
359 1235 441 1262 esset,
464 1230 527 1257 locis
545 1231 747 1266 commodisque
765 1231 882 1266 publicis
896 1232 935 1257 uti
951 1240 996 1257 ve-
1017 1258 1019 1268 A

205 1267 264 1293 tuit.
306 1266 334 1293 Si
348 1267 410 1302 quis
425 1276 486 1294 cum
501 1268 648 1302 pulsasset,
669 1269 765 1300 edixit,
785 1278 845 1295 sese
864 1269 994 1295 iudicium

205 1303 362 1330 iniuriarum
379 1313 429 1330 non
443 1305 582 1331 daturum:
610 1305 744 1340 quidquid
762 1306 795 1332 ab
809 1315 839 1332 eo
853 1310 993 1340 peteretur,

204 1340 319 1367 iudicem
333 1340 366 1367 de
380 1350 427 1367 sua
441 1342 546 1368 cohorte
560 1343 698 1374 daturum,
719 1343 771 1377 ipsi
790 1348 877 1369 autem
893 1343 995 1369 nullius
1017 1339 1027 1371 ἱ(

203 1378 332 1404 actionem
347 1379 384 1404 rei
399 1387 457 1405 sese
471 1379 604 1406 daturum.
639 1381 680 1406 67.
702 1380 775 1412 Quae
789 1381 868 1406 istius
882 1380 996 1406 auctori-

204 1419 243 1441 tas
254 1418 355 1441 tantum
368 1415 460 1446 valuit,
478 1420 506 1442 ut
521 1425 607 1451 neque
621 1416 697 1443 illum
710 1417 828 1451 pulsaret
837 1418 992 1452 quisquam,

203 1461 287 1486 quum
302 1457 404 1487 praetor
417 1453 443 1479 in
459 1454 594 1488 provincia
608 1463 655 1480 sua
671 1455 751 1480 verbo
770 1455 945 1489 permitteret,
968 1463 994 1480 re

204 1489 363 1522 hortaretur,
381 1498 466 1524 neque
480 1491 623 1526 quisquam
638 1492 671 1517 ab
685 1500 715 1517 eo
725 1491 874 1527 quidquam
886 1495 992 1526 peteret,

202 1535 286 1561 quum
301 1527 352 1553 iste
366 1527 513 1553 calumniae
529 1528 660 1554 licentiam
675 1537 724 1555 sua
738 1529 891 1555 auctoritate
904 1528 995 1554 dedis-

202 1567 252 1589 set.
293 1564 439 1599 Ignominia
454 1569 542 1591 autem
557 1565 601 1591 illa
615 1566 705 1601 gravis
720 1566 821 1592 tamdiu
836 1567 863 1592 in
882 1565 929 1592 illo
947 1565 995 1592 ho·—

203 1601 274 1627 mine
292 1601 355 1631 fuit,
377 1602 507 1636 quamdiu
526 1603 575 1628 iste
594 1603 621 1629 in
640 1603 786 1637 provincia.
826 1603 880 1629 Hoc
898 1603 994 1629 iniecto

203 1641 274 1664 metu
289 1638 438 1669 iudicibus,
455 1647 523 1665 novo
537 1648 621 1670 more,
638 1639 712 1666 nullo
726 1640 861 1674 exemplo,
882 1648 993 1674 ecquam

202 1683 257 1700 rem
272 1676 371 1709 putatis
384 1684 444 1701 esse
458 1676 484 1702 in
499 1676 602 1707 Sicilia,
619 1677 671 1703 nisi
685 1677 718 1703 ad
733 1681 826 1703 nutum
842 1677 935 1707 istius,
952 1677 994 1702 iu-

202 1711 333 1738 dicatam‘?
352 1712 445 1739 Utrum
461 1713 487 1739 id
501 1713 588 1739 solum
604 1713 709 1740 videtur
722 1722 781 1740 esse
800 1719 901 1744 actum,
921 1713 993 1748 quod

202 1753 243 1774 est
261 1752 346 1775 tamen
366 1754 466 1780 actum,
490 1755 518 1776 ut
537 1750 601 1776 haec
614 1751 732 1777 Heraclio
751 1751 864 1785 pecunia
878 1751 994 1784 eripere-

203 1784 263 1812 tur‘?
283 1794 316 1812 an
330 1786 408 1812 etiam
424 1786 504 1817 illud,
522 1788 548 1814 in
563 1796 616 1822 quo
630 1788 725 1822 praeda
739 1792 793 1814 erat
807 1788 935 1818 maxima,
953 1792 991 1818 ut,

203 1822 309 1849 nomine
322 1823 496 1855 iudiciorum,
518 1825 639 1851 omnium
658 1825 724 1851 bona
739 1829 818 1860 atque
832 1824 951 1851 fortunae
965 1825 992 1851 in

202 1859 281 1886 istius
296 1860 376 1886 unius
391 1866 480 1887 essent
493 1861 639 1896 potestate?

257 1896 376 1923 XXVIII.
392 1899 432 1923 68.
455 1899 508 1924 Iam
523 1907 585 1925 vero
598 1900 625 1925 in
639 1907 728 1925 rerum
741 1899 896 1934 capitalium
910 1907 994 1934 quae-

201 1934 335 1960 stionibus
353 1935 420 1969 quid
438 1943 487 1971 ego
505 1944 585 1962 unam
603 1944 739 1971 quamque
757 1945 812 1962 rem
830 1936 953 1972 colligam
968 1940 992 1962 et
1014 1921 1024 1967 i*

201 1970 342 1997 caussam‘?
360 1972 401 1998 Ex
415 1972 507 1998 multis
521 1973 658 2000 similibus
672 1982 701 1999 ea
715 1982 833 2004 sumam,
853 1981 922 2008 quae
937 1982 993 1999 ma-

202 2007 273 2034 xime
286 2009 455 2043 improbitate
468 2010 596 2036 excellere
610 2010 783 2037 videbuntur.
808 2010 918 2045 Sopater
931 2011 992 2045 qui-

200 2044 261 2071 dam
281 2044 331 2071 fuit
349 2046 527 2082 Halicyensis,
552 2047 631 2074 homo
648 2048 720 2074 domi
738 2056 802 2074 suae
820 2056 882 2074 cum
897 2047 991 2082 primis

1014 2082 1023 2116 J]
1044 2086 1134 2120 Itaque
1147 2085 1289 2111 discedunt
1303 2093 1405 2111 omnes.

202 2081 320 2116 locuples
338 2087 417 2118 atque
436 2083 572 2111 honestus.
613 2086 637 2111 Is
656 2085 689 2110 ab
707 2085 824 2111 inimicis
843 2085 901 2110 suis
919 2084 991 2119 apud

201 2119 229 2145 C.
246 2119 413 2146 Sacerdotem
427 2127 572 2155 praetorem
587 2122 624 2148 rei
638 2122 759 2156 capitalis
777 2131 863 2157 quum
882 2130 992 2148 accusa-

201 2160 243 2182 tus
257 2161 337 2187 esset,
354 2157 430 2184 facile
443 2166 474 2185 eo
488 2159 587 2185 iudicio
600 2164 640 2185 est
655 2158 790 2185 liberatus.
822 2159 890 2185 Huic
903 2158 989 2185 eidem

201 2193 310 2228 Sopatro
323 2194 404 2221 iidem
419 2195 520 2222 inimici
535 2196 567 2222 ad
581 2196 610 2223 C.
626 2196 747 2227 Verrem,
762 2204 849 2231 quum
863 2196 886 2222 is
900 2195 991 2222 Sacer—

199 2230 254 2257 doti
280 2232 467 2263 successisset,
495 2233 616 2259 eiusdem
642 2233 679 2259 rei
706 2241 801 2260 nomen
826 2233 988 2259 detulerunt.

200 2268 250 2294 Res
265 2268 375 2302 Sopatro
389 2268 475 2296 facilis
489 2270 642 2301 videbatur,
658 2274 683 2296 et
696 2270 770 2305 quod
783 2274 839 2296 erat
851 2271 987 2301 innocens,

199 2309 224 2331 et
237 2305 309 2340 quod
323 2305 472 2333 Sacerdotis
487 2307 617 2334 iudicium
636 2307 786 2342 improbare
804 2308 886 2333 istum
906 2315 991 2333 ausu-

201 2350 258 2368 rum
278 2351 328 2369 non
348 2343 534 2371 arbitrabatur.

199 2379 352 2414 Syracusis:
374 2380 484 2407 crimina
499 2385 642 2408 tractantur
655 2382 688 2408 ab
701 2385 852 2408 accusatore
865 2390 904 2412 ea,
920 2390 989 2416 quae

199 2421 272 2442 erant
290 2421 364 2443 antea
382 2426 434 2444 non
452 2418 538 2445 solum
557 2418 725 2449 defensione,
745 2427 838 2445 verum
853 2419 932 2445 etiam
946 2419 990 2445 iu-

199 2452 269 2479 dicio
294 2453 433 2480 dissoluta.
477 2457 519 2482 69.
545 2455 674 2482 Caussam
700 2455 805 2490 Sopatri
831 2455 989 2482 defendebat
1010 2478 1012 2492 ,

199 2489 230 2520 Q.
250 2490 397 2522 Minucius,
417 2500 499 2527 eques
516 2493 652 2519 Romanus
670 2493 698 2519 in
716 2493 811 2527 primis
829 2492 988 2528 splendidus
1010 2503 1012 2517 ι

199 2531 278 2560 atque
292 2527 429 2559 honestus,
446 2529 586 2564 vobisque,
602 2530 714 2561 iudices,
731 2538 783 2556 non
797 2530 914 2565 ignotus.
942 2531 989 2556 Ni-

200 2562 237 2588 hil
252 2568 305 2589 erat
320 2564 346 2590 in
360 2573 462 2597 caussa,
478 2566 549 2600 quod
560 2566 733 2593 metuendum
744 2571 790 2593 aut
799 2567 908 2593 omnino
917 2567 989 2602 quod

199 2599 376 2626 dubitandum
391 2602 534 2629 videretur.
574 2604 673 2630 Interea
687 2604 766 2629 istius
781 2603 893 2631 libertus
907 2609 933 2630 et
945 2613 989 2630 ao-

198 2645 296 2662 census
311 2637 380 2663 idem
394 2638 588 2671 Timarchides,
603 2641 652 2675 qui
665 2645 714 2671 est,
730 2640 758 2666 id
770 2640 843 2675 quod
856 2649 890 2667 ex
903 2641 989 2675 pluri-

554 859 606 885 ttoc
621 859 677 885 iure
691 864 754 886 sunt
767 860 845 890 socii,
867 864 895 885 ut
913 860 946 886 iis
966 868 997 885 ne
1028 883 1029 890 ,

573 2344 676 2371 Citatur
693 2352 769 2371 reus:
789 2353 884 2371 caussa
902 2345 990 2380 agitur
1019 2349 1021 2371 ὲ

199 2673 251 2699 mis
266 2674 378 2700 testibus
396 2675 482 2709 priore
500 2677 601 2703 actione
617 2677 764 2707 didicistis,
784 2685 872 2704 rerum
892 2678 989 2705 huius·
1016 2669 1019 2704 l

989 160 1262 187 (ztctittors'ts

1053 231 1123 256 modi
1137 231 1256 257 omnium
1272 235 1414 257 transactor
1427 235 1452 257 et
1465 231 1634 261 administer,
1653 231 1686 258 ad
1699 231 1838 267 Sopatrum

1054 269 1138 297 venit,
1164 272 1251 293 monet
1266 267 1412 297 homiuem,
1434 276 1465 294 n·
1483 269 1564 295 nimia
1580 268 1678 294 iudicio
1691 269 1839 296 Sacerdotis

1023 319 1031 344 ¹,
1052 310 1076 329 ct
1089 313 1199 329 (musmo
1213 304 1339 330 conlidat:
1355 310 1519 331 accusatores
1534 306 1711 340 inimicosque
1724 307 1783 332 eiua
1794 307 1840 333 hn-

1053 342 1114 366 bere
1129 342 1154 367 in
1168 342 1258 367 animo
1272 342 1410 375 pecuniam
1426 343 1536 376 praetori
1551 342 1625 368 dare:
1642 347 1788 377 praetorem
1802 348 1840 370 ta-

1023 381 1025 388 '
1054 387 1113 404 men
1127 378 1160 404 ab
1174 378 1259 404 salute
1273 378 1351 403 malle
1365 379 1496 412 accipere:
1512 384 1537 406 et
1551 379 1632 405 simul
1647 380 1734 409 malle.
1750 382 1774 406 si
1784 381 1840 407 lieri

1054 420 1150 449 posset,
1168 424 1221 441 rent
1234 415 1374 441 iudicatam
1386 424 1437 441 nou
1449 416 1607 442 rescindere.
1622 417 1739 451 Sopater,
1755 426 1840 451 quum

1053 453 1101 477 hoc
1129 452 1166 478 illi
1194 453 1370 486 improvisum
1396 457 1475 486 atque
1502 453 1667 487 inopinatum
1689 454 1838 483 accidisset,

1030 505 1032 518 ‚
1051 494 1199 514 conimotus
1213 494 1252 514 est
1266 497 1343 518 sane,
1360 497 1446 523 neque
1461 490 1486 515 in
1502 491 1662 523 prat-acutia,
1678 491 1840 518 Timarchidi

1030 535 1031 539 ¹
1051 526 1116 560 quid
1137 526 1319 560 restmndcrct,
1346 526 1450 555 habuit.
1476 527 1527 552 nisi
1550 536 1579 552 ae
1600 528 1838 554 consideraturum.

1030 566 1031 569 ’
1051 563 1117 597 quid
1135 563 1187 589 sibi
1206 563 1239 588 do
1256 571 1285 588 ea
1305 571 1331 588 re
1345 568 1414 588 esset
1430 563 1593 590 faciendum:
1619 569 1644 590 et
1657 565 1738 591 simul
1752 570 1841 591 osten-

1051 600 1102 629 dit,
1123 609 1151 625 se
1171 600 1196 626 in
1216 609 1321 626 summa
1340 600 1495 626 difficultate
1509 609 1567 626 esse
1582 603 1740 628 nummaria.
1780 603 1841 628 Post

1029 643 1031 651 ⁴
1051 637 1082 663 ad
1097 638 1195 663 auur-os
1211 637 1312 668 retulit;
1336 638 1383 671 qui
1402 646 1487 672 quum
1501 638 1525 663 ei
1541 637 1654 664 fuissent
1667 643 1786 665 auctores
1800 648 1841 665 re-

1050 674 1191 700 dimendae
1205 674 1309 704 salutis,
1325 674 1357 700 ad
1372 674 1567 701 Timarchidem
1583 676 1664 701 venit.
1704 676 1840 710 Expositis

1051 712 1108 737 suis
1127 711 1345 741 difficultatibus,
1367 712 1501 738 hominem
1519 712 1552 738 ad
1571 712 1634 738 lI-S
1647 720 1723 738 tm
1743 713 1841 747 perdu-

1020 747 1029 778 ',
1050 749 1099 774 eit:
1111 757 1223 783 eamque
1233 749 1256 774 ei
1269 749 1407 783 pecuniam
1419 754 1549 775 numerat.
1570 749 1669 775 xxm.
1681 750 1723 775 70.
1736 750 1840 776 Poste·-

1028 782 1030 804 ἶ
1049 794 1130 820 quam
1150 786 1181 811 ad
1200 794 1322 811 caussam
1341 785 1480 812 dicendam
1502 791 1610 812 ventum
1629 791 1682 812 est:
1707 791 1763 813 tum
1779 795 1840 813 vero

1028 840 1029 851 ,
1050 823 1108 848 sine
1122 827 1203 853 metu,
1220 823 1277 849 sine
1291 831 1353 848 eura
1368 831 1460 848 omnes
1474 828 1560 853 erant,
1576 824 1623 858 qui
1638 824 1779 858 Sopatrum
1793 823 1840 850 de-

1028 856 1029 862 *
1051 859 1203 886 fendebant.
1227 860 1333 886 Crimen
1345 859 1449 886 nullum
1460 865 1527 886 erat:
1544 869 1585 887 res
1600 861 1729 887 iudicata:
1747 861 1839 887 Verres

1051 906 1175 923 nummos
1189 901 1335 931 acceperat.
1374 896 1440 928 Quis
1456 902 1545 931 posset
1558 898 1694 927 dubitare,
1709 898 1838 932 quidnam

1026 949 1028 957 .
1049 939 1119 960 esset
1134 933 1272 960 futurum‘?
1286 934 1336 960 Res
1350 933 1396 960 illo
1409 934 1452 960 die
1466 943 1517 960 non
1532 939 1681 969 peroratur.-
1697 935 1840 962 dimittitur

1026 969 1028 1002 ᾖ
1050 971 1189 997 iudicium.
1230 972 1326 997 Iterum
1345 971 1377 997 ad
1396 971 1536 1005 Sopatrum
1552 971 1734 998 Timarchides
1752 972 1836 999 venit:

1019 1013 1028 1035 ἴ)
1049 1009 1084 1034 ait
1102 1013 1268 1034 accusatores
1285 1008 1344 1034 eius
1363 1007 1448 1034 multo
1465 1009 1590 1035 maiorem
1611 1010 1749 1043 pecuniam
1765 1018 1840 1044 prae-

1050 1046 1097 1071 tori
1112 1045 1244 1080 polliceri,
1264 1053 1346 1080 quam
1359 1050 1486 1080 quantam
1503 1046 1544 1072 bic
1558 1045 1689 1072 dedisset:
1718 1046 1836 1081 proinde.

1026 1083 1028 1126 ’ᾗ
1048 1083 1070 1108 si
1085 1087 1202 1117 saperet,
1224 1082 1338 1113 videret,
1357 1082 1423 1117 quid
1431 1082 1489 1124 'sibi
1504 1088 1574 1109 esset
1588 1082 1748 1109 faciendum.
1789 1083 1840 1110 Ho—

1026 1130 1027 1147 ι
1048 1128 1104 1150 mo,
1123 1128 1288 1155 quamquam
1303 1124 1358 1145 erat
1371 1124 1396 1146 et
1409 1119 1531 1151 Siculus,
1547 1125 1573 1146 et
1586 1129 1661 1150 reus,
1683 1120 1732 1147 hoc
1745 1124 1798 1151 est,
1814 1125 1841 1147 et

1018 1150 1027 1167 ζ’
1048 1157 1105 1183 iure
1123 1157 1216 1191 iniquo
1234 1161 1260 1183 et
1278 1161 1395 1191 tempore
1413 1156 1538 1187 adverso,
1567 1157 1636 1183 ferre
1654 1162 1740 1184 tamen
1759 1162 1839 1192 atque

1047 1194 1140 1220 audire
1158 1194 1262 1220 diutius
1280 1193 1475 1220 Timarchidem
1490 1203 1541 1220 non
1556 1195 1654 1229 potuit:
1683 1194 1774 1224 facite,
1797 1195 1839 1221 in-

1026 1226 1027 1255 Ῐ
1046 1232 1118 1266 quit,
1138 1231 1210 1266 quod
1230 1231 1306 1258 vobis
1327 1231 1403 1262 libet;
1431 1231 1543 1257 daturus
1561 1241 1612 1258 non
1632 1240 1692 1257 sum
1711 1231 1836 1266 amplius.

1025 1270 1027 1303 ᾖ
1048 1268 1174 1303 Idemque
1193 1268 1241 1295 hoc
1259 1268 1353 1294 amicis
1370 1269 1430 1294 eius
1443 1273 1469 1294 et
1481 1268 1668 1295 defensoribus
1683 1268 1835 1295 videbatur:

1026 1311 1027 1314 ’
1048 1310 1128 1340 atque
1141 1314 1172 1332 eo
1185 1306 1263 1332 etiam
1279 1305 1373 1340 magis.
1389 1305 1461 1340 quod
1476 1306 1538 1335 iste,
1553 1314 1664 1340 quoquo
1677 1305 1756 1332 modo
1768 1314 1797 1331 se
1811 1306 1836 1332 in

1048 1351 1077 1368 ea
1095 1343 1250 1377 quaestione
1268 1342 1424 1376 praebebat,
1449 1347 1536 1369 tamen
1556 1343 1582 1369 in
1600 1342 1712 1369 consilio
1726 1342 1839 1369 habebat

1025 1391 1026 1402 κ
1048 1379 1170 1406 homines
1184 1379 1308 1406 honestos
1322 1387 1336 1405 e
1349 1384 1482 1406 conventu
1496 1379 1673 1415 Syracusano,
1687 1380 1735 1414 qui
1747 1379 1838 1406 Sacer-

1025 1413 1027 1443 ῐ
1046 1417 1101 1443 (10ῑί
1115 1425 1223 1451 quoque
1236 1417 1264 1443 in
1278 1416 1390 1443 consilio
1403 1416 1507 1443 fuerant
1521 1422 1591 1447 turn,
1609 1425 1695 1452 quum
1713 1422 1753 1444 est
1767 1416 1836 1443 idem

1024 1447 1026 1488 i
1047 1454 1090 1480 hic
1103 1454 1214 1489 Sopater
1226 1453 1375 1480 absolutus.
1406 1454 1458 1480 Iioc
1473 1454 1581 1481 rationis
1596 1454 1738 1484 habebant,
1754 1453 1838 1480 facere

1024 1494 1026 1500 ’
1047 1500 1091 1518 eos
1105 1491 1180 1518 nullo
1194 1491 1273 1517 modo
1286 1499 1378 1525 posse,
1395 1496 1424 1517 ut
1437 1491 1530 1517 eodem
1544 1492 1669 1522 crimine,
1689 1491 1784 1518 iisdem
1799 1496 1838 1518 te—

1047 1529 1149 1559 stibus,
1164 1528 1305 1562 Sopatrum
1319 1527 1525 1555 condemnarent
1539 1528 1620 1554 iidem
1635 1529 1769 1559 homines,
1789 1529 1836 1563 qui

1046 1570 1121 1592 antea
1139 1565 1328 1592 absolvissent.
1368 1566 1410 1591 Ἠ.
1432 1566 1524 1600 Itaque
1542 1565 1590 1592 hac
1609 1574 1661 1592 una
1679 1574 1727 1600 spe
1744 1565 1778 1592 ad
1795 1566 1838 1592 iu-

1045 1603 1146 1628 dicium
1161 1603 1275 1628 venitur.
1309 1602 1367 1634 Quo
1380 1607 1552 1637 posteaquam
1567 1607 1676 1629 ventum
1689 1607 1739 1633 est,
1751 1611 1835 1637 quum

1046 1640 1072 1665 in
1087 1639 1229 1665 consilium
1244 1639 1397 1674 frequentes
1411 1640 1599 1666 convenissent
1614 1639 1708 1669 iidem,
1727 1640 1775 1674 qui
1793 1648 1837 1666 so-

1048 1676 1144 1706 lebant,
1161 1681 1186 1702 et
1200 1676 1248 1702 hac
1262 1685 1314 1702 una
1329 1684 1377 1710 spe
1391 1681 1442 1702 tota
1452 1676 1573 1703 defensio
1583 1676 1686 1711 Sopatri
1697 1677 1833 1705 niteretur.

1045 1714 1150 1740 consilii
1164 1713 1312 1748 frequentia
1323 1718 1348 1739 et
1357 1713 1495 1749 dignitate,
1510 1718 1536 1739 et
1544 1713 1616 1748 quod
1626 1718 1709 1743 erant.
1725 1718 1755 1740 ut
1768 1713 1834 1741 dixi.

1045 1750 1140 1781 iidem,
1159 1751 1207 1785 qui
1226 1755 1301 1776 antea
1315 1750 1455 1784 Sopatrum
1473 1750 1565 1777 eodem
1584 1750 1631 1777 illo
1644 1751 1755 1777 crimine
1770 1751 1836 1777 tibe-

1045 1792 1147 1814 rarant:
1162 1788 1313 1823 cognoscite
1324 1787 1439 1813 hominis
1449 1792 1576 1822 apertam,
1592 1796 1622 1813 ac
1633 1796 1684 1814 non
1696 1787 1774 1814 modo
1783 1796 1835 1814 non

1023 1837 1025 1846 v
1045 1825 1154 1855 ratione,
1170 1824 1218 1851 sed
1232 1833 1264 1850 ne
1278 1824 1493 1851 dissimulatione
1505 1825 1616 1859 quidem
1631 1829 1724 1851 tectam
1736 1825 1836 1859 impro-

1045 1863 1154 1888 bitatem
1168 1866 1194 1888 et
1210 1861 1358 1888 audaciam.
1400 1862 1434 1887 M.
1451 1862 1588 1890 Petilium,
1608 1862 1725 1897 equitem
1740 1862 1836 1888 Roma-

1045 1908 1124 1929 num,
1143 1907 1224 1934 quem
1240 1899 1354 1925 habebat
1367 1899 1394 1925 in
1408 1899 1533 1929 consilio,
1553 1899 1627 1925 iubet
1639 1907 1747 1934 operam
1760 1898 1832 1927 dare,

1022 1932 1024 1950 ¹
1043 1936 1114 1971 quod
1134 1937 1171 1962 rei
1190 1936 1307 1971 privatae
1328 1935 1410 1962 iudex
1432 1941 1511 1962 esset.
1551 1936 1662 1962 Petilius
1685 1936 1832 1966 recusabat,

1022 1971 1024 2001 i
1043 1973 1115 2009 quod
1129 1982 1192 1999 suos
1207 1974 1319 2004 amicos,
1339 1981 1408 2007 quos
1426 1973 1478 1999 sibi
1496 1973 1523 2000 in
1541 1973 1654 2000 consilio
1670 1981 1730 1999 esse
1743 1973 1832 2002 vellet.

1022 2005 1023 2031 ἶ
1044 2012 1102 2045 ipse
1120 2011 1214 2037 Verres
1232 2011 1365 2036 retineret.
1406 2011 1458 2036 Iste
1477 2010 1556 2037 homo
1574 2010 1692 2036 liberalis
1709 2014 1789 2046 negat
1805 2019 1834 2036 se

1043 2056 1206 2082 quemquam
1221 2047 1334 2074 retinere
1343 2055 1444 2077 eorum,
1459 2048 1506 2082 qui
1517 2047 1610 2073 Petilio
1621 2047 1720 2073 vellent
1729 2047 1831 2074 adesse.

1446 2085 1512 2111 Nam
1529 2085 1609 2110 ceteri
1627 2093 1735 2119 quoque
1748 2085 1834 2119 impe-

1044 2127 1125 2153 trant,
1145 2130 1179 2148 ne
1193 2122 1368 2151 retineantur,
1387 2121 1434 2156 qui
1453 2130 1482 2147 se
1496 2121 1564 2147 velle
1577 2121 1701 2148 dicebant
1713 2121 1832 2147 alterutri

1042 2168 1148 2190 eorum,
1171 2159 1219 2194 qui
1238 2163 1295 2185 tum
1312 2158 1380 2184 illud
1403 2158 1533 2185 iudicium
1557 2158 1704 2189 habebant,
1727 2157 1830 2184 adesse.

1021 2211 1022 2214 =
1043 2198 1133 2231 ltaque
1151 2197 1202 2222 iste
1219 2195 1293 2222 solus
1311 2204 1373 2222 cum
1391 2204 1439 2222 sua
1453 2195 1559 2222 cohorte
1573 2195 1738 2230 nequissima
1751 2194 1833 2221 relin-

1020 2236 1022 2274 χ’
1041 2234 1143 2269 quitur.
1182 2234 1224 2259 72.
1247 2234 1304 2259 Non
1318 2232 1457 2259 dubitabat
1471 2233 1614 2263 Minucius,
1628 2232 1676 2267 qui
1689 2231 1830 2266 Sopatrum

1020 2282 1021 2288 ,
1041 2270 1209 2301 defendebat,
1225 2271 1291 2304 quin
1305 2271 1364 2299 iste.
1379 2270 1506 2304 quoniam
1520 2269 1662 2296 consilium
1671 2268 1829 2299 dimisisset,

1020 2309 1022 2334 >
1042 2308 1088 2334 illo
1101 2307 1144 2334 die
1157 2316 1213 2333 rern
1227 2307 1300 2333 illam
1314 2307 1488 2342 quaesiturus
1505 2315 1557 2333 non
1576 2310 1659 2332 esset:
1686 2314 1772 2340 quum
1790 2314 1832 2332 re-

1020 2342 1021 2348 *
1042 2349 1120 2379 pente
1133 2344 1242 2371 iubetur
1254 2343 1353 2370 dicere.
1383 2343 1547 2378 Respondet:
1562 2342 1603 2369 Ad
1615 2342 1702 2377 quos?
1723 2343 1763 2369 Ad
1777 2351 1828 2370 me.

1020 2379 1021 2385 ¹
1041 2382 1142 2416 inquit,
1162 2382 1185 2408 si
1200 2381 1249 2408 tibi
1262 2380 1374 2408 idoneus
1389 2381 1492 2411 videor,
1511 2380 1559 2414 qui
1571 2379 1606 2406 de
1619 2380 1726 2407 homine
1740 2379 1831 2407 Siculo

1018 2425 1021 2431 ¹
1040 2427 1070 2445 ac
1084 2418 1215 2445 Graeculo
1227 2418 1354 2444 iudicem.
1393 2417 1507 2444 Idoneus
1521 2425 1563 2447 es,
1582 2417 1684 2451 inquit,
1709 2417 1756 2443 sed
1769 2425 1830 2451 per-

1040 2455 1137 2482 vellem
1155 2455 1279 2482 adessent
1295 2455 1329 2486 ii,
1350 2455 1399 2489 qui
1415 2454 1543 2481 affuerant
1559 2458 1635 2480 antea
1652 2462 1829 2489 caussamque

1039 2497 1191 2528 cognorant.
1232 2493 1291 2521 Dic,
1318 2491 1419 2526 inquit:
1446 2490 1487 2517 illi
1511 2490 1605 2517 adesse
1630 2499 1683 2517 non
1705 2495 1828 2525 possunt.

1041 2531 1106 2556 Nam
1120 2529 1242 2559 hercule,
1262 2527 1394 2564 inquito.
1410 2528 1558 2558 Minucius,
1578 2536 1621 2554 me
1637 2536 1746 2562 quoque
1758 2528 1829 2554 Peti-

1040 2566 1102 2596 lius,
1118 2571 1148 2593 ut
1161 2567 1213 2592 sibi
1227 2567 1255 2592 in
1268 2564 1380 2592 consilio
1393 2564 1528 2595 adessem,
1548 2565 1661 2600 rogavit.
1698 2564 1733 2591 Et
1745 2565 1827 2591 simul

1039 2612 1053 2629 a
1071 2603 1210 2630 subselliis
1228 2603 1302 2629 abire
1317 2602 1413 2636 coepit.
1452 2603 1496 2628 73.
1515 2602 1568 2628 Iste
1586 2602 1670 2628 iratus
1692 2601 1826 2628 bominem

1040 2641 1129 2666 verbis
1143 2639 1389 2666 vehementioribus
1399 2639 1579 2673 prosequitur,
1594 2642 1675 2673 atque
1684 2638 1708 2664 ei
1717 2638 1827 2674 gravius

1039 2678 1118 2703 etiam
1132 2677 1227 2703 minari
1241 2676 1341 2711 coepit,
1355 2675 1428 2710 quod
1441 2676 1469 2701 in
1483 2684 1513 2702 se
1526 2680 1628 2702 tantum
1642 2675 1742 2701 crimen
1756 2675 1826 2701 invi-
