<?xml version="1.0" encoding="UTF-8"?>
<!DOCTYPE html PUBLIC "-//W3C//DTD XHTML 1.0 Transitional//EN"
    "http://www.w3.org/TR/xhtml1/DTD/xhtml1-transitional.dtd">
<html xmlns="http://www.w3.org/1999/xhtml" xml:lang="en" lang="en">
 <head>
  <title>
</title>
<meta http-equiv="Content-Type" content="text/html;charset=utf-8" />
  <meta name='ocr-system' content='tesseract 3.04.00' />
  <meta name='ocr-capabilities' content='ocr_page ocr_carea ocr_par ocr_line ocrx_word'/>
</head>
<body>
  <div class='ocr_page' id='page_1' title='image "./operaomniaunovol00ciceuoft_1189.png"; bbox 0 0 1941 3052; ppageno 0'>
   <div class='ocr_carea' id='block_1_1' title="bbox 462 130 964 159">
    <p class='ocr_par' dir='ltr' id='par_1_1' title="bbox 462 130 964 159">
     <span class='ocr_line' id='line_1_1' title="bbox 462 130 964 159; baseline -0.002 -1"><span class='ocrx_word' id='word_1_1' title='bbox 462 132 513 158; x_wconf 91' lang='lat' dir='ltr'>DE</span> <span class='ocrx_word' id='word_1_2' title='bbox 544 130 853 159; x_wconf 79' lang='lat' dir='ltr'>DIVINATIONE</span> <span class='ocrx_word' id='word_1_3' title='bbox 883 130 964 157; x_wconf 90' lang='lat' dir='ltr'>LIB.</span> 
     </span>
    </p>
   </div>
   <div class='ocr_carea' id='block_1_2' title="bbox 65 202 864 424">
    <p class='ocr_par' dir='ltr' id='par_1_2' title="bbox 65 202 864 424">
     <span class='ocr_line' id='line_1_2' title="bbox 66 202 859 240; baseline -0.004 -9"><span class='ocrx_word' id='word_1_4' title='bbox 66 204 236 240; x_wconf 81' lang='lat' dir='ltr'>Chrysippus</span> <span class='ocrx_word' id='word_1_5' title='bbox 251 202 362 238; x_wconf 90' lang='lat' dir='ltr'>quidem</span> <span class='ocrx_word' id='word_1_6' title='bbox 380 202 575 229; x_wconf 86' lang='lat' dir='ltr'>divinationem</span> <span class='ocrx_word' id='word_1_7' title='bbox 590 202 685 229; x_wconf 84' lang='lat' dir='ltr'>definit</span> <span class='ocrx_word' id='word_1_8' title='bbox 700 202 743 228; x_wconf 85' lang='lat' dir='ltr'>his</span> <span class='ocrx_word' id='word_1_9' title='bbox 759 202 859 233; x_wconf 87' lang='lat' dir='ltr'>verbis,</span> 
     </span>
     <span class='ocr_line' id='line_1_3' title="bbox 70 242 860 275; baseline -0.004 -7"><span class='ocrx_word' id='word_1_10' title='bbox 70 243 125 268; x_wconf 78' lang='lat' dir='ltr'>Vim</span> <span class='ocrx_word' id='word_1_11' title='bbox 151 245 337 275; x_wconf 75' lang='lat' dir='ltr'>coqnoscentem</span> <span class='ocrx_word' id='word_1_12' title='bbox 357 245 380 266; x_wconf 85' lang='lat' dir='ltr'>et</span> <span class='ocrx_word' id='word_1_13' title='bbox 399 243 523 266; x_wconf 72' lang='lat' dir='ltr'>ridentem</span> <span class='ocrx_word' id='word_1_14' title='bbox 545 246 568 267; x_wconf 81' lang='lat' dir='ltr'>el</span> <span class='ocrx_word' id='word_1_15' title='bbox 589 242 759 273; x_wconf 59' lang='lat' dir='ltr'>emptis-antem</span> <span class='ocrx_word' id='word_1_16' title='bbox 778 242 860 273; x_wconf 73' lang='lat' dir='ltr'>siqua,</span> 
     </span>
     <span class='ocr_line' id='line_1_4' title="bbox 67 277 862 313; baseline -0.004 -8"><span class='ocrx_word' id='word_1_17' title='bbox 67 288 132 313; x_wconf 79' lang='lat' dir='ltr'>qnae</span> <span class='ocrx_word' id='word_1_18' title='bbox 149 288 165 305; x_wconf 88' lang='lat' dir='ltr'>a</span> <span class='ocrx_word' id='word_1_19' title='bbox 180 280 231 304; x_wconf 80' lang='lat' dir='ltr'>diis</span> <span class='ocrx_word' id='word_1_20' title='bbox 245 280 387 304; x_wconf 80' lang='lat' dir='ltr'>hominibus</span> <span class='ocrx_word' id='word_1_21' title='bbox 401 280 605 310; x_wconf 76' lang='lat' dir='ltr'>portendantur:</span> <span class='ocrx_word' id='word_1_22' title='bbox 635 277 755 303; x_wconf 80' lang='lat' dir='ltr'>officium</span> <span class='ocrx_word' id='word_1_23' title='bbox 772 281 862 303; x_wconf 88' lang='lat' dir='ltr'>autem</span> 
     </span>
     <span class='ocr_line' id='line_1_5' title="bbox 66 315 862 350; baseline -0.004 -8"><span class='ocrx_word' id='word_1_24' title='bbox 66 324 125 342; x_wconf 89' lang='lat' dir='ltr'>esse</span> <span class='ocrx_word' id='word_1_25' title='bbox 141 316 213 347; x_wconf 82' lang='lat' dir='ltr'>eius,</span> <span class='ocrx_word' id='word_1_26' title='bbox 231 323 418 350; x_wconf 83' lang='lat' dir='ltr'>praenoscere,</span> <span class='ocrx_word' id='word_1_27' title='bbox 436 315 474 341; x_wconf 92' lang='lat' dir='ltr'>dii</span> <span class='ocrx_word' id='word_1_28' title='bbox 490 324 552 350; x_wconf 78' lang='lat' dir='ltr'>erga</span> <span class='ocrx_word' id='word_1_29' title='bbox 569 315 691 341; x_wconf 89' lang='lat' dir='ltr'>homines</span> <span class='ocrx_word' id='word_1_30' title='bbox 707 319 794 340; x_wconf 89' lang='lat' dir='ltr'>mente</span> <span class='ocrx_word' id='word_1_31' title='bbox 810 322 862 348; x_wconf 89' lang='lat' dir='ltr'>qua</span> 
     </span>
     <span class='ocr_line' id='line_1_6' title="bbox 65 352 864 388; baseline -0.004 -8"><span class='ocrx_word' id='word_1_32' title='bbox 65 354 133 384; x_wconf 86' lang='lat' dir='ltr'>sint,</span> <span class='ocrx_word' id='word_1_33' title='bbox 145 352 266 388; x_wconf 91' lang='lat' dir='ltr'>quidque</span> <span class='ocrx_word' id='word_1_34' title='bbox 282 352 448 387; x_wconf 79' lang='lat' dir='ltr'>significent,</span> <span class='ocrx_word' id='word_1_35' title='bbox 466 352 749 386; x_wconf 78' lang='lat' dir='ltr'>quemadmodumque</span> <span class='ocrx_word' id='word_1_36' title='bbox 761 360 790 377; x_wconf 89' lang='lat' dir='ltr'>ea</span> <span class='ocrx_word' id='word_1_37' title='bbox 802 360 864 386; x_wconf 89' lang='lat' dir='ltr'>pro—</span> 
     </span>
     <span class='ocr_line' id='line_1_7' title="bbox 65 389 864 424; baseline -0.004 -7"><span class='ocrx_word' id='word_1_38' title='bbox 65 394 193 417; x_wconf 84' lang='lat' dir='ltr'>curentur</span> <span class='ocrx_word' id='word_1_39' title='bbox 207 395 285 424; x_wconf 89' lang='lat' dir='ltr'>atque</span> <span class='ocrx_word' id='word_1_40' title='bbox 298 390 450 424; x_wconf 85' lang='lat' dir='ltr'>expientur.</span> <span class='ocrx_word' id='word_1_41' title='bbox 483 389 611 424; x_wconf 80' lang='lat' dir='ltr'>Idemque</span> <span class='ocrx_word' id='word_1_42' title='bbox 621 390 787 415; x_wconf 83' lang='lat' dir='ltr'>somniorum</span> <span class='ocrx_word' id='word_1_43' title='bbox 799 397 864 414; x_wconf 84' lang='lat' dir='ltr'>con-</span> 
     </span>
    </p>
   </div>
   <div class='ocr_carea' id='block_1_3' title="bbox 65 426 885 457">
    <p class='ocr_par' dir='ltr' id='par_1_3' title="bbox 65 426 885 457">
     <span class='ocr_line' id='line_1_8' title="bbox 65 426 885 457; baseline -0.004 -3"><span class='ocrx_word' id='word_1_44' title='bbox 65 428 207 454; x_wconf 85' lang='lat' dir='ltr'>iectionem</span> <span class='ocrx_word' id='word_1_45' title='bbox 227 427 321 453; x_wconf 78' lang='lat' dir='ltr'>definit</span> <span class='ocrx_word' id='word_1_46' title='bbox 342 427 391 453; x_wconf 90' lang='lat' dir='ltr'>hoc</span> <span class='ocrx_word' id='word_1_47' title='bbox 411 426 502 457; x_wconf 90' lang='lat' dir='ltr'>modo,</span> <span class='ocrx_word' id='word_1_48' title='bbox 536 435 594 452; x_wconf 85' lang='lat' dir='ltr'>esse</span> <span class='ocrx_word' id='word_1_49' title='bbox 613 429 664 452; x_wconf 78' lang='lat' dir='ltr'>vim</span> <span class='ocrx_word' id='word_1_50' title='bbox 686 431 826 452; x_wconf 73' lang='lat' dir='ltr'>cernentem</span> <span class='ocrx_word' id='word_1_51' title='bbox 841 430 863 451; x_wconf 78' lang='lat' dir='ltr'>el</span> <span class='ocrx_word' id='word_1_52' title='bbox 884 435 885 443; x_wconf 55' lang='grc' dir='ltr'>ι</span> 
     </span>
    </p>
   </div>
   <div class='ocr_carea' id='block_1_4' title="bbox 63 465 867 1920">
    <p class='ocr_par' dir='ltr' id='par_1_4' title="bbox 63 465 867 1920">
     <span class='ocr_line' id='line_1_9' title="bbox 65 465 863 498; baseline -0.005 -7"><span class='ocrx_word' id='word_1_53' title='bbox 65 467 259 498; x_wconf 69' lang='lat' dir='ltr'>explanantem.</span> <span class='ocrx_word' id='word_1_54' title='bbox 282 474 348 498; x_wconf 76' lang='lat' dir='ltr'>quae</span> <span class='ocrx_word' id='word_1_55' title='bbox 373 474 389 490; x_wconf 84' lang='grc' dir='ltr'><em>α</em></span> <span class='ocrx_word' id='word_1_56' title='bbox 409 467 460 489; x_wconf 74' lang='lat' dir='ltr'>(liis</span> <span class='ocrx_word' id='word_1_57' title='bbox 483 466 626 489; x_wconf 75' lang='lat' dir='ltr'>hominibus</span> <span class='ocrx_word' id='word_1_58' title='bbox 644 466 822 496; x_wconf 72' lang='lat' dir='ltr'>siynificeutur</span> <span class='ocrx_word' id='word_1_59' title='bbox 837 465 863 488; x_wconf 83' lang='lat' dir='ltr'>in</span> 
     </span>
     <span class='ocr_line' id='line_1_10' title="bbox 64 500 864 537; baseline -0.004 -9"><span class='ocrx_word' id='word_1_60' title='bbox 64 505 167 529; x_wconf 81' lang='lat' dir='ltr'>somnis.</span> <span class='ocrx_word' id='word_1_61' title='bbox 207 501 277 534; x_wconf 88' lang='lat' dir='ltr'>Quid</span> <span class='ocrx_word' id='word_1_62' title='bbox 289 501 370 537; x_wconf 71' lang='lat' dir='ltr'>ergo?</span> <span class='ocrx_word' id='word_1_63' title='bbox 390 501 423 527; x_wconf 89' lang='lat' dir='ltr'>ad</span> <span class='ocrx_word' id='word_1_64' title='bbox 436 501 500 527; x_wconf 87' lang='lat' dir='ltr'>haec</span> <span class='ocrx_word' id='word_1_65' title='bbox 516 500 644 526; x_wconf 89' lang='lat' dir='ltr'>mediocri</span> <span class='ocrx_word' id='word_1_66' title='bbox 659 509 728 534; x_wconf 84' lang='lat' dir='ltr'>opus</span> <span class='ocrx_word' id='word_1_67' title='bbox 744 505 784 526; x_wconf 89' lang='lat' dir='ltr'>est</span> <span class='ocrx_word' id='word_1_68' title='bbox 798 508 864 534; x_wconf 90' lang='lat' dir='ltr'>pru—</span> 
     </span>
     <span class='ocr_line' id='line_1_11' title="bbox 65 536 865 574; baseline -0.004 -9"><span class='ocrx_word' id='word_1_69' title='bbox 65 539 169 569; x_wconf 86' lang='lat' dir='ltr'>dentia,</span> <span class='ocrx_word' id='word_1_70' title='bbox 191 548 224 565; x_wconf 90' lang='lat' dir='ltr'>an</span> <span class='ocrx_word' id='word_1_71' title='bbox 243 544 268 565; x_wconf 85' lang='lat' dir='ltr'>et</span> <span class='ocrx_word' id='word_1_72' title='bbox 282 539 391 574; x_wconf 74' lang='lat' dir='ltr'>ingenio</span> <span class='ocrx_word' id='word_1_73' title='bbox 407 539 552 573; x_wconf 80' lang='lat' dir='ltr'>praestanti</span> <span class='ocrx_word' id='word_1_74' title='bbox 569 543 594 564; x_wconf 91' lang='lat' dir='ltr'>et</span> <span class='ocrx_word' id='word_1_75' title='bbox 609 537 759 563; x_wconf 83' lang='lat' dir='ltr'>eruditione</span> <span class='ocrx_word' id='word_1_76' title='bbox 775 536 865 572; x_wconf 87' lang='lat' dir='ltr'>perfe—</span> 
     </span>
     <span class='ocr_line' id='line_1_12' title="bbox 65 574 862 611; baseline -0.005 -8"><span class='ocrx_word' id='word_1_77' title='bbox 65 576 124 603; x_wconf 69' lang='lat' dir='ltr'>cta?</span> <span class='ocrx_word' id='word_1_78' title='bbox 157 576 247 602; x_wconf 89' lang='lat' dir='ltr'>Talem</span> <span class='ocrx_word' id='word_1_79' title='bbox 273 581 362 602; x_wconf 90' lang='lat' dir='ltr'>autem</span> <span class='ocrx_word' id='word_1_80' title='bbox 392 576 570 611; x_wconf 79' lang='lat' dir='ltr'>cognovimus</span> <span class='ocrx_word' id='word_1_81' title='bbox 591 575 738 601; x_wconf 88' lang='lat' dir='ltr'>neminem.</span> <span class='ocrx_word' id='word_1_82' title='bbox 770 574 862 600; x_wconf 80' lang='lat' dir='ltr'>LXIV.</span> 
     </span>
     <span class='ocr_line' id='line_1_13' title="bbox 68 612 864 649; baseline -0.004 -9"><span class='ocrx_word' id='word_1_83' title='bbox 68 615 124 640; x_wconf 72' lang='lat'>⁴34.</span> <span class='ocrx_word' id='word_1_84' title='bbox 140 614 208 639; x_wconf 85' lang='lat' dir='ltr'>Vide</span> <span class='ocrx_word' id='word_1_85' title='bbox 225 614 321 649; x_wconf 81' lang='lat' dir='ltr'>igitur,</span> <span class='ocrx_word' id='word_1_86' title='bbox 339 622 386 644; x_wconf 84' lang='lat' dir='ltr'>ne,</span> <span class='ocrx_word' id='word_1_87' title='bbox 404 614 484 639; x_wconf 87' lang='lat' dir='ltr'>etiam</span> <span class='ocrx_word' id='word_1_88' title='bbox 500 613 523 638; x_wconf 89' lang='lat' dir='ltr'>si</span> <span class='ocrx_word' id='word_1_89' title='bbox 538 612 732 638; x_wconf 89' lang='lat' dir='ltr'>divinationem</span> <span class='ocrx_word' id='word_1_90' title='bbox 744 612 793 638; x_wconf 87' lang='lat' dir='ltr'>tibi</span> <span class='ocrx_word' id='word_1_91' title='bbox 805 619 864 637; x_wconf 86' lang='lat' dir='ltr'>esse</span> 
     </span>
     <span class='ocr_line' id='line_1_14' title="bbox 64 649 864 685; baseline -0.004 -8"><span class='ocrx_word' id='word_1_92' title='bbox 64 659 234 681; x_wconf 78' lang='lat' dir='ltr'>concessero,</span> <span class='ocrx_word' id='word_1_93' title='bbox 255 650 327 685; x_wconf 89' lang='lat' dir='ltr'>quod</span> <span class='ocrx_word' id='word_1_94' title='bbox 339 659 488 685; x_wconf 76' lang='lat' dir='ltr'>numquam</span> <span class='ocrx_word' id='word_1_95' title='bbox 500 649 609 680; x_wconf 86' lang='lat' dir='ltr'>faciam,</span> <span class='ocrx_word' id='word_1_96' title='bbox 628 650 763 675; x_wconf 90' lang='lat' dir='ltr'>neminem</span> <span class='ocrx_word' id='word_1_97' title='bbox 775 654 864 675; x_wconf 88' lang='lat' dir='ltr'>tamen</span> 
     </span>
     <span class='ocr_line' id='line_1_15' title="bbox 65 688 476 723; baseline -0.005 -8"><span class='ocrx_word' id='word_1_98' title='bbox 65 688 190 715; x_wconf 86' lang='lat' dir='ltr'>divinum</span> <span class='ocrx_word' id='word_1_99' title='bbox 202 688 318 722; x_wconf 86' lang='lat' dir='ltr'>reperire</span> <span class='ocrx_word' id='word_1_100' title='bbox 329 689 476 723; x_wconf 87' lang='lat' dir='ltr'>possimus.</span> 
     </span>
     <span class='ocr_line' id='line_1_16' title="bbox 65 723 861 760; baseline -0.004 -8"><span class='ocrx_word' id='word_1_101' title='bbox 65 730 105 752; x_wconf 87' lang='lat' dir='ltr'>est</span> <span class='ocrx_word' id='word_1_102' title='bbox 124 725 249 756; x_wconf 89' lang='lat' dir='ltr'>deorum,</span> <span class='ocrx_word' id='word_1_103' title='bbox 268 725 292 751; x_wconf 91' lang='lat' dir='ltr'>si</span> <span class='ocrx_word' id='word_1_104' title='bbox 308 734 395 760; x_wconf 88' lang='lat' dir='ltr'>neque</span> <span class='ocrx_word' id='word_1_105' title='bbox 412 734 441 751; x_wconf 88' lang='lat' dir='ltr'>ea</span> <span class='ocrx_word' id='word_1_106' title='bbox 454 724 531 751; x_wconf 90' lang='lat' dir='ltr'>nobis</span> <span class='ocrx_word' id='word_1_107' title='bbox 543 724 697 760; x_wconf 77' lang='lat' dir='ltr'>significant</span> <span class='ocrx_word' id='word_1_108' title='bbox 711 725 737 749; x_wconf 90' lang='lat' dir='ltr'>in</span> <span class='ocrx_word' id='word_1_109' title='bbox 750 723 861 753; x_wconf 77' lang='lat' dir='ltr'>somniS,</span> 
     </span>
     <span class='ocr_line' id='line_1_17' title="bbox 64 761 865 798; baseline -0.002 -10"><span class='ocrx_word' id='word_1_110' title='bbox 64 771 133 798; x_wconf 91' lang='lat' dir='ltr'>quae</span> <span class='ocrx_word' id='word_1_111' title='bbox 146 763 198 797; x_wconf 90' lang='lat' dir='ltr'>ipsi</span> <span class='ocrx_word' id='word_1_112' title='bbox 209 771 257 797; x_wconf 89' lang='lat' dir='ltr'>per</span> <span class='ocrx_word' id='word_1_113' title='bbox 268 771 316 789; x_wconf 89' lang='lat' dir='ltr'>nos</span> <span class='ocrx_word' id='word_1_114' title='bbox 330 762 528 798; x_wconf 82' lang='lat' dir='ltr'>intelligamus,</span> <span class='ocrx_word' id='word_1_115' title='bbox 543 770 629 796; x_wconf 89' lang='lat' dir='ltr'>neque</span> <span class='ocrx_word' id='word_1_116' title='bbox 641 770 680 792; x_wconf 89' lang='lat' dir='ltr'>ea,</span> <span class='ocrx_word' id='word_1_117' title='bbox 694 769 810 795; x_wconf 87' lang='lat' dir='ltr'>quorum</span> <span class='ocrx_word' id='word_1_118' title='bbox 822 761 865 786; x_wconf 84' lang='lat' dir='ltr'>in-</span> 
     </span>
     <span class='ocr_line' id='line_1_18' title="bbox 65 797 861 835; baseline -0.004 -9"><span class='ocrx_word' id='word_1_119' title='bbox 65 804 194 835; x_wconf 88' lang='lat' dir='ltr'>terpretes</span> <span class='ocrx_word' id='word_1_120' title='bbox 218 800 316 826; x_wconf 85' lang='lat' dir='ltr'>habere</span> <span class='ocrx_word' id='word_1_121' title='bbox 337 799 492 835; x_wconf 73' lang='lat' dir='ltr'>possimus?</span> <span class='ocrx_word' id='word_1_122' title='bbox 516 799 627 825; x_wconf 84' lang='lat' dir='ltr'>Similes</span> <span class='ocrx_word' id='word_1_123' title='bbox 642 799 714 824; x_wconf 90' lang='lat' dir='ltr'>enim</span> <span class='ocrx_word' id='word_1_124' title='bbox 730 803 794 824; x_wconf 90' lang='lat' dir='ltr'>sunt</span> <span class='ocrx_word' id='word_1_125' title='bbox 813 797 861 828; x_wconf 88' lang='lat' dir='ltr'>(lii,</span> 
     </span>
     <span class='ocr_line' id='line_1_19' title="bbox 65 836 863 872; baseline -0.004 -9"><span class='ocrx_word' id='word_1_126' title='bbox 65 839 88 864; x_wconf 93' lang='lat' dir='ltr'>si</span> <span class='ocrx_word' id='word_1_127' title='bbox 100 846 130 863; x_wconf 85' lang='lat' dir='ltr'>ea</span> <span class='ocrx_word' id='word_1_128' title='bbox 142 837 220 863; x_wconf 91' lang='lat' dir='ltr'>nobis</span> <span class='ocrx_word' id='word_1_129' title='bbox 232 837 373 868; x_wconf 90' lang='lat' dir='ltr'>obiiciunt,</span> <span class='ocrx_word' id='word_1_130' title='bbox 386 845 502 872; x_wconf 90' lang='lat' dir='ltr'>quorum</span> <span class='ocrx_word' id='word_1_131' title='bbox 514 844 602 871; x_wconf 89' lang='lat' dir='ltr'>neque</span> <span class='ocrx_word' id='word_1_132' title='bbox 613 836 762 866; x_wconf 83' lang='lat' dir='ltr'>scientiam,</span> <span class='ocrx_word' id='word_1_133' title='bbox 776 843 863 869; x_wconf 88' lang='lat' dir='ltr'>neque</span> 
     </span>
     <span class='ocr_line' id='line_1_20' title="bbox 64 872 865 910; baseline -0.005 -9"><span class='ocrx_word' id='word_1_134' title='bbox 64 875 264 910; x_wconf 81' lang='lat' dir='ltr'>explanatorem</span> <span class='ocrx_word' id='word_1_135' title='bbox 286 874 447 905; x_wconf 85' lang='lat' dir='ltr'>habeamus,</span> <span class='ocrx_word' id='word_1_136' title='bbox 470 879 608 908; x_wconf 86' lang='lat' dir='ltr'>tamquam</span> <span class='ocrx_word' id='word_1_137' title='bbox 622 874 646 899; x_wconf 91' lang='lat' dir='ltr'>si</span> <span class='ocrx_word' id='word_1_138' title='bbox 661 873 742 898; x_wconf 89' lang='lat' dir='ltr'>Poeni</span> <span class='ocrx_word' id='word_1_139' title='bbox 758 876 803 898; x_wconf 88' lang='lat' dir='ltr'>aut</span> <span class='ocrx_word' id='word_1_140' title='bbox 818 872 865 898; x_wconf 83' lang='lat' dir='ltr'>Hi-</span> 
     </span>
     <span class='ocr_line' id='line_1_21' title="bbox 64 911 862 947; baseline -0.005 -8"><span class='ocrx_word' id='word_1_141' title='bbox 64 913 142 947; x_wconf 81' lang='lat' dir='ltr'>spani</span> <span class='ocrx_word' id='word_1_142' title='bbox 163 913 190 938; x_wconf 94' lang='lat' dir='ltr'>in</span> <span class='ocrx_word' id='word_1_143' title='bbox 212 916 306 938; x_wconf 89' lang='lat' dir='ltr'>senatu</span> <span class='ocrx_word' id='word_1_144' title='bbox 327 916 415 938; x_wconf 88' lang='lat' dir='ltr'>nostro</span> <span class='ocrx_word' id='word_1_145' title='bbox 437 911 609 946; x_wconf 86' lang='lat' dir='ltr'>loquerentur</span> <span class='ocrx_word' id='word_1_146' title='bbox 629 911 688 936; x_wconf 92' lang='lat' dir='ltr'>sine</span> <span class='ocrx_word' id='word_1_147' title='bbox 708 911 862 944; x_wconf 87' lang='lat' dir='ltr'>interprete.</span> 
     </span>
     <span class='ocr_line' id='line_1_22' title="bbox 67 948 865 984; baseline -0.004 -8"><span class='ocrx_word' id='word_1_148' title='bbox 67 952 123 977; x_wconf 69' lang='lat'>432.</span> <span class='ocrx_word' id='word_1_149' title='bbox 141 950 195 975; x_wconf 84' lang='lat' dir='ltr'>lam</span> <span class='ocrx_word' id='word_1_150' title='bbox 210 958 274 976; x_wconf 91' lang='lat' dir='ltr'>vero</span> <span class='ocrx_word' id='word_1_151' title='bbox 290 958 343 984; x_wconf 93' lang='lat' dir='ltr'>quo</span> <span class='ocrx_word' id='word_1_152' title='bbox 358 949 492 984; x_wconf 85' lang='lat' dir='ltr'>pertinent</span> <span class='ocrx_word' id='word_1_153' title='bbox 502 948 679 974; x_wconf 82' lang='lat' dir='ltr'>obscuritates</span> <span class='ocrx_word' id='word_1_154' title='bbox 690 952 716 973; x_wconf 86' lang='lat' dir='ltr'>et</span> <span class='ocrx_word' id='word_1_155' title='bbox 726 948 865 983; x_wconf 77' lang='lat' dir='ltr'>aenigma-</span> 
     </span>
     <span class='ocr_line' id='line_1_23' title="bbox 64 985 865 1021; baseline -0.005 -7"><span class='ocrx_word' id='word_1_156' title='bbox 64 992 90 1014; x_wconf 88' lang='lat' dir='ltr'>ta</span> <span class='ocrx_word' id='word_1_157' title='bbox 110 986 296 1013; x_wconf 73' lang='lat' dir='ltr'>somniorum?</span> <span class='ocrx_word' id='word_1_158' title='bbox 324 986 439 1021; x_wconf 75' lang='lat' dir='ltr'>Intelligi</span> <span class='ocrx_word' id='word_1_159' title='bbox 460 986 532 1012; x_wconf 82' lang='lat' dir='ltr'>enim</span> <span class='ocrx_word' id='word_1_160' title='bbox 552 995 566 1012; x_wconf 87' lang='lat' dir='ltr'>a</span> <span class='ocrx_word' id='word_1_161' title='bbox 583 985 660 1011; x_wconf 91' lang='lat' dir='ltr'>nobis</span> <span class='ocrx_word' id='word_1_162' title='bbox 677 985 716 1011; x_wconf 87' lang='lat' dir='ltr'>dii</span> <span class='ocrx_word' id='word_1_163' title='bbox 733 985 802 1011; x_wconf 88' lang='lat' dir='ltr'>velle</span> <span class='ocrx_word' id='word_1_164' title='bbox 817 985 865 1010; x_wconf 92' lang='lat' dir='ltr'>de-</span> 
     </span>
     <span class='ocr_line' id='line_1_24' title="bbox 64 1021 865 1059; baseline -0.004 -8"><span class='ocrx_word' id='word_1_165' title='bbox 64 1024 164 1051; x_wconf 86' lang='lat' dir='ltr'>bebant</span> <span class='ocrx_word' id='word_1_166' title='bbox 174 1033 203 1050; x_wconf 93' lang='lat' dir='ltr'>ea</span> <span class='ocrx_word' id='word_1_167' title='bbox 212 1045 218 1055; x_wconf 87' lang='lat'>,</span> <span class='ocrx_word' id='word_1_168' title='bbox 240 1032 309 1059; x_wconf 89' lang='lat' dir='ltr'>quae</span> <span class='ocrx_word' id='word_1_169' title='bbox 321 1028 409 1050; x_wconf 89' lang='lat' dir='ltr'>nostra</span> <span class='ocrx_word' id='word_1_170' title='bbox 421 1032 515 1049; x_wconf 88' lang='lat' dir='ltr'>caussa</span> <span class='ocrx_word' id='word_1_171' title='bbox 527 1032 574 1049; x_wconf 90' lang='lat' dir='ltr'>nos</span> <span class='ocrx_word' id='word_1_172' title='bbox 587 1027 734 1049; x_wconf 87' lang='lat' dir='ltr'>monerent.</span> <span class='ocrx_word' id='word_1_173' title='bbox 775 1021 865 1054; x_wconf 79' lang='lat' dir='ltr'>Quid‘?</span> 
     </span>
     <span class='ocr_line' id='line_1_25' title="bbox 63 1059 865 1097; baseline -0.002 -9"><span class='ocrx_word' id='word_1_174' title='bbox 63 1066 141 1097; x_wconf 89' lang='lat' dir='ltr'>poeta</span> <span class='ocrx_word' id='word_1_175' title='bbox 157 1070 248 1092; x_wconf 86' lang='lat' dir='ltr'>nemo,</span> <span class='ocrx_word' id='word_1_176' title='bbox 271 1070 350 1088; x_wconf 90' lang='lat' dir='ltr'>nemo</span> <span class='ocrx_word' id='word_1_177' title='bbox 360 1061 495 1097; x_wconf 79' lang='lat' dir='ltr'>Physicus</span> <span class='ocrx_word' id='word_1_178' title='bbox 509 1059 660 1087; x_wconf 70' lang='lat' dir='ltr'>obscurus?</span> <span class='ocrx_word' id='word_1_179' title='bbox 689 1059 736 1086; x_wconf 84' lang='lat' dir='ltr'>Ille</span> <span class='ocrx_word' id='word_1_180' title='bbox 748 1069 810 1086; x_wconf 89' lang='lat' dir='ltr'>vero</span> <span class='ocrx_word' id='word_1_181' title='bbox 822 1060 865 1086; x_wconf 93' lang='lat' dir='ltr'>ni-</span> 
     </span>
     <span class='ocr_line' id='line_1_26' title="bbox 64 1097 865 1133; baseline -0.004 -7"><span class='ocrx_word' id='word_1_182' title='bbox 64 1100 117 1126; x_wconf 90' lang='lat' dir='ltr'>mis</span> <span class='ocrx_word' id='word_1_183' title='bbox 136 1100 216 1126; x_wconf 89' lang='lat' dir='ltr'>etiam</span> <span class='ocrx_word' id='word_1_184' title='bbox 232 1099 365 1125; x_wconf 88' lang='lat' dir='ltr'>obscurus</span> <span class='ocrx_word' id='word_1_185' title='bbox 376 1098 544 1133; x_wconf 88' lang='lat' dir='ltr'>Euphorion.</span> <span class='ocrx_word' id='word_1_186' title='bbox 587 1099 643 1124; x_wconf 73' lang='lat'>433.</span> <span class='ocrx_word' id='word_1_187' title='bbox 657 1097 690 1123; x_wconf 83' lang='lat' dir='ltr'>At</span> <span class='ocrx_word' id='word_1_188' title='bbox 701 1106 752 1124; x_wconf 92' lang='lat' dir='ltr'>non</span> <span class='ocrx_word' id='word_1_189' title='bbox 768 1098 865 1123; x_wconf 86' lang='lat' dir='ltr'>Home-</span> 
     </span>
     <span class='ocr_line' id='line_1_27' title="bbox 64 1134 862 1172; baseline -0.004 -9"><span class='ocrx_word' id='word_1_190' title='bbox 64 1145 120 1163; x_wconf 92' lang='lat' dir='ltr'>rus.</span> <span class='ocrx_word' id='word_1_191' title='bbox 161 1137 224 1163; x_wconf 84' lang='lat' dir='ltr'>Uter</span> <span class='ocrx_word' id='word_1_192' title='bbox 235 1137 318 1172; x_wconf 81' lang='lat' dir='ltr'>igitur</span> <span class='ocrx_word' id='word_1_193' title='bbox 329 1135 441 1162; x_wconf 71' lang='lat' dir='ltr'>melior?</span> <span class='ocrx_word' id='word_1_194' title='bbox 461 1135 544 1161; x_wconf 88' lang='lat' dir='ltr'>Valde</span> <span class='ocrx_word' id='word_1_195' title='bbox 555 1134 705 1161; x_wconf 84' lang='lat' dir='ltr'>Heraclitus</span> <span class='ocrx_word' id='word_1_196' title='bbox 716 1135 862 1161; x_wconf 88' lang='lat' dir='ltr'>obscurus:</span> 
     </span>
     <span class='ocr_line' id='line_1_28' title="bbox 63 1171 865 1208; baseline -0.004 -8"><span class='ocrx_word' id='word_1_197' title='bbox 63 1175 176 1201; x_wconf 88' lang='lat' dir='ltr'>minime</span> <span class='ocrx_word' id='word_1_198' title='bbox 183 1174 359 1201; x_wconf 88' lang='lat' dir='ltr'>Democritus.</span> <span class='ocrx_word' id='word_1_199' title='bbox 373 1174 443 1199; x_wconf 89' lang='lat' dir='ltr'>Num</span> <span class='ocrx_word' id='word_1_200' title='bbox 452 1171 713 1208; x_wconf 76' lang='lat' dir='ltr'>igiturconferendi‘?</span> <span class='ocrx_word' id='word_1_201' title='bbox 723 1173 865 1198; x_wconf 85' lang='lat' dir='ltr'>Meacaus-</span> 
     </span>
     <span class='ocr_line' id='line_1_29' title="bbox 64 1209 865 1246; baseline -0.004 -8"><span class='ocrx_word' id='word_1_202' title='bbox 64 1221 93 1238; x_wconf 90' lang='lat' dir='ltr'>sa</span> <span class='ocrx_word' id='word_1_203' title='bbox 110 1220 152 1238; x_wconf 88' lang='lat' dir='ltr'>me</span> <span class='ocrx_word' id='word_1_204' title='bbox 176 1220 281 1242; x_wconf 89' lang='lat' dir='ltr'>mones,</span> <span class='ocrx_word' id='word_1_205' title='bbox 304 1210 377 1246; x_wconf 88' lang='lat' dir='ltr'>quod</span> <span class='ocrx_word' id='word_1_206' title='bbox 398 1219 450 1237; x_wconf 91' lang='lat' dir='ltr'>non</span> <span class='ocrx_word' id='word_1_207' title='bbox 465 1209 634 1245; x_wconf 69' lang='lat' dir='ltr'>intelligam?</span> <span class='ocrx_word' id='word_1_208' title='bbox 645 1209 715 1241; x_wconf 88' lang='lat' dir='ltr'>Quid</span> <span class='ocrx_word' id='word_1_209' title='bbox 728 1219 770 1236; x_wconf 85' lang='lat' dir='ltr'>me</span> <span class='ocrx_word' id='word_1_210' title='bbox 782 1210 865 1245; x_wconf 77' lang='lat' dir='ltr'>igitur</span> 
     </span>
     <span class='ocr_line' id='line_1_30' title="bbox 64 1248 865 1283; baseline -0.005 -7"><span class='ocrx_word' id='word_1_211' title='bbox 64 1248 175 1276; x_wconf 80' lang='lat' dir='ltr'>mones‘?</span> <span class='ocrx_word' id='word_1_212' title='bbox 186 1249 218 1275; x_wconf 89' lang='lat' dir='ltr'>Ut</span> <span class='ocrx_word' id='word_1_213' title='bbox 230 1250 252 1275; x_wconf 84' lang='lat' dir='ltr'>si</span> <span class='ocrx_word' id='word_1_214' title='bbox 266 1249 328 1283; x_wconf 88' lang='lat' dir='ltr'>quis</span> <span class='ocrx_word' id='word_1_215' title='bbox 341 1248 463 1274; x_wconf 84' lang='lat' dir='ltr'>medicus</span> <span class='ocrx_word' id='word_1_216' title='bbox 478 1252 584 1283; x_wconf 79' lang='lat' dir='ltr'>aegroto</span> <span class='ocrx_word' id='word_1_217' title='bbox 595 1248 722 1281; x_wconf 88' lang='lat' dir='ltr'>imperet,</span> <span class='ocrx_word' id='word_1_218' title='bbox 736 1252 765 1273; x_wconf 87' lang='lat' dir='ltr'>ut</span> <span class='ocrx_word' id='word_1_219' title='bbox 776 1252 865 1273; x_wconf 79' lang='lat' dir='ltr'>sumat</span> 
     </span>
     <span class='ocr_line' id='line_1_31' title="bbox 103 1287 863 1320; baseline -0.004 -7"><span class='ocrx_word' id='word_1_220' title='bbox 103 1289 271 1320; x_wconf 62' lang='lat' dir='ltr'>terrigenam,</span> <span class='ocrx_word' id='word_1_221' title='bbox 296 1288 490 1319; x_wconf 74' lang='lat' dir='ltr'>herbiyrffllum,</span> <span class='ocrx_word' id='word_1_222' title='bbox 518 1288 700 1318; x_wconf 78' lang='lat' dir='ltr'>‹Iomiportam,</span> <span class='ocrx_word' id='word_1_223' title='bbox 736 1287 863 1320; x_wconf 67' lang='lat' dir='ltr'>sanquine</span> 
     </span>
     <span class='ocr_line' id='line_1_32' title="bbox 499 1332 598 1349; baseline -0.01 0"><span class='ocrx_word' id='word_1_224' title='bbox 499 1332 598 1349; x_wconf 77' lang='lat' dir='ltr'>cassam</span> 
     </span>
     <span class='ocr_line' id='line_1_33' title="bbox 63 1359 863 1397; baseline -0.005 -8"><span class='ocrx_word' id='word_1_225' title='bbox 63 1362 167 1397; x_wconf 79' lang='lat' dir='ltr'>potius,</span> <span class='ocrx_word' id='word_1_226' title='bbox 195 1370 289 1396; x_wconf 85' lang='lat' dir='ltr'>quam,</span> <span class='ocrx_word' id='word_1_227' title='bbox 305 1360 446 1387; x_wconf 89' lang='lat' dir='ltr'>hominum</span> <span class='ocrx_word' id='word_1_228' title='bbox 489 1369 575 1392; x_wconf 82' lang='lat' dir='ltr'>more,</span> <span class='ocrx_word' id='word_1_229' title='bbox 603 1359 741 1387; x_wconf 86' lang='lat' dir='ltr'>cochleam</span> <span class='ocrx_word' id='word_1_230' title='bbox 764 1359 863 1385; x_wconf 82' lang='lat' dir='ltr'>dicere.</span> 
     </span>
     <span class='ocr_line' id='line_1_34' title="bbox 63 1398 474 1433; baseline -0.005 -7"><span class='ocrx_word' id='word_1_231' title='bbox 63 1400 131 1426; x_wconf 89' lang='lat' dir='ltr'>Nam</span> <span class='ocrx_word' id='word_1_232' title='bbox 143 1399 314 1426; x_wconf 87' lang='lat' dir='ltr'>Pacuvianus</span> <span class='ocrx_word' id='word_1_233' title='bbox 328 1398 474 1433; x_wconf 79' lang='lat' dir='ltr'>Amphion,</span> 
     </span>
     <span class='ocr_line' id='line_1_35' title="bbox 100 1436 824 1471; baseline -0.004 -8"><span class='ocrx_word' id='word_1_234' title='bbox 100 1439 247 1471; x_wconf 63' lang='lat' dir='ltr'>quadrupes</span> <span class='ocrx_word' id='word_1_235' title='bbox 263 1438 429 1469; x_wconf 65' lang='lat' dir='ltr'>iamim-mla,</span> <span class='ocrx_word' id='word_1_236' title='bbox 447 1438 568 1468; x_wconf 70' lang='lat' dir='ltr'>ayt-estis,</span> <span class='ocrx_word' id='word_1_237' title='bbox 581 1436 696 1465; x_wconf 79' lang='lat' dir='ltr'>humilis,</span> <span class='ocrx_word' id='word_1_238' title='bbox 716 1437 824 1468; x_wconf 64' lang='lat' dir='ltr'>aspera,</span> 
     </span>
     <span class='ocr_line' id='line_1_36' title="bbox 102 1474 743 1507; baseline -0.005 -6"><span class='ocrx_word' id='word_1_239' title='bbox 102 1477 186 1507; x_wconf 77' lang='lat' dir='ltr'>capiee&#39;</span> <span class='ocrx_word' id='word_1_240' title='bbox 199 1476 275 1504; x_wconf 67' lang='lat' dir='ltr'>breui,</span> <span class='ocrx_word' id='word_1_241' title='bbox 293 1476 389 1499; x_wconf 76' lang='lat' dir='ltr'>ceruice</span> <span class='ocrx_word' id='word_1_242' title='bbox 400 1475 524 1506; x_wconf 70' lang='lat' dir='ltr'>anquina,</span> <span class='ocrx_word' id='word_1_243' title='bbox 546 1475 650 1505; x_wconf 63' lang='lat' dir='ltr'>aspecta</span> <span class='ocrx_word' id='word_1_244' title='bbox 663 1474 743 1504; x_wconf 75' lang='lat' dir='ltr'>truci,</span> 
     </span>
     <span class='ocr_line' id='line_1_37' title="bbox 101 1511 658 1541; baseline -0.004 -4"><span class='ocrx_word' id='word_1_245' title='bbox 101 1513 251 1541; x_wconf 75' lang='lat' dir='ltr'>eviscerata,</span> <span class='ocrx_word' id='word_1_246' title='bbox 264 1513 390 1539; x_wconf 63' lang='lat' dir='ltr'>inanima,</span> <span class='ocrx_word' id='word_1_247' title='bbox 404 1519 460 1536; x_wconf 80' lang='lat' dir='ltr'>cum</span> <span class='ocrx_word' id='word_1_248' title='bbox 470 1511 580 1536; x_wconf 82' lang='lat' dir='ltr'>animali</span> <span class='ocrx_word' id='word_1_249' title='bbox 590 1519 658 1539; x_wconf 80' lang='lat' dir='ltr'>sono,</span> 
     </span>
     <span class='ocr_line' id='line_1_38' title="bbox 64 1546 865 1584; baseline -0.004 -9"><span class='ocrx_word' id='word_1_250' title='bbox 64 1557 150 1584; x_wconf 86' lang='lat' dir='ltr'>quum</span> <span class='ocrx_word' id='word_1_251' title='bbox 161 1548 277 1574; x_wconf 86' lang='lat' dir='ltr'>dixisset</span> <span class='ocrx_word' id='word_1_252' title='bbox 287 1547 444 1578; x_wconf 75' lang='lat' dir='ltr'>obscurius,</span> <span class='ocrx_word' id='word_1_253' title='bbox 463 1551 519 1574; x_wconf 91' lang='lat' dir='ltr'>tum</span> <span class='ocrx_word' id='word_1_254' title='bbox 532 1547 612 1573; x_wconf 88' lang='lat' dir='ltr'>Attici</span> <span class='ocrx_word' id='word_1_255' title='bbox 625 1546 800 1581; x_wconf 81' lang='lat' dir='ltr'>respondent,</span> <span class='ocrx_word' id='word_1_256' title='bbox 815 1555 865 1572; x_wconf 73' lang='lat' dir='ltr'>non</span> 
     </span>
     <span class='ocr_line' id='line_1_39' title="bbox 64 1583 862 1619; baseline -0.004 -7"><span class='ocrx_word' id='word_1_257' title='bbox 64 1588 242 1619; x_wconf 72' lang='lat' dir='ltr'>iuteltiqimus,</span> <span class='ocrx_word' id='word_1_258' title='bbox 265 1588 315 1611; x_wconf 80' lang='lat' dir='ltr'>nisi</span> <span class='ocrx_word' id='word_1_259' title='bbox 335 1590 422 1618; x_wconf 75' lang='lat' dir='ltr'>aperte</span> <span class='ocrx_word' id='word_1_260' title='bbox 438 1587 546 1611; x_wconf 62' lang='lat' dir='ltr'>(limeris.</span> <span class='ocrx_word' id='word_1_261' title='bbox 587 1584 620 1611; x_wconf 87' lang='lat' dir='ltr'>At</span> <span class='ocrx_word' id='word_1_262' title='bbox 640 1584 685 1610; x_wconf 91' lang='lat' dir='ltr'>ille</span> <span class='ocrx_word' id='word_1_263' title='bbox 702 1592 755 1610; x_wconf 94' lang='lat' dir='ltr'>uno</span> <span class='ocrx_word' id='word_1_264' title='bbox 772 1583 862 1614; x_wconf 86' lang='lat' dir='ltr'>verbo,</span> 
     </span>
     <span class='ocr_line' id='line_1_40' title="bbox 67 1622 866 1657; baseline -0.004 -7"><span class='ocrx_word' id='word_1_265' title='bbox 67 1625 181 1650; x_wconf 80' lang='lat' dir='ltr'>Tesludo.</span> <span class='ocrx_word' id='word_1_266' title='bbox 221 1623 279 1649; x_wconf 95' lang='lat' dir='ltr'>Non</span> <span class='ocrx_word' id='word_1_267' title='bbox 296 1627 420 1657; x_wconf 81' lang='lat' dir='ltr'>potueras</span> <span class='ocrx_word' id='word_1_268' title='bbox 433 1622 482 1648; x_wconf 84' lang='lat' dir='ltr'>hoc</span> <span class='ocrx_word' id='word_1_269' title='bbox 494 1622 577 1657; x_wconf 75' lang='lat' dir='ltr'>igitur</span> <span class='ocrx_word' id='word_1_270' title='bbox 588 1630 601 1647; x_wconf 94' lang='lat' dir='ltr'>a</span> <span class='ocrx_word' id='word_1_271' title='bbox 614 1622 761 1656; x_wconf 91' lang='lat' dir='ltr'>principio,</span> <span class='ocrx_word' id='word_1_272' title='bbox 779 1622 866 1648; x_wconf 85' lang='lat' dir='ltr'>citba-</span> 
     </span>
     <span class='ocr_line' id='line_1_41' title="bbox 65 1659 866 1693; baseline -0.004 -6"><span class='ocrx_word' id='word_1_273' title='bbox 65 1661 139 1692; x_wconf 80' lang='lat' dir='ltr'>rista,</span> <span class='ocrx_word' id='word_1_274' title='bbox 153 1659 261 1687; x_wconf 74' lang='lat' dir='ltr'>dicere?</span> <span class='ocrx_word' id='word_1_275' title='bbox 292 1660 372 1686; x_wconf 83' lang='lat' dir='ltr'>LXV.</span> <span class='ocrx_word' id='word_1_276' title='bbox 392 1661 447 1686; x_wconf 73' lang='lat'>434.</span> <span class='ocrx_word' id='word_1_277' title='bbox 470 1659 558 1685; x_wconf 79' lang='lat' dir='ltr'>Defert</span> <span class='ocrx_word' id='word_1_278' title='bbox 569 1659 601 1686; x_wconf 88' lang='lat' dir='ltr'>ad</span> <span class='ocrx_word' id='word_1_279' title='bbox 614 1660 791 1685; x_wconf 87' lang='lat' dir='ltr'>coniectorem</span> <span class='ocrx_word' id='word_1_280' title='bbox 802 1659 866 1693; x_wconf 90' lang='lat' dir='ltr'>qui-</span> 
     </span>
     <span class='ocr_line' id='line_1_42' title="bbox 64 1696 865 1731; baseline -0.002 -7"><span class='ocrx_word' id='word_1_281' title='bbox 64 1699 141 1729; x_wconf 85' lang='lat' dir='ltr'>dam,</span> <span class='ocrx_word' id='word_1_282' title='bbox 159 1698 308 1724; x_wconf 84' lang='lat' dir='ltr'>somniasse</span> <span class='ocrx_word' id='word_1_283' title='bbox 323 1705 366 1728; x_wconf 88' lang='lat' dir='ltr'>sc,</span> <span class='ocrx_word' id='word_1_284' title='bbox 388 1705 470 1723; x_wconf 90' lang='lat' dir='ltr'>ovum</span> <span class='ocrx_word' id='word_1_285' title='bbox 483 1696 598 1731; x_wconf 91' lang='lat' dir='ltr'>pendere</span> <span class='ocrx_word' id='word_1_286' title='bbox 610 1705 644 1722; x_wconf 84' lang='lat' dir='ltr'>ex</span> <span class='ocrx_word' id='word_1_287' title='bbox 656 1696 737 1722; x_wconf 79' lang='lat' dir='ltr'>fascia</span> <span class='ocrx_word' id='word_1_288' title='bbox 750 1696 810 1722; x_wconf 82' lang='lat' dir='ltr'>lecti</span> <span class='ocrx_word' id='word_1_289' title='bbox 822 1697 865 1722; x_wconf 90' lang='lat' dir='ltr'>sui</span> 
     </span>
     <span class='ocr_line' id='line_1_43' title="bbox 64 1734 863 1770; baseline -0.004 -8"><span class='ocrx_word' id='word_1_290' title='bbox 64 1735 240 1763; x_wconf 83' lang='lat' dir='ltr'>cubicularis.</span> <span class='ocrx_word' id='word_1_291' title='bbox 281 1735 328 1761; x_wconf 87' lang='lat' dir='ltr'>Est</span> <span class='ocrx_word' id='word_1_292' title='bbox 348 1734 442 1760; x_wconf 84' lang='lat' dir='ltr'>hocin</span> <span class='ocrx_word' id='word_1_293' title='bbox 459 1734 605 1770; x_wconf 75' lang='lat' dir='ltr'>Chrysippi</span> <span class='ocrx_word' id='word_1_294' title='bbox 627 1734 695 1760; x_wconf 86' lang='lat' dir='ltr'>libro</span> <span class='ocrx_word' id='word_1_295' title='bbox 716 1734 863 1760; x_wconf 88' lang='lat' dir='ltr'>somnium.</span> 
     </span>
     <span class='ocr_line' id='line_1_44' title="bbox 65 1771 866 1808; baseline -0.004 -8"><span class='ocrx_word' id='word_1_296' title='bbox 65 1772 213 1808; x_wconf 83' lang='lat' dir='ltr'>Respondit</span> <span class='ocrx_word' id='word_1_297' title='bbox 227 1772 361 1799; x_wconf 84' lang='lat' dir='ltr'>coniector</span> <span class='ocrx_word' id='word_1_298' title='bbox 372 1771 529 1798; x_wconf 87' lang='lat' dir='ltr'>thesaurum</span> <span class='ocrx_word' id='word_1_299' title='bbox 541 1771 679 1797; x_wconf 88' lang='lat' dir='ltr'>defossum</span> <span class='ocrx_word' id='word_1_300' title='bbox 692 1780 751 1797; x_wconf 80' lang='lat' dir='ltr'>csse</span> <span class='ocrx_word' id='word_1_301' title='bbox 762 1772 814 1798; x_wconf 89' lang='lat' dir='ltr'>sub</span> <span class='ocrx_word' id='word_1_302' title='bbox 828 1771 866 1797; x_wconf 91' lang='lat' dir='ltr'>le—</span> 
     </span>
     <span class='ocr_line' id='line_1_45' title="bbox 65 1809 866 1844; baseline -0.004 -7"><span class='ocrx_word' id='word_1_303' title='bbox 65 1815 116 1837; x_wconf 85' lang='lat' dir='ltr'>cto.</span> <span class='ocrx_word' id='word_1_304' title='bbox 157 1810 247 1837; x_wconf 88' lang='lat' dir='ltr'>Fodit:</span> <span class='ocrx_word' id='word_1_305' title='bbox 266 1810 370 1836; x_wconf 89' lang='lat' dir='ltr'>invenit</span> <span class='ocrx_word' id='word_1_306' title='bbox 380 1810 438 1835; x_wconf 87' lang='lat' dir='ltr'>auri</span> <span class='ocrx_word' id='word_1_307' title='bbox 453 1809 636 1844; x_wconf 87' lang='lat' dir='ltr'>aliquantum,</span> <span class='ocrx_word' id='word_1_308' title='bbox 654 1809 736 1844; x_wconf 89' lang='lat' dir='ltr'>idque</span> <span class='ocrx_word' id='word_1_309' title='bbox 748 1809 866 1835; x_wconf 92' lang='lat' dir='ltr'>circum-</span> 
     </span>
     <span class='ocr_line' id='line_1_46' title="bbox 65 1847 864 1883; baseline -0.003 -9"><span class='ocrx_word' id='word_1_310' title='bbox 65 1848 158 1875; x_wconf 91' lang='lat' dir='ltr'>datum</span> <span class='ocrx_word' id='word_1_311' title='bbox 173 1852 292 1883; x_wconf 81' lang='lat' dir='ltr'>argento.</span> <span class='ocrx_word' id='word_1_312' title='bbox 333 1847 406 1872; x_wconf 88' lang='lat' dir='ltr'>Misit</span> <span class='ocrx_word' id='word_1_313' title='bbox 421 1847 578 1877; x_wconf 79' lang='lat' dir='ltr'>coniectori,</span> <span class='ocrx_word' id='word_1_314' title='bbox 596 1847 757 1881; x_wconf 87' lang='lat' dir='ltr'>quantulum</span> <span class='ocrx_word' id='word_1_315' title='bbox 774 1848 864 1873; x_wconf 85' lang='lat' dir='ltr'>visum</span> 
     </span>
     <span class='ocr_line' id='line_1_47' title="bbox 65 1883 867 1920; baseline -0.005 -8"><span class='ocrx_word' id='word_1_316' title='bbox 65 1890 114 1917; x_wconf 89' lang='lat' dir='ltr'>est,</span> <span class='ocrx_word' id='word_1_317' title='bbox 128 1885 161 1911; x_wconf 91' lang='lat' dir='ltr'>de</span> <span class='ocrx_word' id='word_1_318' title='bbox 172 1889 291 1920; x_wconf 75' lang='lat' dir='ltr'>argento.</span> <span class='ocrx_word' id='word_1_319' title='bbox 318 1884 387 1910; x_wconf 90' lang='lat' dir='ltr'>Tum</span> <span class='ocrx_word' id='word_1_320' title='bbox 400 1883 454 1914; x_wconf 89' lang='lat' dir='ltr'>ille,</span> <span class='ocrx_word' id='word_1_321' title='bbox 468 1883 588 1914; x_wconf 81' lang='lat' dir='ltr'>Nihilne,</span> <span class='ocrx_word' id='word_1_322' title='bbox 603 1884 699 1918; x_wconf 75' lang='lat' dir='ltr'>inquit,</span> <span class='ocrx_word' id='word_1_323' title='bbox 713 1884 745 1910; x_wconf 87' lang='lat' dir='ltr'>de</span> <span class='ocrx_word' id='word_1_324' title='bbox 758 1883 867 1911; x_wconf 81' lang='lat' dir='ltr'>vitello‘?</span> 
     </span>
    </p>
   </div>
   <div class='ocr_carea' id='block_1_5' title="bbox 65 1920 895 1955">
    <p class='ocr_par' dir='ltr' id='par_1_5' title="bbox 65 1920 895 1955">
     <span class='ocr_line' id='line_1_48' title="bbox 65 1920 895 1955; baseline -0.004 -5"><span class='ocrx_word' id='word_1_325' title='bbox 65 1923 95 1951; x_wconf 86' lang='lat' dir='ltr'>ld</span> <span class='ocrx_word' id='word_1_326' title='bbox 110 1923 183 1949; x_wconf 89' lang='lat' dir='ltr'>enim</span> <span class='ocrx_word' id='word_1_327' title='bbox 199 1922 223 1948; x_wconf 90' lang='lat' dir='ltr'>ei</span> <span class='ocrx_word' id='word_1_328' title='bbox 239 1930 273 1948; x_wconf 87' lang='lat' dir='ltr'>ex</span> <span class='ocrx_word' id='word_1_329' title='bbox 288 1929 338 1947; x_wconf 88' lang='lat' dir='ltr'>ovo</span> <span class='ocrx_word' id='word_1_330' title='bbox 356 1920 498 1946; x_wconf 89' lang='lat' dir='ltr'>videbatur</span> <span class='ocrx_word' id='word_1_331' title='bbox 509 1929 604 1947; x_wconf 91' lang='lat' dir='ltr'>aurum</span> <span class='ocrx_word' id='word_1_332' title='bbox 619 1921 783 1955; x_wconf 68' lang='lat' dir='ltr'>declarasse:</span> <span class='ocrx_word' id='word_1_333' title='bbox 802 1921 866 1948; x_wconf 87' lang='lat' dir='ltr'>reli-</span> <span class='ocrx_word' id='word_1_334' title='bbox 894 1930 895 1939; x_wconf 50' lang='grc' dir='ltr'>ι</span> 
     </span>
    </p>
   </div>
   <div class='ocr_carea' id='block_1_6' title="bbox 65 1958 868 2705">
    <p class='ocr_par' dir='ltr' id='par_1_6' title="bbox 65 1958 868 2705">
     <span class='ocr_line' id='line_1_49' title="bbox 65 1958 864 1996; baseline -0.004 -9"><span class='ocrx_word' id='word_1_335' title='bbox 65 1969 161 1996; x_wconf 90' lang='lat' dir='ltr'>quum,</span> <span class='ocrx_word' id='word_1_336' title='bbox 170 1963 321 1994; x_wconf 80' lang='lat' dir='ltr'>argentum.</span> <span class='ocrx_word' id='word_1_337' title='bbox 340 1958 458 1983; x_wconf 87' lang='lat' dir='ltr'>Nemone</span> <span class='ocrx_word' id='word_1_338' title='bbox 466 1958 548 1993; x_wconf 80' lang='lat' dir='ltr'>igitur</span> <span class='ocrx_word' id='word_1_339' title='bbox 561 1967 689 1993; x_wconf 89' lang='lat' dir='ltr'>umquam</span> <span class='ocrx_word' id='word_1_340' title='bbox 702 1958 771 1985; x_wconf 88' lang='lat' dir='ltr'>alius</span> <span class='ocrx_word' id='word_1_341' title='bbox 783 1967 864 1985; x_wconf 84' lang='lat' dir='ltr'>ovum</span> 
     </span>
     <span class='ocr_line' id='line_1_50' title="bbox 66 1995 866 2030; baseline -0.004 -5"><span class='ocrx_word' id='word_1_342' title='bbox 66 1996 229 2025; x_wconf 64' lang='lat' dir='ltr'>somniavit?</span> <span class='ocrx_word' id='word_1_343' title='bbox 249 1996 303 2022; x_wconf 91' lang='lat' dir='ltr'>Cur</span> <span class='ocrx_word' id='word_1_344' title='bbox 317 2003 381 2029; x_wconf 75' lang='lat' dir='ltr'>ergo</span> <span class='ocrx_word' id='word_1_345' title='bbox 397 1995 441 2021; x_wconf 85' lang='lat' dir='ltr'>bic</span> <span class='ocrx_word' id='word_1_346' title='bbox 457 1995 548 2021; x_wconf 89' lang='lat' dir='ltr'>nescio</span> <span class='ocrx_word' id='word_1_347' title='bbox 563 1996 610 2030; x_wconf 89' lang='lat' dir='ltr'>qui</span> <span class='ocrx_word' id='word_1_348' title='bbox 624 1995 779 2021; x_wconf 84' lang='lat' dir='ltr'>thesaurum</span> <span class='ocrx_word' id='word_1_349' title='bbox 792 1996 866 2022; x_wconf 89' lang='lat' dir='ltr'>solus</span> 
     </span>
     <span class='ocr_line' id='line_1_51' title="bbox 65 2032 864 2067; baseline -0.004 -5"><span class='ocrx_word' id='word_1_350' title='bbox 65 2034 189 2062; x_wconf 71' lang='lat' dir='ltr'>invenit?</span> <span class='ocrx_word' id='word_1_351' title='bbox 204 2033 290 2066; x_wconf 92' lang='lat' dir='ltr'>Quam</span> <span class='ocrx_word' id='word_1_352' title='bbox 303 2032 381 2058; x_wconf 89' lang='lat' dir='ltr'>multi</span> <span class='ocrx_word' id='word_1_353' title='bbox 393 2032 495 2066; x_wconf 50' lang='lat' dir='ltr'>inopes</span> <span class='ocrx_word' id='word_1_354' title='bbox 509 2032 584 2067; x_wconf 80' lang='lat' dir='ltr'>digni</span> <span class='ocrx_word' id='word_1_355' title='bbox 597 2033 732 2067; x_wconf 85' lang='lat' dir='ltr'>praesidio</span> <span class='ocrx_word' id='word_1_356' title='bbox 742 2033 864 2064; x_wconf 86' lang='lat' dir='ltr'>deorum,</span> 
     </span>
     <span class='ocr_line' id='line_1_52' title="bbox 66 2069 867 2104; baseline -0.005 -5"><span class='ocrx_word' id='word_1_357' title='bbox 66 2072 142 2100; x_wconf 89' lang='lat' dir='ltr'>nullo</span> <span class='ocrx_word' id='word_1_358' title='bbox 161 2071 266 2098; x_wconf 91' lang='lat' dir='ltr'>somnio</span> <span class='ocrx_word' id='word_1_359' title='bbox 282 2070 314 2096; x_wconf 92' lang='lat' dir='ltr'>ad</span> <span class='ocrx_word' id='word_1_360' title='bbox 330 2070 486 2096; x_wconf 84' lang='lat' dir='ltr'>thesaurum</span> <span class='ocrx_word' id='word_1_361' title='bbox 508 2069 697 2104; x_wconf 85' lang='lat' dir='ltr'>reperiendum</span> <span class='ocrx_word' id='word_1_362' title='bbox 720 2070 867 2096; x_wconf 82' lang='lat' dir='ltr'>admonen-</span> 
     </span>
     <span class='ocr_line' id='line_1_53' title="bbox 66 2107 867 2142; baseline -0.005 -5"><span class='ocrx_word' id='word_1_363' title='bbox 66 2109 128 2137; x_wconf 78' lang='lat' dir='ltr'>tur‘?</span> <span class='ocrx_word' id='word_1_364' title='bbox 138 2109 223 2142; x_wconf 84' lang='lat' dir='ltr'>Quam</span> <span class='ocrx_word' id='word_1_365' title='bbox 231 2112 319 2135; x_wconf 87' lang='lat' dir='ltr'>autem</span> <span class='ocrx_word' id='word_1_366' title='bbox 326 2107 360 2133; x_wconf 92' lang='lat' dir='ltr'>ob</span> <span class='ocrx_word' id='word_1_367' title='bbox 370 2115 493 2133; x_wconf 84' lang='lat' dir='ltr'>caussam</span> <span class='ocrx_word' id='word_1_368' title='bbox 506 2111 558 2133; x_wconf 91' lang='lat' dir='ltr'>tam</span> <span class='ocrx_word' id='word_1_369' title='bbox 571 2111 611 2133; x_wconf 85' lang='lat' dir='ltr'>est</span> <span class='ocrx_word' id='word_1_370' title='bbox 621 2107 735 2133; x_wconf 77' lang='lat' dir='ltr'>obscure</span> <span class='ocrx_word' id='word_1_371' title='bbox 743 2108 867 2133; x_wconf 91' lang='lat' dir='ltr'>admoui-</span> 
     </span>
     <span class='ocr_line' id='line_1_54' title="bbox 67 2144 864 2179; baseline -0.005 -5"><span class='ocrx_word' id='word_1_372' title='bbox 67 2152 124 2178; x_wconf 76' lang='lat' dir='ltr'>tuS.</span> <span class='ocrx_word' id='word_1_373' title='bbox 147 2151 176 2173; x_wconf 87' lang='lat' dir='ltr'>ut</span> <span class='ocrx_word' id='word_1_374' title='bbox 191 2154 224 2172; x_wconf 87' lang='lat' dir='ltr'>ex</span> <span class='ocrx_word' id='word_1_375' title='bbox 239 2154 290 2172; x_wconf 91' lang='lat' dir='ltr'>ovo</span> <span class='ocrx_word' id='word_1_376' title='bbox 306 2149 460 2171; x_wconf 86' lang='lat' dir='ltr'>nasceretur</span> <span class='ocrx_word' id='word_1_377' title='bbox 472 2145 590 2170; x_wconf 84' lang='lat' dir='ltr'>thesauri</span> <span class='ocrx_word' id='word_1_378' title='bbox 601 2144 753 2171; x_wconf 89' lang='lat' dir='ltr'>similitudo</span> <span class='ocrx_word' id='word_1_379' title='bbox 765 2145 864 2179; x_wconf 80' lang='lat' dir='ltr'>potius,</span> 
     </span>
     <span class='ocr_line' id='line_1_55' title="bbox 66 2182 867 2221; baseline -0.004 -10"><span class='ocrx_word' id='word_1_380' title='bbox 66 2193 149 2221; x_wconf 83' lang='lat' dir='ltr'>quam</span> <span class='ocrx_word' id='word_1_381' title='bbox 168 2187 257 2218; x_wconf 86' lang='lat' dir='ltr'>aperte</span> <span class='ocrx_word' id='word_1_382' title='bbox 283 2182 439 2208; x_wconf 85' lang='lat' dir='ltr'>thesaurum</span> <span class='ocrx_word' id='word_1_383' title='bbox 465 2190 593 2216; x_wconf 82' lang='lat' dir='ltr'>quaerere</span> <span class='ocrx_word' id='word_1_384' title='bbox 618 2182 768 2212; x_wconf 76' lang='lat' dir='ltr'>iuberetur,</span> <span class='ocrx_word' id='word_1_385' title='bbox 796 2183 867 2209; x_wconf 87' lang='lat' dir='ltr'>sicut</span> 
     </span>
     <span class='ocr_line' id='line_1_56' title="bbox 67 2219 867 2257; baseline -0.005 -8"><span class='ocrx_word' id='word_1_386' title='bbox 67 2219 315 2257; x_wconf 86' lang='lat' dir='ltr'>aperteSimonides</span> <span class='ocrx_word' id='word_1_387' title='bbox 327 2219 426 2245; x_wconf 85' lang='lat' dir='ltr'>vetitus</span> <span class='ocrx_word' id='word_1_388' title='bbox 436 2224 476 2245; x_wconf 80' lang='lat' dir='ltr'>est</span> <span class='ocrx_word' id='word_1_389' title='bbox 487 2219 632 2253; x_wconf 69' lang='lat' dir='ltr'>navigare?</span> <span class='ocrx_word' id='word_1_390' title='bbox 644 2219 734 2245; x_wconf 79' lang='lat' dir='ltr'>vat.</span> <span class='ocrx_word' id='word_1_391' title='bbox 750 2221 804 2246; x_wconf 61' lang='lat'>⁴:353.</span> <span class='ocrx_word' id='word_1_392' title='bbox 820 2220 867 2245; x_wconf 67' lang='lat' dir='ltr'>lir-</span> 
     </span>
     <span class='ocr_line' id='line_1_57' title="bbox 67 2256 867 2295; baseline -0.005 -9"><span class='ocrx_word' id='word_1_393' title='bbox 67 2268 101 2295; x_wconf 80' lang='lat' dir='ltr'>go</span> <span class='ocrx_word' id='word_1_394' title='bbox 111 2259 225 2286; x_wconf 87' lang='lat' dir='ltr'>obscura</span> <span class='ocrx_word' id='word_1_395' title='bbox 238 2257 341 2283; x_wconf 90' lang='lat' dir='ltr'>somnia</span> <span class='ocrx_word' id='word_1_396' title='bbox 354 2256 466 2282; x_wconf 89' lang='lat' dir='ltr'>minime</span> <span class='ocrx_word' id='word_1_397' title='bbox 478 2261 654 2283; x_wconf 87' lang='lat' dir='ltr'>consentanea</span> <span class='ocrx_word' id='word_1_398' title='bbox 663 2257 867 2283; x_wconf 78' lang='lat' dir='ltr'>maiestatideo-</span> 
     </span>
     <span class='ocr_line' id='line_1_58' title="bbox 68 2293 867 2329; baseline -0.004 -6"><span class='ocrx_word' id='word_1_399' title='bbox 68 2305 138 2323; x_wconf 90' lang='lat' dir='ltr'>rum.</span> <span class='ocrx_word' id='word_1_400' title='bbox 179 2295 219 2322; x_wconf 89' lang='lat' dir='ltr'>Ad</span> <span class='ocrx_word' id='word_1_401' title='bbox 232 2299 320 2329; x_wconf 82' lang='lat' dir='ltr'>aperta</span> <span class='ocrx_word' id='word_1_402' title='bbox 333 2298 358 2320; x_wconf 90' lang='lat' dir='ltr'>et</span> <span class='ocrx_word' id='word_1_403' title='bbox 369 2293 438 2320; x_wconf 85' lang='lat' dir='ltr'>clara</span> <span class='ocrx_word' id='word_1_404' title='bbox 450 2294 606 2325; x_wconf 78' lang='lat' dir='ltr'>veniamus,</span> <span class='ocrx_word' id='word_1_405' title='bbox 629 2294 708 2328; x_wconf 87' lang='lat' dir='ltr'>quale</span> <span class='ocrx_word' id='word_1_406' title='bbox 724 2299 764 2320; x_wconf 83' lang='lat' dir='ltr'>est</span> <span class='ocrx_word' id='word_1_407' title='bbox 775 2294 807 2320; x_wconf 82' lang='lat' dir='ltr'>de</span> <span class='ocrx_word' id='word_1_408' title='bbox 822 2294 867 2320; x_wconf 89' lang='lat' dir='ltr'>illo</span> 
     </span>
     <span class='ocr_line' id='line_1_59' title="bbox 67 2331 866 2367; baseline -0.005 -6"><span class='ocrx_word' id='word_1_409' title='bbox 67 2333 206 2361; x_wconf 81' lang='lat' dir='ltr'>interfecto</span> <span class='ocrx_word' id='word_1_410' title='bbox 217 2341 230 2358; x_wconf 88' lang='lat' dir='ltr'>a</span> <span class='ocrx_word' id='word_1_411' title='bbox 242 2340 362 2366; x_wconf 82' lang='lat' dir='ltr'>caupone</span> <span class='ocrx_word' id='word_1_412' title='bbox 374 2331 502 2367; x_wconf 74' lang='lat' dir='ltr'>Megaris:</span> <span class='ocrx_word' id='word_1_413' title='bbox 524 2331 602 2366; x_wconf 90' lang='lat' dir='ltr'>quale</span> <span class='ocrx_word' id='word_1_414' title='bbox 614 2331 646 2357; x_wconf 88' lang='lat' dir='ltr'>de</span> <span class='ocrx_word' id='word_1_415' title='bbox 658 2331 805 2361; x_wconf 76' lang='lat' dir='ltr'>Simonide,</span> <span class='ocrx_word' id='word_1_416' title='bbox 819 2333 866 2367; x_wconf 91' lang='lat' dir='ltr'>qui</span> 
     </span>
     <span class='ocr_line' id='line_1_60' title="bbox 68 2369 866 2406; baseline -0.005 -8"><span class='ocrx_word' id='word_1_417' title='bbox 68 2371 101 2398; x_wconf 83' lang='lat' dir='ltr'>ab</span> <span class='ocrx_word' id='word_1_418' title='bbox 122 2379 166 2402; x_wconf 82' lang='lat' dir='ltr'>eo,</span> <span class='ocrx_word' id='word_1_419' title='bbox 190 2378 270 2406; x_wconf 84' lang='lat' dir='ltr'>quem</span> <span class='ocrx_word' id='word_1_420' title='bbox 293 2370 428 2398; x_wconf 79' lang='lat' dir='ltr'>bumnrat,</span> <span class='ocrx_word' id='word_1_421' title='bbox 451 2369 550 2394; x_wconf 84' lang='lat' dir='ltr'>vetitus</span> <span class='ocrx_word' id='word_1_422' title='bbox 569 2373 608 2394; x_wconf 82' lang='lat' dir='ltr'>est</span> <span class='ocrx_word' id='word_1_423' title='bbox 625 2370 764 2404; x_wconf 75' lang='lat' dir='ltr'>navigare;</span> <span class='ocrx_word' id='word_1_424' title='bbox 788 2369 866 2403; x_wconf 62' lang='lat' dir='ltr'>quiale</span> 
     </span>
     <span class='ocr_line' id='line_1_61' title="bbox 67 2406 867 2440; baseline -0.004 -5"><span class='ocrx_word' id='word_1_425' title='bbox 67 2409 148 2436; x_wconf 83' lang='lat' dir='ltr'>etiam</span> <span class='ocrx_word' id='word_1_426' title='bbox 165 2407 199 2434; x_wconf 82' lang='lat' dir='ltr'>de</span> <span class='ocrx_word' id='word_1_427' title='bbox 214 2406 379 2438; x_wconf 77' lang='lat' dir='ltr'>Alexandro3</span> <span class='ocrx_word' id='word_1_428' title='bbox 402 2406 475 2440; x_wconf 92' lang='lat' dir='ltr'>quod</span> <span class='ocrx_word' id='word_1_429' title='bbox 491 2414 504 2431; x_wconf 86' lang='lat' dir='ltr'>a</span> <span class='ocrx_word' id='word_1_430' title='bbox 521 2411 544 2432; x_wconf 90' lang='lat' dir='ltr'>te</span> <span class='ocrx_word' id='word_1_431' title='bbox 561 2406 734 2440; x_wconf 81' lang='lat' dir='ltr'>praeteritum</span> <span class='ocrx_word' id='word_1_432' title='bbox 746 2414 804 2432; x_wconf 82' lang='lat' dir='ltr'>esse</span> <span class='ocrx_word' id='word_1_433' title='bbox 816 2407 867 2432; x_wconf 90' lang='lat' dir='ltr'>mi-</span> 
     </span>
     <span class='ocr_line' id='line_1_62' title="bbox 68 2442 868 2481; baseline -0.004 -8"><span class='ocrx_word' id='word_1_434' title='bbox 68 2454 124 2472; x_wconf 87' lang='lat' dir='ltr'>ror:</span> <span class='ocrx_word' id='word_1_435' title='bbox 137 2445 194 2481; x_wconf 90' lang='lat' dir='ltr'>qui,</span> <span class='ocrx_word' id='word_1_436' title='bbox 208 2453 293 2480; x_wconf 88' lang='lat' dir='ltr'>quum</span> <span class='ocrx_word' id='word_1_437' title='bbox 306 2443 481 2474; x_wconf 74' lang='lat' dir='ltr'>Ptolemaeus,</span> <span class='ocrx_word' id='word_1_438' title='bbox 491 2442 632 2469; x_wconf 82' lang='lat' dir='ltr'>familiaris</span> <span class='ocrx_word' id='word_1_439' title='bbox 643 2443 712 2474; x_wconf 86' lang='lat' dir='ltr'>cius,</span> <span class='ocrx_word' id='word_1_440' title='bbox 728 2444 753 2469; x_wconf 90' lang='lat' dir='ltr'>iu</span> <span class='ocrx_word' id='word_1_441' title='bbox 767 2443 868 2478; x_wconf 85' lang='lat' dir='ltr'>praelio</span> 
     </span>
     <span class='ocr_line' id='line_1_63' title="bbox 68 2480 866 2515; baseline -0.004 -6"><span class='ocrx_word' id='word_1_442' title='bbox 68 2482 120 2510; x_wconf 86' lang='lat' dir='ltr'>telo</span> <span class='ocrx_word' id='word_1_443' title='bbox 131 2486 262 2509; x_wconf 82' lang='lat' dir='ltr'>venenato</span> <span class='ocrx_word' id='word_1_444' title='bbox 273 2482 342 2508; x_wconf 87' lang='lat' dir='ltr'>ictus</span> <span class='ocrx_word' id='word_1_445' title='bbox 352 2485 436 2512; x_wconf 83' lang='lat' dir='ltr'>esset,</span> <span class='ocrx_word' id='word_1_446' title='bbox 458 2489 543 2515; x_wconf 88' lang='lat' dir='ltr'>coque</span> <span class='ocrx_word' id='word_1_447' title='bbox 562 2480 672 2506; x_wconf 84' lang='lat' dir='ltr'>vulnere</span> <span class='ocrx_word' id='word_1_448' title='bbox 687 2489 794 2506; x_wconf 88' lang='lat' dir='ltr'>summo</span> <span class='ocrx_word' id='word_1_449' title='bbox 805 2490 866 2506; x_wconf 91' lang='lat' dir='ltr'>eum</span> 
     </span>
     <span class='ocr_line' id='line_1_64' title="bbox 68 2517 868 2552; baseline -0.005 -5"><span class='ocrx_word' id='word_1_450' title='bbox 68 2519 159 2547; x_wconf 88' lang='lat' dir='ltr'>dolore</span> <span class='ocrx_word' id='word_1_451' title='bbox 170 2524 330 2552; x_wconf 64' lang='lat' dir='ltr'>moreretur,</span> <span class='ocrx_word' id='word_1_452' title='bbox 344 2517 497 2545; x_wconf 82' lang='lat' dir='ltr'>Alexander</span> <span class='ocrx_word' id='word_1_453' title='bbox 506 2517 639 2548; x_wconf 80' lang='lat' dir='ltr'>assidens,</span> <span class='ocrx_word' id='word_1_454' title='bbox 648 2526 742 2544; x_wconf 91' lang='lat' dir='ltr'>somno</span> <span class='ocrx_word' id='word_1_455' title='bbox 753 2522 792 2544; x_wconf 78' lang='lat' dir='ltr'>est</span> <span class='ocrx_word' id='word_1_456' title='bbox 803 2527 868 2544; x_wconf 89' lang='lat' dir='ltr'>cou-</span> 
     </span>
     <span class='ocr_line' id='line_1_65' title="bbox 67 2555 868 2592; baseline -0.004 -8"><span class='ocrx_word' id='word_1_457' title='bbox 67 2558 183 2592; x_wconf 88' lang='lat' dir='ltr'>sopitus.</span> <span class='ocrx_word' id='word_1_458' title='bbox 224 2557 293 2583; x_wconf 89' lang='lat' dir='ltr'>Tum</span> <span class='ocrx_word' id='word_1_459' title='bbox 313 2555 463 2583; x_wconf 90' lang='lat' dir='ltr'>secundum</span> <span class='ocrx_word' id='word_1_460' title='bbox 484 2555 604 2590; x_wconf 86' lang='lat' dir='ltr'>quictem</span> <span class='ocrx_word' id='word_1_461' title='bbox 627 2555 702 2581; x_wconf 86' lang='lat' dir='ltr'>visus</span> <span class='ocrx_word' id='word_1_462' title='bbox 722 2556 746 2581; x_wconf 86' lang='lat' dir='ltr'>ei</span> <span class='ocrx_word' id='word_1_463' title='bbox 768 2555 868 2581; x_wconf 90' lang='lat' dir='ltr'>dicitur</span> 
     </span>
     <span class='ocr_line' id='line_1_66' title="bbox 68 2592 866 2629; baseline -0.004 -8"><span class='ocrx_word' id='word_1_464' title='bbox 68 2594 148 2621; x_wconf 88' lang='lat' dir='ltr'>draco</span> <span class='ocrx_word' id='word_1_465' title='bbox 160 2594 192 2625; x_wconf 82' lang='lat' dir='ltr'>is,</span> <span class='ocrx_word' id='word_1_466' title='bbox 205 2602 286 2629; x_wconf 82' lang='lat' dir='ltr'>quem</span> <span class='ocrx_word' id='word_1_467' title='bbox 299 2598 383 2620; x_wconf 87' lang='lat' dir='ltr'>mater</span> <span class='ocrx_word' id='word_1_468' title='bbox 394 2593 534 2629; x_wconf 81' lang='lat' dir='ltr'>Olympias</span> <span class='ocrx_word' id='word_1_469' title='bbox 545 2592 646 2623; x_wconf 79' lang='lat' dir='ltr'>alebat,</span> <span class='ocrx_word' id='word_1_470' title='bbox 662 2592 810 2619; x_wconf 81' lang='lat' dir='ltr'>radiculam</span> <span class='ocrx_word' id='word_1_471' title='bbox 822 2601 866 2618; x_wconf 88' lang='lat' dir='ltr'>ore</span> 
     </span>
     <span class='ocr_line' id='line_1_67' title="bbox 69 2630 866 2666; baseline -0.003 -8"><span class='ocrx_word' id='word_1_472' title='bbox 69 2632 137 2659; x_wconf 80' lang='lat' dir='ltr'>ferre</span> <span class='ocrx_word' id='word_1_473' title='bbox 151 2636 177 2658; x_wconf 89' lang='lat' dir='ltr'>et</span> <span class='ocrx_word' id='word_1_474' title='bbox 187 2630 268 2657; x_wconf 89' lang='lat' dir='ltr'>simul</span> <span class='ocrx_word' id='word_1_475' title='bbox 280 2630 383 2663; x_wconf 78' lang='lat' dir='ltr'>dicere,</span> <span class='ocrx_word' id='word_1_476' title='bbox 399 2639 453 2666; x_wconf 88' lang='lat' dir='ltr'>quo</span> <span class='ocrx_word' id='word_1_477' title='bbox 466 2630 510 2657; x_wconf 89' lang='lat' dir='ltr'>illa</span> <span class='ocrx_word' id='word_1_478' title='bbox 524 2630 572 2657; x_wconf 90' lang='lat' dir='ltr'>loci</span> <span class='ocrx_word' id='word_1_479' title='bbox 585 2635 747 2661; x_wconf 85' lang='lat' dir='ltr'>nasceretur,</span> <span class='ocrx_word' id='word_1_480' title='bbox 768 2630 866 2665; x_wconf 80' lang='lat' dir='ltr'>(nequo</span> 
     </span>
     <span class='ocr_line' id='line_1_68' title="bbox 68 2668 867 2705; baseline -0.001 -10"><span class='ocrx_word' id='word_1_481' title='bbox 68 2670 92 2696; x_wconf 88' lang='lat' dir='ltr'>is</span> <span class='ocrx_word' id='word_1_482' title='bbox 109 2669 186 2705; x_wconf 81' lang='lat' dir='ltr'>longe</span> <span class='ocrx_word' id='word_1_483' title='bbox 202 2668 293 2695; x_wconf 82' lang='lat' dir='ltr'>aberat</span> <span class='ocrx_word' id='word_1_484' title='bbox 307 2668 341 2695; x_wconf 88' lang='lat' dir='ltr'>ab</span> <span class='ocrx_word' id='word_1_485' title='bbox 357 2677 388 2695; x_wconf 93' lang='lat' dir='ltr'>eo</span> <span class='ocrx_word' id='word_1_486' title='bbox 405 2668 470 2703; x_wconf 86' lang='lat' dir='ltr'>luco)</span> <span class='ocrx_word' id='word_1_487' title='bbox 486 2669 545 2695; x_wconf 85' lang='lat' dir='ltr'>cius</span> <span class='ocrx_word' id='word_1_488' title='bbox 561 2673 651 2695; x_wconf 81' lang='lat' dir='ltr'>autem</span> <span class='ocrx_word' id='word_1_489' title='bbox 667 2676 726 2694; x_wconf 83' lang='lat' dir='ltr'>esse</span> <span class='ocrx_word' id='word_1_490' title='bbox 741 2668 796 2694; x_wconf 87' lang='lat' dir='ltr'>vim</span> <span class='ocrx_word' id='word_1_491' title='bbox 809 2673 867 2694; x_wconf 88' lang='lat' dir='ltr'>tau-</span> 
     </span>
    </p>
   </div>
   <div class='ocr_carea' id='block_1_7' title="bbox 515 686 893 719">
    <p class='ocr_par' dir='ltr' id='par_1_7' title="bbox 515 686 893 719">
     <span class='ocr_line' id='line_1_69' title="bbox 515 686 893 719; baseline -0.005 -6"><span class='ocrx_word' id='word_1_492' title='bbox 515 686 608 719; x_wconf 83' lang='lat' dir='ltr'>Qualis</span> <span class='ocrx_word' id='word_1_493' title='bbox 623 691 712 713; x_wconf 89' lang='lat' dir='ltr'>autem</span> <span class='ocrx_word' id='word_1_494' title='bbox 726 687 776 712; x_wconf 87' lang='lat' dir='ltr'>ista</span> <span class='ocrx_word' id='word_1_495' title='bbox 787 694 863 712; x_wconf 88' lang='lat' dir='ltr'>mens</span> <span class='ocrx_word' id='word_1_496' title='bbox 892 694 893 698; x_wconf 59' lang='lat'>¹</span> 
     </span>
    </p>
   </div>
   <div class='ocr_carea' id='block_1_8' title="bbox 891 214 899 2659">
    <p class='ocr_par' dir='ltr' id='par_1_8' title="bbox 891 214 899 2659">
     <span class='ocr_line' id='line_1_70' title="bbox 891 214 899 2659; baseline 0 0"><span class='ocrx_word' id='word_1_497' title='bbox 891 214 899 2659; x_wconf 95' lang='lat' dir='ltr'> </span> 
     </span>
    </p>
   </div>
   <div class='ocr_carea' id='block_1_9' title="bbox 884 209 892 2672">
    <p class='ocr_par' dir='ltr' id='par_1_9' title="bbox 884 209 892 2672">
     <span class='ocr_line' id='line_1_71' title="bbox 884 209 892 2672; baseline 0 0"><span class='ocrx_word' id='word_1_498' title='bbox 884 209 892 2672; x_wconf 95' lang='lat' dir='ltr'> </span> 
     </span>
    </p>
   </div>
   <div class='ocr_carea' id='block_1_10' title="bbox 913 131 1712 686">
    <p class='ocr_par' dir='ltr' id='par_1_10' title="bbox 913 131 1712 686">
     <span class='ocr_line' id='line_1_72' title="bbox 999 131 1709 161; baseline 0.006 -4"><span class='ocrx_word' id='word_1_499' title='bbox 999 131 1034 157; x_wconf 91' lang='grc' dir='ltr'>ΙΙ.</span> <span class='ocrx_word' id='word_1_500' title='bbox 1065 131 1157 158; x_wconf 83' lang='lat' dir='ltr'>CAP.</span> <span class='ocrx_word' id='word_1_501' title='bbox 1188 133 1325 159; x_wconf 76' lang='lat'>59—68.</span> <span class='ocrx_word' id='word_1_502' title='bbox 1646 135 1709 161; x_wconf 72' lang='lat'>⁴⁴65</span> 
     </span>
     <span class='ocr_line' id='line_1_73' title="bbox 913 202 1710 236; baseline 0.004 -8"><span class='ocrx_word' id='word_1_503' title='bbox 913 206 976 233; x_wconf 85' lang='lat' dir='ltr'>tam,</span> <span class='ocrx_word' id='word_1_504' title='bbox 989 207 1018 229; x_wconf 88' lang='lat' dir='ltr'>ut</span> <span class='ocrx_word' id='word_1_505' title='bbox 1029 202 1210 229; x_wconf 85' lang='lat' dir='ltr'>Ptolemaeum</span> <span class='ocrx_word' id='word_1_506' title='bbox 1224 203 1300 229; x_wconf 81' lang='lat' dir='ltr'>facile</span> <span class='ocrx_word' id='word_1_507' title='bbox 1312 208 1426 230; x_wconf 86' lang='lat' dir='ltr'>sanaret.</span> <span class='ocrx_word' id='word_1_508' title='bbox 1457 203 1546 236; x_wconf 88' lang='lat' dir='ltr'>Quum</span> <span class='ocrx_word' id='word_1_509' title='bbox 1558 203 1710 231; x_wconf 74' lang='lat' dir='ltr'>Alexander</span> 
     </span>
     <span class='ocr_line' id='line_1_74' title="bbox 914 241 1710 277; baseline 0.004 -12"><span class='ocrx_word' id='word_1_510' title='bbox 914 245 1086 274; x_wconf 83' lang='lat' dir='ltr'>experrectus</span> <span class='ocrx_word' id='word_1_511' title='bbox 1097 246 1229 267; x_wconf 85' lang='lat' dir='ltr'>narrasset</span> <span class='ocrx_word' id='word_1_512' title='bbox 1239 241 1333 267; x_wconf 90' lang='lat' dir='ltr'>amicis</span> <span class='ocrx_word' id='word_1_513' title='bbox 1344 241 1494 273; x_wconf 80' lang='lat' dir='ltr'>somnium,</span> <span class='ocrx_word' id='word_1_514' title='bbox 1511 243 1644 272; x_wconf 84' lang='lat' dir='ltr'>emisisse,</span> <span class='ocrx_word' id='word_1_515' title='bbox 1662 243 1710 277; x_wconf 92' lang='lat' dir='ltr'>qui</span> 
     </span>
     <span class='ocr_line' id='line_1_75' title="bbox 914 276 1711 312; baseline 0.005 -10"><span class='ocrx_word' id='word_1_516' title='bbox 914 276 987 302; x_wconf 90' lang='lat' dir='ltr'>illam</span> <span class='ocrx_word' id='word_1_517' title='bbox 1003 277 1149 303; x_wconf 86' lang='lat' dir='ltr'>radiculam</span> <span class='ocrx_word' id='word_1_518' title='bbox 1166 283 1333 312; x_wconf 81' lang='lat' dir='ltr'>quaererent.</span> <span class='ocrx_word' id='word_1_519' title='bbox 1373 278 1430 311; x_wconf 84' lang='lat' dir='ltr'>Qua</span> <span class='ocrx_word' id='word_1_520' title='bbox 1447 280 1569 310; x_wconf 85' lang='lat' dir='ltr'>inventa,</span> <span class='ocrx_word' id='word_1_521' title='bbox 1588 285 1611 305; x_wconf 87' lang='lat' dir='ltr'>et</span> <span class='ocrx_word' id='word_1_522' title='bbox 1623 280 1711 306; x_wconf 82' lang='lat' dir='ltr'>Ptole-</span> 
     </span>
     <span class='ocr_line' id='line_1_76' title="bbox 915 315 1710 352; baseline 0.005 -13"><span class='ocrx_word' id='word_1_523' title='bbox 915 322 1007 339; x_wconf 89' lang='lat' dir='ltr'>maeus</span> <span class='ocrx_word' id='word_1_524' title='bbox 1019 319 1127 340; x_wconf 87' lang='lat' dir='ltr'>sanatus</span> <span class='ocrx_word' id='word_1_525' title='bbox 1139 315 1251 345; x_wconf 86' lang='lat' dir='ltr'>dicitur,</span> <span class='ocrx_word' id='word_1_526' title='bbox 1268 321 1294 341; x_wconf 88' lang='lat' dir='ltr'>et</span> <span class='ocrx_word' id='word_1_527' title='bbox 1305 315 1383 342; x_wconf 89' lang='lat' dir='ltr'>multi</span> <span class='ocrx_word' id='word_1_528' title='bbox 1396 316 1494 342; x_wconf 88' lang='lat' dir='ltr'>milites</span> <span class='ocrx_word' id='word_1_529' title='bbox 1503 338 1508 347; x_wconf 90' lang='lat'>,</span> <span class='ocrx_word' id='word_1_530' title='bbox 1522 318 1568 352; x_wconf 87' lang='lat' dir='ltr'>qui</span> <span class='ocrx_word' id='word_1_531' title='bbox 1580 322 1655 343; x_wconf 87' lang='lat' dir='ltr'>erant</span> <span class='ocrx_word' id='word_1_532' title='bbox 1666 325 1710 343; x_wconf 86' lang='lat' dir='ltr'>eo-</span> 
     </span>
     <span class='ocr_line' id='line_1_77' title="bbox 915 351 1711 385; baseline 0.005 -9"><span class='ocrx_word' id='word_1_533' title='bbox 915 351 975 376; x_wconf 91' lang='lat' dir='ltr'>dem</span> <span class='ocrx_word' id='word_1_534' title='bbox 988 360 1084 385; x_wconf 71' lang='lat' dir='ltr'>geuere</span> <span class='ocrx_word' id='word_1_535' title='bbox 1097 352 1141 378; x_wconf 90' lang='lat' dir='ltr'>teli</span> <span class='ocrx_word' id='word_1_536' title='bbox 1154 352 1296 379; x_wconf 86' lang='lat' dir='ltr'>vulnerati.</span> <span class='ocrx_word' id='word_1_537' title='bbox 1328 355 1384 379; x_wconf 74' lang='lat'>⁴36.</span> <span class='ocrx_word' id='word_1_538' title='bbox 1400 353 1483 380; x_wconf 87' lang='lat' dir='ltr'>Multa</span> <span class='ocrx_word' id='word_1_539' title='bbox 1495 355 1575 380; x_wconf 83' lang='lat' dir='ltr'>etiam</span> <span class='ocrx_word' id='word_1_540' title='bbox 1587 359 1649 380; x_wconf 87' lang='lat' dir='ltr'>sunt</span> <span class='ocrx_word' id='word_1_541' title='bbox 1661 363 1675 380; x_wconf 89' lang='lat' dir='ltr'>a</span> <span class='ocrx_word' id='word_1_542' title='bbox 1687 359 1711 380; x_wconf 83' lang='lat' dir='ltr'>te</span> 
     </span>
     <span class='ocr_line' id='line_1_78' title="bbox 915 388 1710 423; baseline 0.005 -10"><span class='ocrx_word' id='word_1_543' title='bbox 915 397 948 414; x_wconf 83' lang='lat' dir='ltr'>ex</span> <span class='ocrx_word' id='word_1_544' title='bbox 965 388 1083 415; x_wconf 84' lang='lat' dir='ltr'>historiis</span> <span class='ocrx_word' id='word_1_545' title='bbox 1099 389 1199 423; x_wconf 89' lang='lat' dir='ltr'>prolata</span> <span class='ocrx_word' id='word_1_546' title='bbox 1216 391 1332 421; x_wconf 81' lang='lat' dir='ltr'>somnia,</span> <span class='ocrx_word' id='word_1_547' title='bbox 1351 392 1443 417; x_wconf 86' lang='lat' dir='ltr'>matris</span> <span class='ocrx_word' id='word_1_548' title='bbox 1462 391 1625 421; x_wconf 79' lang='lat' dir='ltr'>Phalaridis,</span> <span class='ocrx_word' id='word_1_549' title='bbox 1648 392 1710 417; x_wconf 73' lang='lat' dir='ltr'>Cvri</span> 
     </span>
     <span class='ocr_line' id='line_1_79' title="bbox 915 422 1712 462; baseline 0.006 -12"><span class='ocrx_word' id='word_1_550' title='bbox 915 427 1070 459; x_wconf 81' lang='lat' dir='ltr'>superioris,</span> <span class='ocrx_word' id='word_1_551' title='bbox 1085 427 1177 452; x_wconf 84' lang='lat' dir='ltr'>matris</span> <span class='ocrx_word' id='word_1_552' title='bbox 1189 428 1318 462; x_wconf 68' lang='lat' dir='ltr'>Dionysii,</span> <span class='ocrx_word' id='word_1_553' title='bbox 1333 428 1412 454; x_wconf 82' lang='lat' dir='ltr'>Poeni</span> <span class='ocrx_word' id='word_1_554' title='bbox 1425 428 1596 459; x_wconf 84' lang='lat' dir='ltr'>Hamilcaris,</span> <span class='ocrx_word' id='word_1_555' title='bbox 1611 422 1712 454; x_wconf 73' lang='lat' dir='ltr'>Ilaniii-</span> 
     </span>
     <span class='ocr_line' id='line_1_80' title="bbox 915 462 1708 500; baseline 0.005 -13"><span class='ocrx_word' id='word_1_556' title='bbox 915 462 997 493; x_wconf 88' lang='lat' dir='ltr'>balis,</span> <span class='ocrx_word' id='word_1_557' title='bbox 1016 464 1044 488; x_wconf 87' lang='lat' dir='ltr'>P.</span> <span class='ocrx_word' id='word_1_558' title='bbox 1062 464 1147 489; x_wconf 84' lang='lat' dir='ltr'>Decii:</span> <span class='ocrx_word' id='word_1_559' title='bbox 1168 465 1357 499; x_wconf 68' lang='lat' dir='ltr'>pervulgatum</span> <span class='ocrx_word' id='word_1_560' title='bbox 1376 466 1427 491; x_wconf 89' lang='lat' dir='ltr'>iam</span> <span class='ocrx_word' id='word_1_561' title='bbox 1445 466 1511 491; x_wconf 90' lang='lat' dir='ltr'>illud</span> <span class='ocrx_word' id='word_1_562' title='bbox 1527 466 1559 491; x_wconf 86' lang='lat' dir='ltr'>de</span> <span class='ocrx_word' id='word_1_563' title='bbox 1572 465 1708 500; x_wconf 79' lang='lat' dir='ltr'>praesule:</span> 
     </span>
     <span class='ocr_line' id='line_1_81' title="bbox 916 500 1709 533; baseline 0.003 -8"><span class='ocrx_word' id='word_1_564' title='bbox 916 500 1030 525; x_wconf 83' lang='lat' dir='ltr'>Gracchi</span> <span class='ocrx_word' id='word_1_565' title='bbox 1050 501 1143 531; x_wconf 84' lang='lat' dir='ltr'>etiam,</span> <span class='ocrx_word' id='word_1_566' title='bbox 1167 506 1192 527; x_wconf 88' lang='lat' dir='ltr'>et</span> <span class='ocrx_word' id='word_1_567' title='bbox 1208 510 1300 528; x_wconf 77' lang='lat' dir='ltr'>recens</span> <span class='ocrx_word' id='word_1_568' title='bbox 1316 502 1460 533; x_wconf 77' lang='lat' dir='ltr'>Caeciliae,</span> <span class='ocrx_word' id='word_1_569' title='bbox 1484 503 1611 529; x_wconf 60' lang='lat' dir='ltr'>Balearioi</span> <span class='ocrx_word' id='word_1_570' title='bbox 1630 503 1709 532; x_wconf 83' lang='lat' dir='ltr'>tiliae,</span> 
     </span>
     <span class='ocr_line' id='line_1_82' title="bbox 915 538 1710 575; baseline 0.004 -13"><span class='ocrx_word' id='word_1_571' title='bbox 915 538 1061 563; x_wconf 88' lang='lat' dir='ltr'>somnium.</span> <span class='ocrx_word' id='word_1_572' title='bbox 1106 538 1157 563; x_wconf 80' lang='lat' dir='ltr'>Sed</span> <span class='ocrx_word' id='word_1_573' title='bbox 1180 539 1244 564; x_wconf 84' lang='lat' dir='ltr'>hacc</span> <span class='ocrx_word' id='word_1_574' title='bbox 1269 543 1376 565; x_wconf 81' lang='lat' dir='ltr'>externa</span> <span class='ocrx_word' id='word_1_575' title='bbox 1397 540 1431 565; x_wconf 90' lang='lat' dir='ltr'>ob</span> <span class='ocrx_word' id='word_1_576' title='bbox 1455 549 1568 575; x_wconf 85' lang='lat' dir='ltr'>eamque</span> <span class='ocrx_word' id='word_1_577' title='bbox 1588 549 1710 566; x_wconf 71' lang='lat' dir='ltr'>caussam</span> 
     </span>
     <span class='ocr_line' id='line_1_83' title="bbox 916 575 1711 609; baseline 0.005 -10"><span class='ocrx_word' id='word_1_578' title='bbox 916 575 1004 609; x_wconf 77' lang='lat' dir='ltr'>ignota</span> <span class='ocrx_word' id='word_1_579' title='bbox 1017 575 1094 600; x_wconf 85' lang='lat' dir='ltr'>nobis</span> <span class='ocrx_word' id='word_1_580' title='bbox 1106 580 1181 601; x_wconf 82' lang='lat' dir='ltr'>sunt:</span> <span class='ocrx_word' id='word_1_581' title='bbox 1197 576 1323 602; x_wconf 86' lang='lat' dir='ltr'>nonnulla</span> <span class='ocrx_word' id='word_1_582' title='bbox 1336 578 1415 603; x_wconf 87' lang='lat' dir='ltr'>etiam</span> <span class='ocrx_word' id='word_1_583' title='bbox 1429 577 1486 603; x_wconf 80' lang='lat' dir='ltr'>[icta</span> <span class='ocrx_word' id='word_1_584' title='bbox 1500 577 1619 603; x_wconf 76' lang='lat' dir='ltr'>sortasse.</span> <span class='ocrx_word' id='word_1_585' title='bbox 1645 578 1711 608; x_wconf 78' lang='lat' dir='ltr'>Quis</span> 
     </span>
     <span class='ocr_line' id='line_1_84' title="bbox 915 612 1712 649; baseline 0.004 -12"><span class='ocrx_word' id='word_1_586' title='bbox 915 612 987 637; x_wconf 87' lang='lat' dir='ltr'>enim</span> <span class='ocrx_word' id='word_1_587' title='bbox 1002 617 1093 638; x_wconf 88' lang='lat' dir='ltr'>auctor</span> <span class='ocrx_word' id='word_1_588' title='bbox 1109 613 1238 638; x_wconf 63' lang='lat' dir='ltr'>istorum?</span> <span class='ocrx_word' id='word_1_589' title='bbox 1258 615 1292 639; x_wconf 82' lang='lat' dir='ltr'>De</span> <span class='ocrx_word' id='word_1_590' title='bbox 1310 615 1407 640; x_wconf 80' lang='lat' dir='ltr'>nostris</span> <span class='ocrx_word' id='word_1_591' title='bbox 1423 616 1535 640; x_wconf 86' lang='lat' dir='ltr'>somniis</span> <span class='ocrx_word' id='word_1_592' title='bbox 1550 615 1616 649; x_wconf 89' lang='lat' dir='ltr'>quid</span> <span class='ocrx_word' id='word_1_593' title='bbox 1630 615 1712 640; x_wconf 86' lang='lat' dir='ltr'>babe—</span> 
     </span>
     <span class='ocr_line' id='line_1_85' title="bbox 916 649 1711 686; baseline 0.005 -12"><span class='ocrx_word' id='word_1_594' title='bbox 916 658 976 674; x_wconf 84' lang='lat' dir='ltr'>mus</span> <span class='ocrx_word' id='word_1_595' title='bbox 988 649 1095 675; x_wconf 71' lang='lat' dir='ltr'>diccre‘?</span> <span class='ocrx_word' id='word_1_596' title='bbox 1107 654 1133 675; x_wconf 89' lang='lat' dir='ltr'>tu</span> <span class='ocrx_word' id='word_1_597' title='bbox 1146 649 1178 675; x_wconf 87' lang='lat' dir='ltr'>de</span> <span class='ocrx_word' id='word_1_598' title='bbox 1191 660 1277 676; x_wconf 77' lang='lat' dir='ltr'>merso</span> <span class='ocrx_word' id='word_1_599' title='bbox 1289 660 1330 677; x_wconf 86' lang='lat' dir='ltr'>me</span> <span class='ocrx_word' id='word_1_600' title='bbox 1342 657 1366 677; x_wconf 85' lang='lat' dir='ltr'>et</span> <span class='ocrx_word' id='word_1_601' title='bbox 1378 661 1447 686; x_wconf 87' lang='lat' dir='ltr'>equo</span> <span class='ocrx_word' id='word_1_602' title='bbox 1459 652 1491 677; x_wconf 89' lang='lat' dir='ltr'>ad</span> <span class='ocrx_word' id='word_1_603' title='bbox 1504 653 1588 686; x_wconf 90' lang='lat' dir='ltr'>ripam</span> <span class='ocrx_word' id='word_1_604' title='bbox 1596 652 1608 677; x_wconf 67' lang='grc' dir='ltr'>ἱ)</span> <span class='ocrx_word' id='word_1_605' title='bbox 1619 660 1667 684; x_wconf 60' lang='lat' dir='ltr'>ego</span> <span class='ocrx_word' id='word_1_606' title='bbox 1678 652 1711 678; x_wconf 82' lang='lat' dir='ltr'>de</span> 
     </span>
    </p>
   </div>
   <div class='ocr_carea' id='block_1_11' title="bbox 915 686 1711 715">
    <p class='ocr_par' dir='ltr' id='par_1_11' title="bbox 915 686 1711 715">
     <span class='ocr_line' id='line_1_86' title="bbox 915 686 1711 715; baseline 0.004 -4"><span class='ocrx_word' id='word_1_607' title='bbox 915 687 997 712; x_wconf 83' lang='lat' dir='ltr'>Mario</span> <span class='ocrx_word' id='word_1_608' title='bbox 1013 696 1074 712; x_wconf 89' lang='lat' dir='ltr'>cum</span> <span class='ocrx_word' id='word_1_609' title='bbox 1091 686 1209 713; x_wconf 82' lang='lat' dir='ltr'>fascibus</span> <span class='ocrx_word' id='word_1_610' title='bbox 1227 688 1350 713; x_wconf 81' lang='lat' dir='ltr'>laureatis</span> <span class='ocrx_word' id='word_1_611' title='bbox 1368 698 1408 714; x_wconf 82' lang='lat' dir='ltr'>me</span> <span class='ocrx_word' id='word_1_612' title='bbox 1425 690 1451 715; x_wconf 89' lang='lat' dir='ltr'>in</span> <span class='ocrx_word' id='word_1_613' title='bbox 1468 698 1547 715; x_wconf 81' lang='lat' dir='ltr'>suum</span> <span class='ocrx_word' id='word_1_614' title='bbox 1559 686 1656 715; x_wconf 77' lang='lat' dir='ltr'>deduci</span> <span class='ocrx_word' id='word_1_615' title='bbox 1670 690 1711 715; x_wconf 92' lang='lat' dir='ltr'>iu-</span> 
     </span>
    </p>
   </div>
   <div class='ocr_carea' id='block_1_12' title="bbox 893 723 1710 757">
    <p class='ocr_par' dir='ltr' id='par_1_12' title="bbox 893 723 1710 757">
     <span class='ocr_line' id='line_1_87' title="bbox 893 723 1710 757; baseline 0.005 -9"><span class='ocrx_word' id='word_1_616' title='bbox 893 751 894 754; x_wconf 37' lang='lat'>,</span> <span class='ocrx_word' id='word_1_617' title='bbox 916 723 995 749; x_wconf 83' lang='lat' dir='ltr'>bente</span> <span class='ocrx_word' id='word_1_618' title='bbox 1012 724 1233 751; x_wconf 64' lang='lat' dir='ltr'>monumentum‘.³</span> <span class='ocrx_word' id='word_1_619' title='bbox 1266 726 1367 751; x_wconf 63' lang='lat' dir='ltr'>Lxx&#39;tt.</span> <span class='ocrx_word' id='word_1_620' title='bbox 1389 727 1516 752; x_wconf 79' lang='lat' dir='ltr'>Omnium</span> <span class='ocrx_word' id='word_1_621' title='bbox 1533 727 1710 757; x_wconf 86' lang='lat' dir='ltr'>somniorum,</span> 
     </span>
    </p>
   </div>
   <div class='ocr_carea' id='block_1_13' title="bbox 915 760 1717 1208">
    <p class='ocr_par' dir='ltr' id='par_1_13' title="bbox 915 760 1717 1208">
     <span class='ocr_line' id='line_1_88' title="bbox 915 760 1713 797; baseline 0.003 -11"><span class='ocrx_word' id='word_1_622' title='bbox 915 760 1026 792; x_wconf 83' lang='lat' dir='ltr'>Quinte,</span> <span class='ocrx_word' id='word_1_623' title='bbox 1040 770 1092 787; x_wconf 89' lang='lat' dir='ltr'>una</span> <span class='ocrx_word' id='word_1_624' title='bbox 1106 763 1170 788; x_wconf 88' lang='lat' dir='ltr'>ratio</span> <span class='ocrx_word' id='word_1_625' title='bbox 1181 767 1234 788; x_wconf 88' lang='lat' dir='ltr'>est:</span> <span class='ocrx_word' id='word_1_626' title='bbox 1248 772 1326 797; x_wconf 74' lang='lat' dir='ltr'>quae,</span> <span class='ocrx_word' id='word_1_627' title='bbox 1340 772 1386 797; x_wconf 85' lang='lat' dir='ltr'>per</span> <span class='ocrx_word' id='word_1_628' title='bbox 1397 763 1460 789; x_wconf 75' lang='lat' dir='ltr'>deos</span> <span class='ocrx_word' id='word_1_629' title='bbox 1473 763 1649 790; x_wconf 75' lang='lat' dir='ltr'>immortales!</span> <span class='ocrx_word' id='word_1_630' title='bbox 1671 764 1713 788; x_wconf 75' lang='lat' dir='ltr'>vi-</span> 
     </span>
     <span class='ocr_line' id='line_1_89' title="bbox 916 798 1713 835; baseline 0.005 -12"><span class='ocrx_word' id='word_1_631' title='bbox 916 798 1037 829; x_wconf 90' lang='lat' dir='ltr'>deamus,</span> <span class='ocrx_word' id='word_1_632' title='bbox 1048 807 1079 824; x_wconf 88' lang='lat' dir='ltr'>ne</span> <span class='ocrx_word' id='word_1_633' title='bbox 1092 805 1179 825; x_wconf 86' lang='lat' dir='ltr'>nostra</span> <span class='ocrx_word' id='word_1_634' title='bbox 1192 801 1381 834; x_wconf 81' lang='lat' dir='ltr'>superstitione</span> <span class='ocrx_word' id='word_1_635' title='bbox 1394 806 1418 826; x_wconf 84' lang='lat' dir='ltr'>et</span> <span class='ocrx_word' id='word_1_636' title='bbox 1430 800 1619 835; x_wconf 81' lang='lat' dir='ltr'>depravatione</span> <span class='ocrx_word' id='word_1_637' title='bbox 1631 810 1713 835; x_wconf 87' lang='lat' dir='ltr'>supe-</span> 
     </span>
     <span class='ocr_line' id='line_1_90' title="bbox 916 836 1713 872; baseline 0.004 -12"><span class='ocrx_word' id='word_1_638' title='bbox 916 840 998 861; x_wconf 90' lang='lat' dir='ltr'>retur.</span> <span class='ocrx_word' id='word_1_639' title='bbox 1042 837 1097 861; x_wconf 74' lang='lat'>437.</span> <span class='ocrx_word' id='word_1_640' title='bbox 1120 836 1205 868; x_wconf 82' lang='lat' dir='ltr'>Quem</span> <span class='ocrx_word' id='word_1_641' title='bbox 1222 838 1293 862; x_wconf 85' lang='lat' dir='ltr'>enim</span> <span class='ocrx_word' id='word_1_642' title='bbox 1312 842 1338 863; x_wconf 90' lang='lat' dir='ltr'>tu</span> <span class='ocrx_word' id='word_1_643' title='bbox 1350 838 1464 863; x_wconf 72' lang='lat' dir='ltr'>Marium</span> <span class='ocrx_word' id='word_1_644' title='bbox 1482 839 1570 864; x_wconf 73' lang='lat' dir='ltr'>visum</span> <span class='ocrx_word' id='word_1_645' title='bbox 1583 847 1595 863; x_wconf 88' lang='lat' dir='ltr'>a</span> <span class='ocrx_word' id='word_1_646' title='bbox 1608 846 1649 863; x_wconf 91' lang='lat' dir='ltr'>me</span> <span class='ocrx_word' id='word_1_647' title='bbox 1663 847 1713 872; x_wconf 88' lang='lat' dir='ltr'>pu-</span> 
     </span>
     <span class='ocr_line' id='line_1_91' title="bbox 916 871 1713 908; baseline 0.001 -9"><span class='ocrx_word' id='word_1_648' title='bbox 916 871 973 899; x_wconf 78' lang='lat' dir='ltr'>tas‘?</span> <span class='ocrx_word' id='word_1_649' title='bbox 994 872 1127 907; x_wconf 86' lang='lat' dir='ltr'>Speciem,</span> <span class='ocrx_word' id='word_1_650' title='bbox 1141 874 1229 904; x_wconf 88' lang='lat' dir='ltr'>credo,</span> <span class='ocrx_word' id='word_1_651' title='bbox 1243 875 1302 900; x_wconf 88' lang='lat' dir='ltr'>eius</span> <span class='ocrx_word' id='word_1_652' title='bbox 1314 880 1337 900; x_wconf 88' lang='lat' dir='ltr'>et</span> <span class='ocrx_word' id='word_1_653' title='bbox 1350 874 1495 908; x_wconf 57' lang='lat' dir='ltr'>imaginem</span> <span class='ocrx_word' id='word_1_654' title='bbox 1505 896 1510 906; x_wconf 81' lang='grc'><strong>,</strong></span> <span class='ocrx_word' id='word_1_655' title='bbox 1525 880 1553 901; x_wconf 91' lang='lat' dir='ltr'>ut</span> <span class='ocrx_word' id='word_1_656' title='bbox 1565 874 1713 901; x_wconf 74' lang='lat' dir='ltr'>Democrito</span> 
     </span>
     <span class='ocr_line' id='line_1_92' title="bbox 917 909 1713 947; baseline 0.004 -12"><span class='ocrx_word' id='word_1_657' title='bbox 917 909 1033 936; x_wconf 83' lang='lat' dir='ltr'>videtur.</span> <span class='ocrx_word' id='word_1_658' title='bbox 1076 911 1149 937; x_wconf 91' lang='lat' dir='ltr'>Unde</span> <span class='ocrx_word' id='word_1_659' title='bbox 1171 911 1315 946; x_wconf 81' lang='lat' dir='ltr'>profectam</span> <span class='ocrx_word' id='word_1_660' title='bbox 1335 912 1499 947; x_wconf 63' lang='lat' dir='ltr'>imaginem?</span> <span class='ocrx_word' id='word_1_661' title='bbox 1519 913 1539 938; x_wconf 68' lang='lat' dir='ltr'>A</span> <span class='ocrx_word' id='word_1_662' title='bbox 1555 912 1713 947; x_wconf 84' lang='lat' dir='ltr'>corporibus</span> 
     </span>
     <span class='ocr_line' id='line_1_93' title="bbox 916 947 1712 985; baseline 0.003 -12"><span class='ocrx_word' id='word_1_663' title='bbox 916 948 988 973; x_wconf 88' lang='lat' dir='ltr'>euim</span> <span class='ocrx_word' id='word_1_664' title='bbox 1010 947 1105 974; x_wconf 84' lang='lat' dir='ltr'>solidis</span> <span class='ocrx_word' id='word_1_665' title='bbox 1122 954 1146 974; x_wconf 82' lang='lat' dir='ltr'>et</span> <span class='ocrx_word' id='word_1_666' title='bbox 1162 958 1174 973; x_wconf 88' lang='lat' dir='ltr'>a</span> <span class='ocrx_word' id='word_1_667' title='bbox 1191 950 1270 974; x_wconf 84' lang='lat' dir='ltr'>certis</span> <span class='ocrx_word' id='word_1_668' title='bbox 1287 949 1381 984; x_wconf 61' lang='lat' dir='ltr'>figuris</span> <span class='ocrx_word' id='word_1_669' title='bbox 1399 950 1455 975; x_wconf 71' lang='lat' dir='ltr'>vult</span> <span class='ocrx_word' id='word_1_670' title='bbox 1473 949 1552 975; x_wconf 85' lang='lat' dir='ltr'>tlucre</span> <span class='ocrx_word' id='word_1_671' title='bbox 1570 950 1712 985; x_wconf 74' lang='lat' dir='ltr'>imagines.</span> 
     </span>
     <span class='ocr_line' id='line_1_94' title="bbox 916 984 1715 1022; baseline 0.003 -12"><span class='ocrx_word' id='word_1_672' title='bbox 916 984 992 1017; x_wconf 88' lang='lat' dir='ltr'>Quod</span> <span class='ocrx_word' id='word_1_673' title='bbox 1004 986 1169 1020; x_wconf 74' lang='lat' dir='ltr'>igiturMarii</span> <span class='ocrx_word' id='word_1_674' title='bbox 1182 995 1279 1020; x_wconf 83' lang='lat' dir='ltr'>corpus</span> <span class='ocrx_word' id='word_1_675' title='bbox 1291 986 1362 1012; x_wconf 78' lang='lat' dir='ltr'>erat‘?</span> <span class='ocrx_word' id='word_1_676' title='bbox 1373 987 1413 1013; x_wconf 84' lang='lat' dir='ltr'>Ex</span> <span class='ocrx_word' id='word_1_677' title='bbox 1420 996 1459 1018; x_wconf 86' lang='lat' dir='ltr'>eo,</span> <span class='ocrx_word' id='word_1_678' title='bbox 1469 988 1566 1021; x_wconf 72' lang='lat' dir='ltr'>inquit,</span> <span class='ocrx_word' id='word_1_679' title='bbox 1576 986 1715 1022; x_wconf 78' lang='lat' dir='ltr'>quoditie-</span> 
     </span>
     <span class='ocr_line' id='line_1_95' title="bbox 917 1023 1714 1059; baseline 0.003 -11"><span class='ocrx_word' id='word_1_680' title='bbox 917 1028 965 1049; x_wconf 90' lang='lat' dir='ltr'>rat.</span> <span class='ocrx_word' id='word_1_681' title='bbox 1007 1023 1085 1048; x_wconf 83' lang='lat' dir='ltr'>Plena</span> <span class='ocrx_word' id='word_1_682' title='bbox 1107 1029 1169 1049; x_wconf 90' lang='lat' dir='ltr'>sunt</span> <span class='ocrx_word' id='word_1_683' title='bbox 1191 1024 1341 1059; x_wconf 77' lang='lat' dir='ltr'>imaginum</span> <span class='ocrx_word' id='word_1_684' title='bbox 1362 1025 1461 1050; x_wconf 83' lang='lat' dir='ltr'>onmia.</span> <span class='ocrx_word' id='word_1_685' title='bbox 1502 1025 1552 1050; x_wconf 87' lang='lat' dir='ltr'>Ista</span> <span class='ocrx_word' id='word_1_686' title='bbox 1575 1025 1657 1059; x_wconf 61' lang='lat' dir='ltr'>igitur</span> <span class='ocrx_word' id='word_1_687' title='bbox 1673 1032 1714 1050; x_wconf 88' lang='lat' dir='ltr'>me</span> 
     </span>
     <span class='ocr_line' id='line_1_96' title="bbox 917 1061 1713 1096; baseline 0.001 -10"><span class='ocrx_word' id='word_1_688' title='bbox 917 1061 1006 1095; x_wconf 72' lang='lat' dir='ltr'>imago</span> <span class='ocrx_word' id='word_1_689' title='bbox 1029 1061 1106 1086; x_wconf 86' lang='lat' dir='ltr'>Marii</span> <span class='ocrx_word' id='word_1_690' title='bbox 1132 1062 1159 1087; x_wconf 93' lang='lat' dir='ltr'>in</span> <span class='ocrx_word' id='word_1_691' title='bbox 1186 1070 1311 1095; x_wconf 87' lang='lat' dir='ltr'>campum</span> <span class='ocrx_word' id='word_1_692' title='bbox 1333 1061 1466 1088; x_wconf 80' lang='lat' dir='ltr'>Atinatem</span> <span class='ocrx_word' id='word_1_693' title='bbox 1492 1062 1713 1096; x_wconf 76' lang='lat' dir='ltr'>persequebatur.</span> 
     </span>
     <span class='ocr_line' id='line_1_97' title="bbox 916 1098 1716 1133; baseline 0.001 -10"><span class='ocrx_word' id='word_1_694' title='bbox 916 1098 996 1124; x_wconf 86' lang='lat' dir='ltr'>Nulla</span> <span class='ocrx_word' id='word_1_695' title='bbox 1011 1098 1082 1124; x_wconf 86' lang='lat' dir='ltr'>enim</span> <span class='ocrx_word' id='word_1_696' title='bbox 1098 1099 1202 1132; x_wconf 87' lang='lat' dir='ltr'>species</span> <span class='ocrx_word' id='word_1_697' title='bbox 1218 1099 1328 1133; x_wconf 72' lang='lat' dir='ltr'>cogitari</span> <span class='ocrx_word' id='word_1_698' title='bbox 1344 1104 1443 1133; x_wconf 77' lang='lat' dir='ltr'>potest,</span> <span class='ocrx_word' id='word_1_699' title='bbox 1462 1100 1514 1125; x_wconf 84' lang='lat' dir='ltr'>nisi</span> <span class='ocrx_word' id='word_1_700' title='bbox 1525 1099 1605 1133; x_wconf 74' lang='lat' dir='ltr'>pulsu</span> <span class='ocrx_word' id='word_1_701' title='bbox 1619 1099 1716 1133; x_wconf 68' lang='lat' dir='ltr'>imagi-</span> 
     </span>
     <span class='ocr_line' id='line_1_98' title="bbox 916 1135 1716 1172; baseline 0 -11"><span class='ocrx_word' id='word_1_702' title='bbox 916 1144 992 1162; x_wconf 90' lang='lat' dir='ltr'>num.</span> <span class='ocrx_word' id='word_1_703' title='bbox 1035 1137 1091 1162; x_wconf 76' lang='lat'>438.</span> <span class='ocrx_word' id='word_1_704' title='bbox 1108 1135 1180 1167; x_wconf 82' lang='lat' dir='ltr'>Quid</span> <span class='ocrx_word' id='word_1_705' title='bbox 1191 1135 1272 1171; x_wconf 73' lang='lat' dir='ltr'>ergo‘?</span> <span class='ocrx_word' id='word_1_706' title='bbox 1286 1137 1351 1162; x_wconf 85' lang='lat' dir='ltr'>istae</span> <span class='ocrx_word' id='word_1_707' title='bbox 1364 1137 1496 1172; x_wconf 79' lang='lat' dir='ltr'>imagines</span> <span class='ocrx_word' id='word_1_708' title='bbox 1509 1137 1543 1162; x_wconf 85' lang='lat' dir='ltr'>ita</span> <span class='ocrx_word' id='word_1_709' title='bbox 1556 1136 1633 1162; x_wconf 89' lang='lat' dir='ltr'>nobis</span> <span class='ocrx_word' id='word_1_710' title='bbox 1645 1136 1716 1162; x_wconf 88' lang='lat' dir='ltr'>dicto</span> 
     </span>
     <span class='ocr_line' id='line_1_99' title="bbox 916 1172 1717 1208; baseline 0 -10"><span class='ocrx_word' id='word_1_711' title='bbox 916 1173 1056 1199; x_wconf 85' lang='lat' dir='ltr'>audientes</span> <span class='ocrx_word' id='word_1_712' title='bbox 1072 1178 1147 1204; x_wconf 90' lang='lat' dir='ltr'>sunt,</span> <span class='ocrx_word' id='word_1_713' title='bbox 1161 1178 1203 1204; x_wconf 85' lang='lat' dir='ltr'>ut,</span> <span class='ocrx_word' id='word_1_714' title='bbox 1221 1173 1302 1199; x_wconf 89' lang='lat' dir='ltr'>simul</span> <span class='ocrx_word' id='word_1_715' title='bbox 1320 1178 1399 1208; x_wconf 90' lang='lat' dir='ltr'>atque</span> <span class='ocrx_word' id='word_1_716' title='bbox 1416 1173 1546 1203; x_wconf 73' lang='lat' dir='ltr'>velimus,</span> <span class='ocrx_word' id='word_1_717' title='bbox 1560 1172 1717 1199; x_wconf 53' lang='lat' dir='ltr'>‹accurranss&gt;</span> 
     </span>
    </p>
   </div>
   <div class='ocr_carea' id='block_1_14' title="bbox 893 1210 1717 1245">
    <p class='ocr_par' dir='ltr' id='par_1_14' title="bbox 893 1210 1717 1245">
     <span class='ocr_line' id='line_1_100' title="bbox 893 1210 1717 1245; baseline 0 -9"><span class='ocrx_word' id='word_1_718' title='bbox 893 1226 894 1234; x_wconf 39' lang='grc' dir='ltr'>ι</span> <span class='ocrx_word' id='word_1_719' title='bbox 917 1211 1038 1236; x_wconf 89' lang='lat' dir='ltr'>Etiamne</span> <span class='ocrx_word' id='word_1_720' title='bbox 1054 1219 1146 1236; x_wconf 86' lang='lat' dir='ltr'>earum</span> <span class='ocrx_word' id='word_1_721' title='bbox 1163 1219 1266 1241; x_wconf 83' lang='lat' dir='ltr'>rerum,</span> <span class='ocrx_word' id='word_1_722' title='bbox 1289 1220 1357 1245; x_wconf 89' lang='lat' dir='ltr'>quae</span> <span class='ocrx_word' id='word_1_723' title='bbox 1379 1211 1468 1237; x_wconf 86' lang='lat' dir='ltr'>nullae</span> <span class='ocrx_word' id='word_1_724' title='bbox 1488 1210 1568 1237; x_wconf 74' lang='lat' dir='ltr'>suut‘?</span> <span class='ocrx_word' id='word_1_725' title='bbox 1588 1212 1660 1243; x_wconf 85' lang='lat' dir='ltr'>Quae</span> <span class='ocrx_word' id='word_1_726' title='bbox 1676 1215 1717 1236; x_wconf 82' lang='lat' dir='ltr'>cst</span> 
     </span>
    </p>
   </div>
   <div class='ocr_carea' id='block_1_15' title="bbox 916 1247 1718 1956">
    <p class='ocr_par' dir='ltr' id='par_1_15' title="bbox 916 1247 1718 1956">
     <span class='ocr_line' id='line_1_101' title="bbox 916 1247 1715 1283; baseline 0.001 -10"><span class='ocrx_word' id='word_1_727' title='bbox 916 1248 988 1274; x_wconf 84' lang='lat' dir='ltr'>enim</span> <span class='ocrx_word' id='word_1_728' title='bbox 1002 1247 1085 1274; x_wconf 80' lang='lat' dir='ltr'>forma</span> <span class='ocrx_word' id='word_1_729' title='bbox 1097 1253 1149 1274; x_wconf 87' lang='lat' dir='ltr'>tam</span> <span class='ocrx_word' id='word_1_730' title='bbox 1162 1248 1308 1277; x_wconf 85' lang='lat' dir='ltr'>invisitata,</span> <span class='ocrx_word' id='word_1_731' title='bbox 1322 1253 1373 1274; x_wconf 86' lang='lat' dir='ltr'>tam</span> <span class='ocrx_word' id='word_1_732' title='bbox 1386 1248 1473 1279; x_wconf 83' lang='lat' dir='ltr'>nulla,</span> <span class='ocrx_word' id='word_1_733' title='bbox 1496 1257 1577 1283; x_wconf 88' lang='lat' dir='ltr'>quam</span> <span class='ocrx_word' id='word_1_734' title='bbox 1595 1258 1645 1274; x_wconf 91' lang='lat' dir='ltr'>non</span> <span class='ocrx_word' id='word_1_735' title='bbox 1662 1248 1715 1274; x_wconf 85' lang='lat' dir='ltr'>sibi</span> 
     </span>
     <span class='ocr_line' id='line_1_102' title="bbox 917 1285 1716 1320; baseline 0 -9"><span class='ocrx_word' id='word_1_736' title='bbox 917 1286 974 1319; x_wconf 78' lang='lat' dir='ltr'>ipse.</span> <span class='ocrx_word' id='word_1_737' title='bbox 988 1286 1086 1320; x_wconf 69' lang='lat' dir='ltr'>lingere</span> <span class='ocrx_word' id='word_1_738' title='bbox 1099 1286 1205 1311; x_wconf 88' lang='lat' dir='ltr'>animus</span> <span class='ocrx_word' id='word_1_739' title='bbox 1217 1285 1320 1320; x_wconf 67' lang='lat' dir='ltr'>possit?</span> <span class='ocrx_word' id='word_1_740' title='bbox 1340 1291 1380 1316; x_wconf 85' lang='lat' dir='ltr'>ut,</span> <span class='ocrx_word' id='word_1_741' title='bbox 1400 1294 1469 1320; x_wconf 86' lang='lat' dir='ltr'>quae</span> <span class='ocrx_word' id='word_1_742' title='bbox 1485 1295 1632 1320; x_wconf 90' lang='lat' dir='ltr'>numquam</span> <span class='ocrx_word' id='word_1_743' title='bbox 1645 1285 1716 1311; x_wconf 74' lang='lat' dir='ltr'>vidi-</span> 
     </span>
     <span class='ocr_line' id='line_1_103' title="bbox 917 1322 1713 1358; baseline 0 -10"><span class='ocrx_word' id='word_1_744' title='bbox 917 1332 987 1354; x_wconf 81' lang='lat' dir='ltr'>mus,</span> <span class='ocrx_word' id='word_1_745' title='bbox 1001 1332 1029 1348; x_wconf 87' lang='lat' dir='ltr'>ea</span> <span class='ocrx_word' id='word_1_746' title='bbox 1043 1327 1129 1349; x_wconf 87' lang='lat' dir='ltr'>tamen</span> <span class='ocrx_word' id='word_1_747' title='bbox 1144 1322 1282 1349; x_wconf 82' lang='lat' dir='ltr'>informata</span> <span class='ocrx_word' id='word_1_748' title='bbox 1295 1323 1451 1352; x_wconf 72' lang='lat' dir='ltr'>habeamus,</span> <span class='ocrx_word' id='word_1_749' title='bbox 1461 1323 1622 1358; x_wconf 78' lang='lat' dir='ltr'>oppidorum</span> <span class='ocrx_word' id='word_1_750' title='bbox 1635 1323 1713 1353; x_wconf 75' lang='lat' dir='ltr'>situs,</span> 
     </span>
     <span class='ocr_line' id='line_1_104' title="bbox 917 1360 1716 1395; baseline 0 -10"><span class='ocrx_word' id='word_1_751' title='bbox 917 1360 1058 1386; x_wconf 88' lang='lat' dir='ltr'>hominum</span> <span class='ocrx_word' id='word_1_752' title='bbox 1070 1360 1180 1395; x_wconf 70' lang='lat' dir='ltr'>figuras.</span> <span class='ocrx_word' id='word_1_753' title='bbox 1223 1362 1278 1386; x_wconf 72' lang='lat'>⁴39.</span> <span class='ocrx_word' id='word_1_754' title='bbox 1302 1361 1371 1386; x_wconf 80' lang='lat' dir='ltr'>Num</span> <span class='ocrx_word' id='word_1_755' title='bbox 1390 1361 1484 1395; x_wconf 70' lang='lat' dir='ltr'>igitur,</span> <span class='ocrx_word' id='word_1_756' title='bbox 1503 1370 1587 1395; x_wconf 89' lang='lat' dir='ltr'>quum</span> <span class='ocrx_word' id='word_1_757' title='bbox 1600 1365 1716 1386; x_wconf 91' lang='lat' dir='ltr'>autmu-</span> 
     </span>
     <span class='ocr_line' id='line_1_105' title="bbox 917 1397 1715 1433; baseline 0 -10"><span class='ocrx_word' id='word_1_758' title='bbox 917 1406 959 1423; x_wconf 91' lang='lat' dir='ltr'>ros</span> <span class='ocrx_word' id='word_1_759' title='bbox 966 1397 1110 1433; x_wconf 72' lang='lat' dir='ltr'>Babylonis</span> <span class='ocrx_word' id='word_1_760' title='bbox 1122 1403 1167 1424; x_wconf 88' lang='lat' dir='ltr'>aut</span> <span class='ocrx_word' id='word_1_761' title='bbox 1179 1398 1284 1424; x_wconf 83' lang='lat' dir='ltr'>llomeri</span> <span class='ocrx_word' id='word_1_762' title='bbox 1298 1397 1715 1433; x_wconf 66' lang='lat' dir='ltr'>facicmcogito,i1uagoillorum</span> 
     </span>
     <span class='ocr_line' id='line_1_106' title="bbox 917 1434 1715 1471; baseline -0.001 -10"><span class='ocrx_word' id='word_1_763' title='bbox 917 1444 959 1461; x_wconf 88' lang='lat' dir='ltr'>me</span> <span class='ocrx_word' id='word_1_764' title='bbox 971 1435 1061 1470; x_wconf 85' lang='lat' dir='ltr'>aliqua</span> <span class='ocrx_word' id='word_1_765' title='bbox 1078 1434 1170 1469; x_wconf 77' lang='lat' dir='ltr'>pellit‘?</span> <span class='ocrx_word' id='word_1_766' title='bbox 1188 1435 1283 1461; x_wconf 87' lang='lat' dir='ltr'>Omnia</span> <span class='ocrx_word' id='word_1_767' title='bbox 1302 1436 1392 1471; x_wconf 67' lang='lat' dir='ltr'>igitur,</span> <span class='ocrx_word' id='word_1_768' title='bbox 1410 1444 1479 1466; x_wconf 84' lang='lat' dir='ltr'>quae</span> <span class='ocrx_word' id='word_1_769' title='bbox 1497 1435 1636 1465; x_wconf 69' lang='lat' dir='ltr'>volumus,</span> <span class='ocrx_word' id='word_1_770' title='bbox 1655 1440 1715 1460; x_wconf 84' lang='lat' dir='ltr'>nota</span> 
     </span>
     <span class='ocr_line' id='line_1_107' title="bbox 917 1472 1716 1508; baseline 0 -10"><span class='ocrx_word' id='word_1_771' title='bbox 917 1473 995 1498; x_wconf 88' lang='lat' dir='ltr'>nobis</span> <span class='ocrx_word' id='word_1_772' title='bbox 1006 1481 1064 1498; x_wconf 88' lang='lat' dir='ltr'>csse</span> <span class='ocrx_word' id='word_1_773' title='bbox 1075 1477 1201 1507; x_wconf 87' lang='lat' dir='ltr'>possunt:</span> <span class='ocrx_word' id='word_1_774' title='bbox 1216 1472 1283 1498; x_wconf 88' lang='lat' dir='ltr'>nibil</span> <span class='ocrx_word' id='word_1_775' title='bbox 1296 1478 1335 1499; x_wconf 84' lang='lat' dir='ltr'>cst</span> <span class='ocrx_word' id='word_1_776' title='bbox 1347 1474 1428 1503; x_wconf 76' lang='lat' dir='ltr'>enim,</span> <span class='ocrx_word' id='word_1_777' title='bbox 1437 1473 1529 1508; x_wconf 85' lang='lat' dir='ltr'>dequo</span> <span class='ocrx_word' id='word_1_778' title='bbox 1541 1473 1656 1507; x_wconf 69' lang='lat' dir='ltr'>cogitare</span> <span class='ocrx_word' id='word_1_779' title='bbox 1669 1481 1716 1498; x_wconf 83' lang='lat' dir='ltr'>nc-</span> 
     </span>
     <span class='ocr_line' id='line_1_108' title="bbox 918 1509 1716 1545; baseline -0.001 -9"><span class='ocrx_word' id='word_1_780' title='bbox 918 1519 1061 1545; x_wconf 79' lang='lat' dir='ltr'>queamus.</span> <span class='ocrx_word' id='word_1_781' title='bbox 1102 1509 1196 1536; x_wconf 85' lang='lat' dir='ltr'>Nullae</span> <span class='ocrx_word' id='word_1_782' title='bbox 1211 1519 1274 1545; x_wconf 81' lang='lat' dir='ltr'>ergo</span> <span class='ocrx_word' id='word_1_783' title='bbox 1286 1511 1417 1545; x_wconf 71' lang='lat' dir='ltr'>imagines</span> <span class='ocrx_word' id='word_1_784' title='bbox 1429 1510 1562 1545; x_wconf 80' lang='lat' dir='ltr'>obrepunt</span> <span class='ocrx_word' id='word_1_785' title='bbox 1575 1511 1600 1536; x_wconf 89' lang='lat' dir='ltr'>in</span> <span class='ocrx_word' id='word_1_786' title='bbox 1612 1510 1716 1536; x_wconf 86' lang='lat' dir='ltr'>animos</span> 
     </span>
     <span class='ocr_line' id='line_1_109' title="bbox 917 1546 1713 1578; baseline -0.001 -5"><span class='ocrx_word' id='word_1_787' title='bbox 917 1548 1108 1573; x_wconf 87' lang='lat' dir='ltr'>dormientium</span> <span class='ocrx_word' id='word_1_788' title='bbox 1125 1548 1307 1578; x_wconf 81' lang='lat' dir='ltr'>extrinsecus,</span> <span class='ocrx_word' id='word_1_789' title='bbox 1329 1556 1377 1574; x_wconf 83' lang='lat' dir='ltr'>nec</span> <span class='ocrx_word' id='word_1_790' title='bbox 1392 1549 1501 1574; x_wconf 90' lang='lat' dir='ltr'>omnino</span> <span class='ocrx_word' id='word_1_791' title='bbox 1513 1546 1598 1573; x_wconf 80' lang='lat' dir='ltr'>fluunt</span> <span class='ocrx_word' id='word_1_792' title='bbox 1611 1546 1713 1577; x_wconf 78' lang='lat' dir='ltr'>ullae⁸·,</span> 
     </span>
     <span class='ocr_line' id='line_1_110' title="bbox 918 1583 1715 1620; baseline -0.001 -9"><span class='ocrx_word' id='word_1_793' title='bbox 918 1594 965 1611; x_wconf 89' lang='lat' dir='ltr'>nec</span> <span class='ocrx_word' id='word_1_794' title='bbox 977 1586 1091 1620; x_wconf 74' lang='lat' dir='ltr'>cognovi</span> <span class='ocrx_word' id='word_1_795' title='bbox 1103 1594 1283 1619; x_wconf 78' lang='lat' dir='ltr'>quemquam,</span> <span class='ocrx_word' id='word_1_796' title='bbox 1302 1586 1348 1620; x_wconf 93' lang='lat' dir='ltr'>qui</span> <span class='ocrx_word' id='word_1_797' title='bbox 1367 1586 1464 1611; x_wconf 84' lang='lat' dir='ltr'>maiore</span> <span class='ocrx_word' id='word_1_798' title='bbox 1480 1585 1634 1611; x_wconf 78' lang='lat' dir='ltr'>auctoritate</span> <span class='ocrx_word' id='word_1_799' title='bbox 1647 1583 1715 1610; x_wconf 91' lang='lat' dir='ltr'>nihil</span> 
     </span>
     <span class='ocr_line' id='line_1_111' title="bbox 917 1622 1717 1657; baseline -0.001 -9"><span class='ocrx_word' id='word_1_800' title='bbox 917 1622 1027 1648; x_wconf 83' lang='lat' dir='ltr'>diceret.</span> <span class='ocrx_word' id='word_1_801' title='bbox 1068 1623 1226 1648; x_wconf 77' lang='lat' dir='ltr'>Animorum</span> <span class='ocrx_word' id='word_1_802' title='bbox 1238 1628 1278 1648; x_wconf 90' lang='lat' dir='ltr'>est</span> <span class='ocrx_word' id='word_1_803' title='bbox 1289 1632 1318 1648; x_wconf 85' lang='lat' dir='ltr'>ea</span> <span class='ocrx_word' id='word_1_804' title='bbox 1332 1623 1373 1648; x_wconf 80' lang='lat' dir='ltr'>vis</span> <span class='ocrx_word' id='word_1_805' title='bbox 1405 1631 1488 1657; x_wconf 84' lang='lat' dir='ltr'>caque</span> <span class='ocrx_word' id='word_1_806' title='bbox 1505 1627 1611 1653; x_wconf 80' lang='lat' dir='ltr'>natura,</span> <span class='ocrx_word' id='word_1_807' title='bbox 1631 1626 1659 1648; x_wconf 89' lang='lat' dir='ltr'>ut</span> <span class='ocrx_word' id='word_1_808' title='bbox 1676 1622 1717 1647; x_wconf 73' lang='lat' dir='ltr'>vi-</span> 
     </span>
     <span class='ocr_line' id='line_1_112' title="bbox 917 1659 1714 1695; baseline 0 -11"><span class='ocrx_word' id='word_1_809' title='bbox 917 1665 995 1695; x_wconf 72' lang='lat' dir='ltr'>geant</span> <span class='ocrx_word' id='word_1_810' title='bbox 1008 1659 1151 1695; x_wconf 70' lang='lat' dir='ltr'>vigilantes</span> <span class='ocrx_word' id='word_1_811' title='bbox 1164 1659 1238 1686; x_wconf 88' lang='lat' dir='ltr'>nullo</span> <span class='ocrx_word' id='word_1_812' title='bbox 1249 1660 1396 1686; x_wconf 85' lang='lat' dir='ltr'>adventitio</span> <span class='ocrx_word' id='word_1_813' title='bbox 1409 1660 1498 1694; x_wconf 87' lang='lat' dir='ltr'>pulsu,</span> <span class='ocrx_word' id='word_1_814' title='bbox 1513 1659 1559 1685; x_wconf 83' lang='lat' dir='ltr'>sed</span> <span class='ocrx_word' id='word_1_815' title='bbox 1572 1668 1621 1685; x_wconf 83' lang='lat' dir='ltr'>suo</span> <span class='ocrx_word' id='word_1_816' title='bbox 1632 1664 1714 1689; x_wconf 83' lang='lat' dir='ltr'>motu,</span> 
     </span>
     <span class='ocr_line' id='line_1_113' title="bbox 919 1697 1717 1732; baseline -0.001 -9"><span class='ocrx_word' id='word_1_817' title='bbox 919 1697 1073 1723; x_wconf 86' lang='lat' dir='ltr'>incredibili</span> <span class='ocrx_word' id='word_1_818' title='bbox 1089 1697 1205 1732; x_wconf 87' lang='lat' dir='ltr'>quadam</span> <span class='ocrx_word' id='word_1_819' title='bbox 1222 1697 1366 1723; x_wconf 80' lang='lat' dir='ltr'>celeritate.</span> <span class='ocrx_word' id='word_1_820' title='bbox 1407 1698 1437 1723; x_wconf 87' lang='grc' dir='ltr'>1Ιί</span> <span class='ocrx_word' id='word_1_821' title='bbox 1450 1706 1535 1732; x_wconf 91' lang='lat' dir='ltr'>quum</span> <span class='ocrx_word' id='word_1_822' title='bbox 1547 1697 1717 1722; x_wconf 82' lang='lat' dir='ltr'>sustinentur</span> 
     </span>
     <span class='ocr_line' id='line_1_114' title="bbox 918 1735 1718 1769; baseline -0.001 -9"><span class='ocrx_word' id='word_1_823' title='bbox 918 1735 1047 1761; x_wconf 89' lang='lat' dir='ltr'>membris</span> <span class='ocrx_word' id='word_1_824' title='bbox 1064 1739 1088 1760; x_wconf 88' lang='lat' dir='ltr'>ct</span> <span class='ocrx_word' id='word_1_825' title='bbox 1104 1743 1213 1769; x_wconf 88' lang='lat' dir='ltr'>corpore</span> <span class='ocrx_word' id='word_1_826' title='bbox 1229 1739 1254 1761; x_wconf 87' lang='lat' dir='ltr'>et</span> <span class='ocrx_word' id='word_1_827' title='bbox 1269 1735 1409 1766; x_wconf 79' lang='lat' dir='ltr'>sensibus,</span> <span class='ocrx_word' id='word_1_828' title='bbox 1428 1735 1517 1760; x_wconf 85' lang='lat' dir='ltr'>omnia</span> <span class='ocrx_word' id='word_1_829' title='bbox 1533 1735 1644 1760; x_wconf 83' lang='lat' dir='ltr'>certiora</span> <span class='ocrx_word' id='word_1_830' title='bbox 1659 1742 1718 1759; x_wconf 80' lang='lat' dir='ltr'>ccr-</span> 
     </span>
     <span class='ocr_line' id='line_1_115' title="bbox 918 1771 1716 1807; baseline -0.003 -9"><span class='ocrx_word' id='word_1_831' title='bbox 918 1777 994 1803; x_wconf 91' lang='lat' dir='ltr'>nunt,</span> <span class='ocrx_word' id='word_1_832' title='bbox 1007 1772 1134 1807; x_wconf 73' lang='lat' dir='ltr'>cogitant,</span> <span class='ocrx_word' id='word_1_833' title='bbox 1148 1773 1276 1798; x_wconf 88' lang='lat' dir='ltr'>sentiunt.</span> <span class='ocrx_word' id='word_1_834' title='bbox 1303 1772 1391 1804; x_wconf 88' lang='lat' dir='ltr'>Quum</span> <span class='ocrx_word' id='word_1_835' title='bbox 1405 1778 1493 1798; x_wconf 83' lang='lat' dir='ltr'>autem</span> <span class='ocrx_word' id='word_1_836' title='bbox 1507 1772 1571 1798; x_wconf 81' lang='lat' dir='ltr'>haec</span> <span class='ocrx_word' id='word_1_837' title='bbox 1582 1771 1716 1797; x_wconf 86' lang='lat' dir='ltr'>subtracta</span> 
     </span>
     <span class='ocr_line' id='line_1_116' title="bbox 918 1809 1718 1845; baseline -0.001 -10"><span class='ocrx_word' id='word_1_838' title='bbox 918 1814 989 1840; x_wconf 86' lang='lat' dir='ltr'>sunt,</span> <span class='ocrx_word' id='word_1_839' title='bbox 1002 1809 1179 1844; x_wconf 81' lang='lat' dir='ltr'>desertusque</span> <span class='ocrx_word' id='word_1_840' title='bbox 1191 1810 1298 1835; x_wconf 78' lang='lat' dir='ltr'>animus</span> <span class='ocrx_word' id='word_1_841' title='bbox 1311 1809 1436 1845; x_wconf 73' lang='lat' dir='ltr'>languore</span> <span class='ocrx_word' id='word_1_842' title='bbox 1448 1810 1576 1844; x_wconf 67' lang='lat' dir='ltr'>corporis,</span> <span class='ocrx_word' id='word_1_843' title='bbox 1591 1814 1646 1834; x_wconf 90' lang='lat' dir='ltr'>tum</span> <span class='ocrx_word' id='word_1_844' title='bbox 1659 1809 1718 1843; x_wconf 69' lang='lat' dir='ltr'>agi-</span> 
     </span>
     <span class='ocr_line' id='line_1_117' title="bbox 918 1847 1718 1882; baseline -0.003 -9"><span class='ocrx_word' id='word_1_845' title='bbox 918 1852 961 1873; x_wconf 91' lang='lat' dir='ltr'>tur</span> <span class='ocrx_word' id='word_1_846' title='bbox 973 1848 1030 1881; x_wconf 85' lang='lat' dir='ltr'>ipse</span> <span class='ocrx_word' id='word_1_847' title='bbox 1042 1856 1090 1882; x_wconf 89' lang='lat' dir='ltr'>per</span> <span class='ocrx_word' id='word_1_848' title='bbox 1101 1856 1169 1873; x_wconf 82' lang='lat' dir='ltr'>sese.</span> <span class='ocrx_word' id='word_1_849' title='bbox 1210 1848 1301 1881; x_wconf 86' lang='lat' dir='ltr'>Itaque</span> <span class='ocrx_word' id='word_1_850' title='bbox 1314 1847 1339 1873; x_wconf 91' lang='lat' dir='ltr'>iu</span> <span class='ocrx_word' id='word_1_851' title='bbox 1352 1856 1382 1873; x_wconf 82' lang='lat' dir='ltr'>eo</span> <span class='ocrx_word' id='word_1_852' title='bbox 1393 1852 1417 1873; x_wconf 86' lang='lat' dir='ltr'>ct</span> <span class='ocrx_word' id='word_1_853' title='bbox 1431 1847 1529 1872; x_wconf 80' lang='lat' dir='ltr'>formae</span> <span class='ocrx_word' id='word_1_854' title='bbox 1543 1851 1682 1872; x_wconf 71' lang='lat' dir='ltr'>versantur</span> <span class='ocrx_word' id='word_1_855' title='bbox 1693 1851 1718 1871; x_wconf 87' lang='lat' dir='ltr'>et</span> 
     </span>
     <span class='ocr_line' id='line_1_118' title="bbox 918 1884 1716 1916; baseline -0.003 -6"><span class='ocrx_word' id='word_1_856' title='bbox 918 1885 1049 1916; x_wconf 83' lang='lat' dir='ltr'>actiones;</span> <span class='ocrx_word' id='word_1_857' title='bbox 1073 1889 1098 1910; x_wconf 91' lang='lat' dir='ltr'>ct</span> <span class='ocrx_word' id='word_1_858' title='bbox 1110 1884 1193 1910; x_wconf 89' lang='lat' dir='ltr'>multa</span> <span class='ocrx_word' id='word_1_859' title='bbox 1206 1884 1303 1914; x_wconf 84' lang='lat' dir='ltr'>audiri.</span> <span class='ocrx_word' id='word_1_860' title='bbox 1319 1884 1400 1910; x_wconf 88' lang='lat' dir='ltr'>multa</span> <span class='ocrx_word' id='word_1_861' title='bbox 1413 1884 1466 1910; x_wconf 84' lang='lat' dir='ltr'>dici</span> <span class='ocrx_word' id='word_1_862' title='bbox 1481 1884 1615 1910; x_wconf 77' lang='lat' dir='ltr'>videntur.</span> <span class='ocrx_word' id='word_1_863' title='bbox 1661 1884 1716 1909; x_wconf 68' lang='lat' dir='ltr'>tto.</span> 
     </span>
     <span class='ocr_line' id='line_1_119' title="bbox 918 1920 1716 1956; baseline -0.003 -9"><span class='ocrx_word' id='word_1_864' title='bbox 918 1923 986 1948; x_wconf 89' lang='lat' dir='ltr'>llaec</span> <span class='ocrx_word' id='word_1_865' title='bbox 1002 1922 1105 1948; x_wconf 80' lang='lat' dir='ltr'>scilicet</span> <span class='ocrx_word' id='word_1_866' title='bbox 1122 1923 1148 1948; x_wconf 92' lang='lat' dir='ltr'>in</span> <span class='ocrx_word' id='word_1_867' title='bbox 1166 1922 1303 1948; x_wconf 88' lang='lat' dir='ltr'>imbecillo</span> <span class='ocrx_word' id='word_1_868' title='bbox 1324 1923 1490 1956; x_wconf 79' lang='lat' dir='ltr'>remissoque</span> <span class='ocrx_word' id='word_1_869' title='bbox 1507 1923 1610 1950; x_wconf 83' lang='lat' dir='ltr'>auimo,</span> <span class='ocrx_word' id='word_1_870' title='bbox 1634 1920 1716 1946; x_wconf 82' lang='lat' dir='ltr'>multa</span> 
     </span>
    </p>
   </div>
   <div class='ocr_carea' id='block_1_16' title="bbox 894 1958 1718 1988">
    <p class='ocr_par' dir='ltr' id='par_1_16' title="bbox 894 1958 1718 1988">
     <span class='ocr_line' id='line_1_120' title="bbox 894 1958 1718 1988; baseline -0.002 -3"><span class='ocrx_word' id='word_1_871' title='bbox 894 1968 896 1974; x_wconf 79' lang='lat'><strong><em>¹</em></strong></span> <span class='ocrx_word' id='word_1_872' title='bbox 917 1960 1045 1986; x_wconf 88' lang='lat' dir='ltr'>omnibus</span> <span class='ocrx_word' id='word_1_873' title='bbox 1057 1959 1145 1985; x_wconf 89' lang='lat' dir='ltr'>modis</span> <span class='ocrx_word' id='word_1_874' title='bbox 1156 1959 1266 1985; x_wconf 85' lang='lat' dir='ltr'>confusa</span> <span class='ocrx_word' id='word_1_875' title='bbox 1278 1964 1303 1985; x_wconf 91' lang='lat' dir='ltr'>et</span> <span class='ocrx_word' id='word_1_876' title='bbox 1316 1960 1414 1985; x_wconf 77' lang='lat' dir='ltr'>variata</span> <span class='ocrx_word' id='word_1_877' title='bbox 1427 1964 1576 1988; x_wconf 74' lang='lat' dir='ltr'>versantur,</span> <span class='ocrx_word' id='word_1_878' title='bbox 1587 1958 1718 1984; x_wconf 71' lang='lat' dir='ltr'>maxime—</span> 
     </span>
    </p>
   </div>
   <div class='ocr_carea' id='block_1_17' title="bbox 917 1995 1718 2704">
    <p class='ocr_par' dir='ltr' id='par_1_17' title="bbox 917 1995 1718 2704">
     <span class='ocr_line' id='line_1_121' title="bbox 918 1995 1718 2031; baseline -0.003 -9"><span class='ocrx_word' id='word_1_879' title='bbox 918 2005 970 2031; x_wconf 90' lang='lat' dir='ltr'>que</span> <span class='ocrx_word' id='word_1_880' title='bbox 983 1997 1113 2031; x_wconf 80' lang='lat' dir='ltr'>reliquiae</span> <span class='ocrx_word' id='word_1_881' title='bbox 1125 2006 1216 2023; x_wconf 87' lang='lat' dir='ltr'>earum</span> <span class='ocrx_word' id='word_1_882' title='bbox 1230 2006 1318 2023; x_wconf 86' lang='lat' dir='ltr'>rerum</span> <span class='ocrx_word' id='word_1_883' title='bbox 1332 2001 1473 2023; x_wconf 77' lang='lat' dir='ltr'>moventur</span> <span class='ocrx_word' id='word_1_884' title='bbox 1486 1997 1510 2022; x_wconf 90' lang='lat' dir='ltr'>iu</span> <span class='ocrx_word' id='word_1_885' title='bbox 1524 1995 1718 2029; x_wconf 63' lang='lat' dir='ltr'>auimisetagi-</span> 
     </span>
     <span class='ocr_line' id='line_1_122' title="bbox 918 2033 1717 2069; baseline -0.004 -9"><span class='ocrx_word' id='word_1_886' title='bbox 918 2039 1020 2064; x_wconf 84' lang='lat' dir='ltr'>tantur.</span> <span class='ocrx_word' id='word_1_887' title='bbox 1043 2034 1189 2068; x_wconf 89' lang='lat' dir='ltr'>dequibus</span> <span class='ocrx_word' id='word_1_888' title='bbox 1202 2034 1345 2069; x_wconf 73' lang='lat' dir='ltr'>vigilantes</span> <span class='ocrx_word' id='word_1_889' title='bbox 1357 2039 1402 2061; x_wconf 85' lang='lat' dir='ltr'>aut</span> <span class='ocrx_word' id='word_1_890' title='bbox 1413 2035 1592 2068; x_wconf 63' lang='lat' dir='ltr'>mgitavimus</span> <span class='ocrx_word' id='word_1_891' title='bbox 1605 2038 1648 2058; x_wconf 84' lang='lat' dir='ltr'>aut</span> <span class='ocrx_word' id='word_1_892' title='bbox 1661 2033 1717 2065; x_wconf 58' lang='lat' dir='ltr'>egi-</span> 
     </span>
     <span class='ocr_line' id='line_1_123' title="bbox 919 2071 1718 2106; baseline -0.003 -9"><span class='ocrx_word' id='word_1_893' title='bbox 919 2080 993 2097; x_wconf 87' lang='lat' dir='ltr'>mus:</span> <span class='ocrx_word' id='word_1_894' title='bbox 1011 2075 1040 2097; x_wconf 88' lang='lat' dir='ltr'>ut</span> <span class='ocrx_word' id='word_1_895' title='bbox 1054 2072 1122 2097; x_wconf 88' lang='lat' dir='ltr'>mibi</span> <span class='ocrx_word' id='word_1_896' title='bbox 1139 2072 1306 2106; x_wconf 82' lang='lat' dir='ltr'>temporibus</span> <span class='ocrx_word' id='word_1_897' title='bbox 1323 2072 1377 2098; x_wconf 82' lang='lat' dir='ltr'>illis</span> <span class='ocrx_word' id='word_1_898' title='bbox 1394 2071 1508 2098; x_wconf 90' lang='lat' dir='ltr'>multum</span> <span class='ocrx_word' id='word_1_899' title='bbox 1523 2072 1547 2097; x_wconf 91' lang='lat' dir='ltr'>iu</span> <span class='ocrx_word' id='word_1_900' title='bbox 1561 2071 1650 2096; x_wconf 89' lang='lat' dir='ltr'>auimo</span> <span class='ocrx_word' id='word_1_901' title='bbox 1663 2071 1718 2096; x_wconf 76' lang='lat' dir='ltr'>Ma—</span> 
     </span>
     <span class='ocr_line' id='line_1_124' title="bbox 919 2108 1716 2144; baseline -0.001 -11"><span class='ocrx_word' id='word_1_902' title='bbox 919 2109 975 2134; x_wconf 86' lang='lat' dir='ltr'>rius</span> <span class='ocrx_word' id='word_1_903' title='bbox 988 2108 1158 2139; x_wconf 86' lang='lat' dir='ltr'>versabatur,</span> <span class='ocrx_word' id='word_1_904' title='bbox 1178 2108 1340 2140; x_wconf 79' lang='lat' dir='ltr'>recordanti,</span> <span class='ocrx_word' id='word_1_905' title='bbox 1359 2117 1440 2144; x_wconf 88' lang='lat' dir='ltr'>quam</span> <span class='ocrx_word' id='word_1_906' title='bbox 1459 2108 1503 2134; x_wconf 83' lang='lat' dir='ltr'>ille</span> <span class='ocrx_word' id='word_1_907' title='bbox 1514 2117 1623 2143; x_wconf 66' lang='lat' dir='ltr'>gravem</span> <span class='ocrx_word' id='word_1_908' title='bbox 1636 2116 1716 2133; x_wconf 81' lang='lat' dir='ltr'>suum</span> 
     </span>
     <span class='ocr_line' id='line_1_125' title="bbox 918 2145 1717 2180; baseline -0.005 -8"><span class='ocrx_word' id='word_1_909' title='bbox 918 2154 1010 2172; x_wconf 80' lang='lat' dir='ltr'>casum</span> <span class='ocrx_word' id='word_1_910' title='bbox 1024 2154 1120 2180; x_wconf 75' lang='lat' dir='ltr'>niagno</span> <span class='ocrx_word' id='word_1_911' title='bbox 1131 2145 1234 2176; x_wconf 83' lang='lat' dir='ltr'>auimo,</span> <span class='ocrx_word' id='word_1_912' title='bbox 1252 2154 1333 2180; x_wconf 90' lang='lat' dir='ltr'>quam</span> <span class='ocrx_word' id='word_1_913' title='bbox 1345 2146 1476 2172; x_wconf 81' lang='lat' dir='ltr'>constanti</span> <span class='ocrx_word' id='word_1_914' title='bbox 1490 2146 1603 2171; x_wconf 78' lang='lat' dir='ltr'>tulisset.</span> <span class='ocrx_word' id='word_1_915' title='bbox 1646 2145 1717 2170; x_wconf 77' lang='lat' dir='ltr'>lianc</span> 
     </span>
     <span class='ocr_line' id='line_1_126' title="bbox 917 2182 1716 2209; baseline -0.003 0"><span class='ocrx_word' id='word_1_916' title='bbox 917 2183 997 2209; x_wconf 82' lang='lat' dir='ltr'>credo</span> <span class='ocrx_word' id='word_1_917' title='bbox 1008 2191 1130 2208; x_wconf 81' lang='lat' dir='ltr'>caussam</span> <span class='ocrx_word' id='word_1_918' title='bbox 1143 2182 1176 2208; x_wconf 85' lang='lat' dir='ltr'>dc</span> <span class='ocrx_word' id='word_1_919' title='bbox 1189 2182 1234 2208; x_wconf 89' lang='lat' dir='ltr'>illo</span> <span class='ocrx_word' id='word_1_920' title='bbox 1245 2182 1397 2209; x_wconf 83' lang='lat' dir='ltr'>somniandi</span> <span class='ocrx_word' id='word_1_921' title='bbox 1410 2183 1503 2208; x_wconf 79' lang='lat' dir='ltr'>fuisse.</span> <span class='ocrx_word' id='word_1_922' title='bbox 1546 2183 1648 2208; x_wconf 75' lang='lat' dir='ltr'>vatu</span> <span class='ocrx_word' id='word_1_923' title='bbox 1672 2182 1716 2207; x_wconf 80' lang='lat' dir='ltr'>Ti-</span> 
     </span>
     <span class='ocr_line' id='line_1_127' title="bbox 920 2219 1717 2254; baseline -0.003 -8"><span class='ocrx_word' id='word_1_924' title='bbox 920 2221 946 2246; x_wconf 89' lang='lat' dir='ltr'>bi</span> <span class='ocrx_word' id='word_1_925' title='bbox 962 2224 1065 2250; x_wconf 85' lang='lat' dir='ltr'>autem,</span> <span class='ocrx_word' id='word_1_926' title='bbox 1083 2219 1117 2245; x_wconf 87' lang='lat' dir='ltr'>de</span> <span class='ocrx_word' id='word_1_927' title='bbox 1134 2228 1175 2245; x_wconf 87' lang='lat' dir='ltr'>me</span> <span class='ocrx_word' id='word_1_928' title='bbox 1191 2228 1253 2245; x_wconf 83' lang='lat' dir='ltr'>cum</span> <span class='ocrx_word' id='word_1_929' title='bbox 1270 2219 1453 2246; x_wconf 74' lang='lat' dir='ltr'>sollieitudine</span> <span class='ocrx_word' id='word_1_930' title='bbox 1469 2221 1610 2254; x_wconf 63' lang='lat' dir='ltr'>cog-vitanti,</span> <span class='ocrx_word' id='word_1_931' title='bbox 1627 2219 1717 2244; x_wconf 78' lang='lat' dir='ltr'>subito</span> 
     </span>
     <span class='ocr_line' id='line_1_128' title="bbox 919 2256 1717 2283; baseline -0.004 0"><span class='ocrx_word' id='word_1_932' title='bbox 919 2266 979 2283; x_wconf 88' lang='lat' dir='ltr'>sum</span> <span class='ocrx_word' id='word_1_933' title='bbox 993 2258 1068 2283; x_wconf 78' lang='lat' dir='ltr'>visus</span> <span class='ocrx_word' id='word_1_934' title='bbox 1080 2265 1201 2282; x_wconf 81' lang='lat' dir='ltr'>emersus</span> <span class='ocrx_word' id='word_1_935' title='bbox 1213 2266 1226 2281; x_wconf 85' lang='lat' dir='ltr'>e</span> <span class='ocrx_word' id='word_1_936' title='bbox 1237 2256 1358 2282; x_wconf 86' lang='lat' dir='ltr'>tlumine.</span> <span class='ocrx_word' id='word_1_937' title='bbox 1378 2258 1480 2283; x_wconf 84' lang='lat' dir='ltr'>luerunt</span> <span class='ocrx_word' id='word_1_938' title='bbox 1492 2258 1563 2282; x_wconf 84' lang='lat' dir='ltr'>euim</span> <span class='ocrx_word' id='word_1_939' title='bbox 1578 2258 1602 2282; x_wconf 89' lang='lat' dir='ltr'>iu</span> <span class='ocrx_word' id='word_1_940' title='bbox 1616 2257 1717 2282; x_wconf 66' lang='lat' dir='ltr'>utrius-</span> 
     </span>
     <span class='ocr_line' id='line_1_129' title="bbox 919 2294 1716 2329; baseline -0.001 -9"><span class='ocrx_word' id='word_1_941' title='bbox 919 2303 972 2329; x_wconf 83' lang='lat' dir='ltr'>que</span> <span class='ocrx_word' id='word_1_942' title='bbox 985 2296 1104 2321; x_wconf 76' lang='lat' dir='ltr'>nostrum</span> <span class='ocrx_word' id='word_1_943' title='bbox 1121 2294 1220 2320; x_wconf 83' lang='lat' dir='ltr'>animis</span> <span class='ocrx_word' id='word_1_944' title='bbox 1237 2294 1408 2328; x_wconf 61' lang='lat' dir='ltr'>vigilantium</span> <span class='ocrx_word' id='word_1_945' title='bbox 1424 2295 1615 2329; x_wconf 67' lang='lat' dir='ltr'>cogitationum</span> <span class='ocrx_word' id='word_1_946' title='bbox 1635 2294 1716 2319; x_wconf 65' lang='lat' dir='ltr'>vesti-</span> 
     </span>
     <span class='ocr_line' id='line_1_130' title="bbox 918 2331 1716 2367; baseline -0.003 -10"><span class='ocrx_word' id='word_1_947' title='bbox 918 2333 972 2367; x_wconf 72' lang='lat' dir='ltr'>gia.</span> <span class='ocrx_word' id='word_1_948' title='bbox 1014 2332 1046 2357; x_wconf 84' lang='lat' dir='ltr'>At</span> <span class='ocrx_word' id='word_1_949' title='bbox 1062 2331 1194 2366; x_wconf 84' lang='lat' dir='ltr'>quaedam</span> <span class='ocrx_word' id='word_1_950' title='bbox 1206 2331 1331 2357; x_wconf 83' lang='lat' dir='ltr'>adiuncta</span> <span class='ocrx_word' id='word_1_951' title='bbox 1348 2337 1423 2358; x_wconf 79' lang='lat' dir='ltr'>suut:</span> <span class='ocrx_word' id='word_1_952' title='bbox 1442 2336 1470 2357; x_wconf 86' lang='grc' dir='ltr'>ιιι</span> <span class='ocrx_word' id='word_1_953' title='bbox 1488 2331 1554 2356; x_wconf 79' lang='lat' dir='ltr'>inihi</span> <span class='ocrx_word' id='word_1_954' title='bbox 1571 2331 1603 2356; x_wconf 70' lang='lat' dir='ltr'>«le</span> <span class='ocrx_word' id='word_1_955' title='bbox 1621 2339 1716 2355; x_wconf 70' lang='lat' dir='ltr'>uiumi-</span> 
     </span>
     <span class='ocr_line' id='line_1_131' title="bbox 920 2368 1714 2403; baseline -0.001 -9"><span class='ocrx_word' id='word_1_956' title='bbox 920 2374 1008 2395; x_wconf 86' lang='lat' dir='ltr'>meuto</span> <span class='ocrx_word' id='word_1_957' title='bbox 1021 2369 1110 2401; x_wconf 59' lang='lat' dir='ltr'>Marii,</span> <span class='ocrx_word' id='word_1_958' title='bbox 1135 2368 1197 2398; x_wconf 81' lang='lat' dir='ltr'>tibi.</span> <span class='ocrx_word' id='word_1_959' title='bbox 1215 2368 1286 2403; x_wconf 88' lang='lat' dir='ltr'>quod</span> <span class='ocrx_word' id='word_1_960' title='bbox 1299 2377 1399 2403; x_wconf 73' lang='lat' dir='ltr'>equus,</span> <span class='ocrx_word' id='word_1_961' title='bbox 1419 2369 1444 2394; x_wconf 85' lang='lat' dir='ltr'>iu</span> <span class='ocrx_word' id='word_1_962' title='bbox 1461 2377 1515 2402; x_wconf 81' lang='lat' dir='ltr'>quo</span> <span class='ocrx_word' id='word_1_963' title='bbox 1527 2378 1575 2403; x_wconf 59' lang='lat' dir='ltr'>ego</span> <span class='ocrx_word' id='word_1_964' title='bbox 1589 2368 1714 2396; x_wconf 66' lang='lat' dir='ltr'>volu-bar.</span> 
     </span>
     <span class='ocr_line' id='line_1_132' title="bbox 920 2405 1715 2440; baseline -0.003 -8"><span class='ocrx_word' id='word_1_965' title='bbox 920 2415 1025 2432; x_wconf 83' lang='lat' dir='ltr'>mecum</span> <span class='ocrx_word' id='word_1_966' title='bbox 1042 2414 1093 2431; x_wconf 87' lang='lat' dir='ltr'>una</span> <span class='ocrx_word' id='word_1_967' title='bbox 1110 2405 1250 2432; x_wconf 77' lang='lat' dir='ltr'>demersus</span> <span class='ocrx_word' id='word_1_968' title='bbox 1270 2415 1362 2431; x_wconf 71' lang='lat' dir='ltr'>rursus</span> <span class='ocrx_word' id='word_1_969' title='bbox 1378 2406 1510 2440; x_wconf 80' lang='lat' dir='ltr'>apparuit.</span> <span class='ocrx_word' id='word_1_970' title='bbox 1556 2406 1609 2431; x_wconf 71' lang='lat' dir='ltr'>tit.</span> <span class='ocrx_word' id='word_1_971' title='bbox 1633 2406 1670 2431; x_wconf 66' lang='lat' dir='ltr'>An</span> <span class='ocrx_word' id='word_1_972' title='bbox 1689 2410 1715 2430; x_wconf 85' lang='lat' dir='ltr'>tu</span> 
     </span>
     <span class='ocr_line' id='line_1_133' title="bbox 918 2442 1716 2470; baseline -0.003 -1"><span class='ocrx_word' id='word_1_973' title='bbox 918 2453 1012 2470; x_wconf 81' lang='lat' dir='ltr'>censes</span> <span class='ocrx_word' id='word_1_974' title='bbox 1025 2443 1106 2469; x_wconf 85' lang='lat' dir='ltr'>ullam</span> <span class='ocrx_word' id='word_1_975' title='bbox 1119 2452 1199 2470; x_wconf 81' lang='lat' dir='ltr'>anum</span> <span class='ocrx_word' id='word_1_976' title='bbox 1212 2449 1263 2469; x_wconf 83' lang='lat' dir='ltr'>tam</span> <span class='ocrx_word' id='word_1_977' title='bbox 1276 2443 1387 2469; x_wconf 84' lang='lat' dir='ltr'>deliram</span> <span class='ocrx_word' id='word_1_978' title='bbox 1402 2442 1517 2468; x_wconf 78' lang='lat' dir='ltr'>suturam</span> <span class='ocrx_word' id='word_1_979' title='bbox 1532 2442 1623 2470; x_wconf 78' lang='lat' dir='ltr'>fuisse.</span> <span class='ocrx_word' id='word_1_980' title='bbox 1634 2448 1660 2468; x_wconf 89' lang='grc' dir='ltr'>ιιι</span> <span class='ocrx_word' id='word_1_981' title='bbox 1673 2451 1716 2467; x_wconf 76' lang='lat' dir='ltr'>so-</span> 
     </span>
     <span class='ocr_line' id='line_1_134' title="bbox 920 2479 1716 2514; baseline -0.003 -7"><span class='ocrx_word' id='word_1_982' title='bbox 920 2482 1001 2507; x_wconf 73' lang='lat' dir='ltr'>mniis</span> <span class='ocrx_word' id='word_1_983' title='bbox 1013 2480 1140 2511; x_wconf 80' lang='lat' dir='ltr'>crederet,</span> <span class='ocrx_word' id='word_1_984' title='bbox 1155 2481 1206 2506; x_wconf 68' lang='lat' dir='ltr'>nisi</span> <span class='ocrx_word' id='word_1_985' title='bbox 1221 2481 1268 2506; x_wconf 67' lang='lat' dir='ltr'>ista</span> <span class='ocrx_word' id='word_1_986' title='bbox 1280 2489 1343 2506; x_wconf 77' lang='lat' dir='ltr'>casu</span> <span class='ocrx_word' id='word_1_987' title='bbox 1357 2489 1559 2514; x_wconf 78' lang='lat' dir='ltr'>uomiuuuptam</span> <span class='ocrx_word' id='word_1_988' title='bbox 1569 2501 1574 2508; x_wconf 80' lang='grc'><strong>.</strong></span> <span class='ocrx_word' id='word_1_989' title='bbox 1589 2479 1662 2509; x_wconf 79' lang='lat' dir='ltr'>t&#39;nrte,</span> <span class='ocrx_word' id='word_1_990' title='bbox 1678 2485 1716 2505; x_wconf 86' lang='lat' dir='ltr'>te—</span> 
     </span>
     <span class='ocr_line' id='line_1_135' title="bbox 920 2517 1714 2551; baseline -0.001 -7"><span class='ocrx_word' id='word_1_991' title='bbox 920 2527 990 2544; x_wconf 87' lang='lat' dir='ltr'>mere</span> <span class='ocrx_word' id='word_1_992' title='bbox 1005 2518 1212 2544; x_wconf 70' lang='lat' dir='ltr'>concurrerent?</span> <span class='ocrx_word' id='word_1_993' title='bbox 1227 2517 1377 2544; x_wconf 68' lang='lat' dir='ltr'>Alexandro</span> <span class='ocrx_word' id='word_1_994' title='bbox 1393 2517 1472 2543; x_wconf 81' lang='lat' dir='ltr'>draeo</span> <span class='ocrx_word' id='word_1_995' title='bbox 1489 2517 1560 2551; x_wconf 82' lang='lat' dir='ltr'>loqui</span> <span class='ocrx_word' id='word_1_996' title='bbox 1578 2518 1653 2543; x_wconf 74' lang='lat' dir='ltr'>visus</span> <span class='ocrx_word' id='word_1_997' title='bbox 1665 2523 1714 2543; x_wconf 76' lang='lat' dir='ltr'>est.</span> 
     </span>
     <span class='ocr_line' id='line_1_136' title="bbox 920 2554 1713 2589; baseline -0.001 -8"><span class='ocrx_word' id='word_1_998' title='bbox 920 2557 1006 2582; x_wconf 83' lang='lat' dir='ltr'>Potest</span> <span class='ocrx_word' id='word_1_999' title='bbox 1020 2556 1130 2582; x_wconf 88' lang='lat' dir='ltr'>omnino</span> <span class='ocrx_word' id='word_1_1000' title='bbox 1146 2556 1194 2581; x_wconf 84' lang='lat' dir='ltr'>hoc</span> <span class='ocrx_word' id='word_1_1001' title='bbox 1210 2564 1269 2581; x_wconf 74' lang='lat' dir='ltr'>esse</span> <span class='ocrx_word' id='word_1_1002' title='bbox 1286 2554 1396 2584; x_wconf 73' lang='lat' dir='ltr'>salsum.</span> <span class='ocrx_word' id='word_1_1003' title='bbox 1420 2560 1505 2589; x_wconf 72' lang='lat' dir='ltr'>potest</span> <span class='ocrx_word' id='word_1_1004' title='bbox 1526 2563 1632 2580; x_wconf 73' lang='lat' dir='ltr'>verum:</span> <span class='ocrx_word' id='word_1_1005' title='bbox 1656 2554 1713 2584; x_wconf 77' lang='lat' dir='ltr'>sed,</span> 
     </span>
     <span class='ocr_line' id='line_1_137' title="bbox 919 2591 1715 2623; baseline -0.003 -4"><span class='ocrx_word' id='word_1_1006' title='bbox 919 2598 1008 2619; x_wconf 91' lang='lat' dir='ltr'>utrum</span> <span class='ocrx_word' id='word_1_1007' title='bbox 1024 2594 1072 2623; x_wconf 79' lang='lat' dir='ltr'>sit.</span> <span class='ocrx_word' id='word_1_1008' title='bbox 1091 2602 1142 2619; x_wconf 82' lang='lat' dir='ltr'>nou</span> <span class='ocrx_word' id='word_1_1009' title='bbox 1159 2598 1198 2619; x_wconf 85' lang='lat' dir='ltr'>est</span> <span class='ocrx_word' id='word_1_1010' title='bbox 1214 2592 1347 2618; x_wconf 85' lang='lat' dir='ltr'>mirabile.</span> <span class='ocrx_word' id='word_1_1011' title='bbox 1389 2592 1445 2618; x_wconf 76' lang='lat' dir='ltr'>Non</span> <span class='ocrx_word' id='word_1_1012' title='bbox 1462 2593 1534 2617; x_wconf 83' lang='lat' dir='ltr'>euim</span> <span class='ocrx_word' id='word_1_1013' title='bbox 1551 2592 1655 2618; x_wconf 79' lang='lat' dir='ltr'>audivit</span> <span class='ocrx_word' id='word_1_1014' title='bbox 1671 2591 1715 2617; x_wconf 79' lang='lat' dir='ltr'>illc</span> 
     </span>
     <span class='ocr_line' id='line_1_138' title="bbox 918 2629 1713 2665; baseline -0.001 -9"><span class='ocrx_word' id='word_1_1015' title='bbox 918 2630 1060 2656; x_wconf 83' lang='lat' dir='ltr'>draconem</span> <span class='ocrx_word' id='word_1_1016' title='bbox 1074 2630 1235 2665; x_wconf 83' lang='lat' dir='ltr'>loquentem,</span> <span class='ocrx_word' id='word_1_1017' title='bbox 1245 2629 1291 2655; x_wconf 83' lang='lat' dir='ltr'>sed</span> <span class='ocrx_word' id='word_1_1018' title='bbox 1303 2635 1341 2655; x_wconf 77' lang='lat' dir='ltr'>est</span> <span class='ocrx_word' id='word_1_1019' title='bbox 1354 2630 1429 2655; x_wconf 75' lang='lat' dir='ltr'>visus</span> <span class='ocrx_word' id='word_1_1020' title='bbox 1440 2629 1547 2657; x_wconf 78' lang='lat' dir='ltr'>audire:</span> <span class='ocrx_word' id='word_1_1021' title='bbox 1561 2629 1713 2665; x_wconf 83' lang='lat' dir='ltr'>etquidem,</span> 
     </span>
     <span class='ocr_line' id='line_1_139' title="bbox 918 2667 1713 2704; baseline -0.004 -9"><span class='ocrx_word' id='word_1_1022' title='bbox 918 2676 971 2704; x_wconf 86' lang='lat' dir='ltr'>quo</span> <span class='ocrx_word' id='word_1_1023' title='bbox 983 2668 1071 2695; x_wconf 86' lang='lat' dir='ltr'>maius</span> <span class='ocrx_word' id='word_1_1024' title='bbox 1082 2668 1125 2699; x_wconf 79' lang='lat' dir='ltr'>sit,</span> <span class='ocrx_word' id='word_1_1025' title='bbox 1143 2676 1228 2703; x_wconf 88' lang='lat' dir='ltr'>quum</span> <span class='ocrx_word' id='word_1_1026' title='bbox 1241 2667 1356 2694; x_wconf 84' lang='lat' dir='ltr'>radicem</span> <span class='ocrx_word' id='word_1_1027' title='bbox 1368 2676 1412 2693; x_wconf 82' lang='lat' dir='ltr'>ore</span> <span class='ocrx_word' id='word_1_1028' title='bbox 1425 2672 1533 2698; x_wconf 82' lang='lat' dir='ltr'>teneret,</span> <span class='ocrx_word' id='word_1_1029' title='bbox 1549 2667 1652 2694; x_wconf 79' lang='lat' dir='ltr'>locutus</span> <span class='ocrx_word' id='word_1_1030' title='bbox 1664 2672 1713 2693; x_wconf 70' lang='lat' dir='ltr'>est.</span> 
     </span>
    </p>
   </div>
  </div>
 </body>
</html>
