1941 3052
406 151 591 178 ORATIO
624 151 713 178 PRO
744 152 773 178 P.
809 150 996 178 SESTIO.
1037 150 1134 178 CAP.
1167 151 1316 177 38—-ifj.

45 223 129 250 ltalia.
168 223 225 250 Duo
245 222 295 249 soli
315 227 388 249 erant
403 224 485 257 empti
507 223 538 249 ad
550 223 768 257 impediendum:
791 223 839 257 qui

45 262 69 287 si
81 260 202 287 homines
214 260 331 295 despecti
343 264 367 286 et
378 260 522 294 contempti
534 265 631 286 tantam
642 268 696 286 rem
708 260 839 286 sustinere

46 307 98 325 non
118 298 281 332 potuissent;
303 306 332 323 se
352 306 484 328 caussam,
497 306 577 332 quam
590 301 752 331 susceperat,
767 297 840 323 nullo

46 335 134 362 labore
149 339 318 370 peracturum
330 335 446 360 videbat.
487 335 589 370 Agebat
600 335 762 365 auctoritate,
779 342 840 369 age-

45 372 90 400 bat
109 372 229 403 consilio,
252 372 346 408 agebat
366 381 412 406 per
432 381 571 398 summum
594 372 727 402 ordinem,
746 372 840 405 agebat

45 409 168 444 exemplo
179 410 308 436 bonorum
324 414 348 435 et
360 409 467 435 fortium
478 410 592 435 civium:
615 409 679 444 quid
693 409 837 443 republica,

44 447 111 482 quid
130 455 159 473 se
178 447 291 482 dignum
307 451 386 477 esset,
404 447 466 481 quis
481 447 540 481 ipse
554 451 632 477 esset,
645 446 710 480 quid
723 454 837 480 sperare,

45 484 111 520 quid
133 484 281 511 maioribus
301 485 359 511 suis
375 484 484 510 reddere
499 484 615 515 deberet,
633 483 839 518 diligentissime

44 521 184 558 cogitabat.
215 521 285 548 XLI.
302 523 343 547 88.
361 522 428 547 Huic
445 521 568 556 gravitati
590 521 714 551 hominis,
734 520 840 546 videbat

44 559 90 588 ille
104 558 243 594 gladiator,
261 567 299 590 se,
320 559 343 585 si
365 559 484 585 moribus
497 563 593 594 ageret,
616 567 705 592 parem
717 566 776 583 esse
788 566 839 583 non

44 605 137 631 posse:
160 596 192 623 ad
211 596 321 627 serrum,
340 596 372 622 ad
385 595 464 627 faces,
482 596 515 622 ad
526 595 708 630 quotidianam
720 594 837 625 caedem,

43 633 176 665 incendia,
199 634 314 668 rapinas,
338 642 367 659 se
377 642 438 659 cum
455 633 572 659 exercitu
585 642 634 658 suo
644 632 768 658 contulit:
792 631 840 657 do-

44 680 120 698 mum
140 679 304 706 oppugnare,
321 670 463 697 itineribus
477 679 622 700 occurrere,
637 670 662 696 vi
675 670 803 695 lacessere
815 673 840 694 et

44 713 141 736 terrere
152 709 248 743 coepit.
283 709 341 735 Non
352 709 436 734 movit
447 708 582 734 hominem
594 716 699 733 summa
711 707 839 741 gravitate

44 754 205 781 summaque
224 746 384 772 constantia:
407 745 454 770 sed
475 753 639 779 quamquam
655 744 730 770 dolor
745 744 836 774 animi,

43 784 134 810 innata
149 783 265 814 libertas,
284 787 405 817 prompta
417 782 604 816 excellensque
615 782 710 811 virtus,
725 781 839 807 fortissi—

44 829 118 847 mum
139 820 227 847 virum
247 820 408 850 hortabatur,
432 820 457 845 vi
474 820 528 846 vim
544 819 669 850 oblatam,
683 819 838 853 praesertim

43 859 161 892 saepius,
170 862 199 884 ut
210 857 343 893 frangeret
353 861 378 883 et
389 856 526 889 refutaret3
550 861 620 883 tanta
631 857 776 883 moderatio
789 856 840 881 suit

43 895 170 926 hominis,
196 899 299 921 tantum
319 894 475 925 consilium,
494 899 524 920 ut
543 895 689 921 contineret
709 893 836 924 dolorem,

44 941 131 967 neque
150 931 242 958 eadem
262 940 290 958 se
305 940 332 958 re
344 931 525 963 ulcisceretur,
539 940 591 966 qua
603 935 675 957 esset
687 931 835 961 lacessitus,

42 970 91 997 sed
102 969 189 999 illum,
198 973 235 996 tot
244 969 298 995 iam
309 970 335 995 in
343 969 483 995 funeribus
490 968 653 1003 reipublicae
660 968 837 995 exsultantem

43 1016 73 1034 ac
93 1007 292 1042 tripudiantem,
316 1006 414 1042 legum,
433 1007 456 1032 si
471 1011 570 1041 posset,
589 1006 691 1041 laqueis
707 1006 840 1032 constrin-

42 1049 125 1081 geret.
147 1046 188 1071 89.
204 1043 344 1071 Descendit
355 1044 387 1070 ad
399 1044 590 1070 accusandum.
630 1044 696 1075 Quis
710 1052 838 1077 umquam

43 1087 96 1109 tam
126 1082 231 1117 proprie
255 1081 418 1116 reipublicae
438 1090 547 1112 caussa,
574 1081 656 1107 nullis
678 1081 837 1112 inimicitiis,

43 1119 127 1146 nullis
152 1120 291 1154 praemiis,
319 1118 392 1145 nulla
413 1118 554 1145 hominum
575 1118 768 1153 postulatione,
795 1122 840 1144 aut

43 1157 122 1184 etiam
141 1157 278 1191 opinione,
300 1156 328 1182 id
349 1165 477 1190 umquam
499 1165 558 1182 esse
577 1155 729 1182 facturum?
753 1156 839 1182 Fracti

43 1197 117 1221 erant
136 1194 218 1220 animi
238 1194 365 1220 hominis.
406 1194 459 1220 Hoc
479 1194 551 1220 enim
571 1197 712 1220 accusante
732 1193 838 1227 pristini

41 1231 117 1258 illius
133 1232 177 1258 sui
192 1231 285 1257 iudicii
298 1231 492 1265 turpitudinem
504 1231 670 1266 desperabat.
711 1231 779 1257 Ecce
791 1231 838 1256 tibi

42 1268 146 1300 consul,
169 1273 282 1303 praetor,
307 1268 432 1294 tribunus
453 1268 554 1303 plebis,
572 1277 638 1294 nova
657 1268 718 1294 novi
733 1269 839 1303 generis

43 1306 128 1332 edicta
143 1309 307 1340 proponunt:
331 1306 369 1332 Ne
385 1314 446 1332 reus
460 1305 538 1337 adsit,
553 1314 585 1332 ne
595 1306 699 1336 citetur,
714 1314 745 1331 ne
757 1314 840 1340 quac-

43 1348 129 1374 ratur⁷
153 1351 186 1369 ne
206 1343 366 1369 mentionem
387 1343 497 1369 omnino
516 1343 642 1378 cuiquam
659 1343 778 1369 iudicum
796 1347 840 1369 aut

42 1381 204 1408 iudiciorum
216 1380 300 1406 facere
313 1380 398 1406 liceat.
423 1380 495 1412 Quid
506 1385 594 1416 ageret
605 1381 645 1406 vir
657 1380 689 1406 ad
701 1381 837 1411 virtutem,

42 1418 210 1454 dignitatem,
232 1417 345 1453 gloriam
362 1422 447 1448 natus,
462 1418 488 1444 vi
500 1417 686 1444 sceleratorum
699 1417 839 1444 hominum

42 1455 221 1486 corroborata,
246 1455 351 1490 legibus
374 1455 537 1490 iudiciisque
557 1454 689 1481 sublatis?
717 1455 839 1481 Cervices

44 1493 169 1520 tribunus
182 1492 268 1527 plebis
281 1493 392 1526 privato,
410 1493 654 1527 praestantissimus
667 1493 706 1518 vir
717 1492 840 1528 profliga-

43 1530 148 1558 tissimo
163 1530 265 1556 homini
281 1529 373 1556 daret?
393 1539 425 1556 an
440 1538 563 1556 caussam
575 1535 726 1564 susceptam
738 1529 840 1563 afflige-

42 1567 100 1594 ret‘?
119 1576 152 1594 an
172 1575 202 1594 se
217 1567 290 1594 domi
304 1566 469 1594 contineret?
487 1567 520 1594 Et
532 1568 601 1593 vinci
613 1572 690 1602 turpe
702 1564 804 1602 putavit
816 1572 840 1593 et

41 1604 169 1632 deterreri
181 1609 206 1631 et
218 1604 306 1631 latere.
334 1604 455 1636 Perfecit,
469 1609 506 1635 ut,
521 1605 647 1640 quoniam
660 1605 712 1631 sibi
724 1606 749 1631 in
762 1604 838 1630 illum

43 1641 148 1678 legibus
161 1642 198 1668 uti
211 1650 262 1669 non
275 1641 372 1673 liceret,
389 1642 462 1668 illius
474 1642 528 1668 vim
544 1651 630 1677 neque
642 1642 668 1668 in
681 1651 738 1672 su0,
753 1650 840 1676 neque

42 1680 70 1707 in
81 1679 244 1715 reipublicae
256 1679 375 1714 periculo
385 1680 594 1714 pertimesceret.
620 1679 700 1706 XLII.
714 1681 755 1705 90.
768 1679 840 1711 Quo-

43 1717 121 1744 modo
132 1717 213 1753 igitur
225 1717 273 1743 hoc
288 1717 314 1743 in
325 1725 423 1752 genere
434 1717 559 1752 praesidii
571 1717 715 1751 comparati
730 1725 839 1743 accusas

43 1753 174 1785 Sestium.
197 1763 282 1789 quum
303 1754 375 1781 idem
398 1754 489 1781 landes
506 1754 651 1781 Milonem?
670 1755 719 1785 An,
733 1755 779 1789 qui
792 1763 839 1780 sua

43 1795 109 1819 tecta
120 1791 253 1818 defendit:
271 1792 318 1826 qui
329 1792 362 1818 ab
374 1793 435 1823 aris,
450 1792 524 1823 focis,
539 1792 638 1818 serrum
649 1791 839 1827 flammamque

43 1828 165 1864 depellit:
187 1829 235 1864 qui
251 1829 304 1856 sibi
320 1829 398 1856 licere
409 1829 467 1856 vult
478 1834 534 1856 tuto
547 1838 605 1856 esse
617 1830 643 1856 in
656 1829 720 1861 foro,
734 1830 760 1855 in
773 1834 840 1856 tcm-

43 1866 95 1901 plo,
108 1867 136 1893 in
146 1867 233 1893 curia:
249 1867 307 1893 iure
318 1867 482 1901 praesidium
497 1871 644 1901 comparat3
661 1867 708 1901 qui
721 1866 840 1893 vulneri-

42 1903 104 1935 bus,
117 1911 186 1938 quae
197 1904 281 1930 cernit
291 1904 411 1938 quotidie
424 1908 476 1931 toto
485 1912 602 1938 corpore,
611 1909 742 1935 monetur,
751 1908 781 1930 ut
791 1904 840 1930 ali-

42 1949 97 1976 quo
108 1940 241 1976 praesidio
252 1945 363 1975 caputet
373 1941 490 1968 cervices
502 1946 527 1968 et
538 1941 663 1977 iugulum
675 1941 789 1968 aclatera
797 1946 840 1967 tu·-

42 1982 121 2009 tetur,
145 1977 216 2004 bunc
231 1977 264 2004 de
279 1979 306 2004 vi
322 1979 503 2005 accusandum
519 1978 616 2013 putas‘?
636 1980 677 2005 91.
689 1978 756 2011 Quis
767 1979 839 2005 enim

43 2019 173 2046 vestrum,
196 2014 307 2046 iudices,
325 2015 436 2051 ignorat,
453 2016 488 2042 ita
500 2020 620 2042 naturam
633 2024 720 2042 rerum
734 2015 838 2047 tulisse,

16 2067 18 2069 ·
42 2056 74 2080 ut
83 2052 200 2088 quodam
212 2056 329 2087 tempore
346 2053 476 2083 homines.
494 2053 613 2079 nondum
627 2062 713 2088 neque
725 2053 839 2080 naturali

43 2098 131 2125 neque
151 2089 225 2116 civili
246 2089 303 2116 iure
315 2090 457 2125 descripto,
471 2090 523 2116 fusi
539 2098 586 2125 per
596 2099 672 2125 agros
684 2099 713 2117 ac
724 2091 839 2125 dispcrsi

42 2131 212 2164 vagarentur,
227 2130 384 2162 tantumque
404 2128 540 2158 haberent,
562 2132 693 2162 quantum
714 2136 794 2154 manu
811 2136 840 2154 ac

43 2165 149 2192 viribus
170 2172 217 2199 per
236 2164 344 2191 caedem
367 2173 396 2191 ac
412 2164 522 2191 vulnera
539 2169 584 2191 aut
599 2166 701 2200 eripere
716 2170 761 2192 aut
777 2165 840 2191 reti-

43 2209 106 2230 nere
125 2201 294 2237 potuissent?
313 2201 364 2234 Qui
385 2203 469 2238 igitur
484 2202 563 2237 primi
579 2203 677 2229 virtute
692 2207 717 2229 et
728 2202 840 2229 consilio

43 2239 188 2276 praestanti
209 2239 381 2271 exstiterunt,
394 2240 423 2271 ii,
442 2243 579 2274 perspecto
597 2249 693 2275 genere
709 2240 840 2266 humanae

43 2276 186 2304 docilitatis
207 2281 287 2312 atque
309 2277 424 2312 ingenii,
446 2277 589 2311 dissipatos
606 2285 689 2304 unum
709 2278 736 2304 in
753 2277 838 2304 locum

43 2319 248 2350 congregarunt,
265 2323 364 2349 cosque
380 2323 412 2340 ex
429 2313 530 2340 feritate
545 2314 590 2340 illa
606 2314 639 2340 ad
655 2315 784 2341 iustitiam
801 2319 840 2340 at-

44 2358 98 2387 que
109 2352 342 2378 mansuetudinem
355 2351 539 2378 traduxerunt.
579 2351 646 2378 Tum
659 2360 710 2382 res,
723 2352 757 2378 ad
767 2361 840 2378 com-

44 2396 154 2416 munem
174 2389 325 2420 utilitatem,
348 2398 416 2424 quas
437 2388 560 2424 publicas
579 2388 759 2423 appellamus,
782 2394 839 2415 tum

45 2425 229 2453 conventicula
250 2427 403 2457 hominum,
417 2435 485 2461 quae
510 2430 599 2460 postea
621 2426 741 2452 civitates
753 2427 840 2453 nomi-

45 2466 122 2490 natae
141 2467 217 2494 sunt,
244 2467 301 2490 tum
322 2463 457 2490 domicilia
479 2463 633 2494 coniuncta,
665 2472 734 2498 quas
756 2464 837 2490 urbes

45 2498 170 2532 dicimus,
192 2501 302 2528 invento
317 2506 342 2528 et
352 2501 444 2528 divino
455 2505 480 2527 et
492 2501 609 2526 humano
619 2501 685 2531 iure,
699 2501 840 2527 moenibus

46 2541 195 2572 sepserunt.
227 2539 269 2566 92.
294 2538 381 2574 Atque
401 2539 470 2565 inter
490 2538 557 2564 hanc
579 2538 660 2564 vitam
682 2537 839 2573 perpolitam

45 2572 211 2602 humanitate
237 2580 263 2603 et
286 2576 360 2603 illam
386 2576 532 2602 immanem
557 2575 623 2601 nihil
645 2579 697 2601 tam
719 2576 837 2606 interest,

46 2617 127 2646 quam
141 2612 185 2639 ius
196 2617 275 2648 atque
286 2614 337 2640 vis.
377 2613 477 2640 Horum
489 2617 548 2639 utro
559 2613 597 2638 uti
609 2612 746 2643 nolumus,
759 2612 840 2639 altero

46 2651 88 2675 eut
107 2649 245 2677 utendum.
285 2651 345 2678 Vim
366 2650 493 2677 volumus
514 2649 669 2685 exstingui?
692 2650 735 2676 ius
754 2650 840 2676 valcat

47 2692 154 2712 necesse
169 2690 218 2719 est,
235 2687 263 2715 id
277 2692 326 2720 est.
343 2688 451 2720 iudicia,
463 2688 565 2723 quibus
575 2695 655 2714 omne
666 2687 709 2715 ius
719 2688 839 2714 contine-

860 223 869 244 Γ
891 226 943 248 tur.

1629 151 1674 176 51!

983 222 1082 248 Iudicia
1097 221 1250 256 displicent,
1266 225 1311 247 aut
1325 220 1398 247 nulla
1409 219 1490 247 sunt‘?
1510 220 1551 246 vis
1563 219 1685 246 domine-

891 264 934 285 tur
955 268 1062 286 necesse
1083 264 1133 286 est.
1173 260 1226 285 Hoc
1246 259 1339 285 vident
1358 266 1465 285 omnes:
1488 257 1552 284 Milo
1567 262 1592 284 et
1607 257 1683 289 vidit,

891 302 916 323 et
930 296 999 327 fecit,
1022 301 1051 323 ut
1074 297 1117 323 ius
1137 297 1314 331 experiretur,
1332 296 1386 322 vim
1403 294 1556 330 depelleret.
1596 294 1686 321 Altero

891 334 929 360 uti
951 334 1049 365 voluit,
1067 339 1096 360 ut
1111 334 1197 360 virtus
1212 334 1350 360 audaciam
1366 334 1496 360 vinceret:
1523 332 1604 359 altero
1619 340 1686 359 usus

892 372 1040 398 necessario
1061 376 1108 402 est,
1128 380 1159 397 ne
1172 372 1258 397 virtus
1270 371 1302 397 ab
1314 370 1422 397 audacia
1435 371 1595 396 vinceretur.
1636 370 1687 396 Ea-

891 409 1007 443 demque
1026 410 1092 435 ratio
1111 408 1162 435 suit
1180 409 1209 435 P.
1227 408 1317 439 Sestii,
1335 409 1357 434 si
1374 408 1464 434 minus
1479 408 1506 434 in
1527 407 1685 437 accusando,

891 446 988 481 (neque
1008 447 1079 472 enim
1101 455 1148 480 per
1167 454 1260 473 omnes
1282 445 1331 472 suit
1344 445 1412 472 idem
1435 453 1543 471 necesse
1565 444 1642 479 Iieri,)
1662 448 1688 470 at

891 488 960 510 certe
982 484 1008 510 in
1029 484 1185 510 necessitate
1205 483 1387 509 defendendae
1407 482 1503 509 salutis
1527 491 1591 508 suae
1612 490 1688 517 prae-

891 521 1014 555 sidioque
1025 525 1113 547 contra
1126 521 1181 547 vim
1193 526 1218 547 et
1229 529 1338 547 manum
1350 519 1537 555 comparando.

947 558 1038 584 XLIII.
1056 560 1097 584 93.
1115 557 1136 584 Ο
1151 558 1189 584 dii
1209 557 1386 584 immortales!
1409 565 1552 592 quemnam
1569 556 1688 583 ostendi-

892 595 925 621 tis
950 596 1054 622 exitum
1080 595 1176 621 nobis?
1209 604 1291 630 quam
1316 604 1391 629 spem
1417 595 1580 629 reipublicae
1600 592 1689 620 datis‘.>

868 656 869 663 ,
891 638 990 667 quotus
1010 633 1126 667 quisque
1142 633 1292 659 invenietur
1307 637 1377 658 tanta
1389 633 1486 658 virtute
1499 633 1546 662 vir,
1560 632 1607 666 qui
1619 631 1688 666 opti-

868 670 869 674 ’
892 679 961 696 mam
974 678 1110 704 quamque
1121 679 1245 696 caussam
1257 670 1419 704 reipublicae
1431 668 1625 703 amplectatur?
1640 668 1688 703 qui

891 707 968 734 bonis
982 708 1046 733 viris
1061 707 1210 734 deserviat?
1240 708 1287 741 qui
1299 706 1411 733 solidam
1425 707 1530 732 laudem
1543 714 1688 740 veramque

891 744 1019 779 quaerat?
1038 753 1123 779 quum
1140 745 1213 775 sciat,
1231 744 1285 770 duo
1299 744 1344 770 illa
1356 744 1518 778 reipublicae
1531 752 1613 778 paene
1626 743 1686 774 sata,

868 787 869 799 ³
892 782 1038 808 Gabinium
1059 787 1084 808 et
1104 782 1237 812 Pisonem,
1260 781 1373 807 alterum
1395 782 1502 807 haurire
1519 781 1639 815 quotidie
1655 788 1689 806 ex

891 819 1069 854 pacatissimis
1090 824 1169 853 atque
1184 818 1398 853 opulentissimis
1414 818 1505 854 Syriae
1521 819 1596 853 gazis
1608 819 1689 844 innu-

891 857 1018 883 merabile
1038 857 1144 891 pondus
1158 857 1230 883 auri:
1253 856 1354 882 bellum
1366 856 1463 882 inferre
1474 855 1686 890 quiescentibus,

892 899 920 921 ut
940 903 1031 921 eorum
1052 899 1155 920 veteres
1176 894 1346 928 illibatasque
1365 893 1473 919 divitias
1495 893 1521 918 in
1534 892 1689 927 profundis-

890 933 991 958 simum
1013 932 1157 958 libidinum
1180 940 1291 957 suarum
1305 931 1440 967 gurgitem
1457 930 1614 964 profundat:
1637 929 1690 955 vil-

892 969 943 996 lam
965 969 1103 995 aedificare
1124 970 1151 995 in
1174 969 1259 995 oculis
1280 969 1400 995 omnium
1422 972 1529 998 tantam,
1549 967 1688 1002 tugurium

891 1012 921 1033 ut
945 1007 997 1033 iam
1017 1007 1140 1033 videatur
1160 1015 1219 1033 esse
1240 1006 1285 1032 illa
1301 1006 1374 1037 villa,
1393 1014 1473 1040 quam
1490 1006 1547 1039 ipse
1563 1005 1689 1031 tribunus

892 1044 979 1079 plebis
998 1045 1096 1079 pictam
1117 1044 1182 1070 olim
1209 1044 1237 1070 in
1252 1044 1427 1070 concionibus
1448 1042 1611 1077 explicabat,
1634 1050 1689 1077 quo

892 1081 1068 1109 fortissimum
1083 1090 1113 1107 ac
1124 1090 1263 1107 summum
1274 1082 1361 1107 civem
1372 1082 1399 1106 in
1412 1080 1541 1107 invidiam
1554 1080 1632 1106 homo
1646 1088 1690 1105 ca-

891 1124 949 1146 stus
970 1128 999 1145 ac
1014 1128 1067 1145 non
1083 1119 1200 1154 cupidus
1216 1123 1334 1145 vocaret:
1357 1119 1397 1145 94.
1414 1117 1528 1144 alterum
1540 1117 1689 1144 Thracibus

891 1166 921 1183 ac
941 1156 1070 1183 Dardanis
1087 1157 1204 1191 primum
1221 1165 1313 1191 pacem
1328 1156 1445 1182 maxima
1461 1156 1575 1190 pecunia
1594 1154 1690 1181 vendi-

891 1194 978 1221 disse:
1009 1194 1119 1225 deinde,
1142 1198 1171 1220 ut
1196 1193 1234 1220 illi
1257 1194 1397 1228 pecuniam
1419 1193 1547 1219 conficere
1568 1196 1687 1227 possent,

891 1231 1040 1258 vexandam
1063 1232 1105 1258 his
1128 1231 1310 1258 Macedoniam
1331 1235 1356 1257 et
1377 1230 1544 1265 spoliandam
1563 1229 1689 1256 tradidis-

892 1278 929 1301 se,
952 1269 1132 1303 eumdemque
1153 1269 1221 1295 bona
1243 1268 1419 1299 creditorum,
1437 1269 1538 1294 civium
1558 1268 1690 1294 Romano-

892 1316 961 1337 rum,
978 1315 1040 1333 cum
1060 1306 1227 1333 debitoribus
1249 1306 1356 1333 Graecis
1376 1306 1516 1336 divisisse,
1539 1313 1632 1340 cogere
1643 1312 1691 1338 pe-

891 1345 985 1370 cunias
1007 1344 1137 1371 maximas
1157 1352 1171 1370 a
1187 1344 1388 1379 Dyrrhachinis,
1406 1343 1520 1378 spoliare
1536 1341 1687 1372 Thessalos,

891 1386 988 1407 certam
1009 1381 1122 1408 Achaeis
1143 1381 1170 1407 in
1186 1390 1269 1407 annos
1284 1380 1406 1416 singulos
1423 1381 1563 1415 pecuniam
1575 1380 1690 1414 impera—

893 1419 973 1450 visse,
996 1427 1083 1453 neque
1105 1423 1191 1445 tamen
1208 1418 1264 1445 ullo
1279 1419 1305 1444 in
1321 1418 1429 1453 publico
1441 1422 1485 1443 aut
1497 1417 1621 1451 religioso
1634 1416 1690 1442 loco

891 1457 1014 1491 signum,
1037 1460 1083 1482 aut
1103 1456 1235 1487 tabulam,
1259 1460 1304 1482 aut
1324 1460 1510 1482 ornamentum
1531 1454 1686 1489 reliquisse:

892 1494 940 1520 hos
952 1494 990 1519 sic
1002 1493 1118 1524 eludere,
1131 1494 1232 1528 quibus
1243 1502 1321 1519 omne
1333 1492 1498 1527 supplicium
1510 1496 1590 1526 atque
1600 1492 1689 1517 omnis

892 1532 950 1557 iure
964 1532 1066 1566 optimo
1082 1540 1164 1565 poena
1180 1530 1306 1557 debetur:
1329 1539 1387 1556 reos
1399 1538 1457 1555 csse
1469 1529 1517 1555 hos
1530 1529 1606 1559 duos,
1620 1537 1688 1563 quos

893 1569 999 1595 videtis.
1041 1568 1140 1595 Omitto
1151 1568 1203 1594 iam
1215 1568 1384 1598 Numerium,
1401 1567 1554 1597 Serranum,
1571 1566 1687 1597 Aelium,

891 1606 1054 1641 quisquilias
1067 1605 1206 1632 seditionis
1219 1605 1374 1632 Clodianae:
1388 1604 1434 1630 sed
1447 1609 1534 1630 tamen
1546 1604 1689 1638 hiquoque

892 1644 970 1670 etiam
984 1652 1055 1669 nunc
1067 1642 1186 1674 volitant,
1201 1647 1229 1669 ut
1242 1642 1347 1673 videtis,
1362 1650 1418 1672 nec,
1432 1642 1497 1668 dum
1510 1650 1557 1667 vos
1568 1641 1600 1667 de
1613 1641 1689 1667 vobis

892 1680 994 1715 aliquid
1030 1680 1173 1711 timebitis,
1206 1679 1246 1706 illi
1278 1688 1406 1714 umquam
1437 1679 1470 1705 de
1499 1687 1528 1704 se
1564 1679 1690 1713 pertime-

892 1723 975 1745 scent.
998 1718 1089 1744 XLIV.
1103 1719 1144 1744 95.
1158 1718 1224 1743 Nam
1236 1717 1302 1752 quid
1314 1726 1364 1753 ego
1373 1717 1406 1743 dc
1418 1716 1502 1743 aedile
1514 1717 1573 1751 ipso
1586 1716 1686 1751 loquar,

891 1756 939 1790 qui
960 1756 1039 1782 etiam
1059 1755 1131 1781 diem
1152 1755 1230 1786 dixit,
1252 1759 1278 1781 et
1288 1755 1424 1780 accusavit
1444 1754 1476 1780 dc
1498 1755 1523 1779 vi
1546 1751 1690 1780 Milonem?

892 1794 984 1828 Neque
1005 1793 1048 1819 hic
1063 1797 1151 1819 tamen
1169 1792 1222 1819 ulla
1239 1801 1367 1827 uniquam
1381 1792 1476 1818 iniuria
1488 1791 1644 1820 adducetur,
1661 1794 1690 1817 ut

892 1839 953 1857 eum
976 1830 1020 1857 tali
1038 1830 1136 1856 virtute
1153 1834 1277 1865 tantaque
1299 1829 1422 1855 lirmitate
1440 1829 1522 1855 animi
1539 1837 1566 1854 se
1579 1829 1605 1854 in
1618 1836 1689 1854 rem—

892 1867 1027 1902 publicam
1043 1867 1127 1894 l'uisse
1139 1868 1284 1902 poeniteat:
1307 1866 1364 1898 scd,
1379 1867 1427 1901 qui
1440 1866 1504 1892 baec
1516 1866 1616 1896 vident,
1626 1865 1690 1891 ado-

893 1905 1032 1937 lescentes,
1055 1914 1172 1940 quonam
1193 1913 1256 1931 suas
1272 1908 1375 1931 mentes
1390 1903 1544 1930 conserent?
1565 1903 1623 1933 Ille,
1641 1902 1689 1938 qui

892 1947 1064 1970 monumenta
1085 1942 1201 1977 publica,
1215 1943 1262 1977 qui
1274 1941 1352 1968 aedes
1365 1950 1462 1971 sacras,
1475 1941 1522 1976 qui
1535 1941 1627 1967 domos
1638 1940 1690 1966 ini-

891 1981 1022 2007 micorum
1043 1988 1154 2007 suorum
1170 1980 1349 2015 oppugnavit,
1367 1978 1480 2008 excidit,
1499 1978 1624 2008 incendit,
1642 1977 1689 2012 qui

891 2018 1006 2052 stipatus
1027 2026 1133 2052 sempcr
1148 2017 1262 2047 sicariis,
1277 2022 1370 2051 septus
1381 2017 1498 2046 armatis,
1516 2016 1637 2042 munitus
1649 2015 1690 2041 in-

891 2055 997 2082 dicibus
1014 2055 1073 2086 fuit,
1091 2063 1206 2090 quorum
1220 2054 1297 2081 hodie
1307 2055 1382 2088 copia
1395 2053 1534 2083 redundat,
1547 2053 1594 2088 qui
1607 2057 1631 2078 ct
1644 2060 1689 2087 pe-

892 2093 1024 2127 regrinam
1045 2101 1155 2119 manum
1176 2091 1383 2118 facinorosorum
1398 2091 1549 2121 concitavit,
1563 2095 1587 2116 et
1598 2098 1690 2116 servos

891 2130 924 2156 ad
939 2129 1046 2156 caedem
1068 2130 1176 2156 idoneos
1193 2130 1266 2159 emit.
1285 2134 1310 2155 ct
1322 2129 1347 2154 in
1361 2129 1638 2155 tribunatucarcerem
1651 2132 1690 2153 to-

893 2172 948 2193 tum
962 2168 987 2193 in
1001 2167 1086 2193 sorum
1099 2167 1201 2197 effudit,
1221 2166 1311 2192 volitat
1322 2166 1425 2196 aedilis,
1439 2170 1544 2191 accusat
1557 2174 1627 2195 cuni,
1641 2164 1689 2198 qui

892 2204 980 2239 aliqua
1001 2213 1034 2230 ex
1055 2209 1129 2239 parte
1144 2205 1203 2230 cius
1220 2203 1335 2230 furorem
1355 2203 1534 2230 exsultantem
1551 2202 1688 2236 repressit.

893 2242 948 2271 uic.
970 2242 1017 2276 qui
1033 2250 1061 2267 sc
1072 2246 1111 2267 cst
1123 2245 1223 2267 tutatus
1233 2241 1280 2270 sic,
1296 2246 1321 2266 ut
1334 2241 1361 2266 in
1376 2241 1477 2275 privata
1495 2249 1520 2266 rc
1532 2240 1595 2265 deos
1608 2247 1689 2274 pena-

892 2284 931 2305 tcs
946 2287 1019 2309 sum,
1033 2279 1059 2304 in
1072 2278 1208 2313 republica
1221 2279 1278 2304 iura
1293 2278 1445 2303 tribunatus
1457 2277 1631 2311 auspiciaque
1642 2275 1689 2302 dc·

893 2315 1019 2346 funderet,
1041 2324 1164 2341 accusare
1185 2324 1245 2341 cum
1263 2314 1405 2344 moderate,
1424 2324 1437 2340 a
1453 2323 1507 2349 quo
1521 2315 1578 2348 ipsc
1591 2313 1689 2339 nefario

891 2357 1040 2381 accusatur,
1054 2361 1101 2387 per
1111 2357 1220 2378 senatus
1231 2352 1411 2378 auctoritatem
1425 2361 1476 2378 nnn
1488 2356 1528 2376 cst
1538 2352 1617 2377 situs.

948 2392 989 2416 96.
1013 2390 1145 2416 Nimirum
1168 2389 1216 2415 hoc
1238 2389 1304 2415 illud
1321 2394 1370 2419 est,
1388 2388 1461 2423 quod
1476 2388 1509 2414 dc
1526 2397 1568 2413 mc
1580 2387 1689 2422 potissi-

892 2435 966 2453 mum
988 2431 1015 2453 tu
1037 2427 1063 2453 in
1085 2426 1252 2452 accusatione
1272 2427 1412 2461 quamisd,
1435 2434 1503 2460 quae
1519 2430 1588 2451 essct
1601 2430 1687 2451 nostra

893 2465 963 2491 natio
983 2465 1163 2498 optimatium.
1204 2464 1248 2489 Sic
1267 2464 1338 2490 enini
1355 2463 1458 2489 dixisti.
1499 2463 1562 2488 Rem
1579 2462 1688 2497 quaeris

893 2500 1052 2536 praeclaram
1075 2501 1207 2528 iuventuti
1222 2500 1255 2527 ad
1268 2500 1436 2529 discendum.
1450 2509 1498 2526 nce
1513 2500 1579 2526 mihi
1590 2499 1688 2526 diflici-

893 2539 944 2564 lcm
960 2538 992 2564 ad
1009 2538 1221 2573 perdocendum:
1244 2537 1276 2564 dc
1287 2547 1339 2573 qua
1353 2546 1444 2572 pauca,
1459 2537 1570 2566 iudices,
1583 2537 1684 2563 dicam:

891 2581 925 2606 et,
949 2581 977 2602 ut
998 2576 1123 2606 arbitror,
1146 2585 1193 2602 nec
1208 2575 1241 2602 nb
1257 2575 1368 2602 utilitate
1385 2584 1486 2605 corum,
1503 2575 1549 2610 qui
1566 2574 1684 2605 audient,

892 2622 939 2639 nec
961 2613 994 2639 ub
1008 2612 1095 2640 officio
1112 2618 1208 2644 vestro,
1227 2622 1273 2639 ncc
1285 2613 1318 2639 ab
1330 2613 1387 2648 ipsa
1398 2621 1491 2639 caussa
1507 2613 1534 2638 P.
1548 2612 1627 2638 Scstii
1639 2611 1686 2638 ab·

892 2650 1008 2677 horrebit
1028 2651 1111 2677 oratio
1121 2659 1188 2677 mea.
1216 2650 1295 2677 XLV.
1308 2650 1364 2676 Duo
1374 2658 1469 2685 genera
1481 2658 1587 2684 semper
1598 2650 1624 2676 in
1638 2649 1686 2675 bac

890 2688 996 2715 civitate
1007 2687 1116 2716 fuerunt
1125 2696 1227 2719 eorum,
1239 2688 1287 2723 qui
1299 2688 1397 2714 versari
1410 2688 1436 2714 in
1448 2687 1593 2722 republica,
1606 2692 1685 2722 atque
