1941 3052
354 143 407 169 DE
441 140 769 168 IIARUSPICUM
801 138 1094 166 RESPONSIS.
1117 138 1214 165 CAP.

55 214 129 251 quod
141 214 169 241 fit
179 223 226 249 per
237 214 356 250 virgines
366 213 494 244 Vestales,
508 212 536 239 tit
547 221 595 248 pro
605 211 705 247 populo
715 210 851 238 Romano?

57 253 85 279 fit
95 253 123 279 in
134 261 163 278 ea
174 252 265 282 domo,
278 259 347 286 quae
358 251 435 277 estin
447 250 573 285 imperio,
591 250 620 276 sit
631 248 781 276 incredibili
792 256 852 274 cae-

56 290 178 320 rimonia,
192 289 220 315 fit
231 289 255 315 ei
266 288 339 319 deae,
352 289 431 314 cuius
442 297 475 314 ne
488 296 583 314 nomen
595 287 705 322 quidem
716 287 788 312 viros
799 285 852 311 sci-

56 336 84 354 re
96 326 135 353 fas
146 330 200 352 est:
213 335 295 361 quam
306 326 356 352 iste
367 326 466 352 idcirco
477 326 575 351 Bonam
586 324 659 355 dicit,
672 323 744 358 quod
755 323 782 349 in
794 327 852 348 tan-

57 369 83 391 to
94 364 148 390 sihi
163 363 263 390 scelere
278 363 421 398 ignoverit.
461 363 555 388 XVIII.
577 362 634 388 Non
651 361 767 397 ignovit,
785 359 852 386 mihi

57 401 143 432 crede,
157 409 220 427 non.
246 400 304 426 Nisi
316 399 382 426 sorte
394 400 441 426 tibi
453 400 575 435 ignotum
587 403 677 433 putas,
690 397 763 433 quod
775 402 799 423 te
811 397 852 423 iu—

57 438 130 465 dices
142 438 290 464 emiserunt
300 446 445 464 excussum
457 442 482 463 et
495 437 670 467 exhaustum,
688 444 738 461 suo
752 434 852 460 iudicio

58 475 225 505 absolutum,
243 474 365 501 omnium
377 474 597 504 condemnatum,
611 477 656 499 aut
666 472 738 507 quod
749 471 850 502 oculos,

57 517 87 539 ut
97 513 188 547 opinio
199 512 272 538 illius
284 512 422 547 religionis
433 516 481 542 est,
496 520 547 537 non
558 510 709 545 perdidisti.
732 510 773 535 38.
786 508 852 540 Quis

57 550 129 577 enim
141 554 201 576 ante
213 554 237 575 te
248 558 321 575 sacra
332 549 378 575 illa
390 549 430 575 vir
441 549 528 575 sciens
539 548 650 578 viderat.
667 551 696 573 ut
707 546 852 581 quisquam

57 596 184 623 poenam,
202 595 271 621 quae
286 591 443 621 sequeretur
457 585 527 612 illud
542 584 645 615 scelus,
662 584 730 610 scire
746 582 854 618 posset?

58 625 98 651 An
110 625 158 651 tibi
172 624 282 650 luminis
293 624 400 650 obesset
410 624 521 649 caecitas
533 622 604 657 plus,
620 630 702 656 quam
715 619 854 646 libidinis?

57 670 91 688 ne
102 662 131 688 id
142 661 251 696 quidem
264 662 356 691 sentis,
365 661 538 687 conniventes
549 659 610 685 illos
622 658 713 685 oculos
724 657 801 683 abavi
815 657 852 682 tui

58 700 145 734 magis
160 698 289 733 optandos
304 698 401 727 fuisse,
422 706 504 732 quam
521 697 568 723 hos
584 695 724 731 flagrantes
739 693 854 721 sororis?

58 736 118 762 Tibi
131 745 202 766 vero,
215 736 238 762 si
249 735 392 770 diligenter
402 734 554 764 attenderis,
568 733 701 768 intelliges
713 732 853 758 hominum

58 782 157 808 poenas
169 773 262 799 deesse
273 772 373 803 adhuc,
391 781 443 798 non
454 772 575 798 deorum.
615 770 742 796 Homines
754 774 777 795 te
789 769 815 795 in
827 777 854 794 re

58 810 214 837 foedissima
225 809 414 836 defenderunt:
429 809 551 835 homines
562 808 750 842 turpissimum
758 814 854 833 nocen—

57 849 250 882 tissimumque
266 846 421 873 laudarunt:
444 846 566 872 homines
582 853 664 880 prope
684 844 853 871 confitentem

59 884 176 921 [propter
192 883 344 920 pecuniam]
366 884 465 910 iudicio
482 883 676 909 liberaverunt:
698 881 854 908 hominibus

57 922 156 948 iniuria
169 923 207 948 tui
219 922 306 956 stupri
317 921 390 947 illata
401 922 428 947 in
440 921 513 956 ipsos
525 919 610 946 dolori
621 928 672 945 non
685 918 749 945 fuit:
769 918 855 944 homi-

58 968 106 986 nes
118 959 165 985 tibi
177 968 264 990 arma,
286 959 331 985 alii
342 960 369 985 in
381 967 437 989 me,
456 958 501 984 alii
516 962 576 992 post
590 958 618 983 in
634 956 711 983 illum
723 956 854 982 invictum

57 997 145 1023 civem
161 996 306 1022 dederunt:
330 996 468 1022 hominum
480 995 609 1021 beneficia
621 1002 730 1029 prorsus
740 993 856 1019 concedo

58 1034 120 1066 tibi3
134 1042 164 1060 ac
175 1034 273 1060 maiora
284 1042 336 1060 non
348 1042 407 1059 esse
417 1032 580 1068 quaerenda.
600 1033 641 1058 39.
650 1032 671 1058 Α
682 1031 734 1057 diis
745 1030 855 1066 quidem

58 1071 256 1098 immortalibus
276 1079 345 1106 quae
366 1075 453 1105 potest
469 1070 571 1096 homini
588 1070 671 1095 maior
686 1077 744 1095 esse
761 1076 853 1102 poena,

58 1107 147 1134 surore
159 1112 238 1143 atque
249 1107 402 1134 dementia?
421 1108 474 1134 nisi
490 1107 554 1134 forte
569 1107 596 1133 in
612 1105 769 1142 tragoediis,
787 1113 855 1140 quos

59 1145 171 1172 vulnere
186 1154 215 1172 ac
231 1145 321 1172 dolore
336 1145 453 1180 corporis
469 1145 582 1171 cruciari
598 1144 674 1170 vides
686 1148 711 1169 et
721 1142 853 1173 consumi.

58 1183 195 1218 graviores
206 1183 316 1209 deorum
328 1182 520 1209 immortalium
535 1182 587 1208 iras
603 1181 707 1211 subire,
726 1189 807 1215 quam
823 1179 857 1205 il-

60 1220 108 1251 los,
121 1220 170 1255 qui
181 1219 299 1246 furentes
310 1220 484 1251 inducuntur,
493 1224 581 1254 putas.
604 1219 661 1245 Non
673 1223 737 1244 sunt
748 1217 787 1244 illi
799 1217 857 1243 eiu-

60 1257 130 1283 latus
150 1262 176 1283 et
195 1258 314 1292 gemitus
329 1257 489 1283 Philoctetae
506 1261 558 1282 tam
575 1256 666 1282 miseri
680 1255 856 1290 (quamquam

60 1299 124 1320 sunt
135 1294 242 1329 acerbi),
255 1303 336 1329 quam
348 1294 394 1320 illa
405 1293 730 1323 exsultatioAthamantis,
739 1297 763 1318 et
775 1300 856 1327 quam

60 1332 197 1358 somnium
209 1332 419 1358 matricidarum.
459 1332 513 1362 Tu,
531 1339 615 1366 quum
632 1329 742 1356 furiales
756 1330 782 1355 in
794 1338 858 1355 con-

60 1369 184 1395 cionibus
201 1377 279 1395 voces
295 1369 394 1400 mittis,
416 1377 502 1404 quum
522 1369 615 1394 domos
630 1367 731 1393 civium
747 1367 854 1397 evertis,

60 1414 147 1441 quum
165 1405 301 1440 lapidibus
316 1407 432 1440 optimos
447 1407 519 1432 viros
536 1405 591 1432 soro
606 1404 698 1440 pellis,
715 1413 800 1439 quum
816 1412 858 1430 ar-

60 1443 154 1470 dentes
167 1443 236 1470 saces
248 1443 275 1470 in
287 1444 436 1470 vicinorum
448 1447 514 1470 tecta
526 1443 615 1473 iactas,
629 1451 714 1476 quum
726 1441 804 1467 aedes
815 1450 858 1467 sa-

60 1489 119 1507 cras
131 1479 289 1511 inflammas,
298 1489 384 1516 quum
396 1489 488 1507 servos
499 1481 718 1514 concitas,quum
730 1487 803 1505 sacra
816 1478 858 1504 lu-

60 1517 164 1552 dosque
175 1518 327 1549 conturbas,
335 1527 421 1553 quum
433 1526 543 1544 uxorem
556 1525 727 1551 sororemque
739 1525 790 1542 non
802 1515 859 1542 dis-

61 1556 163 1587 cernis;
185 1564 285 1590 quum,
302 1555 375 1590 quod
387 1556 461 1582 ineas
471 1555 574 1585 cubile,
593 1563 645 1581 non
657 1554 754 1585 sentis;
771 1562 857 1588 quum

61 1592 214 1624 baccharis,
227 1601 312 1627 quum
324 1592 406 1619 furis:
430 1597 486 1619 tum
499 1592 546 1618 das
557 1600 601 1618 eas
613 1600 720 1626 poenas.
735 1599 804 1626 quae
815 1599 859 1617 so-

62 1629 102 1656 lae
117 1634 181 1656 sunt
197 1630 337 1656 hominum
352 1629 446 1656 sceleri
462 1638 475 1655 a
487 1629 539 1656 diis
551 1628 748 1655 immortalibus
759 1628 859 1654 consti-

61 1671 143 1694 tutae.
179 1667 245 1693 Nam
260 1668 378 1702 corporis
389 1667 500 1702 quidem
512 1667 594 1693 nostri
606 1666 747 1692 infirmitas
759 1665 858 1691 multos

62 1704 136 1731 subit
145 1713 224 1731 casus
236 1713 284 1739 per
293 1713 336 1731 se:
358 1705 476 1739 denique
489 1705 580 1739 ipsum
592 1712 689 1738 corpus
701 1703 857 1729 tenuissima

62 1750 141 1776 saepe
155 1741 190 1768 de
203 1750 298 1768 caussa
313 1742 466 1768 coniicitur:
488 1741 598 1768 deorum
614 1741 664 1768 tela
676 1741 702 1767 in
714 1741 858 1775 impiorum

63 1778 200 1805 mentibus
225 1778 354 1814 figuntur.
395 1779 481 1811 Quare
504 1779 626 1805 miserior
649 1787 691 1809 es,
721 1787 807 1813 quum
831 1778 858 1803 in

62 1824 169 1842 omnem
181 1815 301 1843 fraudem
314 1817 414 1852 raperis
424 1816 524 1848 oculis,
541 1825 623 1852 quam
639 1816 662 1842 si
675 1816 785 1842 omnino
796 1823 860 1842 ocu-

63 1852 102 1880 los
114 1862 166 1880 non
179 1853 316 1880 habueris.

118 1890 193 1917 XIX.
207 1891 248 1917 to.
271 1890 337 1922 Sed,
351 1891 477 1925 quoniam
489 1890 521 1917 de
532 1891 566 1917 iis
578 1890 718 1921 omnibus,
731 1898 801 1925 quae
812 1889 860 1916 ha—

62 1927 184 1962 ruspices
195 1928 338 1954 commissa
349 1936 409 1954 esse
423 1928 531 1959 dicunt,
549 1928 614 1954 satis
629 1932 670 1954 est
684 1928 800 1959 dictum.
819 1929 860 1954 vi-

61 1964 189 1995 deamus,
206 1965 272 1999 quid
289 1965 370 1991 iidem
383 1965 539 1999 haruspices
549 1974 562 1990 a
574 1965 626 1991 diis
639 1965 690 1991 iarn
703 1966 860 1992 immortali-

62 2001 116 2028 bus
139 2001 230 2028 dicant
250 2002 362 2028 moneri.
403 2002 523 2033 Manent,
549 2011 583 2028 us
607 2011 660 2028 een
678 2011 859 2029 urrinni-iun

63 2048 246 2066 nisconniu
261 2048 538 2069 nrsseusroueuoue
554 2048 694 2066 uramus
709 2049 861 2066 PMNCWI-

63 2085 175 2106 nasoni—2
199 2085 316 2102 ment—:s
341 2085 549 2106 ranicunaous
576 2085 745 2108 casem-un,
774 2086 862 2103 Auxi-

63 2122 172 2144 ιιοουν,
191 2122 337 2140 nsuiuuri
356 2122 573 2144 υειηοιιιυτυιι,
601 2122 658 2143 otu
676 2123 710 2139 aa
730 2122 766 2139 Λι)
783 2123 860 2141 uuus

65 2159 212 2177 inveniunt
240 2159 421 2176 »noviacus
449 2159 599 2181 usnemu,
633 2159 860 2182 zxencrrusoue

65 2196 185 2218 tunsus,
202 2197 427 2218 neniuurioous
443 2196 584 2214 Aenean.
610 2187 789 2222 Haruspicum
803 2197 862 2214 ver-

64 2224 99 2251 ba
114 2229 178 2251 sunt
193 2225 257 2251 haec
268 2225 370 2251 omnia:
389 2224 457 2250 nihil
469 2224 537 2251 addo
548 2224 581 2250 de
593 2233 661 2251 meo.

65 2261 134 2288 hanc
144 2262 314 2296 optimatium
327 2262 486 2288 discordiam
500 2261 626 2288 molitur?
646 2262 717 2288 Idem
732 2263 796 2289 iste:
815 2272 862 2289 nec

66 2298 121 2326 ulla
133 2300 159 2326 vi
171 2299 272 2335 ingenii
284 2304 330 2325 aut
339 2299 445 2325 consilii
457 2299 499 2325 sui
508 2319 514 2330 ,
531 2299 579 2324 sed
588 2299 705 2333 quodam
716 2308 803 2326 errore
816 2309 862 2326 no-

66 2339 134 2363 stro:
147 2344 228 2371 quem
240 2337 350 2372 quidem
364 2337 417 2366 ille,
430 2335 503 2371 quod
513 2336 646 2362 obscurus
657 2345 709 2362 non
721 2342 784 2367 erat,
799 2336 863 2363 saci-

67 2371 92 2400 le
107 2374 254 2408 perspexit.
295 2374 348 2400 lloc
363 2374 434 2400 enim
447 2374 526 2399 etiam
539 2374 644 2407 turpius
655 2373 796 2400 afflictatur
807 2383 863 2400 res-

67 2409 187 2445 publica,
200 2410 272 2446 quod
286 2420 317 2437 nc
329 2411 362 2437 ab
374 2419 405 2437 eo
415 2411 524 2445 quidem
537 2415 660 2440 vexatur,
674 2415 712 2440 ut,
726 2416 861 2445 tamquam

68 2445 142 2475 tortis
153 2448 180 2474 in
192 2456 282 2483 pugna
294 2448 343 2479 vir,
356 2448 472 2483 acceptis
484 2456 497 2473 a
510 2447 568 2474 sorti
581 2447 732 2473 adversario
744 2448 863 2474 vulueri-

67 2482 120 2511 bus
130 2484 251 2512 adversis
262 2490 287 2512 et
298 2485 427 2516 honestis,
435 2485 528 2511 eadere
541 2484 671 2510 videatur.
688 2485 714 2511 tt
723 2505 728 2510 .
736 2485 863 2511 Ti.Grae-

67 2520 135 2548 chus
145 2522 271 2549 convellit
281 2527 380 2549 statum
391 2522 520 2549 civitatis:
533 2530 586 2556 qua
597 2522 726 2557 gravitate
739 2522 792 2548 viri
809 2531 862 2557 qua

68 2557 233 2593 eloquential
254 2568 308 2595 qua
328 2560 471 2596 dignitate!
494 2559 562 2585 nihil
584 2563 613 2585 ut
632 2567 646 2584 a
668 2560 749 2593 patris
765 2560 863 2594 avique

67 2593 185 2623 Africani
201 2597 355 2631 praestabili
372 2597 526 2633 insignique
543 2597 653 2626 virtute,
677 2601 861 2631 praeterquam

67 2632 140 2667 quod
151 2641 165 2659 a
176 2638 270 2660 senatu
281 2634 438 2665 desciverat,
452 2633 614 2660 deflexisset.
654 2633 768 2659 Secutus
780 2638 820 2660 est
831 2634 860 2660 (ἶ.

68 2668 219 2704 Gracchus5
242 2679 297 2707 quo
308 2672 429 2708 ingenio!
451 2675 550 2707 quanta
562 2671 602 2697 vi!
624 2675 723 2706 quanta
733 2671 862 2707 gravitate

701 2225 768 2257 Quis
780 2226 862 2261 igitur
891 2244 893 2252 Α

1251 139 1281 164 tt
1301 153 1337 157 ——-
1359 140 1399 163 21.
1646 137 1695 163 497

901 209 1022 236 dicendi!
1045 214 1075 235 ut
1085 209 1204 235 dolerent
1214 208 1277 235 boni
1289 217 1395 238 omnes,
1413 216 1465 234 non
1481 206 1526 233 illa
1538 210 1608 232 tanta
1619 214 1697 233 orna-

903 251 990 273 menta
1006 246 1039 273 ad
1055 246 1191 272 meliorem
1208 250 1323 272 mentem
1335 245 1554 279 voluntatemque
1565 252 1624 270 esse
1634 252 1696 270 con-

903 293 989 310 versa.
1029 285 1088 318 Ipse
1100 284 1129 309 L.
1143 283 1303 309 Saturninus
1315 283 1350 309 ita
1362 282 1413 308 fuit
1423 282 1566 308 effrenatus
1577 285 1602 307 et
1613 289 1697 315 paene

903 322 1026 352 demens,
1041 325 1070 347 ut
1081 325 1172 347 auctor
1182 325 1253 347 esset
1263 321 1401 356 egregius,
1418 324 1443 346 et
1453 319 1485 345 ad
1497 319 1600 345 animos
1611 319 1698 352 impe—

903 360 1013 385 ritorum
1024 358 1177 385 excitandos
1188 357 1444 392 inflammandosque
1456 356 1598 392 perfectus.
1630 356 1697 381 Nam

903 396 969 431 quid
981 405 1030 431 ego
1040 396 1073 422 de
1084 396 1113 422 P.
1122 395 1242 430 Sulpicio
1254 394 1364 430 loquar?
1374 395 1452 421 cuius
1465 398 1534 420 tanta
1546 393 1573 419 in
1584 392 1697 419 dicendo

903 434 1032 469 gravitas,
1051 437 1121 459 tanta
1133 432 1298 463 iucunditas,
1312 436 1382 458 tanta
1394 432 1511 458 brevitas
1523 430 1582 461 tuit,
1596 434 1626 456 ut
1636 439 1698 465 pos-

903 475 956 501 set,
974 470 1016 496 vel
1033 475 1061 496 ut
1077 470 1221 505 prudentes
1233 474 1349 496 errarent
1360 468 1402 495 vel
1414 474 1443 495 ut
1454 468 1516 495 boni
1528 469 1618 494 minus
1630 468 1698 494 hene

904 509 1046 538 sentirent,
1065 507 1190 542 perficere
1201 507 1321 533 dicendo.
1362 506 1429 533 Cum
1441 506 1483 532 bis
1499 504 1656 535 conflictari,
1673 509 1700 530 et

904 554 952 580 pro
963 545 1049 571 salute
1060 546 1158 579 patriae
1170 545 1288 579 quotidie
1299 544 1435 574 dimicare,
1448 548 1502 570 erat
1513 543 1622 569 omnino
1633 542 1696 572 illis,

904 583 951 617 qui
967 587 1023 608 tum
1040 581 1234 616 rempublicam
1249 581 1447 617 gubernabant,
1471 580 1628 611 molestum,
1651 579 1699 606 sed

905 620 1018 646 habebat
1028 628 1057 645 ea
1070 619 1190 645 molestia
1201 618 1346 653 quamdam
1358 623 1444 644 tamen
1455 617 1623 653 dignitatem.

960 657 1020 682 XX.
1034 657 1074 682 4⁶2.
1089 657 1136 682 Hie
1147 664 1217 686 vero,
1230 656 1264 682 de
1274 665 1328 691 quo
1339 664 1387 691 ego
1398 656 1457 690 ipse
1468 660 1521 681 tam
1533 654 1616 680 multa
1628 662 1700 680 nuuc

905 694 972 724 dico,
987 702 1034 728 pro
1044 693 1081 719 dii
1093 693 1270 719 immortales!
1293 693 1359 728 quid
1371 692 1428 719 est‘?
1448 692 1514 727 quid
1526 691 1614 718 valet?
1632 691 1699 726 quid

905 731 990 761 affert,
1014 735 1043 757 ut
1054 735 1124 756 tanta
1140 731 1248 761 civitas,
1272 730 1295 756 si
1311 730 1399 761 cadet,
1421 729 1503 765 (quod
1515 729 1552 755 dii
1564 737 1641 755 omen
1652 728 1700 754 ob-

905 768 1008 802 ruantl)
1019 777 1032 793 a
1043 769 1100 794 viro
1112 772 1199 794 tamen
1210 767 1327 793 confecta
1339 766 1478 793 videatur?
1488 767 1534 801 qui
1547 771 1605 801 post
1617 766 1700 800 patris

906 810 1017 832 mortem
1034 806 1146 840 primam
1164 805 1237 831 illam
1253 804 1396 830 aetatulam
1413 813 1490 830 suam
1502 804 1534 829 ad
1547 812 1700 829 scurrarum

906 842 1080 877 locupletium
1098 842 1223 868 libidines
1238 842 1346 868 detulit:
1368 850 1483 876 quorum
1497 840 1700 875 intemperantia

906 880 1019 915 expleta,
1033 881 1060 906 in
1072 880 1226 906 domestic-is
1238 884 1278 905 est
1287 879 1471 916 germanitatis
1484 878 1585 913 stupris
1596 877 1701 904 voluta-

906 923 964 944 tus:
977 917 1074 943 deinde
1085 918 1138 943 iam
1150 917 1284 947 robustus,
1299 917 1450 952 provinciae
1462 924 1490 942 se
1502 925 1531 942 ac
1543 916 1579 941 rei
1592 915 1701 941 militari

906 955 992 986 dedit,
1020 960 1100 990 atque
1123 955 1161 980 ibi
1182 955 1327 989 piratarum
1348 953 1525 980 contumelias
1546 961 1699 987 perpessus,

907 993 984 1018 etiam
996 992 1110 1019 Cilicum
1123 992 1485 1026 libidinesBarbarorumque
1497 991 1617 1016 satiavit:
1631 994 1699 1024 post,

907 1030 1025 1056 exercitu
1046 1030 1075 1055 L.
1094 1029 1200 1055 Luculli
1216 1029 1356 1055 sollicitato
1373 1038 1419 1064 per
1435 1028 1579 1054 nefandum
1601 1027 1699 1057 scelus,

908 1067 977 1102 t'ugit
988 1067 1070 1097 illinc,
1085 1067 1245 1101 Romaeque,
1260 1067 1357 1093 recenti
1370 1066 1484 1092 adventu
1497 1074 1555 1096 suo,
1568 1074 1629 1091 cum
1642 1072 1703 1099 pro-

908 1105 1018 1139 pinquis
1029 1105 1087 1130 suis
1097 1104 1210 1134 decidit,
1225 1113 1256 1130 ne
1268 1112 1326 1130 reos
1339 1103 1448 1130 taceret:
1472 1112 1485 1129 a
1497 1102 1607 1129 Catilina
1621 1110 1703 1136 pecu-

908 1143 978 1168 niam
991 1142 1099 1176 accepit,
1109 1146 1138 1167 ut
1150 1142 1305 1176 turpissime
1317 1141 1550 1176 praevaricaretur.
1567 1139 1629 1166 Inde
1641 1147 1702 1165 cum

908 1180 1017 1205 Murena
1029 1187 1057 1205 se
1069 1179 1096 1205 in
1109 1179 1223 1205 Galliam
1235 1179 1359 1205 contulit:
1377 1179 1404 1204 in
1419 1187 1471 1213 qua
1484 1177 1620 1212 provincia
1633 1185 1702 1202 mor-

909 1221 1015 1243 tuorum
1027 1221 1182 1242 testamenta
1194 1216 1361 1251 conscripsit,
1374 1215 1493 1251 pupillos
1506 1215 1616 1245 necavit,
1631 1213 1704 1240 nesa-

908 1255 960 1280 rias
971 1263 1032 1280 cum
1046 1253 1137 1279 multis
1148 1254 1278 1280 scelerum
1291 1254 1426 1288 pactiones
1438 1253 1630 1287 societatesque
1641 1260 1703 1278 con-

908 1291 990 1317 flavit.
1012 1291 1087 1317 Unde
1099 1296 1127 1317 ut
1138 1291 1225 1322 rediit,
1239 1295 1379 1326 quaestum
1393 1291 1470 1316 illum
1483 1291 1599 1316 maxime
1612 1289 1704 1315 secun-

908 1329 972 1355 dum
986 1329 1158 1363 uberemque,
1172 1333 1357 1363 campestrem,
1367 1332 1450 1354 totum
1462 1327 1495 1353 ad
1507 1336 1535 1353 se
1546 1328 1579 1352 ita
1592 1326 1702 1361 redegit,

909 1371 938 1392 ut
955 1366 1033 1392 homo
1048 1365 1185 1400 popularis
1202 1366 1335 1392 fraudaret
1349 1365 1550 1400 improbissime
1562 1363 1701 1398 populum.

909 1403 1035 1438 idemque
1047 1404 1087 1429 vir
1097 1402 1215 1429 clemens
1226 1403 1357 1429 divisores
1369 1403 1488 1429 omnium
1501 1402 1620 1427 tribuum
1632 1401 1704 1427 domi

910 1442 967 1475 ipse
978 1449 1042 1466 suae
1053 1440 1239 1467 crudelissima
1253 1445 1336 1467 morte
1347 1444 1481 1466 mactaret.
1504 1440 1544 1465 43.
1558 1439 1653 1465 Exorta
1665 1442 1706 1464 est

909 1478 954 1504 illa
971 1477 1147 1512 reipublicae,
1169 1478 1265 1508 sacris,
1288 1477 1477 1513 religionibus,
1495 1477 1643 1502 auctoritati
1660 1484 1706 1502 ve-

909 1520 987 1545 strae.
996 1515 1104 1541 iudiciis
1116 1515 1233 1550 publicis
1246 1515 1348 1541 funesta
1360 1519 1518 1549 quaestura:
1532 1514 1557 1539 in
1569 1522 1622 1548 qua
1634 1513 1705 1539 idem

910 1554 959 1579 iste
970 1553 1034 1579 deos
1046 1553 1235 1587 hominesque,
1250 1552 1378 1587 pudorem
1387 1573 1393 1582 ,
1408 1551 1578 1586 pudicitiam,
1595 1556 1705 1577 senatus

910 1591 1105 1620 auctoritatem,
1119 1591 1174 1621 ius,
1190 1590 1238 1620 sas,
1253 1590 1334 1626 lege—S,
1348 1589 1446 1615 iudicia
1460 1588 1578 1614 violavit.
1618 1588 1706 1623 Atque

912 1628 954 1653 hic
969 1627 992 1653 ei
1008 1627 1122 1661 gradus,
1145 1628 1169 1660 (o
1189 1628 1286 1653 misera
1303 1632 1421 1661 tempora
1438 1626 1587 1660 stultasque
1604 1630 1706 1652 nostras

910 1665 1057 1691 discordias
1067 1665 1083 1699 !)
1095 1666 1123 1691 P.
1132 1665 1224 1691 Clodio
1235 1665 1335 1700 gradus
1347 1664 1379 1690 ad
1392 1663 1584 1698 rempublicam
1598 1663 1641 1689 hic
1651 1664 1707 1697 pri-

911 1711 971 1728 mus
983 1707 1023 1728 est
1034 1702 1122 1728 aditus
1134 1702 1165 1728 ad
1178 1702 1332 1736 popularem
1346 1701 1511 1727 iactationem
1523 1705 1602 1735 atque
1613 1709 1708 1726 ascen-

911 1748 968 1765 sus.
1010 1740 1075 1765 Nam
1092 1740 1132 1766 Ti.
1150 1740 1270 1766 Graccho
1290 1739 1391 1765 invidia
1409 1739 1565 1764 Numantini
1582 1737 1704 1767 foederis.

911 1778 954 1803 cui
971 1776 1102 1807 feriendo.
1121 1781 1245 1811 quaestor
1257 1778 1285 1803 C.
1299 1776 1413 1802 Mancini
1428 1775 1548 1802 consulis
1564 1784 1648 1810 quum
1665 1784 1707 1801 es-

911 1819 964 1845 set,
983 1814 1150 1845 interfuerat,
1169 1819 1193 1840 et
1208 1815 1234 1840 in
1250 1823 1281 1840 eo
1298 1813 1400 1840 foedere
1413 1813 1588 1848 improbando
1598 1817 1707 1838 senatus

911 1853 1040 1878 severitas
1056 1851 1139 1878 dolori
1151 1856 1177 1877 et
1188 1852 1275 1878 timori
1289 1851 1352 1877 suit:
1372 1851 1475 1885 istaque
1488 1859 1528 1876 res
1545 1850 1636 1881 illum,
1655 1849 1708 1876 for-

912 1894 964 1916 tem
982 1894 1006 1915 et
1021 1889 1123 1915 clarum
1140 1890 1242 1920 virum,
1265 1898 1278 1915 a
1294 1889 1422 1924 gravitate
1439 1893 1543 1922 patrum
1560 1887 1708 1913 desciscere

911 1927 1006 1962 coegit.
1029 1927 1058 1953 C.
1070 1931 1158 1953 autem
1171 1926 1321 1953 Gracchum
1335 1934 1404 1952 mors
1417 1925 1539 1955 fraterna.
1554 1925 1647 1959 pietas,
1660 1925 1708 1950 do-

913 1964 964 1994 lor,
989 1964 1144 1999 magnitudo
1163 1964 1246 1990 animi
1267 1963 1298 1990 ad
1314 1963 1476 1998 expetendas
1491 1962 1630 1989 domestici
1647 1971 1708 1988 san-

911 2002 1002 2037 guinis
1016 2010 1114 2036 pocnas
1126 2001 1261 2027 excitavit.
1302 2000 1490 2029 Saturninum,
1503 2000 1574 2035 quod
1588 2000 1614 2026 iu
1626 2008 1708 2025 anno-

913 2047 961 2065 nae
972 2039 1080 2065 caritate
1089 2043 1258 2073 quaestorem
1270 2047 1283 2064 a
1295 2047 1343 2064 sua
1359 2037 1530 2064 frumentaria
1546 2037 1709 2072 procuratio-

914 2084 946 2102 ne
961 2081 1070 2102 senatus
1086 2076 1199 2107 amovit,
1217 2077 1296 2110 eique
1313 2076 1349 2101 rei
1367 2076 1400 2101 M.
1419 2075 1548 2101 Scaurum
1572 2074 1706 2109 praefecit,

913 2113 1014 2139 scimus
1026 2113 1115 2140 dolore
1128 2113 1226 2139 sactum
1239 2122 1298 2139 esse
1310 2112 1476 2147 popularem.
1499 2112 1661 2146 Sulpicium,
1675 2111 1708 2137 ab

913 2151 1012 2185 optima
1023 2159 1118 2176 caussa
1135 2150 1296 2185 protectum.
1315 2150 1431 2184 Gaioque
1444 2149 1522 2179 lulio,
1540 2149 1708 2175 consulatum

913 2193 1002 2214 contra
1016 2188 1087 2223 leges
1100 2188 1212 2222 petenti,
1231 2189 1413 2217 resistentem,
1432 2186 1550 2221 longius,
1568 2195 1648 2220 quam
1663 2194 1709 2212 vo-

915 2224 972 2255 luit,
991 2225 1127 2259 popularis
1140 2233 1202 2250 aura
1218 2225 1348 2258 provexit.
1391 2223 1463 2249 XXI.
1483 2225 1523 2249 tt.
1548 2224 1606 2249 Fuit
1624 2224 1650 2249 in
1667 2223 1708 2248 his

913 2262 1040 2288 omnibus
1052 2270 1155 2291 caussa,
1164 2262 1213 2287 etsi
1227 2270 1277 2287 non
1290 2261 1368 2290 iusta.
1377 2260 1460 2294 (nulla
1471 2261 1542 2286 cuim
1556 2265 1640 2294 potest
1651 2261 1709 2285 eui-

913 2308 995 2334 quam
1014 2299 1081 2324 male
1097 2299 1129 2324 de
1146 2298 1281 2333 republica
1298 2298 1417 2324 merendi
1434 2299 1502 2323 iusta
1519 2306 1577 2323 esse
1593 2297 1710 2329 caussa.)

914 2337 1004 2370 gravis
1021 2341 1122 2364 utinen,
1145 2341 1170 2361 et
1185 2344 1247 2361 cunt
1263 2335 1354 2369 aliquo
1369 2335 1464 2364 animi,
1487 2340 1511 2360 et
1528 2334 1598 2360 virili
1619 2334 1709 2360 dolore

914 2374 1064 2399 coniuncta.
1106 2373 1133 2398 Ι),
1147 2372 1258 2398 Clodius
1269 2381 1282 2397 a
1293 2377 1404 2401 eroeota,
1418 2381 1431 2397 a
1444 2372 1530 2400 mitra.
1544 2381 1556 2396 n
1569 2371 1710 2397 muliebri-

916 2411 966 2436 bus
977 2410 1057 2435 soleis
1070 2410 1267 2444 purpureisque
1280 2409 1409 2438 fasciolis,
1427 2418 1441 2434 a
1457 2409 1589 2443 strophio.
1608 2417 1621 2434 a
1638 2408 1710 2443 psal-

915 2448 992 2477 terio,
1006 2456 1019 2473 a
1032 2446 1143 2480 flagitio.
1161 2455 1174 2472 a
1186 2452 1280 2481 stupro
1294 2451 1332 2472 est
1345 2446 1430 2472 taetus
1442 2451 1548 2480 repente
1561 2445 1706 2480 popularis.

915 2485 970 2510 Nisi
992 2493 1054 2510 eum
1077 2484 1203 2510 mulieres
1224 2488 1381 2510 exornatum
1403 2484 1437 2509 ita
1454 2483 1707 2517 depreliemlissent:

892 2548 893 2552 ,
915 2522 965 2548 nisi
978 2530 1010 2547 ex
1022 2530 1052 2547 eo
1065 2521 1128 2551 loeo,
1141 2529 1267 2556 quocum
1279 2520 1351 2546 adire
1362 2520 1400 2546 tas
1413 2529 1463 2547 uon
1475 2525 1538 2548 crat.
1552 2520 1707 2547 ancillarum

891 2628 893 2642 l

892 2654 893 2663 l

891 2666 893 2677 l

914 2559 1043 2585 beni-ticio
1054 2559 1171 2584 emissus
1182 2563 1266 2585 esset:
1282 2557 1402 2592 populari
1415 2558 1521 2583 homine
1534 2558 1650 2592 populus
1657 2558 1709 2584 Ro-

914 2605 1023 2625 manus.
1041 2596 1191 2630 respublica
1207 2596 1266 2621 eive
1281 2595 1325 2621 tali
1341 2600 1449 2621 careret.
1490 2595 1561 2621 llane
1572 2595 1606 2621 ob
1617 2604 1709 2621 attien-

914 2634 991 2664 tiam,
1005 2633 1032 2659 iu
1043 2633 1184 2660 discordiis
1196 2633 1301 2662 nostris,
1317 2632 1350 2658 de
1360 2632 1461 2667 quibus
1472 2633 1548 2667 ipsis.
1565 2633 1606 2659 his
1619 2633 1709 2668 prodi-

913 2671 966 2707 giis
978 2670 1143 2701 recentibus.
1161 2679 1175 2697 a
1191 2670 1244 2697 diis
1255 2670 1452 2696 immortalibus
1464 2670 1652 2701 admonemur,
1666 2679 1708 2696 ar-

1471 2719 1501 2742 63
