1941 3052
403 143 450 169 IN
482 142 683 170 VERREM
716 142 814 170 ACT.
841 143 873 170 11.

70 213 170 245 mulus,
187 218 250 240 tuus
263 212 362 247 hospes
376 212 532 240 Cleomenes
545 213 595 240 hoc
609 214 682 245 dicit,
698 222 756 240 sese
770 215 798 240 in
813 218 865 240 ter-

70 260 126 277 ram
139 259 198 277 esse
211 259 364 285 egressum,
381 251 421 276 uti
435 251 558 286 Pachyno
572 259 586 277 e
600 251 717 278 terrestri
732 251 864 286 praesidio

69 288 168 314 milites
186 287 334 323 colligeret,
355 296 424 322 quos
442 288 470 314 in
485 289 599 315 navibus
612 288 763 315 collocaret:
792 288 864 323 quod

69 330 139 352 certe
153 334 204 352 non
218 324 334 355 fecisset,
350 325 373 350 si
388 334 469 351 suum
480 334 622 352 numerum
633 334 714 352 naves
725 326 862 352 haberent.

69 363 106 389 Ea
115 367 156 389 est
165 363 238 389 enim
248 362 314 388 ratio
324 362 513 389 instructarum
525 368 731 398 ornatarumque
743 364 861 394 navium,

69 404 165 426 utnon
179 399 257 426 modo
270 399 375 434 plures,
397 400 443 426 sed
463 409 495 426 ne
514 400 615 435 singuli
633 401 742 436 quidem
761 401 865 435 possint
884 417 885 420 =

69 437 202 463 accedere.
244 438 301 463 ⁴34.
324 437 388 464 Dico
411 442 544 472 praeterea
566 438 626 465 illos
648 439 722 473 ipsos
746 438 864 473 reliquos

70 479 162 501 nautas
185 474 256 500 fame
277 479 357 509 atque
374 475 463 509 inopia
483 483 571 501 rerum
590 476 710 502 omnium
732 475 863 502 confectos
884 474 885 478 ¹

70 511 155 538 fuisse
169 520 199 538 ac
212 511 344 547 perditos:
360 512 419 539 dico
433 517 478 539 aut
491 521 583 539 omnes
595 517 667 539 extra
678 513 784 547 culpam
796 512 865 538 fuis·
891 511 893 520 '

71 557 100 575 se
114 554 172 580 aut,
189 550 212 575 si
226 549 273 576 uni
288 549 457 576 attribuenda
470 550 549 585 culpa
563 550 611 581 sit,
632 551 659 576 in
674 559 704 576 eo
719 551 863 576 maximam

70 586 167 617 fuisse,
187 587 236 621 qui
253 587 381 622 optimam
396 596 503 618 navem,
524 587 654 622 plurimos
673 592 767 613 nautas
782 588 864 613 habe—

69 629 121 654 ret,
138 632 276 650 summum
290 625 434 659 imperium
448 625 591 651 obtineret:
617 628 674 655 aut,
691 625 714 651 si
728 633 821 651 omnes
836 626 863 651 in
884 633 885 649 1

68 661 147 696 culpa
171 661 281 691 fuerint,
307 670 359 688 non
380 662 531 696 oportuisse
549 661 718 688 Cleomenem
737 663 863 688 constitui

69 702 244 733 spectatorem
266 698 374 725 illorum
396 699 488 725 mortis
512 704 591 734 atque
616 700 760 726 cruciatus.
800 700 863 726 Dico

69 737 162 767 etiam,
182 736 210 762 in
223 736 270 762 illo
283 735 416 771 supplicio
430 736 579 763 mercedem
593 736 776 768 lacrimarum,
793 745 864 763 mer-

68 773 161 799 cedem
180 773 299 800 vulneris
317 778 396 808 atque
408 773 521 809 plagae=
542 774 693 801 mercedem
712 774 815 801 funeris
833 783 863 800 ac

68 810 222 845 sepulturae
238 811 364 837 constitui
386 810 460 837 nefas
482 811 576 838 fuisse.
618 813 676 838 ⁴35.
697 811 863 846 Quapropter

69 848 92 874 si
107 848 173 874 mihi
184 847 344 882 respondere
354 847 436 879 voles,
453 848 518 875 haec
527 849 621 876 dicito:
637 848 750 875 classem
762 849 864 876 instru-

68 890 138 911 ctam
155 889 235 920 atque
252 890 370 912 ornatam
389 885 486 916 fuisse,
511 886 618 913 nullum
638 891 862 922 propugnatorem

68 922 199 953 abfuisse⁷
221 922 327 949 nullum
345 931 459 949 vacuum
479 928 624 950 transtrum
642 923 740 955 fuisse,
767 925 863 960 remigi

68 968 124 986 rem
139 959 338 986 frumentariam
353 968 411 986 esse
425 961 633 996 suppeditatam,
650 962 756 988 mentiri
767 971 864 988 nauar-

67 997 145 1028 chos,
170 997 276 1023 mentiri
300 1002 337 1024 tot
358 1002 384 1024 et
406 1002 458 1024 tam
477 1007 572 1033 graves
595 999 730 1030 civitates,
755 1000 862 1026 mentiri

68 1035 147 1060 etiam
161 1033 281 1061 Siciliam
295 1039 391 1062 totam:
420 1036 555 1070 proditum
569 1044 628 1063 esse
642 1041 667 1063 te
680 1045 695 1063 a
709 1036 859 1068 Cleomene,

66 1072 114 1106 qui
128 1080 157 1098 se
171 1071 268 1098 dixerit
282 1073 368 1099 exisse
381 1073 408 1100 in
423 1078 528 1104 terram,
544 1078 574 1100 ut
583 1074 706 1109 Pachyno
719 1074 863 1101 deduceret

67 1109 180 1135 milites:
200 1110 320 1136 animum
334 1110 397 1141 illis,
414 1119 466 1137 non
480 1111 569 1146 copias
583 1111 717 1138 defuisse:
742 1112 862 1139 Cleome-

67 1155 128 1173 nem
142 1147 268 1174 acerrime
281 1153 446 1183 pugnantem
460 1149 493 1175 ab
506 1149 549 1175 his
563 1149 686 1176 relictum
704 1158 764 1176 esse
781 1155 862 1184 atque

66 1184 216 1211 desertum:
240 1192 383 1211 nummum
401 1185 434 1212 ob
453 1186 618 1220 sepulturam
636 1186 730 1213 datum
748 1188 859 1214 nemini.

66 1221 139 1254 Quae
157 1222 180 1248 si
198 1221 284 1253 dices,
305 1223 443 1250 tenebere:
470 1224 512 1250 sin
531 1223 582 1250 alia
600 1224 686 1256 dices,
707 1233 776 1260 quae
790 1233 803 1251 a
818 1233 861 1251 me

66 1258 136 1286 dicta
150 1263 221 1290 sunt,
237 1268 290 1286 non
304 1259 443 1286 refutabis.

122 1297 176 1323 LII.
199 1298 256 1324 136.
277 1297 325 1324 Hic
339 1302 366 1324 tu
381 1298 459 1324 etiam
473 1297 561 1324 dicere
574 1298 700 1326 audebis:
720 1299 766 1326 Est
780 1302 807 1325 in
820 1302 861 1325 iu-

66 1336 166 1361 dicibus
179 1335 221 1360 ille
238 1336 378 1368 familiaris
395 1344 476 1366 meus,
496 1341 532 1362 est
547 1340 673 1368 paternus
689 1339 788 1363 amicus
806 1338 859 1363 ille.

66 1372 133 1402 Non,
150 1375 180 1398 ut
192 1372 310 1406 quisque
323 1372 439 1398 maxime
452 1376 501 1404 est,
517 1373 628 1407 quicum
643 1373 691 1400 tibi
701 1373 805 1409 aliquid
815 1375 858 1405 sit.

65 1409 102 1435 ita
121 1414 144 1435 te
162 1409 189 1435 iu
209 1409 396 1436 huiuscemodi
414 1410 525 1436 crimine
543 1411 660 1439 maxime
679 1411 738 1437 eius
761 1411 861 1446 pudet?

65 1446 194 1472 Paternus
212 1447 315 1473 amicus
333 1451 383 1473 est.
424 1448 483 1482 lpse
506 1452 580 1482 pater
601 1449 625 1474 si
647 1448 790 1480 iudicaret,
814 1457 861 1483 per

65 1483 129 1510 deos
143 1484 320 1515 immortales,
336 1484 402 1519 quid
417 1484 503 1511 facere
519 1494 620 1520 posses,
636 1494 722 1520 quum
736 1486 785 1512 tibi
796 1486 861 1513 haec

65 1521 178 1548 diceret:
218 1522 257 1547 Tu
280 1522 307 1548 in
330 1522 465 1556 provincia
492 1522 584 1557 populi
607 1524 718 1550 Romani
746 1528 857 1558 praetor,

65 1567 150 1593 quum
166 1559 213 1586 tibi
229 1559 392 1586 maritimum
407 1559 508 1586 bellum
523 1564 594 1587 esset
604 1560 857 1593 administrandum,

65 1596 241 1627 Mamertinis,
262 1605 295 1623 ex
313 1596 418 1624 foedere
435 1606 516 1633 quam
535 1598 663 1625 deberent
681 1608 789 1630 navem,
813 1608 860 1634 per

64 1634 209 1660 triennium
223 1634 364 1661 remisisti:
393 1635 441 1661 tibi
460 1635 531 1670 apud
550 1636 657 1662 eosdem
672 1637 797 1671 privatim
813 1645 859 1663 na-

64 1671 106 1697 vis
124 1671 241 1698 oneraria
260 1672 376 1698 maxima
395 1672 503 1707 publice
517 1677 557 1699 est
571 1673 721 1700 aedificata:
750 1678 778 1700 tu
793 1683 806 1700 a
821 1674 859 1700 ci-
880 1675 881 1678 ’

64 1709 192 1735 vitatibus
207 1709 334 1743 pecunias
348 1709 443 1736 classis
457 1711 564 1737 nomine
577 1711 702 1747 coegisti:
732 1716 759 1738 tu
774 1712 859 1746 pretio

63 1746 178 1782 remiges
192 1746 334 1774 dimisisti:
362 1751 401 1779 tu,
416 1756 501 1782 quum
516 1749 593 1775 navis
607 1753 678 1775 esset
691 1758 705 1775 a
718 1753 859 1784 quaestore

64 1787 90 1810 et
102 1784 135 1810 ab
150 1783 236 1819 legato
249 1789 324 1819 capta
337 1784 511 1819 praedonum,
527 1786 715 1821 archipiratam
727 1787 760 1813 ab
771 1787 859 1813 omni-

63 1829 109 1847 um
124 1821 209 1848 oculis
227 1822 377 1849 removisti:
402 1827 444 1854 tu,
465 1823 512 1858 qui
530 1823 603 1850 cives
618 1824 729 1851 Romani
743 1832 802 1850 esse
816 1824 859 1850 di-

63 1863 198 1890 cerentur,
218 1859 266 1894 qui
280 1867 294 1886 a
308 1859 401 1886 multis
418 1865 654 1896 cognoscerentur,
674 1862 761 1888 securi
780 1861 858 1888 ferire

63 1896 187 1930 potuisti:
215 1900 244 1922 tu
259 1900 332 1923 tuam
346 1897 456 1924 domum
471 1899 568 1932 piratas
582 1898 728 1930 abducere,
744 1899 771 1926 in
786 1899 858 1925 iudi-

62 1933 134 1960 cium
152 1933 338 1968 archipiratam
355 1934 435 1962 domo
454 1935 599 1970 producere
616 1944 699 1963 ausus
713 1944 755 1963 es:
797 1938 855 1963 ⁴37.

63 1974 92 1997 tu
106 1971 133 1996 in
147 1971 283 2005 provincia
297 1976 350 1998 tam
363 1972 517 2007 splendida,
538 1973 609 2008 apud
627 1974 713 2001 socios
732 1973 858 2000 fidelissi-

63 2016 134 2038 mos,
153 2008 227 2034 cives
239 2008 371 2036 Romanos
386 2009 602 2041 honestissimos,
622 2011 650 2037 in
664 2016 737 2038 metu
752 2012 859 2046 pericu-

64 2044 143 2080 loque
157 2045 320 2079 provinciae,
336 2046 394 2072 dies
407 2048 548 2073 continuos
561 2048 714 2082 complures
729 2049 755 2075 in
771 2048 858 2075 littore

62 2082 250 2118 conviviisque
264 2083 383 2110 iacuisti:
400 2088 424 2110 te
438 2093 485 2119 per
498 2093 542 2111 eos
556 2084 614 2111 dies
625 2094 703 2112 nemo
713 2086 785 2113 domi
797 2091 857 2113 tuae

62 2120 217 2150 convenire,
238 2128 316 2146 nemo
329 2120 356 2147 in
371 2120 426 2148 foro
440 2121 531 2148 videre
548 2122 647 2157 potuit:
675 2127 704 2150 tu
723 2124 856 2150 sociorum

62 2161 141 2191 atque
155 2157 301 2184 amicorum
315 2157 348 2184 ad
362 2166 392 2184 ea
405 2159 527 2186 convivia
546 2159 761 2188 matresfamilias
779 2161 857 2187 adhi-

62 2193 159 2220 buisti:
176 2198 204 2220 tu
216 2194 283 2221 inter
294 2195 426 2222 eiusmodi
437 2195 563 2223 mulieres
574 2201 767 2231 praetextatum
779 2203 855 2225 tuum

63 2231 156 2262 filium,
173 2236 296 2266 nepotem
307 2240 408 2263 meum.
423 2232 595 2266 collocavisti.
611 2239 641 2261 ut
651 2235 728 2262 aetati
740 2236 856 2262 maxime

63 2267 179 2295 lubricae
197 2274 277 2304 atque
300 2270 414 2296 incertae
435 2270 557 2306 exempla
580 2272 715 2307 nequitiae
737 2274 855 2308 parentis

63 2305 115 2332 vita
133 2306 284 2341 praeberet:
313 2311 341 2333 tu
361 2312 464 2342 praetor
481 2308 509 2334 in
527 2309 663 2343 provincia
681 2318 743 2336 cum
766 2312 854 2337 tunica

62 2342 196 2378 pallioque
210 2352 345 2379 purpureo
360 2345 435 2371 visus
450 2353 492 2371 es:
509 2349 537 2371 tu
549 2351 655 2380 propter
664 2356 781 2374 amorem
793 2347 855 2374 libi-

62 2379 205 2416 dinemque
219 2385 292 2408 tuam
307 2382 449 2417 imperium
465 2383 574 2409 navium
594 2383 679 2419 legato
697 2385 788 2419 populi
803 2385 855 2411 no·

62 2418 132 2444 mani
146 2418 282 2449 ademisti.
303 2419 472 2455 Syracusano
486 2419 632 2447 tradidisti:
661 2422 699 2448 tui
714 2422 813 2449 milites
827 2423 854 2449 in

62 2455 195 2489 provincia
210 2455 301 2482 Sicilia
315 2456 440 2492 frugibus
455 2456 642 2492 frumentoque
659 2467 781 2486 caruere:
809 2464 853 2487 tua

63 2491 167 2519 luxuria
185 2497 264 2528 atque
282 2494 391 2520 avaritia
409 2493 504 2521 classis
519 2495 611 2530 populi
625 2496 736 2523 Romani
750 2505 764 2522 a
779 2505 855 2531 prae*

61 2528 176 2556 donibus
194 2534 270 2565 capta
288 2535 314 2557 et
331 2531 439 2558 incensa
457 2536 511 2559 est:
547 2534 606 2559 ⁴:38.
629 2537 689 2567 post
706 2533 853 2569 Syracusas

60 2566 178 2593 conditas
196 2576 278 2602 quem
296 2569 323 2595 in
343 2573 448 2603 portum
469 2577 617 2604 numquam
633 2571 716 2597 hostis
734 2579 854 2598 accesse-

62 2607 108 2634 rat,
123 2604 150 2630 in
164 2613 204 2636 eo,
220 2609 245 2632 te
258 2611 385 2640 praetore,
402 2607 519 2641 primum
534 2607 633 2641 piratae
643 2608 850 2643 navigaverunt:

61 2647 147 2675 neque
162 2641 225 2668 haec
239 2646 275 2669 tot
288 2647 413 2678 tantaque
430 2643 557 2671 dedecora
575 2644 790 2672 dissimulatione
809 2650 853 2672 tua

61 2684 148 2712 neque
161 2678 294 2706 oblivione
309 2680 448 2708 hominum
462 2690 492 2708 ac
506 2682 683 2709 taciturnitate
695 2688 786 2718 tegere
807 2692 853 2709 vo·
873 2697 876 2707 ι

891 603 892 614 ;
915 592 1030 622 recepto.

893 1782 898 1791 ’
910 1795 1006 1813 caussa
1020 1787 1110 1814 fuerit.

911 143 997 169 LIB.
1024 143 1055 169 V.
1090 142 1187 169 CAP.
1215 144 1245 169 48
1267 159 1303 164 —
1324 144 1365 170 54.
1662 145 1710 172 353

917 213 1003 245 luisti,
1033 213 1080 240 sed
1094 215 1173 241 etiam
1187 215 1298 241 navium
1312 213 1458 250 praefectos
1471 215 1529 241 sine
1542 214 1598 242 ulla
1615 225 1710 243 caussa

915 251 948 277 de
968 251 1109 286 complexu
1132 257 1272 286 parentum
1295 261 1418 283 suorum,
1443 252 1580 287 hospitum
1603 258 1710 280 tuorum

916 288 949 314 ad
958 293 1070 315 mortem
1081 290 1283 324 cruciatumque
1293 289 1405 324 rapuisti
1415 299 1420 315 :
1433 298 1520 325 neque
1531 290 1559 316 in
1569 296 1710 324 parentum

917 325 990 352 luctu
1007 330 1087 360 atque
1107 326 1223 353 lacrimis
1242 331 1268 353 te
1285 327 1338 353 mei
1355 327 1472 353 nominis
1495 329 1712 354 commemoratio

916 363 1061 399 mitigavit:
1090 364 1140 390 tibi
1158 364 1299 390 hominum
1317 365 1501 390 innocentium
1524 365 1636 400 sanguis
1659 374 1710 392 non

915 400 994 427 modo
1007 400 1146 436 voluptati,
1162 401 1210 427 sed
1224 402 1303 428 etiam
1317 402 1442 436 quaestui
1457 401 1517 428 fuit.
1558 402 1621 428 LIII.
1643 403 1712 428 Haec

915 438 937 463 si
952 438 1001 464 tihi
1015 442 1079 464 tuus
1097 447 1193 474 parens
1211 439 1322 470 diceret,
1343 447 1435 474 posses
1453 439 1486 465 ah
1500 448 1532 466 eo
1545 440 1650 466 veniam
1665 448 1712 475 pe-

915 475 987 501 tere?
1001 484 1104 510 posses,
1121 481 1150 502 ut
1163 477 1212 502 tibi
1226 477 1384 512 ignosceret,
1400 476 1554 511 postulare?

972 514 1029 539 439.
1052 513 1121 539 Satis
1135 518 1176 540 est
1189 513 1289 540 factum
1303 513 1416 545 Siculis,
1437 515 1501 540 satis
1520 514 1608 541 officio
1621 523 1650 541 ac
1665 523 1712 541 ne—

914 550 1082 581 cessitudini,
1100 551 1216 581 iudices,
1233 552 1297 577 satis
1312 552 1445 586 promisso
1458 556 1548 578 nostro
1561 560 1590 578 ac
1605 552 1712 578 muneri

1071 588 1184 623 Reliqua
1198 593 1239 614 est
1256 597 1286 615 ea
1305 597 1412 620 caussa,
1433 589 1550 619 iudices,
1570 598 1640 624 quae
1658 598 1711 616 non

914 624 967 650 iam
982 629 1098 659 recepta,
1115 625 1162 652 sed
1176 626 1280 657 innata,
1303 634 1390 660 neque
1403 626 1488 652 delata
1503 627 1536 652 ad
1551 635 1605 657 me,
1622 627 1669 653 sed
1682 628 1710 653 in

914 662 1003 688 animo
1016 671 1153 697 sensuque
1167 671 1227 690 meo
1240 663 1347 698 penitus
1362 663 1440 690 affixa
1459 668 1539 698 atque
1558 665 1638 690 insita
1655 669 1709 690 est:

914 707 983 733 quae
997 708 1049 726 non
1063 700 1095 725 ad
1110 701 1243 726 sociorum
1256 700 1380 732 salutem,
1396 700 1443 727 sed
1457 701 1489 726 ad
1504 701 1604 727 civium
1615 702 1712 728 Roma-

914 745 1023 767 norum,
1040 737 1089 763 hoc
1103 742 1143 763 est
1157 737 1189 763 ad
1204 738 1285 764 unius
1300 738 1433 772 cuiusque
1447 743 1576 769 nostrum,
1594 739 1675 764 vitam
1686 744 1712 765 et

914 774 1074 809 sanguinem
1089 775 1211 809 pertinet.
1252 776 1280 801 Iu
1294 784 1348 810 qua
1362 775 1442 802 nolite
1457 784 1470 801 a
1486 784 1541 806 me,
1563 777 1640 810 quasi
1659 776 1711 802 du-

913 811 990 837 bium
1012 811 1048 838 sit
1069 811 1185 847 aliquid,
1209 817 1379 848 argumenta,
1404 812 1521 843 iudices,
1546 818 1709 848 exspectare.

914 848 1019 880 Omnia,
1035 857 1104 884 quae
1118 849 1206 876 dicam
1219 850 1252 876 de
1263 850 1398 885 supplicio
1407 850 1509 876 civium
1518 851 1708 881 Romanorum,

913 887 953 912 sic
966 891 1044 913 erunt
1057 886 1127 913 clara
1141 891 1166 913 et
1178 887 1308 918 illustria,
1329 892 1359 914 ut
1377 887 1409 914 ad
1427 896 1457 914 ea
1475 887 1611 922 probanda
1630 892 1710 914 totam

913 923 1031 950 Siciliam
1050 928 1144 951 testem
1163 925 1291 951 adhibere
1308 926 1420 960 possim.
1462 925 1546 951 Furor
1564 925 1635 951 enim
1649 925 1711 960 qui-

913 961 988 992 dam,
1014 961 1123 988 sceleris
1142 966 1167 989 et
1185 962 1311 989 audaciae
1329 971 1431 994 comes,
1456 962 1536 989 istius
1554 962 1710 989 effrenatum

913 999 1034 1025 animum
1060 1000 1298 1035 importunamque
1324 1005 1445 1027 naturam
1476 1004 1548 1026 tanta
1576 1001 1712 1035 oppressit

913 1037 1041 1067 amentia,
1062 1041 1092 1063 ut
1109 1046 1258 1072 numquam
1277 1038 1412 1064 dubitaret
1429 1038 1456 1063 iu
1475 1042 1608 1064 conventu
1622 1037 1710 1072 palam

913 1073 1060 1109 supplicia,
1080 1083 1149 1109 quae
1167 1075 1195 1101 in
1213 1076 1348 1102 convictos
1367 1075 1492 1101 maleficii
1506 1083 1597 1101 servos
1611 1075 1712 1101 consti-

913 1116 969 1137 tuta
983 1116 1056 1143 sunt,
1072 1120 1101 1138 ea
1115 1113 1143 1138 in
1157 1113 1230 1139 cives
1241 1113 1373 1139 Romanos
1387 1120 1553 1147 expromere.
1577 1113 1635 1139 ⁴40.
1651 1113 1712 1138 Vir-

912 1149 955 1184 gis
968 1157 1050 1184 quam
1064 1149 1164 1176 multos
1177 1150 1316 1181 ceciderit,
1338 1150 1405 1185 quid
1423 1158 1473 1186 ego
1486 1149 1712 1176 commemorem?

913 1186 1027 1213 Tantum
1041 1187 1202 1214 brevissime
1216 1187 1284 1219 dico,
1300 1188 1417 1214 iudices:
1438 1187 1544 1214 nullum
1559 1187 1611 1214 fuit
1624 1188 1712 1214 omni—-

912 1232 946 1250 no
959 1224 1012 1250 isto
1025 1229 1144 1259 praetore
1157 1225 1185 1251 in
1200 1225 1250 1252 hoc
1262 1233 1360 1261 genere
1373 1225 1528 1252 discrimen.
1552 1225 1644 1260 Itaque
1657 1225 1710 1251 iam

912 1262 1106 1288 consuetudine
1124 1262 1157 1288 ad
1176 1271 1285 1297 corpora
1307 1263 1409 1289 civium
1428 1263 1607 1289 Romanorum
1630 1263 1710 1288 etiam

912 1299 971 1325 sine
986 1299 1065 1326 istius
1080 1304 1147 1326 nutu
1162 1299 1295 1326 ferebatur
1308 1309 1405 1326 manus
1419 1301 1477 1335 ipsa
1492 1300 1602 1326 lictoris.

968 1337 1032 1363 LIV.
1055 1337 1126 1363 Num
1140 1341 1215 1372 potes
1229 1337 1278 1364 boc
1293 1346 1397 1373 negare,
1411 1338 1512 1368 Verres,
1529 1338 1556 1363 in
1571 1337 1628 1364 foro
1637 1337 1711 1373 Lily-

911 1373 971 1400 baei
989 1375 1107 1401 maximo
1125 1379 1258 1401 conventu
1277 1375 1306 1401 Cs
1327 1375 1488 1406 Servilium,
1508 1375 1595 1401 civem
1615 1375 1711 1401 Roma·

912 1420 978 1437 num
997 1420 1012 1438 e
1029 1417 1162 1438 conventu
1177 1412 1363 1439 Panormitano
1376 1417 1493 1439 veterem
1508 1413 1707 1448 negotiatorem,

912 1448 945 1474 ad
959 1448 1084 1479 tribunal,
1101 1454 1160 1475 ante
1175 1450 1256 1483 pedes
1271 1454 1342 1480 tuos,
1358 1450 1390 1476 ad
1405 1454 1501 1476 terram
1513 1450 1596 1485 virgis
1611 1454 1637 1476 et
1651 1459 1710 1476 ver-

911 1486 1022 1512 beribus
1037 1486 1190 1513 abiectum?
1211 1487 1288 1513 Aude
1303 1487 1352 1513 hoc
1367 1488 1485 1521 primum
1500 1495 1608 1522 negare,
1625 1488 1647 1513 si
1663 1495 1710 1522 po-

912 1528 965 1550 tes.-
990 1532 1068 1550 nemo
1082 1523 1202 1560 Lilybaei
1216 1524 1276 1555 fuit,
1292 1525 1359 1559 quin
1374 1524 1484 1556 viderit;
1509 1533 1587 1551 nemo
1600 1525 1626 1550 in
1642 1524 1710 1550 Sici-

913 1561 955 1592 lia,
972 1562 1038 1596 quin
1053 1561 1178 1588 audierit.
1201 1561 1289 1598 Plaff's
1303 1561 1453 1588 confectum
1468 1562 1527 1588 dico
1541 1571 1555 1588 a
1571 1561 1709 1588 lictoribus

911 1599 965 1624 tuis
987 1599 1074 1625 civem
1095 1599 1244 1626 Romanum
1269 1604 1328 1626 ante
1352 1599 1443 1626 oculos
1467 1604 1526 1626 tuos
1548 1599 1708 1626 concidisse.

913 1637 970 1662 ⁴41.
991 1636 1026 1662 At
1039 1645 1120 1672 quam
1135 1637 1168 1663 ob
1182 1636 1324 1663 caussam?
1346 1637 1386 1663 Dii
1400 1637 1578 1663 immortales!
1603 1636 1709 1663 tametsi

911 1674 1037 1700 iniuriam
1064 1674 1132 1701 facio
1157 1675 1295 1701 communi
1321 1683 1432 1701 caussae
1454 1679 1480 1700 et
1502 1675 1554 1700 iuri
1577 1675 1706 1700 civitatis:

910 1711 986 1746 quasi
1003 1712 1074 1738 enim
1089 1711 1144 1738 ulla
1159 1712 1245 1747 possit
1258 1720 1317 1738 esse
1331 1720 1439 1743 caussa,
1456 1720 1503 1738 cur
1517 1712 1567 1738 hoc
1580 1712 1708 1746 cuiquam

910 1749 964 1776 civi
973 1749 1091 1776 Romano
1102 1750 1160 1776 iure
1174 1749 1283 1780 accidat,
1300 1750 1334 1775 ita
1349 1758 1457 1784 quaero,
1473 1757 1543 1784 quae
1557 1750 1584 1775 in
1595 1749 1709 1776 Servilio

1151 1787 1282 1823 Ignoscite
1297 1787 1323 1813 in
1339 1787 1388 1814 hoc
1402 1795 1464 1817 uno,
1481 1786 1598 1813 iudices:
1623 1787 1651 1813 in
1665 1795 1709 1812 ce-

911 1825 974 1851 teris
989 1825 1060 1851 enim
1076 1833 1128 1851 non
1143 1833 1241 1860 magno
1254 1833 1334 1859 opere
1347 1833 1457 1851 caussas
1472 1825 1618 1859 requiram.
1660 1825 1710 1851 Lo-

910 1867 990 1889 cutus
1003 1866 1060 1888 erat
1074 1862 1186 1889 liberius
1200 1862 1234 1888 de
1247 1862 1327 1888 istius
1342 1862 1511 1896 improbitate
1523 1866 1602 1896 atque
1612 1862 1710 1897 nequi-

910 1900 955 1926 tia.
995 1899 1072 1932 Quod
1091 1900 1135 1926 isti
1154 1899 1269 1926 simulac
1288 1900 1470 1926 renuntiatum
1493 1903 1546 1930 est,
1572 1899 1707 1926 hominem

909 1937 985 1964 iubet
998 1937 1155 1973 Lilybaeum
1178 1937 1360 1964 vadimonium
1375 1938 1485 1964 Venerio
1502 1945 1580 1963 servo
1597 1937 1708 1972 promit-

910 1979 974 2002 tere.
1015 1975 1156 2002 Promittit.
1198 1974 1356 2011 Lilybaeum
1375 1975 1491 2001 venitur.
1532 1974 1631 2011 Cogere
1645 1983 1706 2001 eum

909 2013 1004 2047 coepit,
1020 2020 1106 2047 quum
1121 2017 1210 2048 ageret
1220 2021 1307 2043 nemo,
1324 2020 1402 2038 nemo
1413 2011 1568 2047 postularet,
1585 2012 1708 2046 sponsio-

909 2059 971 2076 nem
989 2049 1105 2077 duorum
1124 2049 1241 2076 millium
1260 2052 1402 2077 nummum
1425 2049 1510 2076 facere
1531 2058 1593 2076 cum
1618 2049 1707 2075 lictore

909 2096 972 2118 suo,
988 2096 1017 2113 ul
1031 2096 1135 2114 Funus
1148 2096 1302 2118 ouaesruu
1317 2096 1459 2114 ricaner.
1500 2087 1706 2121 Recuperatorcs

909 2133 938 2152 se
951 2125 984 2152 de
997 2124 1105 2152 cohorte
1119 2133 1168 2152 sua
1181 2125 1287 2152 dicebat
1300 2125 1436 2151 daturum.
1477 2124 1608 2150 Servilius
1622 2129 1647 2150 et
1666 2133 1707 2150 rc-

908 2170 1002 2190 cusare
1016 2167 1042 2189 et
1054 2162 1204 2197 deprecari,
1225 2170 1258 2188 ne.
1273 2162 1375 2197 iniquis
1394 2162 1545 2192 iudicibus,
1567 2161 1641 2188 nullo
1659 2161 1706 2188 ad-

908 2200 1035 2231 versario,
1051 2200 1183 2226 iudicium
1197 2200 1293 2234 capitis
1309 2200 1335 2226 in
1350 2208 1379 2226 se
1392 2200 1608 2226 constitueretur.
1647 2200 1703 2225 tta.

907 2238 977 2264 Haec
990 2246 1076 2272 quum
1091 2238 1207 2264 maxime
1223 2237 1388 2272 loqueretur.
1408 2245 1457 2263 sex
1471 2236 1576 2262 lictores
1590 2237 1706 2262 circum-

907 2275 1008 2301 sistunt
1022 2274 1200 2301 valentissimi
1215 2279 1240 2301 et
1254 2274 1287 2300 ad
1306 2274 1452 2309 pulsandos
1472 2273 1705 2308 verberandosque

908 2312 1030 2338 homines
1055 2312 1284 2338 exercitatissimi:
1312 2311 1427 2338 caedunt
1452 2311 1578 2337 acerrime
1605 2311 1702 2344 virgis:

906 2349 1024 2384 (lenique
1050 2349 1190 2383 proximus
1218 2349 1293 2375 lictor
1317 2349 1360 2383 (de
1382 2357 1438 2383 quo
1460 2349 1512 2374 iam
1536 2356 1615 2382 saepe
1637 2348 1705 2381 dixi)

906 2387 1015 2413 Sextius
1029 2394 1158 2412 converso
1172 2385 1268 2412 bacino
1281 2385 1372 2412 oculos
1386 2385 1484 2411 misero
1498 2385 1609 2410 tundere
1624 2384 1705 2411 veh&

906 2424 1073 2450 mentissime
1087 2423 1183 2457 coepit.
1214 2423 1304 2457 ltaque
1319 2423 1357 2448 illi
1372 2430 1457 2457 quum
1471 2422 1583 2456 sanguis
1597 2430 1626 2448 os
1640 2430 1704 2448 ocu-

907 2461 1000 2495 losque
1012 2460 1186 2494 complesset.
1207 2460 1336 2492 concidit;
1360 2468 1445 2494 quum
1460 2458 1499 2485 illi
1515 2459 1599 2485 nihilo
1613 2460 1703 2486 minus

905 2498 1001 2525 iacenti
1017 2497 1095 2524 latera
1111 2497 1300 2528 tunderentur,
1324 2501 1353 2523 ut
1369 2496 1514 2531 aliquando
1527 2496 1660 2531 spondere
1673 2505 1702 2523 se

905 2535 1013 2562 diceret.
1054 2535 1099 2561 Sic
1113 2534 1159 2561 ille
1173 2534 1292 2565 affectus,
1309 2534 1383 2560 illinc
1393 2538 1450 2560 tum
1463 2542 1510 2568 pro
1521 2539 1626 2561 mortuo
1635 2535 1702 2560 sub-

906 2572 975 2599 latus
993 2572 1067 2599 brevi
1089 2577 1179 2607 postea
1202 2577 1242 2598 est
1265 2576 1396 2598 mortuus.
1438 2572 1489 2598 lste
1510 2576 1599 2598 autem
1624 2571 1702 2597 homo

904 2610 1034 2637 Venerius
1047 2614 1073 2637 et
1086 2608 1199 2636 affluens
1213 2610 1286 2636 omni
1303 2609 1390 2644 lepore
1403 2614 1430 2635 et
1443 2613 1584 2635 venustate
1601 2609 1635 2635 de
1654 2609 1701 2635 bo—

905 2647 946 2673 nis
966 2647 1040 2674 illius
1059 2647 1086 2673 in
1107 2647 1171 2674 aede
1186 2646 1293 2673 Veneris
1307 2651 1463 2682 argenteum
1477 2646 1638 2681 Cupidinem
1654 2655 1700 2680 po-

904 2685 969 2711 suit.
1009 2685 1052 2715 Sic
1074 2685 1153 2711 etiam
1179 2684 1292 2710 fortunis
1317 2684 1454 2710 hominum
1482 2684 1642 2710 abutebatur
1667 2683 1699 2708 ad
