1941 3052
375 142 707 170 EPISTOLARUM
736 143 790 169 AD
820 142 1024 170 ATTICUM
1054 143 1136 169 LIB.
1168 143 1214 169 lv.

90 224 184 247 NEQUE
205 223 308 241 porum
327 223 410 242 iussu
428 223 524 246 saone
545 223 646 241 vteris
665 223 748 241 seiri]
773 223 809 245 is,
835 222 884 244 0151

89 262 120 280 ss
141 261 304 279 nnmcassa
324 260 466 284 mesum,
489 260 885 278 110111111111111111111111111-

89 299 199 318 rscrus
221 298 322 320 esser,
349 298 444 320 NEQUE
470 299 573 316 rorum
597 298 680 316 mssa
702 298 757 315 Aur
783 297 884 315 naurs

89 336 173 354 sciro
197 336 226 353 in
251 335 368 353 neena
395 336 495 354 IUSSUS
520 336 620 358 essm,
652 335 768 356 vinnm.
798 334 883 352 posse

88 373 155 392 siut:
176 372 337 390 RELIGIONE
358 373 416 390 mii
437 373 552 390 parram
572 373 669 390 mima
690 373 720 390 111
736 371 881 394 nesrirc13

89 401 159 429 mihi
169 400 237 428 facta
251 401 340 428 statim
352 405 392 427 est
402 401 558 436 gratulatio:
575 416 612 420 —
627 409 705 427 nemo
716 401 788 427 enim
802 399 885 426 dubi-

89 439 170 469 tabat,
184 439 251 473 quin
262 438 359 465 domus
372 439 449 465 nobis
460 443 530 465 esset
541 438 703 464 adiudicata.
715 453 752 457 —
763 438 831 464 Tum
838 446 884 463 su-

90 476 146 503 bito
157 475 202 502 ille
214 477 241 502 in
252 476 408 502 concionem
420 476 548 506 ascendit,
558 484 639 510 quani
646 476 751 510 Appius
762 475 786 501 ei
798 474 882 501 dedit.

90 514 202 540 Nuntiat
212 514 265 539 iam
276 512 385 548 populo,
393 513 533 548 pontifices
547 512 697 539 secundum
709 520 737 538 se
748 511 885 538 decrevis-

89 559 132 583 se;
148 559 190 577 me
201 555 290 577 autem
303 552 329 577 vi
340 551 430 576 conari
442 551 469 576 in
480 551 678 585 possessionem
691 550 792 575 venire.
819 549 886 575 Hor-

89 592 173 618 tatur.
190 593 220 614 ut
235 596 263 614 se
275 592 300 614 et
310 588 429 622 Appium
440 592 588 623 sequantur
599 592 624 614 et
635 595 711 613 suam
723 586 885 612 Libertatem

89 630 120 653 ut
129 624 283 652 defendant.
323 626 372 651 Hic
383 634 468 659 quum
479 625 559 651 etiam
571 624 611 650 illi
622 624 709 650 infimi
724 624 822 658 partim
837 622 885 648 ad-

89 663 260 693 mirarentur,
274 663 371 697 partim
383 662 525 688 irriderent
536 662 654 688 hominis
665 661 822 693 amentiam3
836 668 885 695 ego

89 704 234 727 statueram
250 699 315 726 illuc
330 708 382 726 non
397 699 536 730 accedere,
554 699 607 725 nisi
619 707 704 733 quum
716 697 840 724 consules
852 705 886 723 ex

89 742 198 764 senatus
214 736 336 764 consulto
350 737 483 771 porticum
493 736 582 763 Catuli
596 735 789 762 restituendam
801 734 885 761 locas-

89 780 159 801 sent.
200 775 224 801 4,
248 774 307 801 Kal.
320 773 413 800 Octob.
427 774 541 800 habetur
550 778 659 799 senatus
671 772 807 807 frequens.
830 771 885 798 Ad-

89 812 219 839 hibentur
233 820 326 838 omnes
341 811 495 846 pontifices,
518 811 566 845 qui
584 814 658 837 erant
678 814 823 836 senatores.
863 809 885 835 A

88 850 192 884 quibus
206 848 390 879 Marcellinus,
411 849 459 883 qui
470 853 525 874 erat
535 847 731 882 cupidissimus
743 847 810 877 mei,
823 855 886 872 sen—

89 887 200 914 tentiam
211 887 316 921 primus
327 890 444 921 rogatus,
458 886 606 920 quaesivit,
620 884 687 920 quid
699 889 789 910 essent
800 884 827 910 in
837 883 886 910 de-

88 923 222 950 cernendo
237 924 333 950 secuti.
375 923 443 949 Tum
454 923 489 949 M.
503 922 633 949 Lucullus
647 922 680 948 de
695 922 817 948 omnium
830 920 886 947 col-

89 960 211 997 legarum
221 960 353 987 sententia
364 960 515 995 respondit,
528 959 668 995 religionis
680 959 784 986 iudices
796 959 886 994 ponti-

89 998 153 1025 fices
164 998 258 1029 fuisse,
271 998 339 1034 legis
349 1002 486 1024 senatum:
500 1006 528 1023 se
540 1002 566 1024 et
575 997 692 1033 collegas
703 1005 766 1023 suos
778 996 810 1022 de
822 996 886 1022 reli-

87 1037 168 1072 gione
179 1037 315 1067 statuisse,
329 1036 356 1062 in
367 1040 462 1063 senatu
474 1035 507 1061 de
519 1034 577 1070 lege
588 1039 743 1061 statuturos.
763 1033 885 1068 Quisque

88 1073 200 1104 horum,
223 1073 280 1100 loco
300 1074 461 1099 sententiam
480 1077 602 1108 rogatuS‚
630 1072 714 1099 multa
734 1071 885 1098 secundum

88 1119 212 1138 caussam
223 1115 341 1137 nostram
353 1110 512 1145 disputavit.
536 1110 626 1143 Quum
638 1109 671 1136 ad
682 1109 807 1136 Clodium
819 1117 886 1135 ven-

88 1153 147 1175 tum
158 1153 207 1179 est,
220 1149 306 1183 cupiit
317 1148 389 1174 diem
400 1156 569 1179 consumere,
587 1156 675 1183 neque
686 1148 710 1173 ei
723 1147 784 1173 finis
795 1151 835 1173 est
846 1145 886 1172 fa-

88 1190 161 1213 ctus:
175 1185 223 1212 sed
233 1190 331 1217 tamen,
345 1194 430 1221 quum
443 1186 521 1213 horas
532 1186 580 1212 tris
592 1184 646 1211 fere
657 1184 851 1215 dixisset‚odio
861 1188 886 1210 et

88 1223 202 1258 strepitu
213 1228 322 1250 senatus
332 1228 440 1250 coactus
446 1222 637 1258 estaliquando
643 1231 775 1257 perorare.
795 1222 884 1254 Quum

89 1260 163 1287 fleret
182 1265 292 1287 senatus
312 1260 467 1287 consultum
487 1260 515 1287 in
540 1261 699 1286 sententiam
724 1259 882 1289 Marcellini,

88 1298 216 1325 omnibus
232 1303 336 1333 praeter
351 1307 437 1325 unum
453 1298 678 1328 assentientibus,
696 1297 826 1324 Serranus
842 1297 886 1322 in-

88 1336 220 1363 tercessit.
260 1336 296 1362 De
311 1336 503 1362 intercessione
515 1336 604 1362 statim
616 1335 696 1361 ambo
706 1334 831 1361 consules
843 1342 886 1360 re-

88 1372 157 1400 ferre
167 1377 322 1408 coeperunt.
361 1373 451 1406 Quum
461 1374 608 1400 sententiae
619 1373 797 1408 gravissimae
811 1372 886 1398 dice-

88 1415 193 1437 rentur:
211 1411 316 1437 senatui
327 1410 445 1445 placere,
463 1411 531 1437 mihi
543 1410 653 1437 domum
665 1410 783 1440 restitui,
802 1409 886 1444 porti-

87 1456 150 1474 cum
166 1447 254 1475 Catuli
271 1447 365 1480 locari,
387 1449 569 1475 auctoritatem
585 1447 689 1474 ordinis
705 1447 738 1474 ab
757 1447 885 1473 omnibus

88 1485 291 1521 magistratibus
303 1485 425 1518 defendi,
444 1486 467 1511 si
483 1494 552 1520 quac
565 1486 606 1511 vis
621 1490 692 1511 esset
708 1484 788 1515 sacta.
807 1492 886 1511 sena-

86 1527 145 1550 tum
157 1523 386 1553 existimaturum,
399 1523 459 1549 eius
470 1531 549 1557 opera
562 1522 660 1549 factum
672 1523 796 1557 esse,qui
807 1530 886 1548 sena-

87 1565 131 1587 tus
142 1560 264 1587 consulto
276 1560 484 1587 intercessisset:
499 1560 630 1586 Serranus
642 1560 781 1594 pertimuit
790 1559 886 1586 etCor-

87 1598 196 1624 nicinus
207 1597 240 1624 ad
252 1606 329 1624 suam
340 1602 458 1624 veterem
470 1597 589 1624 fabulam
597 1597 689 1624 rediit:
703 1597 806 1623 abiecta
814 1602 882 1632 toga,

86 1643 116 1662 se
127 1634 161 1661 ad
171 1635 263 1670 generi
275 1635 358 1670 pedes
370 1635 479 1661 abiecit.
519 1635 565 1661 Ille
579 1640 683 1661 nortem
699 1635 752 1661 sibi
765 1634 885 1669 postula-

87 1672 140 1699 vit:
163 1681 215 1699 non
231 1672 423 1699 concedebant.
463 1672 717 1699 Reminiscebantur
735 1673 808 1698 enim
824 1671 883 1698 Kal.

87 1710 192 1736 Ianuar.
224 1710 276 1736 Vix
291 1715 380 1736 tamen
396 1710 429 1736 de
445 1718 504 1736 mea
515 1710 651 1736 voluntate
663 1718 822 1736 concessum
833 1713 883 1735 est.

86 1748 112 1774 5.
124 1747 255 1774 Postridie
266 1752 375 1774 senatus
386 1747 541 1774 consultum
553 1747 652 1774 factum
664 1752 704 1774 est
715 1747 752 1778 id,
766 1747 839 1782 quod
851 1746 884 1773 ad
913 1778 914 1781 Ἴ

913 1786 914 1806 1
936 1794 1075 1811 servorum
1087 1785 1210 1811 consiliis
1222 1786 1318 1812 utitur:
1343 1785 1425 1812 videt.
1439 1786 1462 1811 si
1473 1792 1652 1819 ouines.quos
1664 1782 1731 1814 vult,

86 1789 112 1811 te
123 1785 197 1811 misi.
237 1784 339 1811 Deinde
354 1785 480 1812 consules
493 1787 627 1820 porticum
638 1785 725 1812 Catuli
740 1786 885 1812 restituen-

86 1821 149 1848 dam
170 1821 303 1849 locarunt:
335 1822 410 1849 illam
436 1823 568 1857 porticum
590 1823 772 1858 redemptores
793 1823 883 1849 statim

86 1864 150 1886 sunt
164 1858 287 1886 demoliti
306 1859 495 1886 libentissimis
510 1860 648 1887 omnibus.
689 1860 772 1887 Nobis
788 1868 885 1894 super-

86 1896 175 1923 ficiem
189 1897 297 1923 aedium
313 1897 438 1924 consules
449 1898 482 1924 de
496 1897 603 1924 consilii
615 1898 746 1924 sententia
758 1898 885 1924 aestima-

87 1938 150 1960 runt
160 1933 225 1960 H-S
237 1935 335 1967 vicies;
359 1939 445 1961 cetera
457 1935 535 1961 valde
547 1935 728 1961 illiberaliter:
753 1935 885 1961 Tuscula-

86 1979 148 1998 nam
169 1970 263 1997 villam
284 1971 441 2007 quingentis
463 1972 599 1998 millibus:
632 1973 805 1999 Formianum
822 1972 885 1998 u-S

86 2008 211 2035 ducentis
236 2008 435 2044 quinquaginta
457 2008 590 2036 millibus.
641 2009 714 2041 Quae
735 2010 884 2036 aestimatio

87 2053 139 2072 non
160 2045 239 2072 modo
254 2045 428 2072 vehementer
442 2046 476 2072 ab
491 2047 593 2081 optimo
603 2055 721 2081 quoque,
744 2047 792 2073 sed
803 2047 884 2073 etiam

86 2092 101 2110 a
121 2082 200 2118 plebe
222 2082 437 2117 reprehenditur.
482 2084 574 2115 Dices,
592 2084 659 2119 quid
676 2084 759 2119 igitur
773 2092 885 2110 caussae

87 2119 155 2147 fuit?
183 2120 282 2147 Dicunt
294 2120 334 2146 illi
345 2120 466 2155 quidem.
478 2121 608 2156 pudorem
625 2130 729 2154 meum;
752 2121 825 2156 quod
837 2129 885 2148 ne-

85 2165 139 2192 que
151 2157 270 2193 negarim
283 2166 371 2192 neque
383 2158 571 2185 vehementius
582 2158 751 2193 postularim.
771 2158 824 2185 Sed
831 2167 884 2185 non

86 2199 127 2222 est
147 2194 187 2221 id:
220 2203 282 2222 nam
302 2195 352 2222 hoc
366 2195 477 2230 quidem
493 2196 574 2222 etiam
588 2195 743 2231 profuisset.
785 2197 884 2222 Verum

86 2231 180 2263 iidem,
201 2232 239 2259 mi
255 2233 285 2259 T.
298 2233 437 2268 Pomponi,
457 2232 549 2264 iidem,
567 2233 689 2268 inquam,
704 2233 753 2264 iiii,
771 2242 840 2268 quos
851 2241 885 2260 ne

86 2274 116 2297 tu
135 2269 247 2305 quidem
263 2270 380 2306 ignoras,
403 2271 451 2305 qui
468 2270 534 2296 mihi
551 2271 648 2305 pinnas
660 2270 818 2302 inciderant,
836 2279 885 2297 no—

87 2306 264 2334 lunteasdeni
278 2308 392 2334 renasci.
414 2309 475 2338 Sed,
491 2312 519 2334 ut
529 2317 616 2343 spero,
630 2309 683 2335 iam
695 2313 882 2335 renascuntur.

86 2344 126 2371 Tu
147 2344 226 2372 modo
241 2344 274 2371 ad
291 2354 338 2372 nos
355 2346 430 2372 veni:
454 2345 527 2380 quod
539 2354 631 2372 vereor
642 2354 676 2372 ne
688 2345 790 2372 tardius
802 2346 884 2372 inter-

87 2386 169 2408 ventu
190 2381 316 2409 Varronis
338 2383 375 2410 tui
389 2384 527 2417 nostrique
549 2383 640 2409 facias.
687 2385 712 2410 6.
738 2383 881 2415 Quoniam,

85 2423 143 2445 acta
153 2426 222 2454 quae
234 2420 297 2451 sint.
311 2419 445 2451 habes,de
458 2420 560 2455 reliqua
572 2425 660 2447 nostra
673 2421 832 2455 cogitatione
839 2429 884 2447 co-

85 2464 194 2492 gnosce.
235 2457 291 2492 Ego
303 2466 344 2484 me
356 2456 390 2494 [a]
408 2458 534 2492 Pompeio
552 2457 634 2493 legari
651 2458 685 2484 itu
702 2466 763 2484 sum
775 2466 881 2493 passus,

85 2497 116 2520 ut
131 2493 205 2521 nulla
220 2502 247 2520 re
260 2495 415 2529 impedirer,
433 2496 509 2530 quin,
523 2496 546 2521 si
559 2495 667 2525 vellem,
681 2495 750 2521 milii
761 2500 832 2522 esset
842 2495 884 2522 in—

85 2535 206 2566 tegrum.
228 2536 287 2563 aut,
305 2533 328 2558 si
343 2533 451 2559 comitia
466 2541 607 2559 censorum
623 2533 741 2568 proximi
757 2532 883 2559 consules

86 2567 224 2598 haberent.
238 2574 327 2603 petere
340 2568 439 2606 [posse]
457 2575 502 2597 aut
514 2571 630 2597 votivam
648 2570 809 2605 legationem
821 2579 883 2596 sus-

85 2605 175 2640 cipere
190 2613 273 2641 prope
287 2608 410 2634 omnium
427 2608 559 2637 sanorum.
580 2607 713 2634 lucorum.
754 2606 798 2634 Sic
809 2608 882 2634 euim

86 2647 191 2670 nostrae
212 2644 328 2676 rationes
348 2644 530 2680 postulabant.
572 2645 624 2672 Sed
637 2644 715 2671 volui
732 2653 819 2671 meam
834 2653 883 2680 po-

85 2683 208 2709 testatem
223 2689 282 2708 esse
298 2681 340 2710 vel
351 2682 469 2718 petendi,
489 2682 530 2710 vel
545 2683 655 2710 ineunte
671 2686 768 2710 aestate
779 2691 883 2710 exeun-

914 1646 915 1653 *
936 1635 983 1661 sed
996 1639 1083 1661 tamen
1094 1643 1228 1661 caussam.

1246 143 1305 169 ΕΡ.
1330 145 1338 169 1
1363 159 1399 163 -
1419 145 1443 170 3.
1679 146 1727 172 843

936 213 977 246 (11;
1010 218 1044 244 et,
1063 213 1162 240 interea
1174 222 1216 240 me
1227 222 1286 240 esse
1299 214 1325 240 in
1337 213 1422 240 oculis
1433 214 1545 244 civium.
1559 214 1592 241 de
1606 223 1649 241 me
1659 216 1730 250 opti-

936 259 978 277 me
998 251 1167 281 meritorum,
1186 260 1238 277 non
1254 251 1372 278 alienum
1392 252 1496 286 putavi.
1536 253 1561 278 7.
1584 253 1620 278 Ac
1642 252 1730 279 foren—

936 288 1008 314 sium
1024 288 1135 323 quidem
1151 296 1240 314 rerum
1254 289 1319 315 haec
1330 294 1418 315 nostra
1429 289 1541 315 consilia
1553 294 1624 320 sunt,
1637 289 1730 316 dome-

935 326 1064 351 sticarum
1081 330 1169 352 autem
1182 326 1260 352 valde
1272 326 1411 360 impedita.
1451 327 1551 353 Domus
1562 326 1728 353 aedificatur.

935 362 1002 393 Scis,
1016 371 1069 397 quo
1081 367 1200 397 sumptu,
1209 372 1261 398 qua
1274 363 1728 396 molestiareficiaturFormianum·,

936 399 1008 434 quod
1019 408 1068 435 ego
1079 408 1128 426 nec
1139 399 1291 436 relinquere
1302 409 1422 435 possum,
1432 410 1481 427 nec
1492 401 1594 428 videre.
1626 402 1731 428 Tuscu-

937 437 1027 463 lanum
1038 438 1199 471 proscripsi:
1222 438 1379 464 suburbano
1391 447 1442 464 non
1455 438 1532 465 facile
1544 447 1630 465 careo.
1655 439 1732 465 Ami-

913 480 914 483 ’
935 483 1028 500 corum
1040 474 1192 510 benignitas
1204 475 1334 502 exhausta
1345 480 1385 502 est
1396 476 1423 502 in
1435 484 1464 502 ea
1477 484 1512 506 re,
1521 485 1590 511 quae
1603 476 1670 502 nihil
1684 476 1732 502 ha-

936 511 995 538 buit
1010 516 1114 546 praeter
1125 511 1255 545 dedecusg
1269 512 1350 547 (quod
1361 514 1470 540 sensisti
1483 518 1510 539 tu
1522 513 1645 548 absens3)
1664 522 1732 548 quo-

937 557 996 574 rum
1017 549 1116 575 studiis
1131 558 1179 583 ego
1195 554 1220 576 et
1231 551 1325 584 copiis,
1343 551 1367 576 si
1379 555 1449 577 esset
1464 559 1511 585 per
1522 559 1595 577 meos
1607 550 1732 577 defenso-

936 594 978 612 res
994 585 1108 617 licitum,
1127 585 1204 612 facile
1220 595 1307 613 essem
1318 588 1408 614 omnia
1421 593 1591 614 consecutus
1632 587 1690 620 Quo
1704 589 1732 614 in

937 632 1034 658 genere
1047 631 1118 649 nunc
1131 623 1303 651 vehementer
1315 624 1458 651 laboratur.
1499 625 1599 655 Cetera,
1608 634 1677 660 quae
1690 633 1732 652 me

937 660 1090 691 sollicitant,
1112 661 1290 697 μυστικώτερα
1308 666 1380 688 sunt.
1421 663 1550 689 Amamur
1563 671 1577 688 a
1592 662 1671 689 fratre
1682 667 1732 689 eta

938 697 1003 724 filia.
1043 698 1079 724 Te
1091 703 1289 733 exspectamus.

989 786 1031 807 Ill.
1059 789 1146 812 (Romae,
1156 790 1244 811 Lentulo,
1254 791 1333 809 Metello
1343 796 1389 807 coss.
1400 791 1456 812 697.)

1119 839 1291 867 CICERO
1320 840 1489 868 ATTICO
1520 841 1550 868 S.

995 887 1018 912 1,
1031 880 1124 912 Avere
1131 890 1156 912 te
1167 891 1238 912 certo
1250 887 1314 917 scio,
1323 895 1408 922 quum
1416 887 1494 917 scire,
1503 886 1570 921 quid
1578 886 1730 922 hicagatur,

937 928 995 950 tum
1011 931 1070 949 mea
1085 931 1099 949 a
1114 931 1157 949 me
1168 924 1251 956 scire;
1285 933 1337 950 non
1352 933 1406 959 quo
1421 924 1532 950 certiora
1546 925 1600 950 sint
1611 932 1650 955 ea,
1664 932 1733 959 quae

938 961 965 987 in
976 960 1063 987 oculis
1073 961 1195 987 omnium
1206 966 1345 996 geruntur,
1364 962 1386 987 si
1397 970 1412 988 a
1424 970 1466 987 me
1478 961 1638 991 scribantur,
1651 970 1733 996 quain

937 1006 1023 1033 quum
1044 998 1077 1024 ab
1097 998 1159 1024 aliis
1183 1003 1229 1025 aut
1249 999 1404 1025 scribuntur
1424 999 1474 1026 tibi
1495 1003 1541 1025 aut
1560 999 1731 1031 nuntiantur;

938 1044 1032 1061 verum
1053 1040 1083 1062 ut
1102 1036 1251 1070 perspicias
1267 1045 1300 1063 ex
1315 1037 1384 1062 meis
1401 1036 1510 1067 litteris,
1528 1045 1582 1071 quo
1597 1037 1688 1063 animo
1703 1044 1733 1063 ea

937 1072 1035 1104 feram,
1058 1081 1128 1108 quae
1148 1078 1293 1109 geruntur:
1325 1078 1350 1100 et
1369 1075 1418 1109 qui
1438 1074 1473 1100 sit
1489 1074 1539 1100 hoc
1554 1078 1673 1108 tempore
1689 1078 1734 1100 aut

937 1111 1035 1137 mentis
1047 1119 1121 1137 meae
1133 1119 1238 1142 sensus,
1247 1116 1292 1137 aut
1302 1112 1412 1138 omnino
1420 1112 1590 1138 vitaestatus.
1606 1112 1734 1137 ⁶2.Arma·

938 1148 971 1174 tis
992 1148 1152 1175 hominibus
1168 1153 1228 1175 ante
1244 1148 1317 1175 diem
1333 1150 1442 1175 tertium
1459 1149 1526 1175 Non.
1540 1148 1673 1175 Novemb.
1686 1156 1734 1175 ex-

937 1185 1010 1220 pulsi
1030 1190 1094 1212 sunt
1114 1185 1182 1212 fabri
1198 1185 1231 1212 de
1247 1195 1307 1212 area
1324 1191 1426 1217 nostra,
1448 1186 1599 1213 disturbata
1615 1187 1734 1221 porticus

937 1222 1038 1254 Catuli,
1061 1232 1130 1258 quae
1150 1231 1184 1250 ex
1198 1228 1308 1250 senatus
1324 1223 1446 1250 consulto
1464 1224 1607 1250 consulum
1626 1223 1734 1250 locatio-

937 1269 970 1287 ne
982 1260 1151 1287 reficiebatur
1165 1265 1191 1287 et
1200 1260 1233 1287 ad
1245 1266 1344 1288 tectum
1355 1269 1440 1296 paene
1451 1265 1618 1296 pervenerat.
1640 1260 1733 1293 Quinti

937 1297 1026 1324 fratris
1047 1297 1144 1324 domus
1161 1299 1248 1333 primo
1264 1298 1344 1326 fracta
1361 1299 1483 1325 coniectu
1495 1298 1617 1333 lapidum
1629 1306 1662 1324 ex
1673 1306 1734 1324 area

937 1340 1035 1367 nostra,
1058 1335 1157 1362 deinde
1174 1335 1335 1362 inflammata
1352 1337 1429 1362 iussu
1445 1335 1545 1366 Clodii,
1566 1336 1734 1370 inspectante

914 1366 915 1393 Ῐ
937 1372 1021 1404 Urbe,
1044 1373 1173 1399 coniectis
1193 1373 1318 1409 ignibus,
1342 1382 1438 1409 magna
1454 1373 1562 1408 querela
1579 1379 1602 1399 et
1618 1373 1731 1408 gemitu,

937 1419 989 1436 non
1001 1410 1089 1436 dicam
1100 1410 1240 1441 bonorum,
1254 1412 1301 1445 qui
1314 1412 1403 1437 nescio
1410 1419 1442 1437 an
1455 1410 1592 1441 nullisint,
1601 1409 1648 1436 sed
1655 1409 1734 1444 plane

938 1448 1078 1474 hominum
1093 1448 1226 1474 omnium.
1258 1448 1304 1475 llle
1318 1448 1463 1475 vehemens
1476 1456 1566 1474 ruere:
1590 1447 1734 1482 posthunc

937 1484 1054 1512 furorem
1070 1484 1139 1511 niliil
1157 1485 1209 1511 nisi
1228 1485 1337 1518 medem
1353 1486 1525 1512 inimicorum
1537 1486 1667 1521 cogitareg
1691 1485 1734 1511 vi-

913 1537 915 1563 3
936 1524 1016 1549 catini
1037 1522 1153 1555 ambire3
1186 1524 1274 1549 servis
1295 1528 1384 1558 aperte
1399 1532 1476 1558 spem
1494 1522 1624 1549 libertatis
1643 1527 1734 1548 osten-

936 1560 1009 1586 dere.
1049 1560 1155 1586 Etenim
1172 1565 1257 1591 autea‚
1275 1569 1361 1595 quum
1373 1561 1506 1587 iudicium
1520 1560 1634 1590 nolebat,
1649 1559 1734 1585 habe-

937 1598 981 1624 bat
1004 1597 1049 1623 ille
1067 1597 1179 1632 quidem
1199 1597 1340 1624 difficilem
1356 1597 1581 1632 manifestamque
1597 1605 1731 1627 caussam,

1269 1635 1372 1662 Poterat
1384 1636 1501 1665 infitiari,
1515 1639 1616 1670 poterat
1628 1635 1654 1660 in
1666 1633 1733 1660 alios

936 1672 1067 1703 derivare,
1081 1677 1182 1707 poterat
1193 1673 1272 1699 etiam
1284 1672 1388 1708 aliquid
1402 1674 1459 1699 iure
1472 1671 1732 1699 factumdefendere.

936 1711 997 1736 I’ost
1018 1710 1065 1736 lias
1081 1710 1187 1741 ruinas,
1207 1710 1345 1741 incendia,
1366 1711 1488 1746 rapinas,
1506 1710 1628 1736 desertus
1639 1718 1651 1734 a
1664 1709 1731 1739 suis,

937 1748 983 1774 vix
997 1748 1048 1773 iam
1060 1748 1199 1774 Decimum
1212 1748 1420 1783 designatorem,
1433 1748 1480 1774 vix
1491 1747 1609 1774 Gellium
1622 1746 1731 1773 retinet:

936 1822 1024 1857 palam
1041 1822 1183 1854 occiderit,
1202 1823 1288 1849 nihilo
1304 1832 1381 1849 suam
1397 1831 1520 1848 caussam
1540 1821 1731 1851 difficiliorem,

936 1869 1017 1895 quam
1034 1860 1123 1886 adhuc
1138 1861 1182 1891 sit.
1202 1861 1228 1886 in
1241 1860 1343 1887 iudicio
1355 1859 1483 1886 futuram.
1524 1861 1548 1885 3.
1571 1860 1662 1894 Itaque
1673 1863 1734 1885 ante

935 1898 1008 1924 diem
1020 1898 1129 1924 tertium
1141 1897 1205 1924 ldus
1217 1898 1360 1929 Novemb..
1378 1906 1463 1932 quum
1475 1897 1554 1923 Sacra
1567 1897 1609 1922 via
1621 1896 1734 1922 descen-

935 1935 1036 1966 derem,
1051 1936 1189 1962 insecutus
1201 1940 1241 1962 est
1252 1944 1294 1961 nie
1305 1944 1368 1961 cum
1379 1936 1447 1961 suis.
1488 1934 1603 1965 Clamor,
1618 1933 1731 1968 lapides.

936 1972 1029 2004 fustes,
1042 1973 1137 2008 gladii,
1152 1973 1216 1999 haec
1228 1973 1365 2008 inprovisa
1377 1973 1477 1999 omnia.
1513 1972 1694 1998 Discessimus
1707 1971 1733 1997 in

936 2010 1103 2037 vestibulum
1120 2011 1199 2037 Tettii
1215 2011 1363 2037 Damionis.
1403 2010 1455 2042 Qui
1472 2014 1546 2036 erant
1560 2017 1676 2039 mecum,
1695 2007 1734 2034 fa-

935 2048 986 2074 cile
1007 2057 1102 2083 operas
1117 2047 1191 2074 aditu
1211 2048 1417 2083 prohibuerunt.
1459 2048 1518 2082 lpse
1533 2046 1620 2073 occidi
1637 2046 1731 2080 potuit.

936 2085 990 2112 Sed
1001 2094 1050 2121 ego
1062 2086 1148 2112 diaeta
1159 2086 1247 2112 curari
1261 2085 1374 2120 incipio:
1397 2084 1552 2120 chirurgiae
1564 2083 1660 2110 taedet.
1688 2082 1733 2109 ille

935 2123 1057 2149 omnium
1080 2122 1192 2149 vocibus
1213 2131 1298 2157 quum
1314 2131 1342 2148 sc
1359 2131 1410 2148 non
1426 2122 1459 2148 ad
1475 2121 1618 2151 iudicium,
1642 2120 1689 2146 sed
1700 2120 1732 2146 ud

935 2159 1103 2195 supplicium
1119 2168 1246 2195 praesens
1262 2159 1334 2186 trudi
1350 2159 1466 2189 videret,
1483 2167 1577 2185 omnes
1593 2157 1730 2185 Catilinas.

935 2197 1064 2224 Acidinos
1075 2202 1165 2231 postea
1178 2197 1305 2223 reddidit.
1328 2197 1395 2222 Nam
1407 2196 1515 2222 Milonis
1526 2196 1646 2224 domum,
1662 2203 1730 2222 eum.

935 2243 1004 2269 quae
1021 2235 1048 2261 in
1065 2234 1200 2265 Germalo,
1219 2234 1306 2269 pridie
1318 2233 1381 2260 ldus
1393 2233 1524 2260 Noveml).
1541 2241 1696 2269 expugnare
1707 2237 1733 2258 et

937 2272 1078 2298 incendere
1094 2272 1128 2298 ita
1140 2277 1251 2298 conatus
1261 2276 1311 2302 est.
1325 2275 1353 2297 ut
1364 2270 1451 2305 palam
1465 2271 1527 2297 liora
1540 2279 1634 2296 [cum
1647 2269 1732 2295 scutis

937 2309 1068 2339 homiues,
1091 2309 1196 2335 eductis
1212 2308 1321 2343 gladiis,
1340 2308 1406 2334 alios
1417 2316 1479 2334 cum
1491 2308 1612 2333 accensis
1628 2306 1732 2332 facibus

935 2346 1088 2373 adduxerit.
1130 2347 1188 2381 lpse
1204 2346 1314 2372 domum
1328 2346 1356 2371 l’.
1369 2344 1458 2371 Sullae
1471 2353 1518 2379 pro
1528 2346 1622 2371 castris
1634 2344 1686 2369 sibi
1699 2343 1731 2369 ud

935 2393 992 2409 011111
1016 2384 1246 2418 impugnationem
1267 2387 1430 2417 sumpserat.
1471 2383 1539 2408 Tum
1561 2391 1594 2408 ex
1610 2381 1731 2407 Anniana

936 2421 1043 2447 Milonis
1063 2421 1142 2447 domo
1157 2422 1188 2452 Q.
1203 2421 1314 2447 Flaccus
1330 2420 1425 2446 eduxit
1439 2420 1511 2445 viros
1523 2427 1611 2449 acrem
1633 2418 1732 2444 occidit

935 2459 1058 2485 homiues
1088 2467 1122 2484 ex
1147 2458 1221 2484 omni
1249 2458 1386 2484 latrocinio
1409 2456 1538 2483 Clodiano
1562 2457 1728 2482 notissimos:

935 2496 1155 2531 ipsiuucu1›ivit;
1179 2496 1226 2522 sed
1239 2495 1283 2521 ille
1294 2504 1323 2521 se
1336 2496 1361 2521 iu
1375 2495 1499 2520 interiora
1510 2494 1629 2520 aedium.
1656 2493 1731 2519 Sulla

936 2534 961 2559 iu
983 2537 1077 2559 senatu
1099 2533 1227 2567 postridie
1250 2533 1324 2559 idus:
1357 2532 1430 2558 domi
1447 2531 1571 2557 Clodius:
1604 2531 1731 2567 egregius

934 2570 1115 2602 Marcellinus,
1130 2579 1224 2597 omnes
1235 2579 1319 2596 ucreS.
1342 2569 1464 2596 Metellus
1475 2568 1610 2595 calumnia
1621 2568 1730 2595 dicendi

935 2613 1041 2643 tempus
1053 2609 1162 2639 exemit,
1176 2608 1320 2635 adiuvante
1332 2607 1428 2641 Appio,
1437 2607 1516 2633 etiam
1531 2605 1639 2632 hercule
1652 2605 1730 2632 fumi-

935 2645 1058 2678 liarituo;
1072 2645 1105 2672 de
1111 2647 1190 2672 cuius
1201 2645 1381 2671 constantiaet
1391 2644 1490 2671 virtute
1502 2648 1562 2670 tuae
1572 2643 1730 2670 verissimae

935 2682 1047 2711 litterae.
1087 2683 1195 2710 Sextius
1213 2683 1310 2710 furere.
1351 2681 1398 2709 lllo
1413 2686 1514 2717 postem
1527 2681 1551 2708 si
1562 2681 1669 2708 comitia
1681 2689 1728 2707 sua

1446 2730 1498 2755 1⁰5
1511 2728 1523 2740 ⁸
