1941 3052
541 139 838 167 PHILIPPICA
871 140 908 166 11.

69 219 175 246 semper
189 211 240 238 iste
255 209 329 246 felix)
344 210 440 237 damna
456 209 588 237 aleatoria.
620 210 799 246 Conchyliatis
811 210 859 237 Cn.

69 249 187 284 Pompeii
199 249 403 283 peristromatis,
418 257 555 275 servorum
567 249 594 275 in
606 248 689 279 cellis,
704 248 784 275 lectos
795 253 862 275 stra-

69 291 109 313 tos
129 286 245 312 videres.
284 285 462 318 Quamobrem
478 286 593 312 desinite
607 286 711 317 mirari,
730 286 795 312 haec
809 291 861 312 tam

68 323 188 350 celeriter
203 332 263 350 esse
276 328 444 358 consumpta.
486 324 542 350 Non
554 323 633 350 modo
644 324 724 350 unius
736 324 862 358 patrimo-

69 361 158 392 nium,
179 361 305 396 quamvis
320 360 455 395 amplum,
472 365 502 387 ut
517 360 585 387 illud
601 360 665 391 fnit,
683 360 730 387 sed
746 361 827 387 urbes
838 364 863 386 et

68 407 149 434 regna
164 398 285 425 celeriter
301 403 372 424 tanta
388 398 506 433 nequitia
521 397 647 424 devorare
658 399 799 433 potuisset.
829 398 863 424 At

67 435 140 463 idem
155 435 234 462 aedes
249 436 328 462 etiam
343 440 368 462 et
382 435 481 462 hortos.
513 437 555 462 68.
577 435 599 462 O
614 436 752 462 audaciam
768 436 863 461 imma-

68 473 145 500 nem!
167 473 206 499 Tu
218 473 297 499 etiam
309 473 412 509 ingredi
425 473 498 499 illam
510 472 620 499 domum
631 482 713 499 ausus
725 472 772 499 es‘?
791 478 819 499 tu
830 472 863 498 il-

69 509 117 537 lud
136 511 337 537 sanctissimum
358 511 439 537 limen
455 510 570 537 intrare?
589 515 617 536 tu
633 510 740 536 illarum
755 510 862 536 aedium

69 547 122 574 diis
133 548 276 583 penatibus
287 557 316 575 os
328 548 591 583 importunissimum
602 547 758 574 ostendere?
777 547 862 579 Quam

68 585 179 612 domum
196 585 362 620 aliquamdiu
374 594 452 612 nemo
462 586 579 620 aspicere
590 589 703 619 poterat,
717 593 794 611 nemo
806 585 863 610 sine

70 621 186 649 lacrimis
203 624 357 657 praeterire,
375 623 424 649 hac
439 627 463 649 te
479 623 506 649 in
522 622 600 649 domo
615 622 718 648 tamdiu
729 622 862 648 deversari

70 669 122 687 non
135 660 233 696 pudet‘?
253 662 281 687 In
293 669 354 696 qua,
367 661 492 695 quamvis
505 660 571 686 nihil
583 660 680 694 sapias,
695 663 782 685 tamen
795 658 862 685 nihil

69 698 118 724 tibi
129 703 216 733 potest
227 707 286 725 esse
297 697 456 724 iucundum.
488 697 608 723 XXVIII.
620 697 660 723 An
671 701 708 727 tu,
722 696 767 722 illa
779 697 806 722 in
818 705 864 722 ve-

69 735 170 763 stibulo
190 740 286 767 rostra,
309 734 363 761 an*
383 734 468 769 spolia
489 743 574 769 quum
593 734 734 768 aspexisti,
752 733 863 760 domum

69 777 143 799 tuam
164 778 188 799 te
210 773 318 800 introire
332 771 428 807 putas‘?
448 772 517 798 Fieri
532 780 584 798 non
600 775 696 806 potest.
734 770 864 803 Quamvis

69 811 141 837 enim
156 811 214 837 sine
225 814 326 841 mente,
340 810 398 836 sine
409 817 491 835 sensu
503 809 550 840 sis,
564 813 594 835 ut
604 817 646 835 es:
668 813 756 835 tamen
767 814 792 835 et
803 814 827 834 te
839 813 864 835 et

69 851 114 874 tua
124 852 150 874 et
160 852 220 874 tuos
231 848 310 874 nosti.
332 847 385 873 Nec
396 855 457 873 vero
473 851 497 872 te
508 855 638 881 umquam
649 854 737 881 neque
748 846 864 881 vigilan-

68 889 122 911 tem
142 893 229 920 neque
251 885 279 911 in
297 885 398 911 somnis
413 883 491 910 credo
509 892 587 919 posse
603 888 692 910 mente
706 884 861 910 consistere.

67 921 183 948 Necesse
198 926 250 953 est,
267 922 393 956 quamvis
408 922 459 952 sis,
478 926 507 948 ut
522 930 563 952 es,
577 921 711 947 violentus
723 925 748 947 et
760 921 860 952 furens,

67 968 153 994 quum
170 960 218 986 tibi
232 959 333 986 obiecta
345 960 379 985 sit
390 959 493 994 species
504 958 649 994 singularis
660 959 724 990 viri,
738 959 863 993 perterri-

68 1001 125 1023 tum
141 1002 165 1023 te
180 997 213 1023 de
229 1005 323 1024 somno
333 997 454 1027 excitari,
469 996 556 1022 furere
567 997 647 1023 etiam
657 1004 736 1031 saepe
748 996 863 1032 vigilan-

68 1038 130 1061 tem.
162 1036 203 1061 69.
215 1035 257 1061 Me
268 1034 377 1069 quidem
389 1035 498 1061 miseret
508 1034 639 1069 parietum
650 1034 771 1069 ipsorum
783 1039 863 1068 atque

68 1076 207 1098 tectorum.
247 1071 319 1104 Quid
338 1072 410 1098 enim
430 1080 561 1106 umquam
576 1071 673 1098 domus
688 1071 734 1097 illa
750 1071 860 1102 viderat,

68 1109 120 1135 nisi
144 1109 287 1144 pudicum,
311 1110 363 1136 nisi
383 1118 416 1136 ex
436 1109 536 1144 optimo
557 1118 629 1135 more
650 1113 675 1135 et
695 1109 863 1135 sanctissima

68 1146 227 1181 disciplina?
247 1147 309 1173 Fuit
323 1147 394 1173 enim
406 1146 451 1173 ille
463 1147 516 1177 vir,
530 1151 617 1181 patres
628 1147 780 1181 conscripti,
794 1147 864 1173 sicut

67 1184 152 1215 scitis,
164 1193 249 1219 quum
262 1184 572 1215 sorisclarus,tumdomi
584 1184 766 1215 admirandus,
776 1193 863 1219 neque

68 1221 149 1248 rebus
165 1222 282 1248 externis
298 1222 384 1257 magis
400 1221 562 1251 laudandus,
579 1230 660 1256 quam
675 1222 806 1248 institutis
816 1222 863 1248 do-

68 1259 200 1286 mesticis:
223 1259 305 1285 huius
320 1260 348 1286 in
360 1259 470 1286 sedibus
482 1268 529 1294 pro
540 1258 673 1285 cubiculis
684 1259 802 1290 stabula,
816 1268 863 1294 pro

68 1296 191 1323 tricliniis
202 1297 316 1331 popinae
327 1301 397 1323 sunt.
428 1297 485 1323 Etsi
497 1297 548 1322 iam
561 1301 647 1332 negat.
673 1296 768 1327 Nolite,
783 1297 864 1323 nolite

67 1342 204 1368 quaerere.
236 1334 319 1370 Frugi
331 1333 416 1360 sactus
427 1338 476 1360 est.
508 1333 583 1360 Illam
594 1342 671 1360 suam
683 1343 745 1360 suas
757 1343 799 1360 res
810 1334 863 1360 sibi

68 1370 166 1397 habere
187 1371 280 1402 iussit,
305 1379 339 1398 ex
361 1371 503 1398 duodecim
525 1371 624 1398 tabulis
644 1371 733 1397 claves
753 1372 861 1402 ademit,

67 1409 166 1444 exegit.
197 1408 282 1441 Quam
299 1417 376 1443 porro
391 1413 526 1443 spectatus
537 1409 614 1440 civis,
628 1417 708 1443 quam
720 1409 861 1444 probatus!

67 1446 146 1473 cuius
158 1454 191 1472 ex
200 1446 272 1472 omni
285 1446 338 1472 vita
349 1446 415 1472 nihil
427 1451 468 1472 est
478 1446 626 1477 honestius,
635 1455 716 1480 quam
723 1446 862 1481 quodcum

67 1483 150 1509 mima
161 1483 222 1510 fecit
232 1483 387 1510 divortium.
414 1484 457 1510 70.
469 1483 503 1510 At
512 1492 593 1518 quam
604 1484 696 1510 crebro
708 1489 827 1518 usurpat,
840 1489 864 1510 ec

68 1522 168 1550 consul,
190 1525 213 1547 et
227 1520 372 1547 Antonius?
394 1521 448 1548 Hoc
459 1525 500 1547 est
509 1521 610 1552 dicere,
631 1526 657 1547 et
671 1521 765 1548 consul
777 1526 802 1548 et
812 1522 864 1548 im-

67 1558 276 1593 pudicissimus:
303 1563 329 1585 et
338 1558 431 1585 consul
444 1563 469 1584 et
480 1558 559 1585 homo
569 1559 762 1593 nequissimus.
793 1558 864 1591 Quid

66 1595 139 1621 enim
149 1599 189 1621 est
199 1595 429 1622 aliudAntonius‘?
440 1596 505 1622 Nam
512 1596 657 1631 sidignitas
670 1596 864 1631 significaretur

66 1633 95 1659 in
116 1633 236 1664 nomine,
257 1632 383 1664 dixisset,
401 1633 492 1663 credo,
510 1633 654 1668 aliquando
669 1642 736 1660 avus
753 1638 816 1660 tuus
834 1642 863 1660 se

66 1673 93 1697 et
101 1670 239 1697 consulem
254 1674 280 1697 et
293 1670 447 1697 Antonium.
479 1671 632 1706 Numquam
648 1670 725 1697 dixit.
747 1672 865 1698 Dixisset

67 1708 146 1734 etiam
159 1707 260 1743 collega
272 1716 357 1739 meus,
372 1712 483 1743 patruus
497 1713 571 1734 tuus.
602 1708 660 1734 Nisi
671 1708 693 1734 si
706 1713 734 1735 tu
745 1708 820 1735 solus
835 1717 863 1735 es

66 1745 208 1771 Antonius.
231 1745 283 1772 Sed
293 1746 386 1772 omitto
397 1754 426 1772 ea
433 1750 547 1780 peccata,
555 1753 624 1780 quae
635 1754 687 1772 non
698 1750 761 1773 sunt
771 1755 863 1773 earum

67 1782 183 1817 partium
204 1783 323 1817 propria,
341 1783 442 1818 quibus
459 1788 487 1810 tu
503 1782 698 1818 rempublicam
714 1784 861 1811 vexavisti:

66 1819 100 1846 ad
120 1820 193 1854 ipsas
215 1825 273 1846 tuas
289 1825 376 1855 partes
391 1820 483 1852 redeo,
500 1820 527 1847 id
544 1825 596 1852 est,
615 1821 648 1847 ad
658 1821 738 1848 civile
749 1821 860 1853 bellum,

66 1857 139 1892 quod
151 1861 251 1889 natum,
264 1857 416 1889 conflatum,
429 1865 587 1893 susceptum
597 1867 676 1893 opera
688 1863 732 1885 tua
744 1863 793 1886 est.

122 1894 223 1921 XXIX.
253 1895 295 1922 Ἡ.
317 1896 366 1922 Cui
387 1895 457 1923 bello
470 1904 556 1931 quum
572 1900 679 1930 propter
692 1896 861 1923 timiditatem

68 1935 154 1963 tuam,
172 1936 228 1958 tum
245 1937 350 1967 propter
367 1932 494 1960 libidines
509 1932 637 1959 defuisti?
657 1933 785 1960 Gustaras
795 1935 863 1960 civi-

68 1967 120 1995 lem
131 1969 299 2005 sanguinem,
309 1969 350 1996 vel
363 1971 451 2004 potius
463 1970 652 1997 exsorbueras:
670 1970 757 1998 fueras
770 1972 796 1998 in
807 1972 862 1998 acie

66 2005 216 2033 Pharsalica
232 2007 436 2043 antesignanus:
459 2008 488 2034 L.
506 2008 665 2039 Domitium,
681 2008 861 2035 clarissimum

67 2047 94 2070 et
113 2043 311 2070 nobilissimum
333 2044 435 2075 virum,
452 2044 600 2071 occideras:
624 2045 776 2081 multosque
787 2055 863 2080 prae-

67 2084 147 2112 terea,
163 2081 210 2116 qui
222 2081 255 2107 (le
266 2081 366 2116 praelio
376 2081 534 2117 effugerant,
551 2090 619 2117 quos
633 2082 742 2114 Caesar,
756 2088 786 2110 ut
797 2092 862 2110 non—

68 2117 170 2149 nullos,
194 2117 304 2145 fortasse
324 2123 469 2150 servasset.
495 2119 683 2146 crudelissime
705 2126 862 2155 persecutus

67 2155 225 2182 trucidaras.
255 2155 361 2188 Quibus
377 2156 457 2183 rebus
473 2157 561 2188 tantis.
575 2157 674 2184 talibus
685 2159 777 2193 gestis.
795 2159 863 2194 quid

68 2191 119 2220 suit
132 2201 256 2224 caussae,
269 2202 317 2220 cur
332 2193 359 2220 in
370 2193 485 2220 Africam
497 2193 635 2221 Caesarem
647 2203 698 2221 non
710 2204 860 2230 sequerere,

67 2237 152 2265 quum
177 2231 332 2265 praesertim
357 2230 421 2257 belli
445 2239 506 2265 pars
530 2235 600 2258 tanta
624 2232 752 2259 restaret?
772 2234 863 2268 ltaque

67 2275 147 2302 quem
161 2267 247 2295 locum
258 2268 330 2303 apud
342 2269 576 2303 ipsumCaesarem
589 2274 648 2303 post
661 2270 719 2296 eius
731 2279 764 2297 ex
775 2271 862 2297 Africa

67 2304 183 2332 reditum
197 2305 357 2332 obtinuisti‘?
376 2314 431 2341 quo
446 2314 557 2333 numero
571 2306 663 2333 suisti?
677 2307 760 2334 Cuius
772 2312 799 2334 tu
812 2309 863 2334 iin-

67 2343 193 2376 peratoris
204 2347 329 2378 quaestor
340 2342 580 2374 fueras,dictatoris
591 2345 718 2379 magister
728 2346 860 2379 equitum,

68 2378 131 2406 belli
146 2380 284 2415 princeps,
297 2380 462 2407 crudelitatis
473 2385 572 2411 auctor.
586 2381 697 2415 praedae
708 2383 809 2413 socius,
824 2387 863 2409 to-

67 2419 211 2448 etamento,
228 2422 257 2445 ut
272 2418 331 2453 ipse
344 2418 461 2449 dicebas,
477 2417 557 2448 iilius,
571 2418 720 2453 appellatus
731 2428 760 2446 es
771 2419 804 2446 de
817 2428 863 2454 pe-

67 2454 159 2486 cunia,
176 2463 256 2490 quam
273 2464 319 2490 pro
330 2455 418 2487 domo,
432 2464 479 2490 pro
490 2455 581 2486 hortis.
596 2464 643 2490 pro
653 2457 770 2483 sectione
780 2457 863 2483 debe-

69 2489 126 2517 bas.
156 2492 199 2519 72.
221 2493 309 2519 Primo
330 2493 490 2528 respondisti
511 2492 589 2528 plane
611 2492 744 2520 ferociter:
765 2498 806 2524 et.
829 2502 862 2521 ne

68 2528 157 2555 omnia
178 2529 268 2557 videar
281 2535 370 2557 contra
387 2535 424 2561 te.
443 2529 635 2565 propemodum
651 2539 735 2566 aequa
752 2536 778 2557 et
792 2532 861 2558 iusta
884 2533 886 2554 ¹,

69 2563 185 2592 dicebas.
206 2566 229 2594 Α
240 2576 283 2594 me
293 2568 322 2595 C.
336 2568 431 2595 Caesar
442 2568 602 2603 pecuniam?
614 2576 662 2594 cur
674 2569 772 2602 potius,
780 2577 861 2603 quam

69 2609 119 2637 ego
133 2602 166 2629 ab
180 2602 245 2631 illo?
263 2605 303 2632 Au
320 2605 365 2632 ille
380 2606 438 2632 sine
455 2615 496 2632 me
512 2604 593 2631 vicit?
612 2605 645 2632 At
661 2614 693 2631 ne
704 2606 862 2641 potuitqui-

69 2637 141 2666 dem.
169 2639 226 2677 Ego
240 2642 273 2670 ad
288 2642 365 2670 illum
381 2642 444 2669 belli
459 2643 547 2670 civilis
562 2651 684 2669 caussam
700 2642 791 2670 attuli:
813 2652 862 2679 ego

71 2674 142 2712 leges
161 2679 324 2713 perniciosas
347 2681 452 2716 rogavi:
478 2689 528 2717 ego
547 2689 618 2707 arina
632 2684 721 2708 contra
737 2680 862 2709 consules

949 139 1046 167 CAP.
1081 141 1230 167 24-31.
1657 145 1701 170 6⁴⁴

913 211 1140 246 imperatoresque
1150 211 1243 246 populi
1255 211 1375 242 Romani,
1386 215 1475 238 contra
1487 216 1609 239 senatum
1621 221 1707 248 popu-

915 248 1025 284 lumque
1040 249 1187 275 Romanum
1196 270 1202 280 ,
1220 254 1308 275 contra
1324 248 1387 276 deos
1400 250 1498 284 patrios
1508 258 1621 285 arasque
1632 256 1658 277 et
1669 250 1709 278 so·

913 295 967 317 cos,
981 291 1070 312 contra
1082 287 1192 321 patriam
1205 286 1264 313 tuli.
1287 287 1357 313 Num
1368 286 1420 313 sibi
1432 286 1482 313 soli
1494 287 1573 313 vicit?
1588 287 1707 320 Quorum

914 323 1018 350 facinus
1034 329 1074 350 est
1088 333 1243 354 commune,
1261 332 1308 350 cur
1319 333 1371 350 non
1381 324 1416 350 sit
1425 333 1516 351 eorum
1529 325 1624 359 praeda
1635 334 1709 351 com-

916 360 1023 387 munis?
1048 362 1091 387 Ius
1108 361 1276 396 postulabas:
1299 361 1347 388 sed
1362 361 1428 396 quid
1444 361 1476 388 ad
1492 362 1566 388 rem?
1585 362 1647 397 plus
1663 362 1709 389 ille

915 403 1025 433 poterat.
1057 399 1099 425 73.
1117 399 1217 434 Itaque.
1231 400 1353 425 excussis
1364 400 1418 425 tuis
1430 400 1554 431 vocibus,
1567 405 1594 426 et
1603 400 1636 426 ad
1648 405 1672 426 te
1684 405 1710 426 et

915 435 947 461 ad
971 435 1081 470 praedes
1103 441 1163 462 tuos
1184 436 1282 462 milites
1303 437 1390 462 misit:
1412 445 1498 471 quum
1519 442 1626 472 repente
1650 447 1663 463 a
1684 442 1710 464 te

915 473 1047 507 praeclara
1067 473 1112 500 illa
1133 473 1222 499 tabula
1243 473 1352 508 prolata.
1387 473 1438 506 Qui
1459 475 1530 501 risus
1552 474 1711 501 hominum?

915 515 1013 537 tantam
1029 519 1087 537 esse
1102 511 1232 541 tabulam,
1251 516 1304 537 tam
1316 512 1415 542 varias,
1428 516 1481 538 tam
1494 511 1591 538 multas
1603 521 1711 546 posses-

915 549 1017 579 siones,
1035 557 1068 574 ex
1083 548 1198 583 quibus,
1216 553 1320 583 praeter
1334 553 1434 584 partem
1447 550 1551 580 Miseni,
1565 549 1632 576 nihil
1644 554 1708 580 erat,

915 585 988 619 quod
1003 586 1038 617 is,
1056 586 1103 621 qui
1115 585 1319 616 auctionaretur,
1333 591 1423 621 posset
1432 595 1513 613 suum
1525 586 1622 613 dicere.
1654 588 1710 613 Au-

915 623 1011 649 ctionis
1028 632 1090 649 vero
1100 623 1260 649 miserabilis
1271 628 1410 658 aspectus:
1433 625 1515 650 vestis
1527 625 1647 659 Pompeii
1657 633 1710 651 non

915 659 1012 691 multa,
1031 669 1114 695 eaque
1130 660 1278 687 maculosa:
1302 661 1423 687 eiusdem
1439 661 1571 696 quaedam
1587 667 1709 698 argentea

916 706 979 723 vasa
999 697 1105 724 collisa:
1128 698 1234 724 sordida
1255 699 1400 733 mancipia,
1418 703 1448 725 ut
1463 698 1614 726 doleremus
1629 699 1710 734 quid-

914 743 994 769 quam
1012 743 1071 761 esse
1089 743 1122 761 ex
1137 735 1192 761 illis
1208 735 1344 770 reliquiis,
1362 736 1434 770 quod
1451 736 1542 762 videre
1559 745 1709 771 possemus.

914 773 957 798 74.
972 772 1045 798 Hanc
1060 776 1146 798 tamen
1162 773 1310 799 auctionem
1329 773 1439 800 heredes
1455 773 1484 799 L.
1502 774 1595 800 Rubrii
1606 774 1711 801 decreto

915 809 1035 836 Caesaris
1047 809 1250 844 prohibuerunt.
1273 810 1401 836 Haerebat
1413 810 1524 837 nebulo:
1547 820 1601 846 quo
1611 820 1639 837 se
1651 820 1711 838 ver-

916 851 993 877 teret,
1012 855 1063 873 non
1079 847 1202 873 babebat.
1242 847 1313 880 Quin
1329 848 1371 874 his
1382 848 1449 882 ipsis
1461 849 1626 883 temporibus
1638 849 1709 875 domi

915 884 1035 911 Caesaris
1046 892 1200 919 percussor,
1213 885 1247 911 ab
1259 885 1309 911 isto
1320 885 1430 915 missus,
1444 885 1628 920 deprehensus
1639 886 1711 912 dice—

914 922 993 948 batur
1008 930 1066 948 esse
1078 930 1140 948 cum
1151 922 1215 949 sica.
1246 923 1282 949 De
1293 931 1346 958 quo
1357 923 1452 949 Caesar
1463 924 1490 949 iu
1501 928 1608 954 senatu,
1622 929 1711 958 aperte

914 959 977 986 inte
988 959 1128 991 invehens,
1137 965 1249 995 questus
1261 964 1309 986 est.
1331 960 1511 987 Proiiciscitur
1522 961 1548 987 in
1555 961 1710 996 Hispaniam

915 997 1023 1028 Caesar,
1050 998 1144 1032 paucis
1164 998 1212 1024 tibi
1233 998 1266 1024 ad
1285 997 1445 1024 solvendum
1467 1003 1573 1033 propter
1593 999 1710 1033 inopiam

916 1039 987 1061 tuam
1009 1036 1155 1071 prorogatis
1175 1035 1282 1061 diebus.
1314 1036 1352 1062 Ne
1373 1040 1430 1062 tum
1451 1036 1561 1071 quidem
1578 1037 1710 1071 sequeris.

915 1072 980 1098 Tam
996 1072 1082 1099 bonus
1097 1072 1227 1108 gladiator
1238 1073 1332 1099 rudem
1344 1078 1396 1099 tam
1406 1074 1459 1099 cito
1470 1073 1613 1108 accepisti?
1636 1074 1712 1100 Hunc

914 1110 997 1145 igitur
1011 1111 1170 1145 quisquam,
1184 1111 1232 1145 qui
1248 1111 1274 1137 in
1290 1111 1348 1137 suis
1364 1111 1498 1145 partibus,
1512 1111 1539 1137 id
1551 1116 1599 1143 est,
1612 1112 1640 1138 in
1653 1113 1711 1138 suis

916 1147 1038 1178 fortunis,
1053 1152 1106 1174 tam
1118 1148 1229 1174 timidus
1242 1147 1329 1179 suerit,
1346 1148 1534 1183 pertimescat?

970 1185 1059 1211 XXX.
1081 1186 1124 1211 75.
1143 1185 1279 1212 Profectus
1295 1190 1335 1212 est
1352 1186 1457 1212 tandem
1473 1186 1654 1221 aliquandoin
1666 1187 1712 1212 Hi-

914 1223 1051 1257 spaniam:
1068 1223 1116 1249 sed
1128 1227 1192 1254 tuto,
1206 1228 1236 1250 ut
1247 1224 1290 1255 ait,
1305 1224 1445 1258 pervenire
1458 1232 1510 1250 non
1522 1225 1617 1258 potuit.
1639 1224 1712 1256 Quo-

914 1269 976 1286 nam
992 1260 1070 1287 modo
1085 1261 1168 1296 igitur
1182 1261 1316 1287 Dolabella
1331 1261 1468 1296 pervenit?
1488 1262 1541 1288 Aut
1556 1270 1607 1288 non
1624 1262 1712 1288 susci-

915 1297 1012 1332 pienda
1027 1297 1078 1324 fuit
1091 1299 1141 1324 ista
1156 1307 1264 1329 caussa,
1278 1299 1390 1325 Antoni:
1412 1303 1465 1330 aut,
1478 1307 1563 1334 quum
1575 1300 1713 1334 suscepis-

914 1343 971 1365 ses,
988 1335 1155 1362 del'endenda
1171 1345 1257 1371 usque
1269 1336 1301 1362 ad
1313 1341 1472 1362 extremum.
1513 1337 1562 1362 Ter
1573 1336 1711 1372 depugna-

916 1373 954 1398 vit
967 1372 1063 1399 Caesar
1073 1381 1135 1399 cum
1147 1374 1262 1404 civibus,
1276 1374 1303 1399 in
1311 1373 1456 1405 Thessalia,
1466 1373 1562 1403 Asi-ica,
1572 1374 1709 1408 Hispania.

915 1409 1048 1436 Omnibus
1064 1409 1150 1437 adsuit
1166 1411 1207 1437 bis
1219 1412 1318 1446 pugnis
1330 1410 1478 1437 Dolabella:
1502 1412 1528 1437 in
1540 1411 1711 1446 Hispaniensi

915 1448 994 1474 etiam
1020 1447 1121 1474 vulnus
1146 1449 1256 1483 accepit.
1287 1448 1314 1474 Si
1335 1448 1368 1475 de
1389 1457 1448 1475 meo
1468 1448 1567 1475 iudicio
1587 1450 1708 1483 quaeris:

916 1484 1023 1511 nollem.
1054 1484 1106 1511 Sed
1123 1490 1210 1512 tamen
1225 1485 1368 1512 consilium
1384 1494 1397 1511 a
1414 1486 1500 1521 primo
1514 1486 1711 1520 reprebenden-

915 1522 989 1553 dum,
1013 1522 1145 1549 laudanda
1167 1524 1324 1549 constantia.
1365 1523 1405 1549 Tu
1426 1532 1488 1549 vero
1508 1523 1575 1558 quid
1591 1523 1637 1550 esss'
1661 1524 1709 1550 Cn.

915 1560 1035 1594 Pompeii
1060 1560 1136 1586 liberi
1158 1561 1275 1595 primum
1297 1561 1407 1595 patriam
1429 1561 1590 1595 repetebant.
1632 1561 1708 1588 Esto:

916 1596 995 1624 suerit
1016 1597 1080 1623 haec
1100 1599 1216 1632 partium
1237 1607 1331 1624 caussa
1347 1599 1508 1624 communis.
1548 1599 1712 1632 Repetebant

916 1639 1049 1669 praeterea
1074 1635 1138 1661 deos
1159 1640 1268 1670 penates
1297 1637 1408 1670 patrios.
1432 1644 1502 1666 aras,
1525 1635 1609 1665 socos,
1629 1636 1710 1662 larem

915 1680 996 1698 suum
1013 1671 1186 1702 familiarem:
1210 1674 1236 1699 in
1248 1682 1316 1708 quae
1329 1678 1356 1699 tu
1369 1674 1515 1700 invaseras.
1547 1674 1614 1699 llaec
1624 1682 1710 1708 quum

916 1714 1063 1744 repeterent
1083 1711 1164 1736 armis
1186 1711 1217 1741 ii,
1239 1719 1355 1745 quorum
1381 1710 1584 1746 erantlegihus:
1608 1712 1666 1746 (etsi
1684 1712 1710 1737 in

916 1747 996 1774 rebus
1008 1748 1188 1782 iniquissimis
1199 1748 1265 1783 quid
1278 1753 1363 1782 potest
1373 1756 1432 1774 esse
1443 1748 1549 1783 acqui‘?)
1563 1753 1650 1774 tamen
1658 1753 1712 1774 erat

915 1785 1125 1820 aequissimum,
1148 1790 1238 1812 contra
1258 1786 1306 1812 Cu.
1328 1786 1446 1820 Pompeii
1464 1786 1560 1812 liberos
1581 1795 1710 1821 pugnare.

914 1822 1015 1857 quem?
1040 1827 1076 1854 te,
1101 1828 1241 1849 sectorem.
1280 1824 1322 1849 76.
1352 1824 1392 1849 An
1413 1828 1440 1849 tu
1463 1824 1584 1850 Narbone
1606 1832 1712 1850 mensas

916 1860 1052 1895 hospitum
1072 1869 1258 1891 convomeres.
1282 1860 1416 1887 Dolabella
1441 1870 1488 1895 pro
1503 1866 1527 1887 to
1543 1861 1569 1887 in
1585 1861 1712 1896 llispania

914 1897 1070 1924 dimicaret?

969 1935 1021 1967 Qui
1038 1944 1099 1962 vero
1114 1935 1236 1962 Narbone
1254 1935 1370 1962 reditus!
1393 1936 1478 1962 Etiam
1494 1936 1652 1971 quaerebat,
1665 1945 1712 1962 cur

913 1981 962 2009 ego
982 1981 1015 2000 ex
1031 1973 1091 2008 ipso
1104 1982 1185 2000 cursu
1201 1978 1254 2000 tam
1271 1973 1362 1999 subito
1377 1974 1556 2000 revertissem.
1591 1974 1711 2008 Exposui

915 2018 1009 2045 nuper,
1022 2016 1109 2045 patres
1121 2012 1274 2046 conscripti,
1287 2019 1410 2037 caussam
1423 2011 1524 2037 reditus
1537 2012 1598 2037 mei.
1622 2011 1709 2042 Volui,

913 2048 936 2074 si
952 2055 1072 2082 possem,
1086 2048 1165 2075 etiam
1181 2053 1242 2075 ante
1259 2048 1391 2075 Kalendas
1407 2048 1460 2074 lan.
1479 2048 1605 2083 prodesse
1621 2050 1712 2083 reipu—

915 2084 1008 2112 blicae.
1048 2086 1129 2117 Nam,
1151 2086 1224 2121 quod
1238 2085 1399 2121 quaerebas,
1416 2086 1550 2120 quomodo
1566 2086 1710 2113 redissem:

915 2123 1032 2157 primum
1054 2122 1125 2154 luce,
1148 2132 1200 2150 non
1222 2124 1352 2150 tenebris:
1380 2123 1476 2150 deinde
1496 2132 1558 2150 cum
1575 2124 1671 2150 calceis
1687 2128 1712 2149 et

915 2164 988 2195 toga,
1002 2160 1084 2186 nullis
1097 2169 1144 2186 nec
1155 2161 1275 2192 Gallicis,
1291 2170 1338 2186 nec
1351 2160 1462 2187 lacerna.
1504 2162 1537 2187 At
1548 2162 1627 2187 etiam
1639 2161 1712 2195 aspi-

913 2197 952 2223 cis
972 2205 1028 2227 mc,
1051 2197 1216 2232 etquidem,
1234 2203 1263 2224 ut
1280 2198 1393 2228 videris,
1412 2199 1504 2224 iratus.
1546 2199 1599 2224 Nae
1615 2204 1641 2224 tu
1659 2199 1710 2224 iam

915 2242 1019 2260 mecum
1036 2235 1062 2260 in
1078 2236 1190 2270 gratiam
1207 2235 1312 2265 redeas,
1329 2236 1352 2261 si
1369 2236 1452 2265 scias,
1465 2245 1546 2270 quain
1560 2245 1601 2262 me
1614 2235 1712 2270 pudeat

915 2272 1049 2306 nequitiae
1064 2277 1136 2303 tuae,
1153 2273 1231 2299 cuius
1247 2277 1272 2298 te
1284 2273 1373 2306 ipsum
1387 2281 1438 2299 non
1451 2273 1542 2308 pudet.
1574 2273 1613 2299 Ex
1624 2273 1712 2299 omni-

915 2309 965 2334 bus
976 2309 1097 2335 omnium
1110 2308 1216 2343 flagitiis
1229 2309 1334 2335 nullum
1346 2311 1452 2344 turpius
1464 2310 1532 2340 vidi,
1547 2310 1651 2336 nullum
1663 2319 1711 2336 au-

913 2345 980 2372 divi.
1014 2346 1066 2378 Qui
1087 2348 1214 2381 magister
1228 2347 1351 2381 equitum
1368 2346 1453 2373 fuisse
1468 2347 1516 2374 tibi
1533 2347 1665 2377 viderere,
1683 2348 1710 2373 iu

915 2383 1067 2417 proximum
1082 2392 1183 2410 annum
1198 2383 1367 2410 consulatum
1384 2389 1500 2419 peteres,
1515 2384 1556 2410 vel
1570 2385 1658 2419 potius
1670 2393 1711 2411 m-

913 2429 1003 2454 gaws:
1026 2421 1049 2446 is
1071 2430 1118 2456 per
1137 2421 1284 2455 municipia
1303 2421 1474 2456 coloniasque
1495 2421 1610 2452 Galliae,
1629 2431 1642 2447 a
1657 2431 1710 2457 qua

915 2466 962 2483 nos
977 2462 1049 2488 tum.
1067 2467 1152 2493 quum
1164 2459 1320 2485 consulatus
1332 2459 1479 2493 petebatur.
1494 2468 1544 2485 non
1558 2459 1707 2494 rogabatur,

915 2499 1002 2529 petere.
1017 2495 1186 2522 consulatum
1198 2496 1361 2524 solebamus.
1373 2505 1435 2522 cum
1448 2496 1558 2523 Gallicis
1570 2501 1595 2523 et
1607 2497 1709 2523 lacerna

913 2533 1064 2558 cucurristi.
1097 2533 1196 2560 XXXI.
1218 2535 1260 2559 77.
1278 2535 1311 2559 At
1327 2534 1414 2560 videte
1431 2533 1565 2560 levitatem
1581 2533 1707 2561 hominis.

913 2570 1002 2601 Quum
1019 2569 1081 2596 liora
1095 2571 1148 2597 diei
1163 2571 1266 2597 decima
1283 2570 1335 2597 sere
1351 2571 1384 2597 ad
1400 2571 1469 2598 Saxa
1485 2571 1564 2598 rubra
1581 2572 1707 2603 venisset,

913 2606 1020 2633 delituit
1034 2607 1060 2633 in
1075 2608 1191 2643 quadam
1207 2608 1371 2643 cauponula,
1390 2614 1469 2644 atquo
1485 2609 1521 2635 ihi
1533 2617 1561 2635 se
1572 2609 1709 2636 occultans

914 2645 1062 2679 perpotavit
1072 2645 1104 2672 ad
1116 2654 1273 2680 vesperum:
1290 2646 1352 2672 inde
1363 2646 1429 2673 cisio
1439 2646 1561 2673 celeriter
1571 2647 1602 2673 nd
1611 2647 1708 2673 Urbem

891 2696 893 2705 x
913 2681 1049 2713 advectus,
1062 2682 1172 2710 domum
1185 2684 1257 2710 venit
1268 2684 1353 2719 capite
1365 2683 1494 2711 involuto.
1518 2684 1628 2711 Ianitor:
1641 2684 1708 2717 Quis

1428 2730 1485 2755 77·
