1941 3052
406 149 496 176 PRO
528 150 558 176 L.
593 148 848 176 CORNELIO
879 148 1048 176 BALBO.
1089 149 1186 176 CAP.
1221 151 1372 177 24—28.

69 220 243 257 plicationum
268 219 436 254 amplissimo
460 221 564 248 ornavit
584 225 609 246 et
629 229 740 247 numero
759 220 864 246 dierum

69 266 147 285 novo.
188 257 269 288 Idem,
282 257 308 283 in
321 258 452 292 angustiis
464 259 566 289 aerarii,
580 259 707 284 victorem
718 258 864 284 exercitum

68 294 202 330 stipendio
222 294 320 321 affecit:
351 295 503 329 imperatori
519 295 609 322 decem
627 295 725 331 legatos
737 295 863 326 decrevit,

69 332 127 368 lege
143 332 300 366 Sempronia
319 332 519 359 succedendum
537 342 589 359 non
608 333 722 359 censuit.
766 333 865 358 Harum

68 378 117 405 ego
132 370 324 396 sententiarum
337 373 362 395 et
376 370 499 404 princeps
511 375 536 396 et
547 374 638 396 auctor
650 370 702 396 fui:
725 378 811 405 neque
823 379 865 396 me

68 407 229 434 dissensioni
255 415 328 432 meae
351 407 479 441 pristinae
504 408 596 442 putavi
622 408 710 442 potius
731 408 862 438 assentiri,

67 453 149 479 quam
166 444 353 479 praesentibus
369 444 533 479 reipublicae
544 445 710 479 temporibus
722 449 747 470 et
758 453 866 471 concor-

67 482 128 508 diae
147 482 298 508 convenire.
340 482 397 508 Non
417 481 489 508 idem
504 482 564 508 aliis
578 482 692 508 videtur.
735 482 866 508 Suntfor-

68 523 138 546 tasse
149 519 176 545 in
193 519 324 545 sententia
340 518 481 545 firmiores.
526 519 701 554 Reprehendo
719 520 862 549 neminem,

67 556 116 583 sed
132 556 261 582 assentior
276 565 328 582 non
343 557 483 583 omnibus:
514 565 601 591 neque
617 565 675 582 esse
690 557 865 583 inconstantis

67 598 142 630 puto,
165 594 323 620 sententiam
347 592 484 630 [aliquam]
507 598 643 628 tamquam
665 593 774 628 aliquod
790 595 866 619 navi-

67 632 143 667 gium
164 635 243 666 atque
258 640 366 657 cursum
383 639 416 658 ex
431 631 594 666 reipublicae
608 636 764 666 tempestate
775 631 865 657 mode-

68 669 130 695 rari.
162 670 204 695 62.
217 668 269 694 Sed
281 669 303 694 si
315 669 361 703 qui
373 673 444 699 sunt,
457 668 559 703 quibus
571 668 704 694 infinitum
716 669 751 694 sit
761 669 862 699 odium.

68 706 96 732 in
119 715 187 741 quos
207 705 289 732 semel
310 710 465 740 susceptum
481 706 528 738 sit3
551 714 619 740 quos
636 706 713 731 video
728 714 787 732 esse
799 715 866 732 non-

69 743 172 770 nullos:
194 752 256 769 cum
267 743 383 769 ducibus
394 743 469 777 ipsiS‚
479 751 529 769 non
541 751 602 769 cum
613 743 740 770 comitatu
751 748 865 769 assecta—

68 781 226 815 toribusque
245 779 396 815 confligant.
436 780 512 806 Illam
530 780 601 806 enim
622 780 733 807 fortasse
749 781 865 815 pertina-

68 818 135 845 ciam
149 817 279 848 nonnulli,
298 818 423 843 virtutem
434 817 479 843 alii
491 817 636 851 putabunt:
660 818 727 844 hanc
740 826 801 844 vero
813 818 864 844 ini-

67 855 196 890 quitatem
216 863 318 885 omneS,
336 863 398 880 cum
414 854 503 889 aliqua
517 855 672 881 crudelitate
683 856 862 882 coniunctam.

68 892 120 919 Sed
130 893 289 918 sicertorum
297 892 435 918 hominum
444 897 546 918 mentes
553 892 625 918 nulla
633 893 740 924 ratione,
750 893 861 925 iudices,

67 929 171 965 placare
182 938 341 964 possumus:
372 934 474 956 vestros
485 929 595 964 quidem
608 930 711 956 animos
721 935 790 957 certe
801 940 864 957 con-

67 967 186 998 fidimus,
209 975 260 993 non
276 967 393 994 oratione
409 971 506 999 nostra,
530 967 578 994 sed
593 967 760 995 humanitate
775 973 864 995 vestra

67 1012 126 1031 esse
137 1004 264 1039 placatos.

121 1079 242 1106 XXVIII.
256 1080 297 1105 63.
310 1077 380 1111 Quid
392 1079 463 1105 enim
475 1083 523 1110 est,
532 1088 579 1106 cur
590 1088 642 1106 non
654 1080 742 1115 potius
749 1079 864 1106 adsum-

67 1125 138 1143 mam
155 1116 260 1142 laudem
277 1116 349 1148 huic,
366 1125 446 1151 quam
458 1117 490 1143 ad
502 1117 640 1143 minimam
653 1117 783 1148 fraudem,
799 1118 864 1144 Cae-

66 1155 133 1180 saris
146 1153 311 1180 familiaritas
323 1153 411 1180 valere
422 1154 534 1180 debeat?
553 1154 683 1190 Cognovit
693 1155 861 1181 adolescens:

67 1191 167 1226 placuit
187 1191 289 1218 homini
305 1191 528 1226 prudentissim03
551 1193 578 1218 in
595 1201 701 1218 summa
716 1193 862 1219 amicorum

66 1229 141 1264 copia
165 1237 227 1255 cum
249 1228 467 1256 familiarissimis
483 1230 541 1255 eius
561 1234 602 1256 est
621 1230 794 1265 adaequatus.
834 1231 863 1256 ln

67 1270 203 1301 praetura,
225 1267 254 1292 in
278 1266 418 1292 consulatu
439 1266 604 1301 praefectum
625 1267 732 1294 fabrum
752 1267 861 1299 detulit;

66 1303 209 1330 consilium
235 1303 352 1330 hominis
373 1304 507 1338 probavit,
529 1304 608 1330 fidem
630 1309 669 1331 est
689 1305 861 1339 complexus:

66 1340 153 1367 officia
173 1341 424 1375 observantiamque
439 1341 542 1368 dilexit.
584 1342 646 1368 Fuit
661 1342 705 1368 hic
717 1342 862 1369 multorum

66 1378 107 1405 illi
125 1378 244 1404 laborum
260 1378 350 1404 socius
361 1378 519 1413 aliquando:
542 1383 582 1405 est
594 1378 704 1406 sortasse
716 1388 786 1406 nunc
798 1389 863 1406 non-

66 1415 202 1442 nullorum
224 1415 356 1450 particeps
374 1416 584 1442 commodorum.
625 1416 698 1449 Quae
713 1417 823 1452 quidem
839 1418 863 1443 si

66 1453 129 1479 huic
149 1452 284 1479 obfuerint
304 1453 375 1487 apud
391 1462 448 1484 vos,
467 1461 519 1480 non
533 1453 662 1489 intelligo,
680 1454 752 1489 quod
763 1455 863 1481 bonum

66 1491 192 1526 cuiquam
214 1491 249 1517 sit
270 1490 342 1525 apud
362 1490 428 1517 tales
444 1491 514 1518 viros
531 1491 710 1526 profuturum.
740 1493 782 1519 64.
799 1492 861 1523 Sed,

1659 154 1709 180 545

917 221 1043 255 quoniam
1065 220 1094 247 C.
1111 220 1207 247 Caesar
1221 221 1295 248 abest
1311 221 1476 258 longissime,
1494 226 1573 257 atque
1590 223 1616 248 in
1628 223 1661 248 iis
1673 228 1713 250 est

918 266 988 283 nunc
1001 258 1073 289 locis,
1091 267 1160 293 quae
1174 259 1281 294 regione
1292 259 1382 285 orbem
1394 264 1532 290 terrarum.
1546 260 1626 286 rebus
1637 260 1712 286 illius

916 295 999 329 gestis
1012 296 1156 330 imperium
1168 296 1261 330 populi
1273 297 1384 323 Romani
1395 297 1540 323 definiunt.-
1564 297 1652 327 nolite,
1667 306 1713 332 per

917 332 980 358 deos
999 333 1175 359 immortales!
1198 333 1439 364 iudices,huncilli
1451 334 1575 360 acerbum
1588 335 1711 361 nuntium

918 369 986 395 velle
1008 369 1127 404 perferri,
1145 375 1173 396 ut
1189 379 1268 396 suum
1281 371 1443 405 praefectum
1457 371 1569 402 sabi-iim,
1584 377 1613 398 ut
1627 372 1713 398 homi-

918 415 978 432 nem
990 408 1042 433 sibi
1055 408 1223 434 carissimum
1232 408 1514 440 etsamiliarissinmm,
1524 418 1573 435 non
1586 409 1713 444 obipsius

918 444 1026 478 aliquod
1047 444 1184 474 delictum,
1201 445 1248 471 sed
1265 446 1298 472 ob
1309 455 1386 472 suam
1400 446 1605 473 familiaritatem
1618 447 1713 473 vestris

917 490 1075 515 oppressum
1097 483 1235 508 sententiis
1256 483 1356 509 audiat.
1397 484 1560 510 Miseremini
1582 485 1648 514 eius,
1666 485 1713 519 qui

918 527 968 544 non
990 518 1022 544 de
1037 528 1085 545 suo
1102 524 1216 553 peccato,
1231 520 1278 546 sed
1288 520 1320 546 de
1332 521 1414 547 huius
1425 522 1525 547 summi
1536 526 1560 547 ct
1571 521 1714 547 clarissimi

895 587 897 595 y
918 557 968 582 viri
989 555 1070 588 fact03
1093 566 1144 583 non
1161 557 1193 583 de
1209 556 1299 592 aliquo
1313 559 1432 588 crimine.
1451 559 1507 589 sed,
1526 559 1642 593 periculo
1653 568 1711 589 suo,

917 593 949 619 de
970 593 1078 627 publico
1094 594 1151 620 iure
1167 594 1310 628 disceptat;
1333 595 1405 630 quod
1422 596 1463 622 ius
1475 597 1498 622 si
1511 596 1557 623 Cn.
1571 597 1713 631 Pompeius

917 631 1056 666 ignoravit,
1080 631 1103 656 si
1124 631 1153 657 P.
1171 631 1292 662 Crassus,
1311 633 1333 658 si
1345 632 1376 664 Q.
1394 633 1526 663 Metellus,
1541 634 1563 659 si
1576 634 1623 660 Cn.
1636 634 1714 660 Pom-

918 668 995 702 peius
1008 673 1089 702 pater,
1102 669 1125 694 si
1137 669 1166 694 L.
1181 668 1264 699 Sulla,
1278 670 1300 695 si
1313 670 1341 695 L.
1355 670 1477 701 Crassus,
1491 671 1513 697 si
1525 671 1554 697 C.
1567 672 1676 702 Marius,
1690 672 1713 697 si

917 710 1034 736 senatus,
1048 706 1070 731 si
1083 705 1200 739 populus
1211 706 1355 738 Romanus,
1373 708 1404 738 si,
1413 708 1460 742 qui
1472 708 1504 733 de
1516 718 1542 734 re
1554 708 1714 734 similiiudi·

916 747 1018 773 carnut,
1037 743 1059 768 si
1076 742 1201 769 foederati
1218 743 1320 778 populi,
1338 745 1361 770 si
1373 745 1446 776 socii,
1464 746 1486 770 si
1500 745 1537 771 illi
1550 746 1653 780 antiqui
1665 747 1714 772 La-

919 780 979 805 tini:
1003 779 1100 810 videte,
1114 789 1146 806 ne
1158 780 1253 806 utilius
1265 781 1341 807 vobis
1353 786 1379 807 et
1390 782 1528 808 honestius
1540 784 1583 813 sit,
1597 783 1651 809 illis
1663 783 1714 809 du-

916 817 994 843 cibus
1009 826 1104 848 errare,
1122 826 1203 852 quam
1221 818 1270 844 hoc
1282 819 1408 853 magistro
1420 819 1530 846 erudiri.
1571 820 1632 850 Sed,
1646 821 1669 846 si
1681 820 1713 846 de

916 859 995 886 certo,
1018 854 1050 881 de
1065 855 1216 889 perspicuo,
1239 855 1272 881 de
1288 856 1357 887 utili,
1375 856 1407 882 de
1424 857 1541 891 probato,
1554 857 1587 883 de
1599 857 1714 884 iudicato

916 892 993 918 vobis
1005 893 1062 918 iure
1073 901 1131 918 esse
1146 893 1364 920 constituendum
1371 894 1481 920 videtis:
1506 894 1584 921 nolite
1591 895 1713 921 commit-

916 933 978 960 tere,
997 934 1026 955 ut
1041 930 1068 956 in
1084 938 1111 956 re
1123 935 1176 956 tam
1190 931 1335 957 inveterata
1347 931 1495 967 quidquam
1508 932 1569 958 novi
1581 933 1712 958 sentiatis.

916 966 1003 993 Simul
1025 972 1050 993 et
1060 967 1114 998 illa,
1133 967 1246 999 iudices,
1264 969 1352 994 onmia
1367 973 1425 995 ante
1436 968 1527 995 oculos
1540 974 1642 996 vestros
1653 978 1715 1004 pro-

915 1005 1019 1039 ponite:
1042 1005 1170 1039 primum,
1188 1014 1247 1031 esse
1264 1014 1357 1032 omnes
1368 1007 1447 1032 etiam
1462 1012 1521 1041 post
1533 1012 1643 1033 mortem
1656 1016 1713 1033 reos

915 1042 1079 1068 clarissimos
1101 1042 1161 1069 illos
1184 1044 1264 1074 viros,
1282 1044 1329 1078 qui
1347 1043 1493 1070 foederatos
1509 1045 1616 1071 civitate
1632 1044 1714 1071 dona-

916 1084 991 1106 runt:
1015 1079 1111 1106 deinde
1131 1085 1269 1112 senatum,
1287 1081 1334 1115 qui
1350 1090 1478 1116 persaepe
1499 1082 1548 1108 hoc
1569 1082 1710 1108 iudicavit:

916 1117 1056 1152 populum,
1070 1118 1117 1152 qui
1133 1118 1225 1144 iussit:
1248 1118 1360 1149 iudices,
1373 1120 1420 1154 qui
1432 1119 1622 1154 approbarunt.
1645 1120 1713 1146 Tum

916 1155 995 1181 etiam
1016 1154 1084 1181 illud
1105 1156 1258 1191 cogitatote:
1291 1157 1330 1182 sic
1346 1157 1435 1183 vivere
1454 1166 1483 1183 ac
1500 1157 1601 1183 vixisse
1616 1158 1714 1184 Corne-

917 1191 992 1223 lium,
1007 1197 1044 1223 ut,
1059 1201 1144 1227 quum
1156 1193 1276 1220 omnium
1288 1198 1455 1228 peccatorum
1467 1195 1637 1229 quaestiones
1649 1195 1711 1225 sint,

916 1239 967 1256 non
988 1229 1021 1256 de
1037 1230 1163 1256 vitiorum
1180 1239 1290 1257 suorum
1307 1240 1401 1266 poena,
1415 1232 1462 1258 sed
1473 1232 1505 1258 de
1519 1233 1625 1258 virtutis
1638 1241 1713 1266 prae-

916 1267 969 1293 mio
988 1268 1015 1293 in
1037 1267 1167 1294 iudicium
1190 1273 1306 1294 vocetur.
1346 1269 1460 1295 Accedat
1481 1270 1558 1295 etiam
1580 1269 1661 1300 illud,
1686 1274 1713 1295 ut

915 1305 1037 1331 statuatis
1059 1305 1108 1331 hoc
1123 1305 1235 1336 iudicio,
1253 1311 1344 1332 utrum
1360 1307 1470 1341 posthac
1484 1307 1614 1333 amicitias
1629 1306 1714 1333 claro-

915 1351 974 1368 rum
1006 1342 1124 1368 virorum
1148 1342 1291 1369 calamitati
1313 1344 1482 1375 hominibus,
1505 1354 1537 1370 an
1559 1350 1713 1370 ornamento

915 1388 974 1405 esse
995 1379 1106 1406 malitis.
1145 1380 1283 1407 Postremo
1298 1380 1376 1412 illud,
1394 1381 1505 1412 iudices,
1520 1381 1603 1407 lixum
1617 1382 1643 1408 in
1655 1383 1714 1408 ani-

916 1417 966 1443 mis
988 1417 1083 1443 vestris
1100 1421 1221 1448 tenetote,
1240 1427 1287 1444 vos
1303 1418 1330 1444 in
1347 1418 1395 1444 hac
1410 1427 1504 1445 caussa
1521 1428 1572 1445 non
1585 1419 1618 1445 de
1630 1419 1713 1445 male-

916 1454 974 1481 ficio
994 1455 1023 1481 L.
1041 1454 1169 1487 Cornelii,
1186 1455 1234 1482 sed
1249 1455 1282 1483 de
1296 1455 1426 1483 beneficio
1441 1456 1488 1483 Cn.
1506 1456 1626 1492 Pompeii
1641 1457 1713 1484 iudi-

914 1496 1029 1519 caturos.

776 1582 1006 1598 ——fflossffi—

598 1769 632 1797 M.
669 1769 848 1798 TULLII
883 1768 1176 1799 CICERONIS

865 1849 907 1868 IN

204 1907 248 1956 L.
322 1907 1018 1959 CALPURNIUM
1088 1908 1564 1958 PISONEM

677 2001 1093 2042 ORATIO.

118 2143 195 2165 Ano.
214 2143 286 2165 ASC.
307 2144 465 2170 Argumentum
475 2145 542 2167 huiu-
552 2146 662 2167 orationi.
673 2147 739 2168 breve
748 2146 862 2167 ndmodum

65 2182 106 2201 ent.
131 2180 187 2201 Num
203 2186 267 2206 quum
282 2180 380 2201 revoc-ti
394 2183 469 2201 enitent
483 2187 511 2202 ox
521 2181 645 2208 provincii·
655 2181 710 2203 Piso
720 2185 743 2202 et
753 2181 863 2202 aniniun

65 2214 177 2235 sententia
195 2214 324 2240 Ciceronis,
343 2222 406 2242 quum
425 2216 514 2236 dixer-t
527 2217 554 2237 tle
566 2217 690 2244 provincii·
707 2216 863 2238 consulu-ihu.

64 2249 160 2271 Lentulo
171 2252 193 2270 et
203 2249 310 2278 Philippo
318 2258 385 2275 cun..
397 2258 498 2272 rever-uu
509 2251 532 2272 in
542 2251 654 2273 civitatem
666 2251 720 2273 Piso
730 2252 757 2272 ‹le
766 2251 863 2272 innectu-

65 2284 126 2306 fione
145 2284 261 2306 Ciceroni·
276 2285 299 2305 in
314 2289 392 2306 uenatu
411 2290 544 2313 conque-tu-
563 2291 604 2311 est,
620 2290 642 2308 et
657 2287 679 2307 in
694 2294 741 2307 eum
753 2286 862 2310 invectum,

64 2319 146 2341 fiducia
159 2320 255 2341 maxime
269 2320 374 2340 ene-uri·
383 2320 466 2345 genn-ri,
478 2321 515 2348 qui
526 2325 571 2343 turn
582 2322 670 2343 Gelli-s
680 2322 803 2343 obtinebat.
823 2321 861 2342 Pi-

65 2354 115 2375 Ιοιιὶ
125 2354 203 2376 Cicero
214 2355 328 2383 respondit
339 2355 378 2375 linc
389 2356 497 2376 untione.

107 2390 168 2411 nnec
181 2390 253 2411 oratio
268 2389 328 2410 clieta
343 2393 377 2410 ent
392 2392 432 2411 (‘n.
449 2391 555 2419 Pompeio
570 2393 649 2417 Magno
660 2392 689 2413 ΙΙ.
700 2393 730 2414 Μ.
742 2394 823 2413 Cranno
835 2392 861 2413 ΙΙ.

64 2430 122 2446 cou.
142 2425 201 2452 (899.
221 2425 248 2446 U.
266 2426 296 2451 c.)
312 2428 455 2452 anteponens
466 2426 522 2451 dien,
540 2433 603 2453 quum
615 2429 655 2447 Cn.
667 2428 787 2455 Pon-peiu-
798 2427 862 2448 tud-n

65 2458 157 2485 taceret,
175 2460 256 2487 quibu·
275 2459 384 2481 theatrum
400 2467 412 2481 ιι
427 2468 451 2482 ιε
465 2461 546 2482 fartum
562 2462 681 2483 ‹It-‹licm-it.
706 2463 753 2483 Ηυι·
763 2462 861 2488 intellig-i

65 2499 94 2514 ex
110 2493 184 2522 ἰμιίιιι
198 2494 314 2516 ciceroni·
328 2496 403 2516 verbi-
418 2499 499 2523 potent.
535 2497 652 2518 Enii-mern
668 2497 708 2518 luc
726 2497 748 2517 in
761 2497 862 2518 omi-,un

66 2526 99 2548 ιὶο
114 2527 174 2549 dixit
192 2529 222 2556 (n.
245 2531 301 2556 27.):
334 2531 444 2556 „Inutcmt
471 2535 522 2559 post
545 2531 655 2553 hominum
678 2533 803 2553 memoriam
823 2539 861 2559 ιμ·

66 2562 203 2590 pnutiuimi
213 2565 473 2593 magnificanti-nimique
483 2566 537 2588 ludi.
547 2569 562 2579 ¹·
588 2567 715 2588 Fenus-tell·
725 2567 811 2594 quidem
823 2575 861 2595 po-

66 2596 113 2618 enit
131 2597 186 2619 hanc
200 2598 260 2620 inter
278 2607 315 2622 nn}
329 2601 454 2626 orationes.
474 2608 528 2628 quun
542 2601 602 2622 «lixit
616 2601 694 2623 Cicero
711 2603 735 2623 L.
753 2602 860 2627 Domitio.

66 2630 139 2659 Appio
158 2632 251 2655 ctnustio
264 2642 331 2660 eon..
350 2635 458 2657 ultimam.
482 2636 537 2661 Sed.
549 2639 573 2657 ut
584 2637 611 2657 nl»
620 2643 645 2657 eu
656 2637 796 2661 ‹ii-nentium.
808 2637 862 2658 facit

66 2665 167 2693 primum.
178 2669 235 2695 quod
244 2669 298 2690 Pina
309 2677 412 2691 revertu-
423 2674 457 2692 eut
467 2678 495 2692 ex
505 2671 621 2699 provinci·
631 2672 736 2700 Pompeio
748 2676 769 2693 et
780 2674 862 2694 ern-o

65 2707 135 2730 oon.⁸
152 2702 263 2725 Gabiniu-
278 2705 379 2726 Domitio
394 2709 416 2727 et
433 2706 520 2734 Appi-13
548 2709 592 2728 tum
612 2709 683 2728 nutem
694 2706 817 2728 ontionem
826 2706 861 2727 ‹ti-

914 2148 969 2167 etum
989 2150 1040 2167 anto
1058 2147 1149 2168 Gabinii
1169 2147 1264 2169 reditum
1272 2163 1277 2173 ,
1289 2154 1316 2169 cx
1334 2147 1384 2175 ipn
1403 2147 1544 2168 munire-tum
1559 2150 1606 2171 etv.
1625 2147 1711 2170 deinde,

914 2182 971 2208 quod
987 2181 1056 2207 megin
1072 2182 1174 2203 notui-ule
1184 2186 1226 2207 est,
1235 2186 1259 2203 ut
1269 2183 1292 2203 in
1303 2182 1352 2210 ipuo
1361 2182 1444 2203 recenti
1455 2182 1528 2202 reditu
1538 2182 1572 2202 im
1578 2185 1638 2202 erm·
1648 2181 1677 2202 sit
1690 2182 1711 2201 in

914 2216 1051 2241 Ciceronem,
1070 2218 1254 2244 responderitque
1263 2217 1408 2238 innuet-«inni
1419 2217 1475 2239 οίιιι.
1487 2224 1530 2243 qu·
1539 2220 1655 2237 remi-utus
1666 2220 1712 2236 ‘rut

913 2257 942 2271 cx
952 2251 1067 2278 provintia
1078 2251 1148 2278 prius.
1160 2259 1223 2278 quam
1234 2256 1285 2279 post
1295 2252 1347 2272 unni
1358 2252 1426 2272 intem
1432 2252 1507 2272 ullum.
1533 2252 1629 2278 App-ret
1640 2255 1710 2271 nutem

914 2285 1044 2306 ciceronem
1055 2287 1199 2313 rcupumlino
1210 2287 1289 2307 Pin-»ui
1298 2287 1322 2307 in
1333 2290 1419 2307 annun.
1448 2287 1472 2307 In
1484 2293 1567 2306 nummu
1577 2293 1641 2312 «pium
1652 2286 1710 2306 :lint

914 2321 953 2340 luc
963 2320 1014 2347 ὶμιι
1023 2321 1126 2341 emtione
1136 2322 1222 2345 Cicero,
1229 2322 1315 2342 innare
1325 2321 1558 2346 munimenti-fimo·
1565 2320 1711 2347 apparati-ni-

913 2362 1003 2382 nia-quo
1022 2355 1094 2379 ludon,
1114 2363 1156 2376 non
1171 2357 1244 2380 viden,
1260 2364 1302 2383 quo
1317 2357 1380 2376 musto
1396 2356 1435 2376 line
1446 2356 1515 2381 ηιιᾳὶι
1526 2355 1624 2376 Domitio
1635 2359 1656 2376 et
1667 2356 1711 2383 Ap-

913 2390 950 2417 μίιι
969 2397 1026 2410 tun.
1047 2390 1128 2411 tlirtmn
1144 2392 1181 2415 nit.
1193 2392 1273 2418 quitin-
1292 2390 1422 2411 ‹nn-ulitm·
1439 2390 1495 2410 nulli
1507 2390 1653 2411 notat-illurn
1664 2390 1711 2411 ludl

914 2425 1011 2448 fuerunt.
1031 2432 1093 2451 quam
1115 2424 1219 2451 vnn-prio
1234 2428 1255 2445 ‘t
1270 2426 1365 2448 Cra-uu
1383 2432 1424 2452 quo
1436 2432 1492 2445 auno
1504 2426 1622 2453 Pompeiu-
1633 2426 1711 2453 exqui-

913 2459 1031 2480 niti-»imt-
1051 2459 1321 2487 magnificeminimi-que
1340 2461 1411 2480 numi-
1426 2461 1512 2485 generi·
1533 2460 1591 2481 ΙιιιΙίι
1601 2461 1709 2482 (henum

912 2494 1030 2515 ‹tenth-mit.

970 2530 1073 2551 Celerum
1090 2534 1182 2557 prm-ur
1191 2529 1333 2558 fragmenta
1348 2531 1376 2551 ub
1387 2530 1484 2550 Areon-’o
1493 2533 1514 2550 f!
1524 2538 1537 2549 a
1550 2529 1710 2554 Quinctilimuo

913 2566 970 2587 lmt.
987 2566 1025 2586 Or.
1038 2566 1083 2590 IX,
1093 2569 1112 2586 4.
1124 2569 1146 2586 et
1159 2565 1225 2589 r111.
1236 2568 1255 2586 3.
1267 2569 1368 2589 sert-utu.
1385 2573 1443 2593 «μνη
1453 2567 1483 2586 ml
1493 2565 1647 2592 appla-ndum
1659 2571 1709 2584 om-

913 2601 982 2622 n'mn'a
1000 2599 1144 2628 princip-'um
1164 2600 1273 2621 nndflum
1291 2601 1396 2621 nonnihil
1409 2600 1542 2628 conserunt,
1552 2606 1630 2627 punctu
1641 2607 1709 2627 quae-

912 2637 964 2656 dum
975 2636 1022 2656 alin
1033 2635 1093 2657 inter
1104 2639 1176 2657 retem
1187 2636 1305 2663 leguntur.
1342 2637 1404 2659 Quae
1414 2635 1502 2662 qui-lem
1512 2636 1544 2655 nd
1553 2635 1610 2655 idem
1619 2634 1709 2662 princi-

910 2671 977 2699 pium
1004 2670 1117 2699 pertinen
1142 2670 1250 2692 videntur
1258 2686 1264 2695 ,
1289 2672 1326 2691 mi
1349 2678 1394 2698 qum
1419 2671 1474 2691 urin
1497 2670 1629 2691 tolleranda
1653 2670 1708 2694 siue,

912 2714 957 2728 ηοιι
966 2707 1045 2735 liquet.

1468 2746 1501 2771 69
