1941 3052
235 106 284 131 7:3ss
811 106 852 130 82.
888 104 922 130 M.
953 104 983 130 T.

238 185 320 211 paem-
337 176 433 202 vit-tam
451 174 644 208 rmnpuhlivnm
661 183 693 200 ex
710 174 836 200 manilius
849 174 965 200 hostium
977 175 1030 200 eri-

237 215 294 248 puit
305 223 334 238 ac
346 212 472 238 reddidit.
506 213 580 237 Nune
592 220 654 245 ergo
667 212 790 237 vivemus
804 211 896 237 litu-ri:
911 220 982 237 nunc
994 216 1026 240 te,

235 252 356 276 oninium
379 251 493 275 maxime
509 250 577 275 vivis
598 254 623 274 vt
640 249 705 274 milii
722 250 874 279 carissime,
900 248 936 282 (iil
957 248 1028 283 quod

237 288 362 313 :numnis
375 286 538 320 reipublic-ae
551 286 666 311 ivm-bris
677 287 831 320 comperisti
840 287 857 319 ;)
869 294 940 312 nunc
947 290 970 311 te
983 285 1030 311 lia-

237 325 361 350 lwliimus
379 329 471 349 testem
489 324 570 348 nostri
587 328 611 348 et
629 324 653 348 in
672 328 694 349 te
705 328 730 349 et
742 324 767 349 in
779 323 1028 349 coniunctissimam

236 362 284 388 tibi
298 360 492 394 rempublicam
504 361 615 386 amoris:
635 365 660 386 et
675 370 743 395 quae
759 369 838 395 saepe
853 360 989 394 pollicitus
1000 369 1029 385 es
1050 386 1052 393 ,

236 404 258 424 te
271 403 295 424 et
308 398 464 427 taciturum,
483 397 547 422 (lum
559 398 737 428 serviremus,
755 402 780 424 et
795 398 930 423 dicturum
942 397 975 423 (le
988 406 1028 423 me
1050 398 1052 403 '

235 440 306 465 tuin,
324 443 408 469 quum
426 434 492 460 mihi
506 433 644 468 profutura
656 440 758 461 essent:
778 444 848 461 nunc
861 434 904 461 illa
917 444 967 461 non
980 444 1029 470 ego

234 472 345 507 quidem
357 471 411 497 dici
423 476 494 497 tanto
504 480 583 506 opere
594 471 766 502 desiderabo,
780 481 861 507 quam
874 472 967 498 sentiri
979 481 992 497 a
1005 477 1028 498 te

235 510 303 543 ipso.

233 546 430 576 commendari,
447 555 528 581 quam
545 546 602 581 ipse
619 551 663 573 tuo
680 546 780 573 iudicio
793 547 874 582 digne
886 555 915 573 ac
928 555 1030 572 mereor

233 583 437 609 commendatus
453 592 525 616 csse,
550 588 578 610 ut
593 583 657 610 haec
673 585 820 610 novissima
841 589 928 610 nostra
951 583 1027 614 facta,

235 630 286 647 non
298 621 398 651 subita,
413 629 460 647 nec
472 621 697 652 inconvenientia,
716 621 762 647 sed
777 621 877 648 similia
891 621 944 648 illis
955 622 1030 656 cogi-

234 658 389 689 nationibus,
402 667 517 693 quarum
532 663 558 684 tu
571 659 645 685 testis
657 668 694 690 es,
708 658 792 685 fuisse
804 659 916 689 iudices,
934 667 1029 694 meque

233 695 266 722 ad
278 697 406 730 optimam
422 704 497 730 spem
514 696 613 730 patriae
626 705 676 723 non
689 697 832 722 minimum
845 697 892 722 tihi
905 697 956 731 ipsi
969 705 1030 731 pro-

233 732 389 759 ducendum
401 738 489 768 putes.
529 735 555 760 2.
579 734 648 760 Sunt
659 733 718 765 tibi,
732 734 767 760 M.
780 733 861 764 Tulli,
880 734 956 760 liberi
969 742 1030 768 pro-

233 771 385 805 pinquique
405 770 481 806 digni
502 770 613 805 quidem
630 776 654 798 te
669 776 695 798 et
710 771 803 797 merito
820 771 869 798 tibi
884 771 1027 798 carissimi.

233 808 299 834 Esse
311 808 391 834 etiam
402 807 501 834 debent
513 809 539 834 in
552 808 689 843 republica
701 809 823 844 proxime
836 809 884 835 hos
895 809 963 839 cari.
981 808 1028 843 qni

232 844 384 871 studiorum
402 850 507 872 tuorum
523 850 587 872 sunt
601 846 714 872 aemuli:
738 855 853 881 quorum
869 855 928 872 esse
949 846 1029 880 cupio

232 882 282 908 tibi
299 883 414 917 copiam.
454 882 506 909 Sed
523 887 609 909 tamen
627 892 678 909 non
691 884 807 910 maxima
821 892 863 909 me
876 883 952 910 turba
965 888 1030 918 puto

233 919 355 950 excludi,
382 928 435 955 quo
455 920 546 946 minus
568 920 618 947 tibi
639 926 713 947 vacet
734 929 776 947 me
797 922 935 956 excipere,
956 926 981 947 et
996 920 1028 946 ad

214 960 218 966 ¹
232 958 336 987 omnia.
359 966 428 992 quae
444 957 513 983 velis
528 962 554 984 et
569 958 679 992 probes,
702 958 859 993 producere.
900 959 1028 985 Animum

233 994 283 1021 tibi
300 999 420 1021 nostrum
437 994 547 1021 sortasse
564 995 753 1030 probavimus:
772 996 912 1031 ingenium
924 996 1028 1022 diutina

233 1032 447 1063 scrvitus,certe,
462 1031 660 1068 qualecumque
672 1037 720 1064 cst,
735 1033 825 1059 minus
837 1038 934 1064 tamen,
947 1041 1028 1068 quam

232 1074 301 1100 erat,
315 1078 393 1104 passa
405 1074 445 1095 cst
456 1069 552 1096 videri.
593 1071 618 1096 3.
641 1071 693 1096 Nos
705 1079 738 1096 ex
749 1079 793 1096 ora
805 1071 938 1097 maritima
951 1071 1028 1096 Asiae

232 1107 387 1141 provinciae
399 1111 467 1133 etex
479 1106 590 1138 insulis,
603 1116 670 1142 quas
682 1108 835 1142 potuimuS,
849 1117 931 1134 naves
943 1107 1029 1133 dedu-

232 1145 334 1170 ximus.
369 1143 505 1170 Delectum
518 1145 661 1179 remigum,
675 1153 771 1181 magna
783 1146 949 1172 contumacia
960 1145 1029 1171 civi-

232 1185 326 1211 tatum.
341 1186 429 1208 tamen
440 1182 505 1208 satis
516 1182 638 1208 celeriter
649 1182 806 1209 habuimus.
832 1182 921 1209 Secuti
933 1191 1028 1209 sumus

231 1218 346 1244 classem
358 1218 522 1250 Dolabellae,
540 1220 584 1245 cui
601 1219 721 1246 Lucilius
737 1225 870 1254 praeerat;
888 1221 936 1255 qui
952 1228 1028 1255 spem

231 1264 312 1290 saepe
328 1256 493 1282 transitionis
509 1256 663 1291 praebendo
678 1265 765 1292 neque
776 1266 905 1292 umquam
918 1266 969 1284 non
981 1257 1029 1283 de-

231 1292 351 1319 cedendo
362 1293 509 1319 novissime
516 1293 648 1330 Corycum
659 1303 687 1320 se
697 1294 819 1326 contulit,
828 1299 853 1321 et
864 1295 956 1321 clauso
967 1303 1028 1330 por-

231 1335 260 1356 tu
272 1338 300 1356 se
311 1334 399 1356 tenere
412 1331 508 1365 coepit.
536 1332 598 1362 Nos,
611 1331 656 1357 illa
670 1331 770 1363 relicta,
783 1332 856 1367 quod
867 1337 893 1359 et
904 1333 931 1359 in
942 1337 1028 1358 castra

231 1368 373 1402 pervenire
389 1368 473 1394 satius
485 1376 544 1394 esse
554 1369 716 1403 putabamus
725 1390 731 1400 ,
749 1374 774 1396 et
784 1370 948 1405 sequebatur
959 1369 1029 1396 clas-

230 1405 269 1430 sis
281 1404 375 1436 altera,
395 1413 477 1440 quam
491 1413 560 1431 anno
571 1406 658 1440 priore
670 1407 697 1433 in
709 1407 834 1443 Bithynia
846 1407 943 1433 Tillius
955 1407 1028 1434 Cim-

230 1441 279 1468 ber
294 1447 472 1477 compararat,
490 1443 534 1469 cui
547 1443 675 1470 Turulius
687 1449 813 1479 quaestor
823 1449 957 1479 praeerat.
975 1445 1028 1480 Cy-

230 1488 310 1514 prum
322 1480 480 1514 petivimus.
521 1480 561 1506 lbi
584 1489 654 1516 quae
665 1482 852 1518 cognovimus,
866 1482 983 1508 scribere
994 1481 1027 1508 ad

230 1525 279 1543 vos
298 1525 380 1552 quam
401 1517 539 1544 celerrime
560 1518 707 1545 voluimus.
749 1520 773 1546 4.
799 1519 977 1550 Dolabellam,
999 1523 1028 1545 ut

230 1554 388 1585 Tarsenses,
402 1555 515 1589 pessimi
525 1556 604 1587 socii,
617 1556 653 1582 ita
665 1556 821 1587 Laodiceni,
841 1556 925 1583 multo
935 1565 1028 1583 amen-

230 1592 325 1622 tiores,
343 1591 412 1618 ultro
427 1593 619 1626 arcessierunt3
637 1602 671 1620 ex
684 1594 786 1629 quibus
798 1595 920 1629 utrisque
931 1595 1028 1620 civita-

230 1628 313 1660 tibus,
323 1628 486 1656 Graecorum
497 1629 615 1656 militum
627 1639 747 1663 numero,
761 1632 880 1666 speciem
892 1632 1026 1658 exercitus

230 1665 327 1692 effecit.
363 1666 454 1693 Castra
466 1667 547 1697 habet
557 1672 617 1694 ante
628 1668 760 1703 oppidum
772 1668 930 1695 Laodiceam
941 1669 1026 1703 posita

231 1708 257 1729 et
271 1707 373 1737 partem
390 1705 460 1730 muri
475 1704 621 1732 demolitus
636 1710 689 1736 est,
707 1710 732 1732 et
747 1711 832 1732 castra
847 1706 948 1741 oppido
963 1715 1027 1733 con-

230 1741 330 1767 iunxit.
371 1740 480 1767 Cassius
492 1747 581 1768 noster
590 1751 652 1768 cum
668 1742 761 1769 decem
778 1743 930 1779 legionibus
946 1748 972 1770 et
982 1752 1027 1769 co-

231 1777 355 1803 hortibus
370 1778 468 1813 viginti
483 1778 635 1806 auxiliariis
647 1784 672 1806 et
684 1785 810 1815 quattuor
821 1780 938 1807 millium
948 1781 1027 1815 equi-

230 1818 286 1841 tatu
302 1823 316 1840 a
331 1814 453 1842 millibus
468 1824 599 1851 passuum
621 1817 718 1853 viginti
738 1822 824 1844 castra
841 1817 922 1844 habet
940 1818 1026 1852 posita

229 1851 340 1886 Ιιάλιῳ,
361 1857 387 1878 et
406 1853 543 1880 existimat
563 1862 591 1879 se
612 1855 671 1880 sine
691 1854 792 1889 praelio
812 1863 891 1890 posse
908 1855 1025 1881 vincere.

230 1889 299 1914 Nam
311 1889 364 1915 iam
377 1890 459 1916 ternis
471 1890 675 1917 tetradrachmis
687 1892 805 1918 triticum
819 1892 891 1927 apud
903 1891 1027 1919 Dolabel-

230 1925 283 1952 lam
294 1931 344 1952 est.
383 1926 442 1953 Nisi
453 1927 520 1962 quid
532 1928 648 1954 navibus
660 1929 870 1956 Laodicenorum
885 1934 1027 1965 supporta-

230 1964 273 1993 rit,
287 1963 339 1989 cito
351 1962 420 1990 same
431 1969 522 1999 pereat
532 1974 640 1992 necesse
651 1970 704 1992 est:
717 1975 750 1993 ne
761 1972 918 2002 supportare
930 1967 1024 2002 possit,

229 2005 256 2026 et
267 2000 352 2027 Cassii
363 2000 459 2028 classis
470 2001 538 2028 bene
549 2011 656 2038 magna,
667 2003 712 2030 cui
722 2004 1026 2039 praeestSextiliusRu-

230 2037 283 2069 sus,
296 2042 322 2064 et
332 2042 398 2069 tres,
412 2047 480 2073 quas
491 2048 539 2065 nos
550 2039 728 2071 adduximus,
742 2050 804 2077 ego,
818 2041 960 2073 Turulius,
976 2042 1026 2068 Pa-

230 2075 324 2105 tiscus,
339 2074 416 2102 facile
427 2077 610 2110 praestabunt.
650 2078 683 2104 Et
694 2078 754 2104 volo
768 2087 816 2105 vos
827 2078 895 2105 bene
906 2087 1023 2115 sperare,

230 2116 256 2138 et
267 2112 471 2147 rempublicam,
485 2119 514 2140 ut
525 2123 572 2141 vos
584 2115 644 2141 istic
655 2115 817 2150 expedistis,
831 2117 867 2142 ita
877 2125 926 2152 pro
937 2122 1026 2143 nostra

229 2154 304 2183 parte
315 2149 437 2177 celeriter
447 2151 524 2177 vobis
535 2152 658 2186 expediri
669 2161 756 2187 posse,
770 2153 914 2181 confidere.
949 2154 1024 2181 Vale.

229 2187 292 2213 Data
304 2186 397 2213 Idibus
408 2188 467 2214 lun.
479 2188 576 2225 Cypro,
589 2198 603 2215 a
614 2189 876 2226 Crommyu-acride.

282 2255 346 2277 XIV.
360 2257 379 2277 A
386 2257 404 2277 it
411 2257 437 2277 G.
454 2257 551 2284 Exponit
563 2265 597 2278 res
605 2265 618 2278 ι
627 2265 651 2279 se
660 2263 742 2285 gestu,
753 2259 852 2281 Rhodio·
863 2263 963 2285 accunt.
973 2267 1024 2288 prn-

229 2291 365 2312 curationem
377 2291 444 2312 Asine
454 2292 517 2319 petit,
532 2293 611 2314 merita
622 2301 662 2314 mu
670 2293 694 2314 in
704 2301 772 2322 remp.
783 2299 944 2316 commemorat.

260 2328 314 2350 (Post
322 2332 401 2346 mortem
411 2329 481 2347 Pansae
491 2333 509 2347 ut
519 2330 576 2348 Hirtii
587 2337 634 2348 cusa.
646 2331 728 2349 Lentulo
737 2332 820 2350 nondum
831 2332 925 2355 :aguit-m
936 2332 991 2354 711.)

289 2372 495 2399 LENTULUS
515 2373 542 2400 S.
564 2374 594 2401 P.
614 2375 646 2401 D.
667 2374 856 2402 CICERONI
876 2375 957 2403 SUO.

287 2410 310 2435 l.
333 2404 429 2441 Quum
440 2411 551 2437 Brutum
568 2415 688 2438 nostrum
703 2413 891 2439 convenissem
906 2421 1024 2448 eumque

230 2445 333 2471 tardius
345 2447 372 2472 in
379 2448 470 2473 Asiam
482 2452 626 2475 venturum
637 2448 889 2481 animadverterem,
898 2451 925 2477 in
932 2450 1023 2477 Asiam

231 2481 312 2512 redii.
326 2488 355 2509 ut
365 2483 494 2519 reliquias
505 2486 558 2511 mei
570 2485 669 2512 laboris
678 2485 833 2522 colligerem
844 2492 870 2513 et
881 2488 1023 2522 pecuniam

230 2526 312 2552 quam
323 2520 441 2553 primum
454 2522 563 2548 Romam
575 2523 719 2550 mitterem.
750 2523 860 2550 Interim
870 2525 984 2560 cognovi
996 2526 1023 2551 in

231 2555 312 2590 Lycia
323 2564 382 2582 esse
391 2557 505 2598 classem
511 2559 663 2586 Dolabellae
673 2560 846 2596 ampliusque
857 2567 964 2588 centum
976 2570 1024 2588 na-

231 2601 278 2618 ves
293 2600 441 2625 onerarias,
458 2604 486 2621 in
502 2605 569 2630 quas
585 2598 719 2624 exercitus
734 2598 794 2624 eius
807 2598 910 2633 imponi
920 2604 1020 2634 posset,

230 2628 313 2665 idque
325 2629 488 2658 Dolabellam
499 2641 530 2659 ea
540 2639 629 2661 mente
639 2643 807 2670 comparasse
815 2656 821 2668 ,
835 2640 877 2668 ut,
895 2637 918 2663 si
929 2636 1022 2673 Syriae

349 509 440 543 Neque
456 509 527 535 enim
543 510 664 535 omnium
682 510 782 536 iudicio
804 509 895 535 malim
912 518 954 535 me
969 518 982 535 a
1005 514 1029 535 te
1051 522 1052 531 π

1049 182 1060 226 'l

1051 238 1052 245 ¹
1057 233 1060 252 l

1050 313 1053 332 l

1058 253 1059 259 ¹
1082 248 1132 273 laus
1148 249 1331 281 coniungeret.

1018 103 1294 131 CICERONIS

1081 183 1143 208 spes
1154 183 1215 200 eum
1229 174 1350 201 frustrata
1363 181 1441 205 esset,
1453 176 1642 203 conscenderet
1654 179 1679 204 in
1693 186 1774 203 naves
1785 183 1810 204 et
1821 178 1872 204 lta-

1083 211 1144 236 liam
1160 216 1273 245 peteret,
1290 221 1373 247 seque
1388 222 1448 239 cum
1461 215 1583 240 Antoniis
1598 220 1622 240 et
1638 215 1750 249 reliqui»,
1763 215 1872 241 latroni-

1372 250 1455 275 Cuius
1471 251 1507 276 rei
1524 257 1594 277 tanto
1611 253 1635 277 in
1653 253 1744 278 timore
1762 252 1813 278 lui.
1833 257 1870 282 ut,

1080 286 1207 310 omnihus
1221 285 1300 311 reims
1312 286 1420 314 relictis.
1429 296 1490 313 cum
1500 289 1674 322 paucioribus
1685 294 1710 315 et
1722 290 1872 315 minoribus

1082 322 1197 348 navibus
1213 322 1245 348 ad
1263 323 1321 349 illas
1339 324 1375 349 ire
1391 330 1501 350 conatus
1517 326 1579 351 nim.
1619 328 1643 352 2.
1665 326 1738 357 Quae
1751 336 1804 354 res.
1824 327 1846 352 si
1858 335 1871 352 a

1082 359 1193 385 lit-odiis
1206 369 1256 386 non
1269 370 1354 386 essem
1369 361 1565 396 interpellatus,
1584 361 1692 388 lortaiise
1705 369 1754 389 tota
1768 363 1872 389 sublata

1081 401 1163 422 esset:
1186 402 1273 423 tamen
1291 407 1385 432 magna
1401 407 1434 425 ex
1449 405 1521 433 parte
1538 399 1674 434 profligata
1689 406 1742 431 ent‘,
1765 401 1873 435 ‘litando

1081 434 1191 468 quidem
1207 434 1301 461 classis
1317 435 1446 470 dissipata
1463 442 1503 462 est
1521 436 1652 462 adventus
1669 439 1751 464 nostri
1768 444 1871 468 timore,

1082 471 1181 496 milites
1192 471 1329 507 ducesque
1340 473 1499 507 effugerunt,
1508 475 1779 501 onerariaeomnesad
1792 484 1872 501 unam

1082 518 1094 533 a
1112 508 1189 534 nobis
1205 514 1267 535 sunt
1283 515 1419 544 exceptae.
1459 510 1534 537 Certe
1551 511 1630 545 ‘qnod
1647 512 1763 537 maxime
1785 513 1873 545 timui)

1082 545 1174 571 videor
1185 552 1358 577 consecutus,
1377 553 1405 574 ut
1421 556 1471 574 non
1489 549 1572 582 possit
1584 548 1717 574 Dolabella
1734 550 1759 575 in
1771 549 1872 575 ltaliam

1081 583 1221 617 pervenire
1230 604 1235 612 ,
1249 592 1305 614 nec,
1319 585 1400 610 sociis
1411 586 1468 611 suis
1481 586 1604 614 firmatis,
1619 585 1714 611 durius
1727 586 1803 612 vobis
1814 586 1872 612 esli-

1080 629 1140 645 eere
1152 621 1299 655 negotium.
1340 624 1364 648 3.
1383 622 1478 648 Rhodii
1491 631 1538 649 nos
1549 628 1574 649 et
1586 623 1779 658 rempublicam
1791 632 1872 658 quarn

1082 657 1159 683 valde
1175 658 1389 693 desperaverint,
1412 668 1445 686 ex
1462 659 1569 690 litteris,
1591 669 1659 695 quas
1676 660 1783 695 publice
1800 661 1871 691 misi,

1080 703 1234 730 cognosces.
1275 696 1306 722 Et
1317 696 1427 731 quidem
1440 697 1523 723 multo
1534 698 1640 732 parcius
1651 698 1762 732 scripsi.
1782 696 1873 734 [quam

1081 740 1108 758 re
1124 741 1184 758 vera
1200 741 1244 758 eos
1262 732 1348 759 furere
1365 734 1465 760 inveni.
1507 734 1582 767 Quod
1595 743 1657 761 vcro
1668 734 1772 770 aliquid
1783 735 1816 761 de
1831 735 1873 761 his

1080 768 1199 805 scripsi]
1213 771 1303 796 mirari
1316 771 1380 797 noli.
1420 772 1485 798 Mira
1500 777 1540 798 est
1551 780 1642 798 eorum
1654 773 1779 798 amentia.
1820 773 1874 799 Nec

1082 807 1108 833 in
1121 816 1162 832 me
1174 807 1243 833 ullae
1256 809 1380 842 privatim
1395 809 1658 844 iniuriaeumquam:
1673 809 1874 836 malusanimus

1080 852 1172 870 eorum
1192 845 1217 870 in
1235 850 1351 871 nostram
1368 846 1495 872 salutem.
1517 847 1652 881 cupiditas
1671 848 1787 881 partium
1808 847 1874 873 alia-

1081 890 1154 911 rum,
1171 884 1367 916 perseverantia
1385 884 1411 910 in
1426 885 1622 919 contemptione
1633 885 1727 918 optimi
1739 885 1874 919 cuiusque

1081 918 1188 945 serenda
1208 919 1275 946 mihi
1297 929 1348 946 non
1366 920 1425 947 suit.
1466 921 1519 947 Nec
1538 927 1625 947 tamen
1644 930 1737 947 omnes
1755 921 1874 956 perditos

1080 964 1138 982 esse
1150 962 1227 991 puto;
1245 957 1291 983 sed
1305 957 1385 983 iidem
1399 957 1451 987 illi,
1469 959 1515 993 qui
1533 964 1589 985 tum
1607 958 1753 994 lugientem
1771 964 1872 993 patrem

1081 1002 1180 1023 meum,
1194 995 1241 1029 qui
1255 994 1283 1020 L.
1297 995 1454 1024 Lentulum,
1466 997 1513 1030 qui
1525 996 1697 1030 Pompeium,
1715 997 1762 1030 qui
1773 1001 1874 1022 ceteros

1082 1031 1154 1057 viros
1165 1031 1329 1058 clarissimos
1341 1041 1392 1058 non
1405 1038 1570 1067 receperunt,
1579 1033 1671 1063 iidem,
1680 1038 1816 1068 tamquam
1824 1032 1874 1059 ali-

1080 1076 1133 1103 quo
1146 1067 1211 1099 fato,
1224 1073 1249 1094 et
1261 1078 1332 1095 nunc
1343 1075 1388 1096 aut
1399 1071 1584 1105 magistratum
1596 1075 1692 1105 gerunt
1703 1075 1748 1096 aut
1758 1079 1812 1100 eos,
1825 1071 1874 1105 qui

1080 1110 1144 1131 sunt
1159 1106 1185 1132 in
1197 1106 1370 1141 magistratu,
1387 1107 1414 1133 in
1429 1116 1477 1133 rua
1494 1107 1593 1133 habent
1604 1112 1742 1142 potestate.
1782 1108 1873 1142 Itaque

1080 1142 1174 1169 eadem
1193 1143 1320 1178 superbia
1336 1144 1363 1170 in
1383 1145 1511 1179 pravitate
1527 1149 1648 1171 utuntur.
1687 1144 1806 1177 Quorum
1822 1145 1875 1170 im-

1080 1180 1239 1214 probitatem
1256 1181 1401 1216 aliquando
1413 1181 1531 1212 retundi,
1545 1186 1570 1208 et
1581 1190 1633 1208 non
1647 1182 1702 1216 pati
1714 1183 1873 1217 impunitate

1080 1218 1187 1253 augeri,
1205 1226 1257 1244 non
1274 1218 1362 1244 solum
1378 1219 1443 1245 utile
1458 1224 1499 1245 est
1514 1219 1677 1254 reipublicae
1689 1225 1808 1249 nostrae,
1825 1219 1873 1245 sed

1080 1255 1160 1281 etiam
1172 1256 1364 1283 necessarium.
1405 1257 1430 1283 t.
1447 1256 1482 1282 De
1494 1261 1582 1283 nostra
1593 1256 1731 1292 dignitate,
1746 1256 1827 1282 velim
1840 1257 1874 1283 ti-

1080 1292 1108 1318 bi
1120 1297 1149 1319 ut
1163 1301 1271 1328 semper
1285 1302 1364 1320 curae
1379 1294 1415 1320 sit
1429 1298 1468 1324 et,
1485 1302 1657 1328 quocumque
1669 1299 1786 1328 tempore
1796 1302 1873 1320 occa-

1079 1330 1183 1356 sionem
1196 1331 1332 1362 habueris,
1345 1336 1371 1358 et
1383 1331 1409 1357 in
1421 1336 1514 1357 senatu
1526 1336 1551 1357 et
1562 1331 1588 1357 in
1601 1332 1695 1357 ceteris
1707 1331 1788 1357 rebus
1800 1330 1872 1360 laudi

1080 1372 1184 1394 nostrae
1201 1368 1356 1404 suffragere.
1396 1368 1509 1401 Quando
1529 1368 1688 1395 consulibus
1708 1368 1812 1394 decreta
1833 1373 1874 1395 est

1079 1405 1140 1431 Asia
1150 1426 1156 1436 ,
1174 1410 1199 1432 et
1210 1407 1373 1440 permissum
1384 1406 1477 1436 estiis,
1490 1411 1527 1435 ut,
1540 1405 1605 1431 dum
1617 1406 1670 1440 ipsi
1681 1406 1812 1436 venirent,
1825 1405 1874 1431 da-

1079 1447 1137 1469 rent
1149 1444 1294 1479 negotium,
1308 1444 1355 1478 qui
1367 1443 1458 1470 Asiam
1469 1443 1619 1469 obtineant:
1634 1451 1696 1478 rogo
1708 1448 1740 1472 te,
1754 1447 1829 1477 petas
1839 1442 1873 1469 ab

1080 1480 1127 1510 iis,
1141 1485 1170 1506 ut
1182 1481 1249 1507 hanc
1260 1481 1419 1516 dignitatem
1431 1481 1602 1516 potissimum
1614 1480 1692 1508 nobis
1703 1480 1834 1512 tribuant.
1848 1484 1874 1508 et

1079 1517 1147 1543 mihi
1161 1517 1225 1544 dent
1236 1519 1387 1554 negotium,
1405 1523 1435 1545 ut
1445 1518 1535 1545 Asiam
1551 1519 1701 1549 obtineam,
1717 1518 1783 1545 dum
1800 1519 1874 1554 ipso-

1079 1563 1139 1580 rum
1154 1554 1280 1582 alteruter
1291 1556 1404 1582 venerit.
1444 1556 1526 1587 Nam,
1543 1556 1616 1591 quod
1628 1556 1680 1582 huc
1691 1561 1834 1591 properent
1844 1557 1871 1582 in

1079 1593 1236 1627 magistratu
1247 1593 1339 1619 venire
1349 1597 1395 1619 aut
1405 1594 1553 1619 exercitum
1565 1594 1677 1624 mittere,
1685 1601 1808 1620 caussam
1820 1601 1872 1620 non

1079 1629 1187 1656 habent.
1227 1629 1362 1656 Dolabella
1372 1631 1444 1656 euim
1456 1631 1483 1656 in
1495 1630 1570 1666 Syria
1581 1635 1634 1656 est:
1648 1635 1686 1661 et,
1700 1635 1729 1656 ut
1740 1635 1768 1656 tu
1779 1630 1872 1657 divina

1078 1670 1123 1693 tua
1143 1671 1231 1693 mente
1251 1667 1413 1702 prospexisti
1433 1672 1459 1694 et
1478 1667 1652 1702 praedicasti,
1673 1667 1739 1693 dum
1760 1668 1805 1694 isti
1825 1676 1873 1694 ve-

1078 1704 1161 1735 nient,
1174 1704 1284 1730 Cassius
1295 1712 1357 1730 eum
1369 1705 1512 1739 opprimet.
1542 1704 1677 1731 Exclusus
1689 1705 1761 1730 enim
1772 1704 1806 1731 ab
1816 1706 1873 1731 An—

1078 1741 1176 1767 tiochia
1200 1741 1334 1768 Dolabella
1353 1746 1379 1768 et
1398 1742 1426 1767 in
1445 1742 1627 1777 oppugnando
1645 1741 1714 1768 male
1734 1747 1870 1776 acceptus.

1077 1778 1151 1805 nulla
1163 1778 1214 1805 alia
1225 1778 1342 1805 confisus
1353 1779 1429 1809 urbe.
1442 1778 1599 1805 Laodiceam
1607 1799 1613 1809 ,
1626 1787 1695 1814 quae
1705 1784 1746 1805 est
1757 1779 1784 1805 in
1795 1779 1872 1815 Syria

1078 1815 1111 1842 ad
1123 1824 1195 1842 mare
1203 1837 1209 1847 ,
1225 1825 1253 1842 se
1264 1816 1387 1843 contulit.
1428 1816 1467 1842 Ibi
1478 1824 1556 1851 spero
1567 1815 1689 1842 celeriter
1699 1824 1762 1842 eum
1772 1824 1872 1851 poenas

1077 1853 1217 1880 daturum:
1241 1862 1302 1880 nam
1323 1862 1425 1889 neque,
1447 1862 1501 1889 quo
1515 1852 1644 1889 refugiat,
1667 1853 1761 1880 habet:
1784 1861 1872 1888 neque

1077 1890 1181 1917 diutius
1197 1891 1235 1917 ibi
1250 1892 1346 1926 poterit
1357 1896 1459 1917 tantum
1470 1891 1618 1917 exercitum
1629 1890 1715 1917 Cassii
1726 1891 1871 1918 sustinere.

1076 1927 1159 1963 Spero
1173 1929 1254 1954 etiam
1268 1927 1419 1955 confectum
1434 1936 1492 1954 esse
1507 1928 1561 1954 iam
1576 1932 1602 1954 et
1619 1936 1780 1963 oppressum
1794 1927 1873 1954 Dola-

1077 1965 1186 1991 bellam.
1226 1967 1251 1992 5.
1272 1965 1360 1998 Quare
1376 1974 1428 1991 non
1442 1970 1520 2000 puto,
1536 1965 1650 1991 Pansam
1671 1970 1696 1991 et
1710 1965 1827 1991 Hirtium
1843 1966 1871 1992 in

1076 2002 1216 2029 consulatu
1228 2008 1416 2038 properaturos
1427 2003 1454 2029 in
1466 2003 1618 2037 provincias
1629 2002 1711 2032 exire,
1719 2001 1871 2029 sedRomae

1077 2045 1181 2066 acturos
1192 2040 1372 2067 consulatum.
1412 2040 1513 2075 Itaque,
1525 2039 1593 2066 siah
1604 2039 1648 2066 his
1657 2039 1775 2074 petieris,
1788 2044 1818 2066 ut
1828 2040 1872 2066 in-

1077 2082 1147 2104 terea
1159 2077 1238 2104 nobis
1249 2078 1463 2112 procurationem
1474 2077 1553 2103 Asiae
1564 2076 1641 2108 dent,
1658 2085 1736 2111 spero
1751 2081 1776 2103 te
1791 2084 1871 2111 posse

1077 2115 1229 2150 impetrare.
1259 2116 1395 2142 Praeterea
1406 2115 1474 2141 mibi
1484 2114 1665 2149 promiserunt
1679 2114 1762 2140 Pansa
1774 2118 1801 2140 et
1810 2114 1871 2140 ffir-

1077 2152 1131 2178 tius
1140 2161 1239 2183 coram,
1252 2157 1277 2178 et
1286 2152 1392 2178 absenti
1402 2152 1471 2179 mihi
1481 2152 1656 2187 scripserunt.
1664 2151 1811 2186 Verrioque
1822 2160 1871 2177 no—

1076 2194 1130 2216 stro
1141 2190 1226 2216 Pansa
1237 2189 1394 2220 affirmavit,
1411 2198 1440 2216 se
1450 2189 1576 2215 daturum
1590 2197 1712 2224 operam,
1729 2196 1762 2214 ne
1778 2188 1806 2214 in
1819 2196 1870 2215 suo

1075 2226 1216 2253 consulatu
1228 2227 1297 2254 mihi
1308 2226 1477 2253 succedatur.
1516 2226 1574 2262 Ego
1585 2234 1662 2261 porro
1677 2234 1743 2256 non,
1761 2224 1869 2252 medius

1076 2263 1172 2295 fidius,
1185 2264 1332 2299 cupiditate
1343 2264 1498 2300 provinciae
1509 2263 1622 2298 produci
1633 2262 1740 2298 longius
1750 2262 1869 2297 spatium

1076 2301 1145 2327 mibi
1156 2300 1230 2328 volo:
1243 2310 1305 2328 nam
1316 2301 1384 2327 mihi
1395 2301 1447 2328 fuit
1457 2301 1507 2327 ista
1517 2300 1656 2336 provincia
1666 2299 1746 2334 plena
1757 2298 1867 2330 laboris,

1074 2338 1204 2373 periculi,
1221 2338 1385 2365 detrimenti.
1425 2337 1498 2370 Quae
1513 2346 1562 2373 ego
1572 2345 1605 2363 ne
1616 2336 1713 2363 frustra
1724 2336 1866 2367 subierim,

1075 2383 1142 2402 neve
1156 2376 1247 2411 priuS,
1269 2384 1352 2410 quam
1367 2374 1497 2410 reliquias
1512 2382 1586 2400 meae
1601 2373 1759 2409 diligentiae
1773 2381 1869 2400 conse-

1075 2421 1157 2447 quar,
1172 2412 1300 2439 decedere
1311 2421 1403 2448 cogar,
1422 2411 1500 2439 valde
1511 2411 1610 2438 laboro.
1650 2411 1717 2437 Nam
1729 2411 1753 2437 si
1763 2411 1869 2446 potuis-

1074 2459 1145 2481 sem,
1162 2458 1244 2485 quam
1254 2458 1396 2486 exegeram
1406 2449 1562 2485 pecuniam,
1580 2448 1735 2474 universam
1745 2448 1865 2480 mittere;

1074 2487 1248 2522 postularem,
1261 2492 1291 2513 ut
1301 2487 1369 2513 mihi
1380 2485 1579 2517 succederetur3
1596 2493 1677 2515 nunc.
1690 2481 1763 2520 quod
1774 2484 1868 2512 Cassio

1073 2524 1146 2555 dedi,
1155 2524 1228 2559 quod
1234 2524 1361 2551 Trebonii
1372 2528 1454 2550 morte
1465 2523 1616 2553 amisimus,
1629 2521 1703 2557 quod
1713 2522 1794 2548 etiam
1803 2530 1868 2548 cru-

1073 2561 1183 2588 delitate
1193 2561 1345 2588 Dolabellae
1356 2565 1402 2588 aut
1411 2559 1524 2596 perfidia
1533 2568 1626 2586 eorum
1635 2580 1641 2590 ‚
1657 2559 1705 2594 qui
1721 2559 1801 2585 fldem
1813 2559 1867 2585 mi-

1073 2598 1102 2624 hi
1118 2599 1212 2634 reique
1226 2598 1352 2633 publicae
1367 2607 1419 2624 non
1434 2597 1638 2632 praestiterunt,
1654 2596 1683 2622 id
1698 2596 1828 2632 consequi
1839 2600 1867 2622 et

1073 2635 1181 2663 reficere
1196 2635 1271 2663 volo:
1293 2635 1365 2671 quod
1381 2634 1457 2662 aliter
1470 2643 1523 2662 non
1537 2638 1625 2670 potest
1640 2633 1712 2665 fieri,
1733 2633 1788 2660 nisi
1802 2641 1866 2669 spa-
