1941 3052
209 140 256 166 ›tn-s
779 139 818 162 30.
855 136 890 162 M.
925 136 955 162 T.

205 214 337 244 quantum
349 209 380 234 ud
393 208 456 235 alius
471 207 659 242 voluptatesmt
671 206 702 232 :nl
715 206 799 241 ipsam
812 207 931 241 requiem
942 207 1000 232 uni·
1020 209 1023 227 ἴ

207 247 243 273 mi
264 252 289 273 et
309 247 426 280 corporis
447 245 600 271 conceditur
621 249 783 278 temporum,
806 248 938 278 quantum
954 242 998 269 alii

207 284 328 310 tribuunt
354 282 519 317 ton-pennu
544 281 689 310 conviviis,
722 285 852 315 quantum
882 280 1000 315 denique

206 320 291 350 aleae.
314 325 444 355 quantum
467 319 547 354 pilae,
572 323 673 344 tantum
691 318 756 344 mihi
772 322 877 353 egomet
892 317 999 344 adhaec

206 358 295 384 studia
307 357 444 383 recolenda
456 355 615 390 suiiipsero‘?
626 356 711 389 Atque
723 355 771 381 lio(-
783 355 848 381 adeo
860 354 925 381 mihi
937 364 999 381 con-

205 394 354 421 cedendum
367 399 406 419 cst
419 394 511 427 magis,
526 392 597 427 quod
609 401 641 419 ex
654 392 696 418 bis
707 392 805 418 studiis
817 392 880 418 baec
891 400 999 427 quoque

206 436 329 458 censetur
349 431 431 457 oratio
451 435 476 456 et
498 429 622 461 facultas,
645 438 713 464 quae
733 434 951 464 quantacumque
972 429 998 455 in

207 478 261 498 me,
286 477 432 503 numquam
449 468 594 493 amicorum
612 466 738 501 periculis
753 466 849 493 defuit.
889 465 962 498 Quae
976 467 999 493 si

205 507 248 531 cui
273 505 354 531 levior
375 505 494 531 videtur:
517 504 562 530 illa
578 504 688 539 quidem
704 509 786 534 certe,
809 512 878 539 quae
893 513 999 530 summa

205 547 276 573 sunt,
291 551 323 569 ex
334 551 388 577 quo
401 541 470 569 sonte
483 542 715 572 banriam,sentio.
740 543 779 568 tt.
789 542 852 568 Nam
866 541 917 568 nisi
930 541 1000 567 mul-

206 585 292 606 torum
314 580 461 614 praeceptis
483 579 631 614 multisque
653 579 746 606 litteris
767 579 832 605 mihi
855 579 888 604 ab
912 578 1000 605 adole-

205 617 305 643 scentia
317 617 477 648 suasissem,
496 616 562 643 nihil
579 625 637 642 esse
654 617 680 643 in
693 617 745 643 vita
758 625 854 652 magno
864 625 942 651 opere
953 625 1000 643 ex-

207 654 359 689 petendum.
368 654 421 680 nisi
434 654 539 680 laudem
551 659 630 689 atque
642 654 820 687 honestatem;
833 654 859 680 in
872 662 901 680 ea
912 658 999 680 autem

206 691 389 726 persequenda
401 700 494 718 omnes
506 691 639 717 cruciatus
650 692 781 726 corporiS,
794 691 883 718 omnia
896 692 1001 726 pericu-

207 730 229 755 la
242 729 334 755 mortis
345 734 425 764 atque
435 729 523 755 exsilii
537 730 611 763 parvi
623 737 682 755 esso
693 729 828 755 ducenda:
851 737 999 763 numquam

206 776 248 793 me
264 775 312 801 pro
325 766 412 793 saluto
428 771 514 793 vestra
531 766 557 793 in
574 771 611 792 tot
626 775 654 792 ac
669 771 754 793 tantas
765 766 950 793 dimicationes
961 771 1000 792 at·
1021 777 1023 788 ε

204 812 258 839 que
270 805 296 830 in
309 804 357 830 hos
370 803 567 839 profligatorum
581 804 720 830 hominum
732 804 902 839 quotidianos
915 804 1000 838 impe-

206 846 248 867 tus
264 841 433 868 obiecissem.
474 841 526 867 Sed
543 840 614 875 pleni
630 846 693 867 sunt
708 850 800 868 omnes
813 841 887 872 libri,
907 841 999 876 plenae

204 879 367 913 sapientium
380 887 457 905 voces
467 900 472 908 ,
491 878 568 913 plena
579 878 762 913 exemplorum
777 883 908 911 vetustas,
931 888 999 914 quae

205 916 319 942 iacerent
331 917 357 942 in
370 916 487 942 tenebris
499 916 600 947 omnia,
619 917 669 942 nisi
686 916 832 942 litterarum
851 916 940 942 lumen
957 925 1000 942 ac·
1022 919 1023 922 ’

204 953 319 980 cederet.
360 953 444 986 Quam
462 953 561 980 multas
573 954 649 980 nobis
661 954 791 989 imagines
804 962 854 980 non
867 954 954 980 solum
967 953 998 979 ad

204 991 379 1022 intuendum,
398 999 490 1017 verum
506 991 584 1017 etiam
600 991 632 1017 ad
649 991 822 1022 imitandum.
841 991 1001 1017 fortissimo—

205 1037 264 1054 rum
278 1029 395 1054 virorum
411 1037 565 1063 expressas,
583 1029 725 1063 scriptores
737 1033 762 1055 et
774 1029 866 1055 Graeci
878 1034 904 1055 et
915 1029 999 1055 Latini
1022 1031 1023 1045 ³

206 1065 385 1100 reliquerunt!
408 1065 479 1098 Quas
495 1075 544 1101 ego
556 1066 621 1092 mihi
633 1074 740 1101 semper
751 1067 778 1092 in
789 1066 1000 1092 administranda

205 1103 342 1138 republica
359 1112 522 1138 proponens,
545 1104 663 1129 animum
681 1108 705 1130 et
717 1108 832 1130 mentem
845 1112 931 1130 meam
943 1104 1000 1138 ipsa

204 1140 362 1176 cogitatione
374 1140 513 1167 hominum
525 1140 714 1167 excellentium
725 1141 933 1167 conformabam.

260 1178 314 1204 Vll.
331 1179 369 1204 ⁴5.
387 1178 661 1213 Quaeretquispiam:
679 1177 764 1213 quid?
783 1178 822 1205 illi
836 1179 886 1213 ipsi
900 1185 1000 1205 summi

206 1216 265 1246 viri,
279 1223 394 1250 quorum
408 1216 519 1242 virtutes
532 1215 627 1242 litteris
639 1215 758 1250 proditae
769 1221 840 1246 sunt,
858 1216 943 1242 istane
953 1216 1002 1242 do-

204 1253 301 1284 ctrina,
314 1261 396 1287 qnam
409 1257 437 1279 tu
448 1253 524 1279 effers
538 1253 675 1284 laudibus,
689 1253 787 1279 eruditi
799 1253 926 1280 fuerunt?
945 1253 994 1279 Dit'·

205 1289 274 1316 licile
289 1295 329 1316 est
344 1290 393 1316 hoc
408 1290 441 1316 de
456 1291 582 1317 omnibus
598 1290 766 1322 confirmare3
790 1290 837 1317 sed
854 1295 940 1317 tamen
961 1295 1002 1317 est

204 1332 319 1358 certum,
337 1327 402 1362 quid
419 1327 603 1363 respondeam.
643 1327 699 1363 Ego
711 1327 810 1354 multos
821 1328 943 1354 homines
955 1336 988 1354 ex

204 1364 311 1391 cellenti
328 1365 418 1391 animo
433 1373 462 1391 ac
478 1366 576 1391 virtute
591 1365 688 1396 fuisse,
706 1369 731 1392 et
746 1366 805 1392 sine
819 1365 937 1392 doctrina
954 1374 1002 1392 na-

206 1406 278 1428 turae
299 1402 387 1436 ipsius
404 1402 497 1428 habitu
514 1411 595 1437 prope
611 1402 703 1429 divino
718 1411 766 1437 per
781 1403 886 1437 seipsos
903 1408 928 1429 et
944 1411 1002 1430 mo-

204 1439 308 1466 deratos
320 1443 346 1465 et
357 1448 451 1475 graves
463 1441 598 1466 exstitisse
610 1439 701 1466 fateor.
726 1440 813 1466 Etiam
825 1439 892 1467 illud
905 1440 1001 1467 adiun-

204 1485 250 1511 go.
274 1477 383 1511 saepius
399 1477 431 1503 ad
449 1476 555 1503 laudem
571 1482 650 1512 atque
667 1478 793 1504 virtutem
809 1483 930 1504 naturam
943 1478 1001 1504 sine

204 1514 336 1545 doctrina,
358 1522 440 1549 quam
451 1515 509 1541 sine
521 1519 614 1541 natura
627 1515 744 1541 valuisse
755 1515 913 1542 doctrinam.
954 1515 1002 1542 At-

204 1559 257 1586 que
273 1551 343 1577 idem
360 1560 409 1587 ego
424 1552 567 1583 contendo,
590 1561 675 1587 quum
691 1552 724 1578 ad
739 1557 860 1579 naturam
873 1553 1000 1579 eximiam

204 1593 283 1623 atque
296 1588 427 1615 illustrem
440 1590 579 1616 accesserit
590 1590 656 1616 ratio
666 1589 799 1625 quaedam
813 1589 1002 1616 conformatio-

204 1634 257 1660 que
273 1625 420 1652 doctrinae:
445 1631 501 1653 tum
518 1626 586 1653 illud
602 1627 692 1654 nescio
706 1627 774 1662 quid
789 1626 955 1662 praeclarum
971 1635 1001 1653 ac

204 1662 340 1699 singulare
352 1663 436 1690 solere
447 1664 585 1690 exsistere.
622 1665 661 1690 ⁴6.
676 1665 717 1691 Ex
732 1664 782 1690 hoc
797 1673 856 1690 esse
867 1664 939 1690 hunc
951 1673 1002 1690 nu-

205 1709 290 1731 mero,
313 1709 394 1735 quem
411 1706 497 1735 patres
514 1702 597 1728 nostri
613 1701 750 1732 viderunt,
773 1701 897 1728 divinum
915 1701 1002 1728 homi-

205 1746 275 1768 nem,
289 1737 458 1770 Asricannm3
472 1747 505 1765 ex
516 1739 565 1765 boc
577 1738 605 1765 C.
619 1738 749 1769 Laelium,
763 1739 793 1764 L.
806 1739 929 1769 Furium,
945 1747 1002 1765 mo—

204 1774 388 1801 deratissimos
400 1775 521 1802 homines
533 1781 558 1802 et
568 1776 827 1804 continentissimos:
843 1784 876 1802 ex
888 1776 937 1802 hoc
948 1775 1002 1802 for-

205 1812 340 1838 tissimum
352 1812 440 1838 virum
453 1817 478 1839 et
493 1813 547 1839 illis
563 1813 729 1847 temporibus
744 1813 945 1844 doctissimum,
963 1813 999 1839 M.

205 1848 330 1876 Catonem
341 1849 419 1875 illum
432 1858 537 1876 senem:
555 1850 602 1885 qui
615 1849 743 1884 profecto.
756 1851 780 1876 si
791 1850 858 1876 nihil
871 1850 903 1876 ad
916 1851 1002 1885 perci-
1022 1859 1024 1863 ’

205 1886 330 1921 piendam
346 1886 540 1922 colendamque
556 1888 681 1913 virtutem
694 1887 788 1913 litteris
799 1887 999 1918 adiuvarentur,

206 1932 354 1958 numquam
366 1932 394 1949 se
405 1924 437 1950 ud
449 1933 540 1951 earnm
552 1925 672 1951 studium
684 1924 869 1951 contulissent.
889 1924 966 1957 Quod
977 1926 1000 1951 si

204 1969 256 1987 uon
269 1961 312 1987 hic
324 1965 413 1987 tantus
425 1961 528 1988 fructus
543 1962 739 1993 ostenderetur,
757 1966 782 1988 et
797 1962 819 1988 si
835 1970 869 1988 ex
885 1962 927 1988 his
943 1967 1001 1988 stu-

203 1998 256 2024 diis
268 1997 407 2024 delectatio
418 1998 471 2025 sola
484 2004 629 2034 peteretur,
648 2003 748 2030 tamen,
767 2004 796 2025 ut
807 1999 913 2034 opinor,
932 1999 1000 2026 hauc

204 2036 288 2062 animi
304 2035 487 2062 adversionem
505 2037 729 2063 humanissimam
741 2045 770 2063 ac
781 2036 999 2063 liberalissimam

203 2072 367 2099 iudicaretis.
409 2074 475 2100 Nam
487 2079 587 2100 ceterae
599 2082 685 2109 neque
696 2079 847 2109 temporum
859 2079 921 2100 sunt
930 2095 936 2104 ,
955 2083 1000 2100 ne-

203 2118 257 2145 qne
277 2114 393 2136 aetatum
414 2112 536 2137 omnium
557 2120 643 2146 neque
665 2111 797 2144 locorum3
823 2111 887 2138 haec
910 2111 1000 2138 studia

204 2146 409 2174 adolescentiam
421 2153 517 2184 agunt,
531 2153 695 2175 senectutem
706 2148 850 2180 oblectant,
867 2149 999 2175 secundas
1022 2157 1023 2163 ¹

204 2192 246 2210 res
258 2190 366 2216 ornant,
383 2185 502 2212 adversis
512 2185 668 2223 perfugium
679 2195 709 2212 ac
720 2185 844 2213 solatium
857 2187 997 2221 praebent3
1022 2215 1023 2218 ,

205 2221 336 2248 delectant
346 2222 432 2253 domi,
456 2232 508 2250 non
520 2224 670 2258 impediunt
682 2223 759 2255 foris,
782 2228 938 2258 pernoctant
952 2233 1000 2250 no-

207 2259 320 2290 biscum,
335 2261 546 2296 peregrinantur,
560 2261 732 2287 rusticantur.

261 2297 302 2322 47.
314 2296 392 2329 Quod
402 2298 425 2324 si
438 2298 488 2333 ipsi
502 2298 565 2324 haec
576 2306 663 2333 neque
675 2299 802 2334 attingere
817 2306 904 2333 neque
915 2306 999 2324 sensu

205 2338 294 2360 nostro
303 2338 412 2370 gustare
424 2344 574 2369 possemus,
587 2341 675 2362 tamen
686 2344 715 2362 ea
727 2336 818 2362 mirari
828 2335 997 2367 deberemus,

205 2371 284 2397 etiam
295 2380 381 2406 quum
392 2372 420 2398 in
432 2372 491 2399 aliis
506 2373 668 2399 videremus.
708 2373 773 2399 VllI.
795 2372 862 2405 Quis
877 2377 1000 2399 nostrum

206 2411 259 2433 tam
271 2409 360 2435 animo
369 2410 465 2445 agresti
477 2419 507 2437 ac
517 2410 584 2437 duro
596 2410 658 2441 t‘uit,
676 2415 705 2437 ut
716 2410 804 2437 Roscii
819 2415 902 2437 morte
913 2418 1000 2445 nuper

207 2452 258 2470 non
274 2447 503 2474 commoveretur?
520 2448 568 2483 qui
583 2456 668 2483 quum
683 2452 754 2474 esset
768 2456 851 2474 senex
866 2452 997 2479 mortuus,

207 2485 294 2508 tamen
306 2488 411 2517 propter
423 2485 596 2511 excellentem
608 2490 689 2511 artem
701 2493 731 2511 ac
741 2489 909 2511 venustatem
926 2483 1000 2511 vide-

207 2517 285 2545 batur
296 2521 403 2547 omnino
413 2523 479 2548 mori
492 2531 543 2549 non
558 2522 696 2548 debuisse.

207 2559 281 2581 motu
302 2560 405 2583 tantum
425 2567 541 2585 amorem
557 2559 609 2586 sibi
625 2558 776 2586 conciliarat
792 2567 806 2585 a
822 2559 899 2586 nobis
912 2559 1001 2585 omni—

208 2591 273 2618 bus:
286 2601 333 2619 nos
345 2595 494 2622 animorum
505 2596 675 2629 incredibiles
686 2601 774 2623 motus
785 2596 1000 2631 celeritatemque

209 2629 376 2664 ingeniorum
396 2632 581 2668 negligemus?
612 2635 651 2660 ¹8.
673 2633 783 2665 Quoties
798 2641 847 2669 ego
863 2633 935 2659 hunc
949 2634 1000 2660 Ar-

207 2665 294 2692 chiam
316 2667 384 2699 vidi.
407 2669 523 2701 iudices,
545 2670 613 2705 (utar
633 2671 704 2697 enim
721 2675 808 2697 vestra
823 2670 997 2706 benignitate,

735 2522 806 2558 Ergo
820 2521 866 2548 ille
881 2522 1000 2556 corporis
1022 2534 1023 2548 l

989 135 1266 162 CICERONIS

1050 207 1177 240 quoniam
1193 214 1235 232 me
1251 206 1278 232 in
1294 205 1343 233 hoc
1359 213 1427 232 novo
1439 214 1535 241 genere
1545 205 1651 233 dicendi
1663 211 1716 234 tarn
1727 206 1844 242 diligen-

1052 248 1089 269 ter
1100 243 1257 277 attenditis.)
1271 243 1376 305 quotiee
1390 251 1440 278 ego
1454 243 1526 270 huuc
1542 243 1610 273 vidi.
1626 252 1712 279 quum
1730 243 1844 272 litteram

1050 280 1204 314 scripsisset
1229 280 1274 306 nul
1287 288 1344 311 am,
1371 288 1498 315 magnum
1519 289 1661 308 numerum
1681 281 1844 316 optimorum

1052 325 1179 343 versuum
1191 316 1223 343 de
1235 317 1278 343 his
1288 317 1356 352 ipsiu
1367 317 1461 348 rebus,
1478 326 1548 352 quae
1559 323 1614 344 tum
1630 323 1785 354 agerentur,
1803 318 1846 345 di-

1050 363 1109 381 cere
1120 363 1152 381 ex
1164 355 1296 389 tempore!
1316 354 1422 389 quoties
1438 360 1589 381 revocatum
1602 355 1724 382 eamdem
1736 365 1791 382 rem
1802 356 1845 382 di-

1050 400 1122 422 cere,
1139 392 1310 418 commutatis
1326 391 1416 418 verbis
1430 397 1510 427 atquo
1524 393 1676 419 sententiis!
1698 393 1771 425 Quae
1784 402 1846 420 vero

1051 434 1171 455 accurate
1187 429 1352 464 cogitateque
1367 429 1533 464 scripsisset.
1555 438 1585 455 ea
1600 430 1639 456 nic
1655 429 1710 457 vidi
1727 431 1843 465 probari.

1052 471 1080 492 ut
1091 466 1124 492 ad
1136 471 1255 492 veterum
1267 466 1428 501 scriptorum
1441 466 1546 492 laudem
1558 467 1738 501 pervenirent.
1769 468 1846 494 nunc

1051 512 1100 538 ego
1111 512 1162 530 non
1173 502 1304 539 diligam?
1323 512 1375 530 non
1391 503 1523 530 admirer?
1542 512 1594 530 non
1605 505 1678 531 omni
1687 505 1788 532 tatione
1799 505 1847 531 de-

1053 540 1215 567 fendendum
1238 540 1347 575 putem‘?
1366 541 1447 576 Atqui
1468 541 1506 567 sic
1526 550 1540 567 a
1561 542 1677 568 summis
1691 541 1846 569 hominibus

1051 579 1298 613 eruditissimisque
1313 579 1480 613 accepimus.
1496 583 1642 605 ceterarum
1656 587 1746 606 rerum
1757 580 1845 606 studia

1052 620 1076 642 et
1091 615 1210 642 doctrina
1226 621 1251 642 et
1267 617 1414 650 praeceptis
1425 621 1451 642 et
1461 621 1515 642 arte
1526 621 1660 642 constare:
1683 621 1788 651 poetam
1800 626 1846 644 na—

1053 658 1109 679 tura
1126 653 1183 688 ipsa
1200 653 1287 679 valere
1298 658 1325 680 et
1335 654 1432 679 mentis
1444 653 1549 680 viribus
1559 654 1669 680 excitari
1679 658 1705 680 et
1715 654 1793 689 quasi
1804 654 1846 681 di-

1053 691 1114 717 vino
1124 690 1240 725 quodam
1252 691 1349 726 spiritu
1361 689 1455 717 inflari.
1477 690 1563 723 Quare
1573 699 1623 717 suo
1633 691 1691 718 iure
1702 696 1791 718 noster
1801 690 1847 718 ille

1052 728 1155 755 Ennius
1171 733 1275 754 sanctos
1291 728 1407 763 appellat
1422 733 1526 763 poetas.
1548 728 1621 763 quod
1641 729 1720 763 quasi
1735 728 1847 756 deorum

1051 765 1142 800 aliquo
1157 765 1227 792 dono
1241 770 1321 800 atque
1337 774 1447 792 munere
1458 765 1635 792 commendati
1647 766 1724 792 nobis
1735 774 1795 792 esse
1807 766 1847 793 vi-

1051 802 1173 829 deantur.
1206 804 1246 829 ⁴9.
1269 803 1416 838 Sitigitur,
1434 802 1550 833 iudices,
1567 808 1690 830 sanctum
1705 803 1776 838 apud
1789 812 1845 834 vos.

1053 840 1263 867 humanissimos
1275 840 1406 871 homines,
1421 840 1469 867 hoc
1481 845 1572 875 poetae
1582 849 1689 871 nomen.
1701 840 1775 875 quod
1785 840 1848 867 nul-

1053 877 1075 904 la
1089 886 1216 912 umquam
1230 878 1350 904 barbaria
1362 878 1480 904 violavit.
1503 878 1570 904 Saxa
1581 882 1606 904 et
1617 877 1777 904 solitudines
1789 878 1846 905 voci

1052 915 1224 950 respondent.
1247 915 1349 941 bestiae
1366 924 1444 950 saepe
1461 915 1591 942 immanes
1605 920 1685 942 cantu
1706 914 1847 942 nectuntur

1052 957 1131 987 atque
1147 953 1310 979 consistunt:
1334 961 1396 984 nOS,
1420 953 1536 979 instituti
1552 953 1633 979 rebus
1648 953 1772 987 optimis.
1795 961 1847 979 non

1053 995 1189 1025 poetarum
1207 998 1270 1016 voce
1285 989 1458 1017 moveamur‘.²
1478 990 1620 1016 Homerum
1637 989 1794 1025 Colophonii
1809 990 1848 1016 ci-

1054 1036 1112 1054 vem
1124 1036 1183 1054 esse
1194 1027 1288 1054 dicunt
1298 1036 1393 1058 suum,
1407 1027 1465 1055 Chii
1478 1036 1559 1054 suum
1571 1027 1720 1058 vindicant.
1734 1026 1849 1054 Salami-

1053 1065 1090 1091 nii
1107 1070 1244 1100 repetunt,
1267 1065 1406 1100 Smyrnaei
1429 1074 1490 1091 vero
1506 1074 1586 1091 suum
1603 1073 1662 1091 esse
1675 1063 1846 1091 confirmant:

1052 1103 1142 1137 itaque
1157 1103 1237 1129 etiam
1252 1102 1396 1129 delubrum
1411 1103 1470 1128 eius
1486 1103 1512 1129 in
1528 1102 1627 1137 oppido
1641 1102 1846 1128 dedicaverunt:

1053 1140 1179 1175 permulti
1195 1140 1240 1166 alii
1253 1144 1386 1174 praeterea
1399 1145 1519 1175 pugnant
1531 1140 1599 1166 inter
1609 1148 1638 1165 se
1649 1144 1729 1175 atque
1738 1144 1849 1166 conten-

1053 1177 1129 1204 dunt.
1170 1177 1216 1203 IX.
1239 1178 1308 1213 Ergo
1325 1177 1364 1203 illi
1379 1177 1510 1208 alienum,
1533 1177 1597 1212 quia
1613 1182 1688 1211 poeta
1703 1176 1766 1208 suit,
1790 1181 1849 1211 post

1053 1220 1164 1241 mortem
1177 1215 1256 1241 etiam
1268 1219 1411 1249 expetunt:
1435 1223 1482 1240 nos
1494 1214 1566 1241 huuc
1577 1215 1685 1245 vivum,
1701 1214 1750 1249 qui
1765 1219 1791 1240 et
1803 1222 1849 1240 vo—

1053 1252 1154 1278 luntate
1165 1257 1190 1278 et
1203 1252 1308 1288 legibus
1319 1257 1408 1278 noster
1418 1257 1467 1281 est,
1480 1250 1673 1286 repudiamus‘.>
1693 1252 1848 1286 praesertim

1052 1298 1137 1325 quum
1153 1298 1231 1316 omne
1247 1289 1310 1316 olim
1325 1289 1447 1316 studium
1458 1294 1537 1324 atque
1547 1297 1626 1315 omne
1635 1289 1775 1324 ingenium
1786 1297 1850 1315 con-

1053 1327 1143 1353 tulerit
1154 1327 1265 1353 Archias
1281 1326 1314 1353 ad
1330 1326 1422 1361 populi
1434 1326 1545 1353 Romani
1560 1325 1673 1362 gloriam
1689 1325 1850 1361 laudemque

1052 1363 1258 1391 celebrandam?
1278 1364 1344 1390 Nam
1361 1369 1386 1390 et
1397 1363 1544 1390 Cimbricas
1560 1372 1601 1390 res
1617 1363 1772 1390 adolescens
1788 1363 1850 1390 atti-

1052 1403 1104 1437 git,
1118 1406 1144 1429 et
1155 1402 1208 1437 ipsi
1220 1401 1260 1428 illi
1272 1401 1301 1428 C.
1314 1402 1409 1433 Mario,
1427 1401 1474 1436 qui
1486 1401 1579 1428 durior
1588 1401 1621 1427 ad
1633 1401 1698 1427 haec
1708 1401 1797 1427 studia
1807 1401 1850 1428 vi-

1053 1439 1174 1470 debatur,
1187 1439 1323 1465 iucundus
1336 1438 1395 1465 suit.
1418 1440 1459 1465 20.
1467 1439 1559 1474 Neque
1570 1439 1642 1465 enim
1653 1438 1799 1473 quisquam
1810 1442 1851 1464 est

1053 1482 1106 1503 tam
1123 1485 1234 1503 aversus
1251 1485 1264 1502 a
1276 1476 1375 1507 Musis,
1397 1477 1446 1511 qui
1461 1484 1514 1502 non
1530 1475 1650 1502 mandari
1666 1475 1791 1502 versibus
1806 1483 1851 1502 ae—

1053 1519 1159 1541 ternum
1174 1522 1285 1540 suorum
1303 1513 1423 1540 laborum
1440 1512 1516 1539 facile
1533 1513 1703 1548 praeconium
1723 1513 1848 1548 patiatur.

1054 1551 1261 1578 Themistoclem
1274 1550 1361 1581 illum,
1370 1559 1508 1577 summum
1515 1550 1628 1577 Athenis
1639 1550 1739 1582 virum,
1747 1550 1851 1577 dixisse

1053 1589 1140 1620 aiunt,
1153 1597 1240 1623 quum
1251 1596 1284 1615 ex
1295 1596 1326 1615 eo
1337 1592 1522 1623 quaereretur,
1536 1590 1603 1621 quod
1613 1596 1737 1614 acroama
1747 1592 1793 1614 aul
1805 1596 1851 1615 cu-

1053 1629 1094 1652 ius
1104 1635 1187 1652 vocem
1199 1627 1363 1652 libentissime
1372 1627 1490 1652 audiret:
1500 1640 1537 1645 —
1547 1628 1610 1655 eius,
1621 1634 1638 1651 a
1649 1633 1699 1658 quo
1708 1633 1756 1651 aua
1767 1627 1851 1651 virtus

1052 1666 1145 1697 optime
1152 1665 1358 1696 praedicaretur.
1398 1663 1489 1697 ltaque
1505 1661 1550 1688 ille
1561 1662 1661 1688 Marius
1677 1662 1741 1688 item
1752 1662 1850 1688 eximie

1053 1701 1083 1727 L.
1101 1700 1216 1727 Plotium
1237 1699 1342 1730 dilexit.
1364 1700 1443 1726 cuius
1465 1699 1572 1734 ingenio
1593 1698 1703 1734 putabat
1719 1707 1758 1729 ea.
1780 1707 1850 1734 quae

1052 1742 1180 1773 gesserat,
1194 1745 1272 1772 posse
1283 1736 1420 1763 celebrari.
1443 1737 1484 1763 2⁴.
1497 1736 1708 1762 Mithridaticum
1719 1744 1782 1763 vero
1793 1736 1851 1763 bel-

1054 1775 1124 1806 lum,
1147 1783 1275 1810 magnum
1295 1779 1375 1809 atque
1395 1773 1506 1800 difficile
1526 1778 1552 1800 et
1571 1773 1598 1799 in
1619 1772 1703 1800 multa
1723 1774 1850 1800 varietate

1053 1817 1119 1838 terra
1133 1812 1253 1847 marique
1265 1816 1409 1842 versatum,
1424 1816 1508 1838 totum
1519 1810 1553 1837 ab
1564 1810 1613 1837 boc
1624 1819 1783 1845 expressum
1794 1816 1847 1837 est:

1052 1850 1100 1884 qui
1113 1849 1173 1876 libri
1185 1858 1237 1876 non
1252 1848 1332 1875 modo
1343 1849 1372 1875 L.
1385 1848 1529 1875 Lucullum
1538 1869 1544 1878 .
1563 1847 1740 1874 fortissimum
1755 1853 1782 1875 et
1795 1847 1850 1875 cla-

1053 1887 1191 1913 rissimum
1207 1886 1310 1917 virum,
1329 1894 1423 1912 verum
1435 1886 1514 1912 etiam
1525 1885 1619 1920 populi
1629 1885 1742 1912 Romani
1753 1893 1850 1912 nomen

1052 1924 1197 1950 illustrant.
1237 1922 1357 1958 Populus
1369 1923 1441 1950 enim
1452 1923 1588 1949 Romanus
1602 1922 1719 1957 aperuit,
1736 1922 1851 1950 Lucullo

1052 1962 1212 1996 imperante.
1225 1961 1353 1987 Pontum.
1369 1965 1396 1987 et
1407 1961 1488 1996 regiis
1499 1959 1636 1995 quondam
1646 1960 1745 1995 opibus
1755 1964 1782 1986 et
1791 1961 1850 1995 ipsa

1052 2004 1146 2025 natura
1161 1998 1279 2034 regionis
1299 1997 1442 2025 vallatum:
1463 1997 1557 2032 populi
1573 1997 1685 2024 Romani
1705 1998 1848 2029 exercitus,

1052 2036 1146 2063 eodem
1157 2036 1234 2067 duce,
1247 2044 1300 2062 non
1312 2035 1429 2062 maxima
1441 2043 1522 2062 manu
1533 2034 1745 2061 innumerabiles
1755 2034 1850 2062 Anne*

1029 2083 1030 2086 ¹
1052 2074 1158 2100 niorum
1169 2073 1260 2108 copias
1272 2072 1355 2099 fudit:
1378 2072 1472 2107 populi
1483 2072 1596 2098 Romani
1610 2071 1668 2098 laus
1683 2076 1736 2103 est,
1753 2072 1849 2099 urbem

1052 2111 1244 2137 amicissimam
1255 2110 1449 2146 Cyzicenorum
1465 2109 1586 2136 eiusdem
1601 2108 1714 2136 consilio
1728 2117 1762 2136 ex
1775 2111 1850 2136 omni

1051 2149 1154 2183 impetu
1175 2148 1249 2184 regio
1263 2156 1294 2174 ac
1309 2147 1390 2174 totius
1406 2146 1471 2174 belli
1486 2155 1530 2174 ore
1546 2155 1576 2173 ac
1591 2146 1716 2173 saucibus
1730 2151 1849 2182 ereptam

1051 2194 1110 2212 esse
1121 2190 1202 2220 atque
1212 2189 1359 2211 servatam:
1381 2189 1471 2211 nostra
1481 2192 1588 2219 semper
1599 2183 1698 2210 feretur
1707 2188 1733 2210 et
1743 2183 1850 2218 praedi-

1051 2223 1164 2253 cabitur¹
1177 2223 1208 2249 L.
1216 2222 1330 2249 Lucullo
1340 2222 1492 2253 dimicante,
1500 2230 1563 2248 cum
1574 2219 1723 2247 interfectis
1733 2220 1849 2248 ducibus

1052 2259 1179 2295 depressa
1194 2259 1313 2286 hostium
1329 2259 1438 2291 classis,
1455 2263 1481 2286 et
1495 2257 1662 2285 incredibilis
1678 2257 1750 2293 apud
1763 2258 1850 2284 Tene-

1051 2297 1116 2324 dum
1132 2305 1223 2333 pugna
1238 2296 1284 2323 illa
1300 2296 1417 2323 navalis:
1439 2300 1529 2322 nostra
1543 2300 1608 2322 sunt
1623 2299 1742 2330 tropaea,
1759 2300 1849 2322 nostra

1051 2339 1237 2365 monumenta,
1254 2334 1338 2360 nostri
1350 2333 1490 2368 triumphi.
1529 2332 1630 2365 Quare,
1645 2333 1850 2368 quoruminge-

1051 2372 1104 2398 niis
1115 2371 1180 2398 haec
1190 2371 1322 2402 feruutur,
1335 2371 1369 2397 ab
1379 2371 1413 2397 iis
1424 2369 1519 2406 populi
1527 2369 1639 2397 Romani
1649 2368 1720 2395 fama
1730 2368 1849 2396 celebra-

1051 2413 1104 2436 tur.
1134 2410 1176 2436 22.
1194 2408 1277 2436 Carus
1288 2408 1340 2435 fuit
1350 2407 1474 2435 Africano
1484 2407 1616 2442 superiori
1628 2411 1717 2433 noster
1727 2406 1847 2434 Ennius:

1051 2446 1141 2482 itaque
1161 2446 1241 2473 etiam
1261 2446 1290 2472 in
1309 2445 1434 2480 sepulcro
1447 2444 1604 2479 Scipionum
1619 2448 1730 2478 putatur
1743 2444 1768 2471 is
1788 2451 1849 2470 esse

1051 2483 1214 2510 constitutus
1225 2491 1239 2510 e
1250 2491 1390 2510 marmore.
1429 2482 1464 2508 At
1476 2482 1510 2508 iis
1522 2480 1649 2507 laudibus
1660 2485 1730 2508 certe
1740 2489 1793 2508 non
1803 2489 1848 2508 so—

1052 2520 1109 2547 lum
1120 2521 1182 2555 ipsi,
1194 2521 1243 2556 qui
1255 2519 1409 2551 laudantur,
1422 2519 1470 2546 sed
1480 2519 1560 2545 etiam
1572 2517 1666 2553 populi
1676 2519 1788 2546 Romani
1799 2526 1848 2546 no-

1051 2566 1112 2584 men
1123 2562 1241 2585 ornatur.
1279 2558 1309 2584 ln
1319 2556 1424 2584 caelum
1434 2555 1518 2582 huius
1527 2564 1645 2591 proavus
1655 2555 1718 2582 Cato
1728 2554 1843 2583 tollitur:

1051 2603 1166 2631 magnus
1193 2595 1278 2622 honos
1304 2593 1399 2629 populi
1425 2593 1537 2620 Romani
1563 2593 1646 2620 rebus
1677 2592 1843 2629 adiungitur.

1051 2632 1151 2659 Omnes
1161 2631 1279 2667 denique
1289 2631 1329 2658 illi
1339 2631 1458 2661 Maximi,
1471 2629 1603 2661 Marcelli,
1621 2629 1712 2657 Fulvii
1721 2639 1775 2657 non
1785 2629 1846 2657 sine

1051 2669 1187 2696 communi
1197 2669 1320 2696 omnium
1331 2673 1452 2695 nostrum
1464 2667 1542 2694 laude
1553 2667 1721 2694 decorantur.
1746 2667 1782 2694 X.
1793 2667 1845 2694 Er—

1903 2607 1914 2632 ἠ
1903 2477 1917 2587 —Waq
1903 2439 1915 2467 o·-

1904 2818 1911 2887 ...ΑΜ
1904 2713 1913 2782 ...02

1897 2934 1918 3052 σοι-ν.-
1903 2901 1909 2918 -
