1941 3052
209 129 264 154 l20.
286 128 322 154 M.
345 128 372 153 T.
394 126 578 154 CICERON.
600 126 817 153 TUSCULAN.
839 125 1163 152 DISPUTATIONUM
1185 126 1255 153 LIB.
1278 127 1308 153 V.
1331 126 1412 153 CAP.
1435 128 1532 153 3—6.

49 199 142 234 largita
153 198 232 225 nobis
243 207 284 229 es,
298 203 323 224 et
335 203 461 225 terrorem
474 199 566 224 mortis
577 197 731 225 sustulisti?
760 199 784 224 6.
806 197 844 224 Ac
864 198 865 203 ¹

47 236 218 271 philosophia
228 235 354 270 quidem,
368 240 471 262 tantum
483 236 571 266 abest,
589 241 618 262 ut
628 235 753 270 proinde,
768 244 797 261 ae
811 236 844 261 de
864 253 866 269 ,

47 274 188 300 hominum
204 278 244 299 est
259 274 312 299 vita
328 274 435 303 merita,
455 273 590 304 laudetur,
614 278 656 304 ut,
676 282 689 299 a
706 273 844 307 plerisque
864 274 873 305 ἲ,

48 310 181 346 neglecta,
209 319 222 336 a
248 310 341 336 multis
366 311 445 336 etiam
468 311 645 345 vituperetur.
686 311 844 345 Vituperare
864 305 866 327 '⁵

46 349 193 383 quisquam
204 348 274 374 vitae
285 353 436 382 parentem,
455 353 480 374 et
496 348 545 374 hoc
557 348 701 382 parricidio
712 357 740 373 se
752 348 845 382 inqui-
864 339 866 370 ,¹

47 394 110 412 nare
121 384 219 412 audet?
234 390 323 411 ettam
337 386 420 419 impie
434 386 554 420 ingratus
565 394 638 416 esse,
654 390 684 411 ut
695 394 752 411 eam
765 394 845 410 accu-

46 427 99 453 set,
122 431 204 458 quam
221 423 307 448 vereri
322 422 445 453 deberet,
463 424 542 449 etiam
559 423 582 448 si
599 423 689 448 minus
706 423 844 457 percipere
864 430 866 451 t

46 460 196 495 potuisset‘?
215 460 282 490 Sed,
300 464 330 486 ut
345 460 452 494 opinor,
470 460 514 486 hic
528 468 600 486 error
610 465 636 486 et
647 460 712 486 haec
724 460 845 486 indocto-

46 506 107 523 rum
118 498 217 524 animis
228 497 312 523 offusa
324 497 410 533 caligo
422 501 470 528 est,
484 497 556 532 quod
568 501 621 523 tam
635 497 711 532 louge
722 502 791 523 retro
803 506 845 523 re-

46 535 150 570 spicere
162 544 213 561 non
225 539 346 569 possunt,
364 543 412 561 nec
423 543 480 565 eos,
494 543 508 560 a
522 535 624 569 quibus
636 535 689 560 vita
704 534 844 560 hominum

45 573 175 598 instructa
193 573 288 606 primis
302 573 350 603 sit,
374 572 458 598 fuisse
473 572 649 607 philosophos
670 572 842 598 arbitrantur.

45 610 89 635 111.
111 610 136 636 7.
158 610 243 641 Quam
265 618 321 635 rem
344 610 561 644 antiquissimam
583 618 668 644 quum
690 609 842 640 videamus,

46 655 143 673 nomen
160 652 247 673 tamen
264 646 423 673 confitemur
438 655 496 673 esse
511 656 613 673 recens.
654 647 721 673 Nam
736 647 845 681 sapien-

45 685 110 710 tiam
126 684 238 719 quidem
254 685 340 719 ipsam
357 685 419 719 quis
435 693 532 720 negare
548 688 635 718 potest
653 692 704 710 non
722 684 800 710 modo
817 692 844 709 re

45 729 104 747 esse
116 722 366 756 antiquam,verum
378 722 457 748 etiam
471 721 596 747 nomine?
607 730 676 756 quae
687 721 843 747 divinarum
865 722 873 744 ἰ

45 758 281 794 humanarumque
293 767 381 785 rerum
391 780 396 787 .
414 764 471 785 tum
483 760 621 785 initiorum
632 767 844 793 caussarumque

45 797 179 831 cuiusque
200 797 238 822 rei
258 797 409 832 cognitione
431 796 481 822 hoc
506 796 721 831 pulcherrimum
746 804 843 822 nomen

45 833 118 868 apud
134 834 258 868 antiquos
272 834 476 869 assequebatur.
516 834 609 868 Itaque
621 838 646 860 et
657 833 717 859 illos
728 838 841 868 septem,

44 871 93 905 qui
105 879 118 896 a
131 871 240 897 Graecis
252 872 345 905 σοφοί,
358 871 492 905 sapientes
504 880 518 897 a
530 871 627 897 nostris
639 875 664 897 et
675 870 845 897 habebantur

44 913 70 934 et
85 908 307 938 nominabantur,
324 912 349 934 et
363 908 456 934 multis
472 913 532 934 ante
548 908 664 934 saeculis
676 909 841 944 Lycurgum,
864 934 866 943 Α

45 946 124 971 0111115
136 945 304 979 temporibus
317 946 447 972 Homerus
459 946 538 972 etiam
552 945 636 972 fuisse
647 950 707 972 ante
718 946 786 972 hanc
800 955 845 971 ur-

45 982 106 1009 bem
120 982 256 1009 conditam
272 983 398 1010 traditur.
416 984 496 1009 etiam
513 983 628 1009 heroicis
643 984 776 1010 aetatibus
787 983 845 1010 Uli—

45 1028 106 1046 xem
122 1025 148 1046 et
163 1021 300 1046 Nestorem
317 1021 472 1055 accepimus
487 1026 512 1047 et
528 1020 611 1047 fuisse
626 1025 651 1047 et
666 1021 771 1047 habitos
785 1029 844 1047 esse

45 1058 190 1092 sapientes.
232 1059 256 1084 8.
279 1058 332 1084 Nec
347 1067 409 1084 vero
421 1058 494 1084 Atlas
510 1059 643 1085 sustinere
659 1058 778 1089 eaelum,
797 1067 845 1084 nec

44 1095 219 1121 Prometheus
240 1095 338 1121 affixus
359 1095 478 1122 Caucaso
503 1104 552 1122 nec
576 1096 698 1122 stellatus
719 1096 844 1131 Cepheus

43 1141 106 1158 cum
122 1141 220 1163 uxore,
238 1141 350 1168 genero,
368 1133 422 1159 filia
439 1133 600 1165 traderetur,
618 1134 671 1160 nisi
687 1133 845 1160 caelestium

45 1169 138 1196 divina
154 1171 272 1206 cognitio
287 1179 382 1196 nomen
395 1179 487 1196 eorum
500 1171 532 1197 ad
544 1179 660 1197 errorem
673 1171 781 1197 fabulae
793 1176 846 1198 tra-

44 1207 178 1234 duxisset.
217 1207 239 1233 A
249 1208 351 1242 quibus
362 1207 436 1234 ducti
447 1208 575 1243 deinceps
587 1217 690 1239 omnes,
703 1209 750 1243 qui
763 1210 790 1235 in
803 1217 845 1234 re-

45 1253 104 1271 rnm
117 1245 341 1279 contemplatione
353 1246 441 1272 studia
454 1246 597 1280 ponebant,
611 1247 747 1280 sapientes
760 1251 786 1272 et
797 1246 845 1272 ha-

45 1282 180 1308 bebantur
194 1287 220 1309 et
235 1283 455 1309 nominabantur:
478 1283 559 1318 idque
576 1292 668 1310 eorum
686 1293 783 1310 nomen
800 1292 846 1309 us-

45 1328 98 1355 que
110 1319 142 1345 ad
155 1320 319 1356 Pythagorae
332 1321 451 1347 manavit
462 1325 587 1347 aetatem:
603 1330 694 1356 quem,
712 1326 740 1348 ut
752 1321 847 1348 scribit

45 1357 273 1384 auditorPlatonis
280 1358 405 1384 Ponticus
419 1358 580 1389 Heraclides,
593 1360 634 1385 vir
645 1358 739 1385 doctus
752 1359 778 1385 in
790 1359 847 1393 pri-

45 1395 112 1425 mis,
128 1394 283 1421 Phliuntem
296 1394 385 1422 ferunt
394 1396 516 1427 venisse,
533 1404 651 1431 eumque
662 1405 725 1422 cum
737 1397 844 1427 Leonte,

46 1432 168 1467 principe
190 1432 383 1464 Phliasiorum,
406 1433 482 1459 docte
503 1438 529 1460 et
551 1434 659 1468 copiose
682 1434 846 1460 disseruisse

46 1470 190 1504 quaedam.
224 1470 308 1497 Cuius
321 1471 460 1505 ingenium
473 1475 498 1497 01
508 1471 690 1506 eloquentiam
701 1480 786 1506 quum
799 1471 847 1497 ad-

47 1507 160 1534 miratus
177 1512 246 1534 esset
262 1508 345 1538 Leon,
363 1509 534 1543 quaesivisse
549 1517 583 1535 ex
598 1518 642 1539 eo,
659 1518 712 1544 qua
729 1510 846 1535 maxime

46 1549 101 1571 arte
112 1544 268 1571 confideret.
297 1545 331 1571 At
345 1545 431 1576 illum,
445 1551 528 1573 artem
540 1546 652 1581 quidem
664 1556 692 1572 se
704 1547 773 1573 scire
785 1546 847 1573 nul-

48 1581 113 1612 lam,
136 1582 184 1608 sed
205 1590 263 1608 esse
285 1582 489 1618 philosophum.
530 1584 698 1610 Admiratum
719 1585 846 1611 Leontem

47 1620 192 1646 novitatem
209 1620 340 1651 nominis,
358 1621 511 1655 quaesisse,
527 1620 643 1653 Quinam
656 1627 746 1649 esseut
758 1621 847 1656 philo-

46 1656 135 1691 sophi,
148 1657 251 1691 etquid
264 1658 332 1684 inter
342 1666 387 1684 eos
399 1663 423 1684 et
435 1658 553 1693 reliquos
566 1659 724 1686 interesset?
747 1661 771 1686 9.
795 1660 847 1695 t‘y-

46 1693 184 1729 thagoram
196 1699 285 1721 autem
302 1695 487 1730 respondisse:
509 1696 627 1722 similem
639 1697 692 1723 sibi
706 1697 792 1723 videri
805 1698 847 1723 vi-

47 1735 100 1757 tam
112 1731 253 1758 hominum
264 1736 290 1759 et
300 1738 447 1759 mercatum
458 1742 530 1764 eum,
544 1734 592 1768 qui
605 1734 748 1761 haberetur
759 1735 847 1761 maxi-

47 1777 90 1795 mo
114 1768 241 1795 ludorum
266 1775 395 1804 apparatu
421 1771 502 1797 totius
528 1771 656 1798 Graeciae
680 1772 845 1798 celebritate.

47 1806 115 1832 Nam
131 1811 161 1833 ut
176 1806 233 1833 illic
244 1807 290 1833 alii
303 1808 462 1843 corporibus
473 1809 626 1835 exercitatis
636 1809 749 1845 gloriam
762 1814 847 1836 01110-

47 1843 178 1870 bilitatem
190 1852 302 1871 coronae
316 1850 448 1879 peterent;
467 1846 514 1872 alii
529 1847 637 1873 emendi
653 1852 698 1873 aut
710 1847 846 1873 vendendi

47 1885 161 1915 quaestu
181 1886 208 1908 et
223 1881 297 1908 luero
311 1883 486 1915 ‹lucerentur;
510 1889 581 1910 esset
601 1889 690 1911 autem
709 1884 846 1920 quoddam

48 1926 134 1953 genus
145 1926 252 1950 eorum,
271 1919 352 1954 idque
365 1919 406 1946 vel
420 1921 537 1947 maxime
552 1921 716 1957 ingenuum,
733 1923 782 1957 qui
799 1931 847 1948 nec

47 1955 175 1990 plausum
191 1964 239 1982 nec
257 1955 361 1983 lucrum
377 1963 549 1992 quaererent,
572 1959 619 1984 sed
633 1959 739 1985 visendi
751 1968 847 1986 caussa

47 1993 179 2024 venirent,
193 1993 368 2028 studioseque
380 1995 576 2029 perspicerent,
593 1996 660 2030 qnid
672 2002 809 2032 ageretur,
822 2002 848 2024 01

47 2038 101 2064 quo
113 2029 206 2056 modo:
223 2031 258 2056 ita
270 2039 331 2062 nos,
345 2033 422 2066 quasi
436 2032 462 2058 in
475 2038 607 2059 mercatus
619 2034 765 2067 quamdam
777 2034 848 2060 cele-

47 2067 172 2094 britatem
184 2075 218 2094 ex
229 2068 295 2094 urbe
305 2068 406 2103 aliqua,
419 2070 458 2095 sic
472 2070 497 2095 in
511 2070 578 2096 hanc
591 2071 672 2096 vitam
684 2079 717 2097 ex
729 2071 779 2097 alia
793 2072 847 2098 vita

47 2109 73 2131 et
84 2109 177 2131 natura
188 2105 333 2139 111-0100105,
350 2105 417 2132 alios
432 2106 533 2141 gloriae
549 2108 664 2138 servire,
683 2108 749 2134 alios
766 2117 848 2143 pecu-

48 2142 120 2173 niae,
145 2150 217 2168 raros
233 2151 292 2169 esse
308 2143 455 2178 quosdam,
471 2144 532 2178 qui,
548 2146 643 2171 ceteris
658 2145 786 2172 omnibus
802 2155 848 2180 pro

48 2179 134 2206 nihilo
151 2179 264 2211 habitis,
284 2189 372 2206 rerum
390 2185 511 2207 naturam
527 2182 647 2208 studiose
664 2183 845 2210 intuerentur:

48 2216 97 2243 hos
108 2225 136 2242 se
148 2216 284 2251 appellare
295 2218 442 2252 sapientiae
453 2218 598 2250 studiosos,
611 2219 638 2245 id
650 2224 690 2246 est
701 2221 773 2246 enim
787 2221 849 2255 phi-

50 2253 189 2288 losophos:
214 2258 240 2281 et
255 2259 284 2281 ut
300 2254 356 2281 illic
375 2255 597 2282 liberalissimum
614 2261 698 2288 esset,
715 2262 846 2292 spectare,

49 2291 117 2317 nihil
129 2291 183 2318 sibi
194 2293 391 2326 acquirentem,
405 2293 444 2318 sic
458 2293 483 2319 in
496 2293 549 2319 vita
563 2293 639 2329 longe
650 2295 779 2321 omnibus
791 2300 849 2322 5111-

48 2328 102 2354 diis
125 2329 378 2364 contemplationem
400 2338 489 2356 rerum
510 2331 745 2366 cognitionemque
771 2341 849 2367 prae-

48 2370 128 2392 stare.
169 2367 211 2393 tv.
236 2368 275 2392 to.
299 2368 351 2393 Nec
368 2375 430 2393 vero
446 2367 609 2403 Pythagoras
626 2370 744 2395 nominis
759 2370 848 2396 solum
876 2381 877 2391 1

49 2403 186 2434 inventor,
203 2403 251 2430 sed
268 2413 356 2430 rerum
373 2405 452 2430 etiam
466 2406 585 2439 ipsarum
597 2406 774 2440 amplificator
787 2407 847 2433 suit.
877 2410 878 2423 ¹

49 2440 102 2472 Qui
117 2448 203 2475 quum
219 2446 279 2476 post
295 2442 366 2468 hunc
378 2442 528 2468 Phliasium
543 2451 695 2469 sermonem
708 2444 733 2470 iu
747 2444 848 2470 italiam

50 2477 182 2508 venisset,
195 2479 337 2506 exornavit
347 2488 405 2505 cam
418 2480 572 2510 Graeciam,
588 2489 657 2514 quae
670 2489 766 2516 magna
777 2481 848 2508 dicta

49 2519 103 2545 est,
121 2519 147 2541 et
157 2516 283 2549 privatim
296 2521 321 2543 01
332 2516 440 2551 publice
453 2517 692 2551 praestantissimis
703 2523 729 2544 et
740 2519 849 2545 institu-
877 2507 878 2547 l

50 2552 85 2578 tis
96 2556 122 2578 et
135 2552 247 2580 artibus.
287 2554 373 2580 Cuius
384 2554 417 2580 de
428 2553 573 2589 disciplina
585 2554 658 2581 alind
671 2560 777 2589 tempus
791 2555 850 2581 sue-

51 2589 86 2615 rit
102 2587 212 2616 sortasse
226 2590 346 2617 dicendi.
385 2591 437 2617 Sed
454 2591 487 2617 ab
498 2592 607 2626 antiqua
620 2591 791 2627 philosophia
803 2601 851 2619 us-

51 2634 104 2660 que
119 2625 151 2652 ad
163 2626 310 2660 Socratem,
328 2629 376 2664 qui
387 2628 562 2659 Archelaum,
581 2630 752 2664 Anaxagorae
767 2630 851 2656 disci-
877 2611 879 2647 l

52 2662 162 2698 pulum,
180 2664 313 2697 audierat,
335 2667 440 2693 numeri
457 2671 599 2701 motusque
616 2667 809 2698 tractabantur,
825 2671 851 2694 et
870 2648 880 2695 1

865 530 873 571 1Ῐ
896 534 1021 568 phorum.

864 574 873 591 '1
897 579 970 601 mus,
989 579 1042 605 quo
1057 571 1191 597 Socratem
1208 579 1288 597 usum
1304 572 1513 603 arbitrabamur,
1532 577 1561 598 ut
1577 578 1694 599 nostram

872 693 873 702 ¹
895 691 993 717 quaere
998 691 1087 709 remus
1093 704 1098 709 .

1628 130 1690 154 '¹087

896 196 967 223 unde
978 198 1068 223 omnia
1079 198 1225 228 orirentur,
1239 206 1326 232 quove
1337 197 1499 224 reciderent:
1518 198 1694 234 studioseque

895 235 928 260 ab
941 234 983 260 his
995 235 1114 260 siderum
1127 235 1342 270 magnitudines,
1361 235 1515 266 intervalla,
1533 244 1629 262 cursus
1645 245 1693 262 an-

895 272 1073 306 quirebantur
1084 277 1109 298 et
1119 277 1213 298 cuncta
1225 272 1361 299 caelestia.
1404 272 1525 299 Socrates
1537 278 1625 299 autem
1638 275 1694 308 pri-

897 318 957 335 mus
973 310 1173 344 philosophiam
1190 310 1331 336 devocavit
1346 319 1359 336 e
1377 310 1463 340 caelo,
1486 315 1512 337 et
1530 311 1558 336 in
1577 311 1693 337 urbibus

896 346 1048 377 collocavit,
1067 352 1093 373 et
1110 347 1136 373 in
1151 347 1244 373 domos
1256 348 1336 373 etiam
1348 347 1509 377 introduxit,
1526 353 1551 374 et
1562 349 1649 384 coegit
1660 348 1693 374 de

896 385 950 410 vita
962 389 987 410 et
999 384 1119 410 moribus
1132 384 1267 419 rebusque
1280 384 1357 411 bonis
1368 390 1393 411 et
1405 385 1482 411 malis
1494 394 1632 420 quaerere.
1652 387 1692 412 11.

896 421 980 448 Cuius
997 421 1141 456 multiplex
1156 423 1222 448 ratio
1237 421 1394 456 disputandi
1416 431 1560 457 rerumque
1579 424 1694 449 varietas

896 464 921 485 et
932 459 1035 494 ingenii
1048 458 1213 494 magnitude,
1223 459 1340 485 Platonis
1347 460 1474 485 memoria
1486 465 1511 486 01
1524 460 1619 486 litteris
1630 469 1695 486 con-

895 501 1010 527 secrata,
1033 496 1110 531 plura
1126 504 1224 531 genera
1239 496 1325 523 effecit
1339 497 1557 523 dissentientium
1574 498 1695 532 philoso-

1062 534 1082 559 E
1094 534 1196 568 quibus
1208 542 1256 560 nos
1269 534 1296 560 id
1310 535 1483 568 potissimum
1499 537 1635 561 consecuti
1647 544 1695 561 su-

896 609 949 642 ipsi
961 609 1121 634 sententiam
1133 613 1299 643 tegeremus,
1316 618 1403 635 errore
1419 609 1485 635 alios
1503 609 1654 636 levaremus
1669 614 1696 636 et

896 646 923 671 in
942 646 1015 672 omni
1039 645 1233 680 disputatione,
1256 646 1323 680 quid
1343 651 1413 672 esset
1432 646 1605 673 simillimum
1626 648 1693 678 veri,

1138 683 1224 714 Quem
1246 692 1346 709 morem
1362 692 1446 718 quum
1464 684 1614 711 Carneades
1630 693 1695 711 acu-

896 721 1000 746 tissime
1020 721 1262 755 copiosissimeque
1279 722 1423 751 tenuisset,
1448 720 1562 748 fecimus
1583 727 1608 748 et
1629 722 1695 748 alias

896 766 989 792 saepe,
1006 762 1032 783 et
1043 766 1128 792 nuper
1140 759 1168 783 in
1180 758 1346 788 Tusculano,
1364 763 1393 784 ut
1406 758 1439 784 ad
1451 767 1508 784 eam
1521 759 1696 786 consuetudi-

896 804 957 821 nem
968 795 1180 829 disputaremus,
1224 796 1257 821 Et
1268 795 1406 830 quatridui
1421 796 1532 830 quidem
1543 806 1695 823 sermonem

896 832 1083 866 superioribus
1095 832 1127 857 ad
1140 837 1163 858 te
1175 834 1355 867 perscriptum
1369 833 1445 858 libris
1458 834 1597 860 misimus:
1614 835 1696 868 quin-

896 874 921 896 10
933 874 1021 895 autem
1033 869 1086 900 die,
1099 878 1185 904 quum
1197 870 1291 896 eodem
1302 870 1358 896 loco
1369 870 1597 902 consedissemus,
1606 872 1644 897 sic
1656 876 1697 897 est

897 908 1074 942 propositum,
1091 906 1123 932 de
1135 915 1188 941 quo
1200 907 1412 941 disputaremus.

954 945 983 970 V.
1010 946 1048 970 42.
1070 944 1101 970 Α.
1125 945 1181 970 Non
1198 945 1266 970 mihi
1281 945 1389 971 videtur
1404 945 1437 971 ad
1454 945 1530 971 beate
1546 945 1695 971 vivendum

896 983 961 1008 satis
972 990 1051 1016 posse
1064 982 1201 1008 virtutem.
1242 982 1277 1008 M.
1294 983 1327 1008 At
1339 982 1447 1008 hercule
1457 983 1537 1009 Bruto
1549 992 1608 1009 meo
1621 982 1697 1008 vide-

898 1025 952 1046 tur:
969 1020 1048 1045 cuius
1060 1028 1109 1055 ego
1121 1019 1268 1050 iudicium,
1282 1028 1346 1054 pace
1359 1025 1402 1046 tua
1414 1020 1544 1051 dixerim,
1560 1020 1637 1055 longe
1649 1029 1697 1046 an-

898 1062 993 1092 tepono
1005 1062 1060 1083 tuo.
1101 1057 1133 1084 A.
1145 1057 1203 1083 Non
1215 1057 1320 1084 dubito.
1361 1058 1414 1083 Nec
1427 1057 1454 1083 id
1465 1066 1537 1083 nunc
1549 1059 1650 1093 agitur,
1669 1063 1696 1084 tu

898 1095 974 1120 illum
987 1098 1119 1129 quantum
1131 1103 1217 1120 ames:
1231 1094 1279 1120 sed
1292 1095 1350 1125 1100,
1364 1095 1436 1130 quod
1449 1095 1516 1121 mihi
1528 1095 1586 1121 dixi
1599 1095 1695 1125 videri,

897 1132 977 1166 quale
989 1133 1036 1158 sit:
1051 1131 1084 1157 de
1096 1140 1126 1158 eo
1138 1136 1186 1158 ate
1198 1132 1331 1167 disputari
1344 1133 1413 1159 volo.
1453 1133 1488 1158 M.
1502 1133 1604 1167 Nempe
1616 1141 1698 1167 negas

898 1169 930 1195 ad
948 1169 1023 1196 beate
1040 1169 1188 1195 vivendum
1205 1171 1269 1195 satis
1285 1178 1364 1204 posse
1381 1169 1526 1196 virtutem‘?
1542 1171 1573 1196 A.
1588 1171 1698 1196 Prorsus

898 1216 976 1242 nego.
1018 1207 1054 1232 M.
1067 1206 1156 1238 Quid?
1172 1206 1202 1232 ad
1217 1212 1298 1238 recte,
1314 1207 1437 1238 honeste,
1452 1207 1636 1234 laudabiliter.
1650 1216 1699 1242 po-

898 1249 997 1271 stremo
1013 1244 1045 1270 ad
1059 1244 1126 1270 bene
1138 1244 1287 1271 vivendum
1299 1245 1399 1271 satisne
1411 1250 1451 1271 est
1462 1245 1590 1279 praesidii
1604 1246 1629 1271 in
1642 1245 1699 1270 vir-

899 1281 972 1308 tute‘?
992 1282 1024 1308 A.
1041 1282 1117 1308 Certe
1133 1283 1208 1308 satis.
1249 1283 1284 1308 M.
1302 1282 1378 1308 Potes
1394 1283 1491 1317 igitur,
1509 1287 1554 1308 aut
1569 1283 1617 1317 qui
1630 1282 1699 1308 male

899 1320 986 1350 vivat,
1005 1327 1056 1345 non
1072 1327 1133 1345 eum
1146 1320 1275 1345 miserum
1288 1320 1390 1349 dicere,
1409 1325 1467 1350 aut,
1485 1328 1566 1354 quem
1580 1320 1647 1346 bene
1660 1319 1699 1345 fa-

900 1362 983 1387 teare,
1001 1365 1063 1382 eum
1082 1366 1178 1393 negare
1191 1357 1266 1383 beate
1279 1357 1388 1384 vivere?
1417 1358 1448 1383 A.
1465 1357 1566 1389 Quidni
1580 1356 1700 1391 possim'?

899 1395 966 1420 Nam
978 1395 1058 1421 etiam
1070 1395 1097 1421 111
1111 1395 1249 1421 tormentis
1263 1399 1341 1425 recte,
1357 1395 1475 1425 honeste,
1491 1394 1663 1420 laudabiliter
1674 1399 1699 1421 ct

898 1433 932 1459 ob
949 1441 1007 1458 eam
1023 1440 1078 1458 rem
1095 1432 1162 1458 bene
1182 1433 1238 1458 vivi
1259 1437 1358 1467 potest,
1382 1432 1530 1458 dummodo
1551 1432 1696 1468 intelligas,

899 1470 966 1505 qnid
978 1478 1049 1497 nunc
1061 1469 1150 1496 dicam
1162 1470 1240 1496 bene.
1281 1470 1344 1496 Dico
1355 1470 1442 1500 enim,
1460 1475 1624 1500 constanter,
1637 1478 1699 1505 gra-

899 1509 980 1539 viter,
997 1508 1146 1542 sapienter,
1170 1507 1280 1534 fortiter.
1323 1509 1362 1534 ⁴3.
1385 1508 1454 1533 llaec
1470 1508 1549 1533 ctiam
1568 1507 1594 1533 in
1611 1515 1700 1542 equu-

900 1546 972 1572 leum
983 1546 1174 1576 coniiciuntur,
1183 1554 1237 1580 quo
1249 1545 1302 1571 vita
1315 1554 1366 1571 non
1378 1545 1476 1579 aspirat
1485 1545 1570 1570 beata.
1585 1544 1699 1576 M.Quid

899 1583 1000 1619 igitur‘?
1019 1582 1110 1609 solane
1127 1583 1202 1609 beata
1218 1583 1286 1613 vita,
1309 1591 1423 1617 quaeso,
1445 1582 1609 1617 relinquitur
1625 1587 1699 1608 extra

898 1621 998 1647 ostium
1012 1620 1149 1655 limenque
1160 1621 1285 1651 carceris,
1301 1628 1386 1654 quum
1399 1622 1556 1647 00115111111111,
1569 1620 1696 1655 gravitas,

900 1658 1041 1689 fortitudo,
1059 1659 1191 1692 sapientia
1207 1657 1381 1692 reliquaeque
1394 1658 1506 1683 virtutes
1519 1658 1656 1692 rapiantur
1666 1656 1699 1683 ad

899 1700 1024 1722 tortorem
1037 1695 1198 1730 nullumque
1206 1695 1556 1730 recusentnecsupplicium
1571 1694 1700 1721 110011010-

899 1733 974 1760 rem?
998 1733 1029 1760 A.
1043 1734 1093 1764 Tu,
1106 1734 1130 1759 si
1141 1733 1208 1768 quid
1219 1742 1248 1758 05
1261 1732 1389 1763 facturus,
1403 1742 1471 1759 nova
1483 1733 1572 1767 aliqua
1584 1733 1699 1767 conqui-

899 1780 942 1797 ras
952 1775 1064 1806 oportet.
1100 1772 1150 1797 Ista
1164 1779 1205 1797 me
1217 1771 1329 1796 minime
1341 1775 1457 1801 movent,
1472 1779 1524 1797 non
1535 1770 1622 1796 solum
1635 1770 1700 1804 quia

899 1809 1057 1844 pervulgata
1069 1813 1140 1839 sunt,
1154 1808 1201 1834 sed
1214 1808 1298 1834 11111110
1311 1809 1406 1841 magis,
1420 1809 1497 1842 quia,
1513 1813 1648 1842 tamqnam
1663 1807 1701 1833 le-

900 1847 943 1873 via
955 1846 1089 1881 quaedam
1102 1847 1164 1872 vina
1177 1846 1245 1872 nihil
1259 1845 1347 1872 valent
1360 1847 1386 1872 in
1399 1854 1482 1880 aqua,
1500 1846 1538 1871 510
1550 1845 1700 1871 Stoicorum

900 1885 949 1910 ista
963 1884 1049 1920 magis
1061 1888 1175 1919 gustata,
1189 1892 1270 1918 quam
1283 1887 1370 1918 potata
1382 1883 1524 1909 delectant.
1561 1882 1639 1908 Velut
1652 1883 1700 1908 istc

899 1922 998 1948 chorus
1015 1922 1160 1952 virtutum,
1179 1921 1206 1947 in
1221 1920 1368 1956 equuleum
1386 1921 1543 1955 impositus.
1567 1921 1700 1955 imagines

899 1959 1038 1986 constituit
1049 1963 1108 1985 aute
1120 1958 1212 1985 oculos
1223 1967 1285 1984 cum
1297 1958 1465 1993 amplissima
1476 1958 1615 1993 dignitate.
1629 1962 1656 1984 111
1667 1957 1700 1983 1111

899 2005 944 2023 eas
955 1997 1056 2023 cursim
1070 2001 1221 2031 perrectura
1234 1996 1309 2022 beata
1323 1997 1385 2027 vita,
1401 2004 1448 2022 1101·
1460 2005 1504 2021 0115
1516 2005 1529 2021 a
1541 2004 1569 2021 50
1581 1995 1700 2021 desertas

900 2043 1012 2069 passura
1029 2034 1163 2060 videatur.
1207 2035 1246 2060 tt.
1268 2034 1357 2065 Quum
1370 2038 1459 2060 autem
1471 2034 1593 2059 animum
1605 2033 1638 2058 ab
1651 2033 1700 2059 ista

900 2072 1004 2106 pictura
1016 2071 1239 2106 imaginibusque
1252 2071 1382 2097 virtutum
1395 2070 1427 2097 ad
1440 2079 1495 2097 rem
1507 2071 1700 2104 veritatemque

900 2108 1061 2139 traduxeris,
1076 2109 1124 2134 hoc
1137 2108 1240 2134 nudum
1252 2107 1424 2143 relinquitur,
1434 2109 1552 2142 possitne
1563 2108 1625 2142 quis
1639 2108 1701 2133 bea-

900 2150 943 2172 tus
955 2154 1024 2176 esse,
1036 2145 1168 2180 qtuuudiu
1181 2150 1345 2180 torqueatur.
1376 2146 1556 2177 Quamobrem
1570 2145 1618 2170 1101·
1630 2153 1701 2170 nunc

900 2191 1076 2217 quaeramus:
1096 2183 1208 2209 virtutes
1220 2187 1324 2212 autem,
1343 2182 1396 2209 noli
1409 2183 1510 2212 vereri,
1529 2192 1561 2208 ne
1572 2187 1701 2216 expostu-

901 2220 955 2246 lent
966 2225 992 2246 01
1002 2224 1151 2254 queruntur
1161 2228 1190 2245 sc
1201 2228 1215 2245 a
1228 2219 1303 2245 beata
1317 2220 1369 2245 vita
1381 2228 1440 2245 0550
1452 2219 1566 2246 relictas.
1589 2219 1615 2244 Si
1628 2219 1701 2244 0111111

901 2257 974 2283 11111111
987 2258 1073 2283 virtus
1086 2256 1227 2291 prudentia
1241 2262 1325 2287 vacat,
1335 2256 1477 2290 prudentia
1486 2258 1542 2291 ipsa
1555 2257 1604 2282 1101·
1617 2256 1698 2285 videt,

901 2304 952 2321 non
963 2303 1057 2320 omnes
1069 2294 1153 2320 bonos
1167 2302 1226 2320 esse
1242 2295 1321 2320 01111111
1340 2294 1443 2320 beatos:
1463 2294 1600 2328 multaque
1615 2293 1648 2319 110
1665 2293 1699 2318 M.

900 2331 1001 2362 Attilio,
1014 2332 1197 2366 Q.t'.aepione,
1212 2331 1254 2357 Μ’.
1269 2330 1387 2366 Aquillio
1401 2331 1567 2357 recordatur:
1583 2331 1700 2356 beatam-

900 2378 953 2404 que
965 2369 1056 2399 vitam,
1066 2370 1098 2403 151
1112 2368 1277 2403 imaginibus
1290 2370 1379 2403 potins
1391 2369 1528 2403 uti,quam
1541 2368 1621 2393 1011115
1635 2368 1701 2402 ipsis

901 2406 1009 2441 placet,)
1024 2411 1164 2432 conantem
1182 2407 1218 2431 ire
1236 2406 1261 2431 111
1278 2405 1440 2440 equuleum,
1459 2406 1553 2431 retinet
1567 2406 1623 2439 ipsa
1637 2413 1702 2439 pru-

877 2464 878 2480 3
900 2444 990 2469 (10111111
1007 2448 1139 2478 negatque
1154 2444 1177 2469 01
1194 2452 1256 2469 cum
1272 2443 1363 2469 dolore
1378 2448 1401 2468 01
1416 2443 1537 2468 cruciatu
1549 2442 1699 2477 quidquam

900 2489 959 2507 0550
971 2489 1125 2507 commune.
1166 2481 1208 2506 Vl.
1229 2481 1267 2506 111.
1286 2481 1319 2506 M.
1337 2479 1423 2506 Facile
1437 2480 1530 2514 patior.
1545 2484 1568 2505 te
1583 2480 1700 2506 15101110-

901 2518 934 2543 1111
946 2526 1038 2553 agere:
1052 2518 1101 2544 etsi
1115 2518 1240 2552 iniquum
1252 2517 1554 2552 eseliau-scriheremitti
1563 2523 1595 2546 te,
1604 2526 1700 2552 quem-

901 2555 1047 2581 admodum
1059 2564 1072 2580 11
1086 2564 1127 2581 1110
1139 2555 1272 2589 disputari
1289 2555 1366 2581 velis.
1408 2554 1460 2580 Sed
1477 2563 1590 2589 quaet-0.
1609 2559 1698 2580 utrum

901 2592 1005 2627 aliquid
1021 2597 1110 2618 actum
1126 2592 1314 2627 superioribus
1325 2592 1437 2621 dielms,
1460 2601 1492 2618 an
1506 2591 1573 2618 nihil
1585 2592 1700 2618 arbitre-

902 2629 979 2655 mur?
999 2629 1030 2656 A.
1043 2629 1138 2656 Actum
1151 2638 1222 2659 vere,
1235 2635 1260 2655 01
1271 2629 1439 2664 aliquantum
1452 2629 1573 2664 quidem.
1601 2630 1635 2656 M.
1654 2629 1700 2655 At-

901 2668 963 2702 qui,
977 2667 1000 2693 si
1014 2667 1048 2693 ita
1059 2672 1113 2698 est,
1126 2666 1264 2702 profligata
1278 2667 1329 2693 111111
1341 2666 1406 2693 111100
1418 2672 1443 2693 01
1457 2675 1539 2702 paene
1551 2666 1583 2693 ad
1595 2667 1699 2694 exitum
