1941 3052
390 144 576 171 ORATIO
609 144 698 171 PRO
730 144 761 171 A.
796 144 1026 172 CAECINA.
1061 144 1158 171 CAP.
1194 146 1345 172 26—31.

53 217 104 242 bns
120 216 275 245 factitatum,
291 215 357 250 quid
370 215 466 241 horum
480 216 642 246 auctoritate,
658 215 759 250 quibus
773 214 845 241 iudi-

52 253 166 280 candum
181 257 229 283 est,
245 253 358 288 dignum
371 257 450 283 esset,
467 253 584 285 ostendi;
599 253 627 279 id
641 261 744 283 verum,
760 252 787 278 id
802 261 846 278 ae—

52 299 149 326 quum,
166 290 194 316 id
207 290 272 316 utile
286 290 411 316 omnibus
426 299 500 320 esse,
524 291 651 325 spectari,
667 299 721 325 quo
734 289 845 316 consilio

52 332 78 354 et
91 336 145 363 qua
158 327 302 358 sententia,
323 335 389 358 non,
410 328 510 362 quibus
529 327 650 362 quidque
669 328 758 354 verbis
776 331 846 353 esset

52 369 154 392 actum:
179 369 207 391 tu
227 373 268 393 me
290 364 323 390 ad
346 365 458 391 verbum
481 374 573 391 vocas:
599 374 650 391 non
673 369 734 391 ante
757 365 842 395 venio,

52 411 132 438 quam
146 411 278 428 recusaro.
318 402 391 437 Nego
404 407 532 436 oportere,
548 411 617 437 nego
630 402 742 428 obtineri
757 410 843 436 posse,

52 448 121 475 nego
134 439 216 466 ullam
230 448 286 465 rem
301 448 368 470 esse,
385 448 453 475 quae
466 444 513 466 aut
525 440 713 474 comprehendi
726 440 790 465 satis
801 443 847 465 aut

53 478 140 503 caveri
154 481 200 503 aut
213 477 300 511 excipi
315 478 407 511 possit,
424 478 455 508 si,
472 482 517 503 aut
531 478 671 511 praeterito
685 477 775 511 aliquo
788 485 847 502 ver-

53 515 86 541 bo
99 519 145 540 aut
158 514 283 549 ambigue
302 515 400 548 posito,
420 516 550 541 sententia
568 519 593 540 et
612 523 639 540 re
656 515 773 549 cognita,
795 522 846 539 non

53 552 90 582 id,
106 552 179 586 quod
192 552 360 587 intelligitur,
376 552 423 578 sed
438 552 473 582 id,
490 552 562 586 quod
576 552 682 582 dicitur,
699 551 807 577 valebit.

108 589 209 615 XXIX.
221 591 262 616 82.
274 589 405 621 Quoniam
415 589 479 615 satis
489 589 624 615 recusavi:
640 589 718 615 venio
728 589 781 614 iam
792 596 846 622 quo
866 601 867 623 ξ

54 635 141 653 vocas.
171 626 275 658 Quaero
289 627 335 652 abs
350 631 383 658 te,
399 627 486 653 simne
499 626 626 657 deiectus,
643 634 695 652 non
709 625 742 651 de
757 625 847 651 Fulci-

53 664 132 690 niano
146 663 242 690 fundo:
258 663 354 699 (neque
368 664 439 690 enim
454 668 566 698 praetor,
582 664 605 689 si
619 672 652 689 ex
666 671 697 689 eo
711 662 794 688 fundo
804 671 846 688 es-

52 710 109 727 sem
124 701 251 733 deiectus,
268 702 303 728 ita
318 710 360 727 me
371 701 475 727 restitui
486 700 591 735 iussit:)
605 700 652 726 sed
662 709 700 731 eo,
717 699 789 726 unde
799 699 846 725 de—

52 739 137 765 iectus
152 747 252 765 essem:
269 747 330 764 sum
344 747 377 764 ex
392 739 514 772 proximo
528 738 609 764 vicini
621 737 704 764 fundo
714 737 843 767 deiectus,

52 785 105 810 qua
120 776 225 802 adibam
239 775 272 802 ad
286 776 367 802 istum
383 775 507 806 fundum,
523 784 584 802 sum
598 775 631 801 de
645 775 697 805 via,
713 783 774 801 sum
789 783 846 800 cer-

53 818 77 839 te
92 813 223 844 alicunde,
239 813 296 839 sive
310 813 343 838 de
357 813 468 847 privato,
485 813 543 839 sive
556 813 589 839 de
603 812 720 847 publico,
752 812 790 838 Eo
804 820 846 838 re-

52 851 127 876 stitui
141 859 202 876 sum
216 850 318 876 iussus.
340 850 499 877 Restituisse
514 854 538 876 te
552 850 654 876 dixisti.
677 851 750 885 Nego
760 858 802 875 me
813 857 846 875 ex

52 887 156 914 decreto
170 888 297 922 praetoris
311 888 464 914 restitutum
479 896 546 914 esse.
569 887 639 919 Quid
653 887 686 913 ad
700 887 764 913 haee
778 886 846 913 dici-

53 924 132 951 mus?
150 924 203 952 Aut
222 929 279 956 tuo,
300 925 526 960 quemadmodum
546 925 656 956 dicitur,
676 924 779 960 gladio,
800 928 845 950 aut

52 967 141 989 nostro
154 962 274 989 defensio
288 966 333 988 tua
346 962 508 993 conficiatur,
525 971 632 988 necesse
646 967 696 988 est.
718 964 759 988 83.
771 962 798 987 Si
812 961 845 987 ad

51 999 184 1026 interdicti
210 1000 369 1026 sententiam
394 1000 531 1035 confugis,
560 1004 597 1031 et,
626 999 658 1026 de
684 1008 737 1034 quo
762 998 845 1025 fundo

51 1041 139 1063 actum
153 1038 188 1064 sit
201 1041 271 1069 tum,
292 1046 377 1072 quum
392 1037 523 1064 Aebutius
538 1038 677 1064 restituere
691 1037 841 1067 iubebatur,

51 1074 79 1101 id
92 1074 276 1109 quaerendum
290 1083 349 1101 esse
358 1075 435 1106 dicis,
452 1083 539 1110 neque
549 1076 710 1109 aequitatem
721 1075 759 1100 rei
769 1074 844 1100 verbi

52 1111 146 1147 laqueo
159 1112 217 1147 capi
232 1117 310 1147 putas
323 1117 450 1147 oportere,
467 1113 494 1139 in
505 1113 572 1139 meis
583 1113 677 1138 castris
689 1111 845 1147 praesidiis-

50 1158 103 1185 que
116 1149 241 1176 versaris.
281 1150 351 1181 Mea,
372 1159 431 1176 mea
449 1154 490 1176 est
507 1150 557 1176 ista
575 1149 707 1181 defensio,
729 1158 777 1184 ego
796 1149 846 1175 hoc

51 1187 192 1218 vociferor,
209 1195 258 1223 ego
271 1196 364 1214 omnes
379 1187 501 1214 homines
515 1187 633 1222 deosque
647 1191 742 1213 testor:
758 1195 844 1221 quum

51 1225 164 1251 maiores
178 1225 233 1251 vim
248 1229 374 1251 armatam
389 1224 463 1251 nulla
476 1225 543 1251 iuris
553 1225 708 1251 defensione
720 1224 842 1255 texerint,

51 1270 104 1288 non
118 1262 262 1298 vestigium
276 1262 347 1294 eius,
367 1263 414 1297 qui
428 1262 546 1288 deiectus
561 1263 607 1293 sit,
628 1262 675 1288 sed
694 1262 793 1288 factum
812 1261 842 1287 il-

51 1299 113 1331 lius,
129 1300 176 1334 qui
190 1299 328 1331 deiecerit,
344 1300 372 1326 in
387 1299 518 1326 iudicium
533 1300 637 1332 venire,
654 1299 786 1326 deiectum
802 1307 846 1325 es-

50 1346 92 1368 se,
113 1337 160 1371 qui
175 1336 283 1372 fugatus
297 1337 343 1369 sit,
364 1337 419 1363 vim
434 1346 492 1363 esse
507 1337 614 1368 factam,
636 1337 678 1363 cui
693 1335 844 1371 periculum

50 1375 142 1400 mortis
157 1374 191 1400 sit
205 1374 341 1401 iniectum.
375 1376 418 1401 84.
437 1375 520 1401 Istum
537 1374 622 1401 locum
639 1374 709 1409 fugis
724 1378 749 1400 et
763 1373 845 1400 refor-

50 1411 150 1442 midas,
166 1416 192 1438 et
205 1420 247 1437 me
262 1420 296 1438 ex
309 1411 371 1443 hoc,
388 1416 417 1438 ut
431 1412 465 1438 ita
480 1412 579 1443 dicam,
596 1420 689 1446 campo
703 1411 844 1446 aequitatis

50 1449 83 1475 ad
100 1449 165 1475 istas
184 1449 326 1476 verborum
345 1449 482 1484 angustias
501 1454 527 1476 et
544 1449 576 1475 ad
590 1458 683 1476 omnes
698 1449 844 1475 litterarum

50 1486 162 1521 angulos
176 1495 293 1513 revocas.
315 1487 344 1513 In
358 1487 391 1513 iis
406 1487 472 1521 ipsis
487 1487 664 1513 intercludere
674 1487 715 1513 vis
727 1486 841 1517 insidiis,

49 1532 117 1558 quas
136 1524 203 1550 mihi
221 1525 324 1550 conaris
342 1533 483 1559 opponere.
525 1525 582 1551 Non
597 1524 690 1555 deieci,
707 1523 753 1550 sed
768 1523 842 1549 eieci.

49 1561 207 1588 Peracutum
222 1561 271 1588 hoc
285 1561 332 1588 tibi
344 1562 457 1593 videtur,
475 1562 518 1588 hic
529 1566 569 1588 est
579 1570 671 1588 mucro
681 1561 844 1588 defensionis

49 1603 119 1625 tuae.
153 1599 182 1625 In
195 1607 258 1625 eum
272 1599 361 1634 ipsum
375 1607 469 1625 caussa
484 1604 528 1625 tua
542 1600 659 1625 incurrat
673 1607 781 1625 necesse
794 1602 843 1624 est.

6 1652 7 1657 .
48 1636 105 1672 Ego
118 1636 189 1662 enim
204 1636 252 1662 tibi
267 1636 364 1662 refero:
380 1637 403 1662 si
418 1645 470 1663 non
484 1645 544 1663 sum
560 1645 593 1663 ex
607 1645 637 1663 eo
649 1636 704 1663 loeo
713 1636 842 1667 deiectus,

5 1695 7 1699 .
48 1682 102 1708 quo
115 1673 267 1708 prohibitus
281 1682 342 1700 sum
357 1674 491 1705 accedere,
509 1679 534 1701 at
547 1682 580 1700 ex
594 1682 624 1700 eo
638 1682 699 1700 sum
713 1673 842 1705 deiectus,

48 1719 102 1746 quo
115 1711 228 1742 accessi,
249 1710 320 1737 unde
336 1710 402 1746 fugi.
443 1711 471 1738 Si
486 1716 589 1746 praetor
603 1720 654 1738 non
668 1711 792 1738 distinxit
807 1710 845 1737 lo-

48 1757 123 1780 cum,
143 1757 198 1783 quo
212 1757 254 1775 me
268 1749 372 1775 restitui
387 1749 490 1775 iuberet
508 1754 533 1775 et
552 1750 655 1775 restitui
674 1749 766 1779 iussit,
792 1757 844 1774 non

48 1794 109 1812 sum
123 1794 157 1812 ex
169 1785 274 1812 decreto
287 1786 435 1813 restitutus.
467 1788 507 1813 85.
524 1787 619 1818 Velim,
636 1790 841 1821 recuperatores,
865 1790 866 1795 ¹

49 1823 97 1850 hoc
111 1827 205 1854 totum,
221 1823 243 1849 si
259 1823 336 1850 vobis
350 1824 495 1855 versutius,
512 1832 592 1859 quam
607 1833 665 1850 mea
678 1823 844 1850 consuetudo

48 1859 207 1887 defendendi
228 1860 289 1893 fert,
311 1861 459 1893 videbitur,
480 1862 518 1888 sic
533 1862 704 1892 existimetis,
726 1862 843 1896 primum

48 1897 139 1929 alium,
157 1906 208 1925 non
220 1907 270 1929 me,
287 1899 460 1934 excogitasse,
473 1898 570 1925 deinde
581 1899 662 1925 liuius
674 1899 781 1925 rationis
792 1907 844 1925 non

48 1935 127 1961 modo
141 1944 192 1962 non
206 1936 381 1967 inventorem,
397 1936 444 1962 sed
459 1945 491 1962 ne
503 1937 668 1971 probatorem
680 1936 790 1972 quidem
801 1944 844 1962 es-

47 1980 76 1999 se
90 1980 141 2004 me,
157 1972 239 2007 idque
253 1981 295 1999 me
309 1982 361 2000 non
375 1973 407 2000 ad
422 1982 507 2000 meam
518 1973 700 2000 defensionem
711 1973 841 2005 attulisse,

47 2008 95 2035 sed
113 2008 220 2036 illorum
238 2009 386 2037 defensioni
406 2011 542 2043 retulisse,
567 2020 609 2038 me
628 2019 706 2046 posse
725 2020 772 2046 pro
786 2020 844 2038 meo

5 2068 6 2081 ,
48 2047 105 2073 iure
115 2046 211 2078 dicere,
228 2055 315 2082 neque
326 2048 352 2074 in
364 2048 412 2074 hac
423 2056 458 2079 re,
474 2057 555 2083 quam
568 2057 617 2084 ego
628 2049 735 2083 protuli,
751 2049 843 2084 quaeri

47 2088 179 2118 oportere,
200 2084 301 2119 quibus
316 2085 405 2111 verbis
424 2090 527 2120 praetor
545 2085 723 2117 interdixerit,
744 2087 791 2113 sed
810 2086 844 2113 do

46 2129 102 2156 quo
116 2121 172 2148 loco
185 2121 221 2148 sit
234 2126 335 2152 actum,
356 2131 441 2157 quum
461 2123 640 2149 interdixerit:
665 2132 751 2158 neque
770 2125 796 2150 in
818 2125 842 2151 vi

47 2162 208 2185 armatorum
223 2160 335 2193 spectari
349 2164 477 2194 oportere,
495 2161 521 2186 in
535 2169 589 2195 quo
602 2160 657 2187 loco
666 2161 702 2186 sit
713 2160 778 2187 facta
790 2163 840 2193 vis,

49 2203 141 2223 verum
155 2196 224 2222 sitne
239 2195 318 2223 facta:
336 2201 359 2223 te
375 2206 436 2223 vero
451 2196 525 2223 nullo
539 2197 617 2224 modo
628 2206 706 2232 posse
717 2198 843 2226 defende-

48 2241 83 2264 re,
99 2233 126 2260 in
140 2242 194 2268 qua
208 2241 235 2260 re
250 2238 277 2260 tu
292 2234 368 2265 velis,
386 2234 464 2260 verba
479 2236 591 2269 spectari
605 2239 732 2270 oportere,
748 2237 775 2263 in
790 2246 842 2272 qna
872 2242 873 2245 ’

47 2278 74 2297 re
88 2270 170 2302 nolis,
187 2279 238 2297 non
253 2276 382 2306 oportere.
424 2272 512 2298 XXX.
528 2274 569 2298 86.
586 2273 783 2305 Verumtamen,
800 2283 843 2300 ec-

47 2307 113 2342 quid
127 2308 193 2334 mihi
208 2309 385 2343 respondetur
398 2309 430 2335 ad
445 2309 521 2340 illud,
538 2309 609 2344 quod
621 2315 695 2337 antea
707 2310 772 2342 (lixi,
791 2321 842 2338 non

47 2344 134 2371 sotum
149 2354 176 2372 re
189 2351 215 2372 et
227 2347 366 2377 sententia,
383 2347 429 2372 sed
445 2347 533 2372 verbis
547 2355 654 2382 quoque
669 2347 718 2374 hoc
732 2349 843 2375 interdi-

47 2386 119 2409 ctum
133 2383 168 2409 ita
183 2391 241 2409 esse
250 2384 438 2418 compositum,
456 2389 484 2410 ut
495 2384 560 2410 nibil
572 2386 790 2412 commutandum
803 2387 843 2412 vi-

47 2418 171 2447 deretur?
192 2420 326 2447 Attendite
340 2421 490 2455 diligenter,
507 2430 615 2456 quaeso,
633 2428 840 2456 recuperatores,

47 2455 94 2483 Est
103 2457 174 2484 enim
187 2458 266 2484 vestri
278 2459 386 2494 ingenii,
397 2456 454 2485 non
467 2467 561 2489 meam,
578 2459 624 2485 scd
637 2460 765 2486 maiorum
779 2469 843 2495 prn-

48 2492 163 2521 dentiam
173 2503 341 2530 cognoscere.
365 2497 421 2522 Non
433 2496 503 2522 enim
516 2496 541 2522 id
553 2505 613 2522 snm
626 2496 756 2528 (licturus,
769 2498 841 2532 quod

48 2538 96 2566 ego
109 2531 265 2564 invenerim,
282 2533 329 2559 sed
343 2533 414 2568 quod
431 2533 490 2560 illos
506 2543 556 2559 non
572 2533 678 2569 fugerit.
705 2535 793 2566 Quum
809 2535 841 2561 do

49 2567 75 2594 vi
88 2568 267 2601 interdicitur,
288 2570 342 2597 duo
355 2579 451 2605 genera
465 2580 620 2597 caussarum
635 2580 694 2597 esse
709 2572 842 2607 intellige—

48 2603 122 2637 bant,
143 2606 176 2633 ad
189 2615 258 2642 quae
273 2607 440 2635 interdictum
457 2609 612 2643 pertineret:
637 2617 735 2639 unum,
756 2610 778 2635 si
793 2606 839 2644 qni

47 2649 80 2669 ex
93 2651 124 2670 eo
137 2642 201 2675 loco,
218 2644 265 2671 ubi
280 2644 384 2676 fuisset,
400 2654 428 2671 se
442 2645 574 2672 deiectum
589 2646 700 2678 diceret:
717 2646 838 2675 alterum.

48 2679 70 2705 si
83 2680 130 2714 qui
145 2681 178 2707 ab
191 2689 221 2708 eo
236 2681 300 2713 loco,
316 2691 370 2718 quo
386 2683 516 2714 venisset,
534 2683 560 2709 vi
575 2683 693 2710 deiectus
707 2688 790 2711 esset:
815 2689 840 2711 et

1640 148 1688 172 363

896 215 991 241 horum
1007 219 1164 250 utrumque,
1186 225 1272 252 neque
1293 221 1424 251 praeterea
1441 216 1590 250 quidquam
1604 222 1691 250 potest

872 269 874 286 ι
896 253 1023 283 accidere,
1040 258 1246 287 recuperatores.
1269 255 1309 280 87.
1327 254 1354 280 Id
1369 253 1441 283 adeo,
1458 254 1481 279 si
1493 253 1586 287 placet,
1602 254 1691 280 consi-

896 290 994 316 derate.
1025 290 1053 316 Si
1067 291 1113 325 qui
1129 299 1214 317 meam
1230 291 1358 317 familiam
1372 290 1404 316 de
1419 299 1477 316 meo
1492 290 1574 317 fundo
1587 290 1691 317 deiece-

897 327 938 358 rit,
955 336 988 354 ex
1001 336 1032 353 eo
1046 336 1088 353 me
1103 327 1158 354 loco
1172 329 1309 359 deiecerit2
1326 329 1348 354 si
1360 328 1407 363 qui
1418 328 1484 353 mihi
1496 333 1601 362 praesto
1611 328 1690 354 fuerit

896 373 958 390 cum
973 366 1080 391 armatis
1095 365 1250 392 hominibus
1264 371 1336 392 extra
1351 374 1440 392 meum
1456 364 1584 396 fundum,
1609 371 1634 391 et
1648 374 1691 391 me

897 402 1004 428 introire
1019 402 1198 437 prohibuerit:
1216 412 1267 430 non
1281 412 1315 430 ex
1328 412 1366 434 eo,
1383 402 1430 429 sed
1444 402 1477 428 ab
1487 411 1517 429 eo
1528 402 1584 429 loco
1594 411 1635 429 me
1645 402 1692 429 de—

897 440 996 465 iecerit.
1038 439 1077 465 Ad
1097 440 1160 466 haec
1178 441 1232 467 duo
1249 450 1344 475 genera
1364 449 1452 466 rerum
1468 448 1552 466 unum
1567 440 1688 470 verbum,

897 477 969 511 quod
980 478 1043 503 satis
1055 477 1199 504 declararet
1211 483 1337 513 utrasque
1347 487 1397 508 reS,
1414 478 1588 504 invenerunt:
1605 482 1642 508 ut,
1654 478 1692 503 si-

898 522 929 539 ve
944 522 977 540 ex
991 514 1086 545 fundo,
1103 515 1161 541 sive
1175 525 1187 541 a
1204 515 1287 542 fundo
1300 516 1418 542 deiectus
1433 524 1529 546 essem,
1545 524 1599 541 uno
1613 520 1692 550 atque

897 551 989 577 eodem
1005 552 1144 578 interdicto
1158 554 1323 579 restituerer:
1341 562 1414 579 uuna
1430 562 1473 579 τυ.
1499 553 1553 578 Hoc
1567 553 1688 582 verbum,

898 598 986 620 unns,
1008 593 1153 624 utrumque
1171 590 1299 621 declarat,
1320 595 1345 616 et
1363 599 1396 616 ex
1414 599 1467 624 quo
1483 589 1550 620 loco,
1572 595 1624 616 eta
1638 598 1692 624 quo

899 625 962 652 loco.
990 626 1064 652 Unde
1078 626 1197 653 deiectus
1211 632 1251 654 est
1265 627 1366 654 Cinna‘.>
1379 636 1411 653 ex
1426 627 1504 653 Urbe.
1531 627 1606 654 Unde
1620 627 1692 653 deie-

897 663 987 689 cti**‘?
1000 663 1033 689 ab
1048 664 1124 690 Urbe.
1150 664 1224 690 Unde
1239 665 1333 691 deiecti
1348 664 1436 691 Galli‘?
1450 673 1462 690 a
1477 664 1615 698 Capitolio.
1638 665 1692 691 Un-

897 700 938 731 de,
955 702 1002 735 qui
1017 709 1078 727 cum
1094 701 1213 728 Graccho
1228 702 1353 728 fuerunt?
1371 711 1403 728 ex
1418 701 1556 736 Capitolio.
1591 704 1631 728 88.
1646 702 1692 728 Vi-

898 737 965 763 detis
980 739 1070 773 igitur,
1088 738 1137 764 hoc
1152 748 1205 765 uno
1220 740 1300 766 verbo
1313 739 1457 774 significari
1473 748 1514 764 res
1529 739 1604 769 duas,
1621 744 1646 765 et
1659 749 1692 765 ea*

896 784 954 808 quo,
971 780 996 801 et
1010 777 1158 809 aqualem.
1188 776 1277 808 Quum
1292 781 1380 802 autem
1395 786 1425 802 eo
1440 777 1542 802 restitui
1558 777 1639 807 iubet,
1656 777 1691 802 ita

898 812 985 838 iubet:
1002 817 1039 843 ut,
1056 814 1078 839 si
1091 813 1161 840 Galli
1175 822 1188 840 a
1203 815 1350 840 maioribus
1365 814 1462 840 nostris
1476 814 1649 848 postularent,
1663 819 1691 840 ut

873 857 875 882 ξ
897 858 927 876 eo
938 851 1149 882 restituerentur,
1166 851 1237 878 unde
1248 851 1342 877 deiecti
1352 856 1449 881 essent,
1467 856 1492 877 et
1502 851 1591 885 aliqua
1606 851 1632 876 vi
1644 851 1692 877 lioc

897 888 1004 922 assequi
1019 893 1141 922 possent:
1158 897 1223 920 non,
1239 889 1340 923 opinor,
1357 897 1401 915 eos
1416 889 1442 914 in
1457 888 1622 919 cuniculum,
1639 897 1692 923 qua

897 925 1016 960 aggressi
1035 931 1120 956 erant,
1141 926 1188 952 sed
1207 927 1234 953 in
1249 926 1409 961 Capitolium
1429 926 1533 952 restitui
1551 930 1690 960 oporteret.

897 963 950 988 Hoc
964 963 1034 988 enim
1050 963 1223 998 intelligitur:
1249 973 1325 991 uuna
1341 972 1504 994 nemeisrl,
1521 964 1579 989 sive
1592 972 1625 989 ex
1639 972 1693 998 quo

898 999 953 1026 loco
966 1001 1024 1026 sive
1037 1009 1051 1026 a
1070 1009 1124 1035 quo
1143 1000 1212 1027 loeo:
1233 1011 1267 1028 eo
1281 1010 1451 1027 nesrrrUAs.
1492 1001 1546 1027 Hoc
1560 1001 1611 1026 iam
1627 1001 1693 1026 sim·

897 1037 959 1071 plex
976 1042 1029 1069 est,
1050 1038 1077 1064 in
1096 1047 1158 1064 eum
1179 1038 1265 1065 locum
1285 1039 1423 1070 restituas,
1443 1039 1500 1064 sive
1518 1047 1551 1064 ex
1570 1038 1619 1064 hoc
1637 1037 1693 1064 loco

896 1074 1029 1106 deiecisti,
1051 1076 1160 1102 restitue
1178 1076 1205 1102 in
1225 1076 1296 1102 hunc
1316 1076 1416 1106 locum,
1437 1077 1495 1102 sive
1513 1076 1545 1101 ab
1560 1075 1609 1101 boc
1625 1075 1690 1105 loco,

872 1119 874 1142 t
896 1113 1005 1138 restitue
1019 1113 1046 1139 in
1060 1121 1122 1139 eum
1138 1113 1239 1145 locum,
1262 1123 1312 1140 non
1326 1122 1360 1140 ex
1373 1122 1439 1148 quo,
1460 1113 1506 1139 sed
1525 1122 1538 1139 a
1553 1122 1607 1148 quo
1621 1113 1694 1139 deie-

896 1154 954 1176 ctus
968 1155 1017 1176 est.
1059 1150 1091 1177 Ut
1105 1151 1127 1176 si
1141 1151 1188 1186 qui
1203 1160 1236 1177 ex
1251 1151 1315 1182 alto,
1331 1160 1416 1186 quum
1432 1151 1464 1177 ad
1479 1151 1590 1185 patriani
1605 1159 1694 1176 acces-

896 1188 988 1219 sisset,
1009 1192 1165 1222 tempestate
1179 1189 1268 1215 subito
1282 1189 1395 1214 reiectus
1409 1193 1523 1222 optaret,
1544 1193 1586 1219 ut,
1607 1197 1692 1223 quum

896 1230 967 1251 esset
980 1234 994 1251 a
1009 1226 1092 1260 patria
1106 1226 1235 1257 deiectus,
1252 1235 1282 1252 eo
1296 1226 1493 1252 restitueretur:
1515 1226 1572 1256 boc,
1589 1226 1690 1260 opinor,

896 1267 1005 1297 optaret,
1023 1267 1060 1294 ut,
1077 1272 1090 1289 a
1104 1272 1158 1298 quo
1173 1263 1229 1290 loco
1242 1263 1373 1298 depulsus
1387 1268 1465 1294 esset,
1482 1264 1509 1290 in
1523 1271 1585 1289 eum
1601 1272 1629 1289 se
1641 1262 1694 1289 for-

897 1304 960 1326 tuna
975 1301 1138 1332 restitueret,
1156 1309 1207 1327 non
1221 1301 1249 1327 in
1263 1301 1364 1332 salum,
1381 1301 1427 1327 sed
1442 1302 1469 1327 in
1484 1301 1570 1335 ipsam
1587 1300 1690 1331 urbem,

896 1346 976 1372 quam
992 1338 1111 1372 petebat,
1127 1339 1175 1369 sic,
1192 1338 1328 1373 (quoniam
1344 1339 1486 1365 verborum
1502 1339 1555 1364 vim
1572 1347 1694 1364 necessa-

872 1382 874 1404 ι
896 1376 935 1401 rio
948 1375 1126 1402 similitudine
1141 1384 1229 1402 rerum
1244 1376 1430 1411 aucupamur,)
1444 1376 1490 1410 qui
1506 1375 1636 1410 postulat,
1653 1380 1690 1406 ut,

872 1429 874 1450 3
896 1422 909 1438 a
924 1421 978 1448 quo
994 1412 1049 1439 loco
1062 1412 1181 1440 deiectus
1195 1418 1244 1445 est,
1261 1414 1310 1440 hoc
1324 1418 1372 1445 est,
1390 1414 1459 1439 unde
1470 1413 1589 1439 deiectus
1601 1418 1648 1443 est,
1663 1421 1693 1439 eo

873 1453 874 1466 ³
897 1451 1064 1477 restituatur:
1080 1450 1129 1476 hoc
1143 1451 1267 1485 postulat,
1285 1456 1313 1477 ut
1327 1452 1353 1477 in
1369 1460 1429 1477 eum
1445 1451 1534 1485 ipsum
1550 1450 1636 1477 locum
1652 1459 1693 1476 re-

896 1488 1031 1514 stituatur.
1071 1488 1172 1514 XXXI.
1193 1490 1234 1514 89.
1258 1488 1347 1520 Quum
1367 1489 1445 1514 verba
1466 1497 1513 1514 nos
1531 1497 1562 1514 eo
1579 1488 1690 1518 ducunt,

897 1529 953 1551 tum
968 1534 1009 1551 res
1025 1525 1081 1560 ipsa
1097 1525 1145 1552 hoc
1159 1527 1257 1552 sentire
1272 1530 1350 1560 atque
1365 1526 1514 1561 intelligere
1528 1526 1607 1560 cogit.
1647 1525 1693 1551 Et-

896 1563 981 1594 enim,
998 1563 1071 1594 Piso,
1087 1562 1176 1597 (redeo
1191 1572 1262 1589 nunc
1276 1564 1308 1589 ad
1323 1563 1367 1589 illa
1383 1564 1513 1598 principia
1528 1563 1693 1589 defensionis

897 1600 991 1635 meae,)
1005 1600 1028 1626 si
1042 1601 1104 1634 quis
1119 1605 1143 1626 te
1157 1610 1189 1627 ex
1204 1601 1316 1627 aedibus
1332 1602 1383 1626 tuis
1399 1602 1424 1626 vi
1437 1600 1592 1626 bominibus
1606 1609 1693 1626 arma-

896 1639 930 1664 tis
944 1638 1076 1668 deiecerit,
1092 1638 1158 1672 quid
1173 1638 1253 1673 ages‘?
1278 1638 1390 1673 Opinor,
1408 1638 1456 1664 lioc
1471 1638 1622 1667 interdicto,
1639 1646 1693 1672 quo

897 1683 944 1702 nos
959 1675 1001 1701 usi
1016 1684 1121 1706 sumus,
1138 1684 1308 1711 persequere.
1339 1674 1427 1707 Quid?
1440 1675 1462 1701 si
1477 1676 1524 1709 qui
1541 1676 1591 1701 iam
1606 1675 1639 1701 de
1655 1675 1693 1702 fo-

896 1722 924 1739 ro
938 1712 1093 1739 redeuntem
1108 1714 1216 1739 armatis
1231 1713 1385 1739 bominibus
1400 1713 1509 1739 domum
1525 1718 1597 1739 tuam
1613 1717 1636 1739 te
1651 1713 1693 1738 in-

896 1751 974 1777 troire
989 1750 1168 1785 prohibuerit,
1189 1751 1255 1785 quid
1269 1750 1350 1786 ages?
1376 1751 1452 1777 Utere
1471 1750 1562 1776 eodem
1582 1750 1693 1776 interdi-

895 1792 946 1814 cto.
977 1788 1066 1820 Quum
1081 1788 1163 1823 igitur
1178 1793 1281 1823 praetor
1295 1788 1470 1819 interdixerit,
1488 1788 1559 1813 unde
1573 1788 1692 1814 deiectus

896 1834 937 1857 es,
954 1830 983 1852 ut
998 1834 1029 1852 eo
1043 1826 1205 1852 restituaris:
1227 1831 1254 1852 tu
1270 1825 1318 1852 hoc
1333 1826 1416 1856 idem,
1433 1825 1506 1860 quod
1521 1834 1570 1861 ego
1584 1825 1651 1856 dico,
1668 1830 1693 1851 et

895 1863 967 1898 quod
978 1864 1151 1898 perspicuum
1161 1868 1209 1893 est,
1223 1863 1442 1898 interpretabere:
1458 1871 1543 1897 quum
1555 1862 1622 1888 illud
1635 1871 1693 1888 ver-

896 1901 971 1932 bum,
988 1910 1078 1930 ursos.
1093 1901 1121 1927 in
1137 1906 1277 1935 utramque
1292 1910 1346 1926 rem
1363 1900 1456 1931 valeat,
1473 1909 1558 1935 coque
1573 1905 1600 1926 tu
1616 1901 1693 1926 resti-

896 1939 934 1965 tui
944 1939 982 1964 sis
993 1938 1098 1969 iussus,
1111 1943 1163 1964 tam
1176 1943 1199 1965 te
1211 1939 1236 1964 in
1247 1938 1325 1964 aedes
1336 1939 1439 1964 restitui
1451 1943 1579 1972 oportere,
1588 1938 1610 1963 si
1623 1946 1636 1963 e
1647 1946 1693 1963 ve-

895 1975 1092 2010 stibulo‚quam
1104 1977 1126 2002 si
1137 1985 1171 2002 ex
1181 1976 1304 2002 interiore
1315 1976 1420 2001 aedium
1433 1980 1505 2010 parte
1515 1975 1634 2001 deiectus
1643 1975 1690 2001 sis.

950 2015 992 2039 90.
1018 2014 1050 2040 Ut
1065 2022 1126 2039 vero
1141 2014 1206 2044 iam,
1233 2018 1442 2048 recuperatores,
1470 2012 1542 2038 nulla
1560 2012 1692 2038 dubitatio

895 2051 938 2082 sit,
955 2051 1012 2077 sive
1027 2059 1091 2082 rem,
1107 2052 1165 2077 sive
1180 2051 1259 2077 verba
1274 2055 1392 2085 spectare
1407 2050 1497 2080 vultis,
1514 2051 1580 2084 quin
1596 2059 1692 2075 secun-

895 2088 959 2115 dum
980 2097 1026 2115 nos
1046 2089 1183 2119 iudicetis,
1205 2089 1322 2114 exoritur
1342 2088 1383 2113 liic
1403 2088 1469 2118 iam,
1490 2087 1593 2113 obrutis
1611 2087 1691 2113 rebus

895 2126 1021 2152 omnibus
1035 2130 1060 2152 et
1075 2126 1198 2160 perditis,
1219 2125 1263 2151 illa
1278 2125 1411 2155 defensio,
1432 2134 1493 2150 cum
1508 2124 1587 2150 deiici
1603 2134 1688 2159 posse,

894 2164 941 2198 qui
961 2168 1017 2190 tum
1037 2163 1183 2198 possideat,
1210 2163 1256 2198 qui
1277 2172 1327 2188 non
1348 2163 1494 2197 possideat,
1521 2162 1595 2188 nullo
1614 2162 1691 2188 modo

895 2209 982 2235 posse.
1005 2202 1105 2235 Itaque,
1121 2201 1143 2226 si
1158 2209 1206 2236 ego
1220 2201 1271 2226 sim
1287 2209 1300 2226 a
1316 2201 1368 2226 tuis
1382 2200 1494 2225 aedibus
1506 2199 1633 2229 deiectus,
1651 2208 1691 2225 re-

894 2239 968 2264 stitui
985 2247 1035 2264 non
1050 2242 1182 2272 oportere:
1203 2238 1225 2263 si
1247 2238 1303 2272 ipse
1322 2237 1372 2267 sis,
1393 2242 1521 2271 oportere.
1564 2237 1688 2266 Numera,

894 2284 974 2310 quam
991 2275 1073 2301 multa
1089 2276 1115 2301 in
1131 2275 1179 2301 ista
1198 2274 1352 2300 defensione
1373 2274 1436 2300 falsa
1456 2275 1522 2303 sint,
1544 2274 1613 2299 Piso.
1655 2274 1690 2299 Ac

895 2313 1011 2347 primum
1029 2312 1095 2338 illud
1110 2312 1227 2342 attende,
1245 2316 1268 2338 tc
1285 2313 1334 2337 iam
1350 2320 1383 2337 cx
1398 2311 1441 2337 illa
1457 2312 1556 2337 ratione
1571 2320 1629 2336 esse
1644 2310 1690 2336 dc-

895 2349 1018 2384 pulsum,
1035 2349 1107 2383 quod
1123 2350 1237 2383 negabas
1252 2357 1415 2383 queuiqunm
1431 2349 1507 2374 deiici
1525 2357 1616 2382 posse,
1637 2348 1689 2373 nisi

870 2413 872 2419 ,
893 2387 941 2421 qui
953 2387 978 2412 in
990 2396 1021 2412 co
1032 2386 1086 2412 loco
1098 2386 1189 2414 fucrit:
1208 2395 1287 2415 minc,
1300 2387 1346 2420 qui
1361 2386 1582 2420 possideant-um,
1596 2386 1690 2411 ctiam-

893 2425 915 2449 si
932 2433 982 2450 non
999 2423 1118 2449 fueritin
1132 2433 1162 2449 co
1183 2423 1250 2453 loco,
1271 2423 1350 2449 deiici
1371 2432 1447 2457 posse
1466 2423 1602 2448 concedis:
1628 2432 1688 2448 eum

893 2462 940 2496 qui
956 2470 1006 2487 non
1023 2461 1154 2495 possideat
1165 2482 1170 2490 ,
1188 2470 1268 2494 negas
1282 2460 1359 2486 deiici
1377 2469 1462 2495 posse.
1498 2462 1539 2486 9l.
1561 2461 1614 2486 Cur
1627 2469 1690 2495 ergo

893 2503 938 2525 aaut
954 2499 979 2524 in
996 2498 1062 2524 illud
1077 2499 1263 2533 quotidianum
1280 2498 1464 2528 interdictum,
1482 2507 1557 2523 reni—2
1573 2507 1637 2523 ieri:
1653 2507 1688 2523 ut:

894 2545 920 2561 vi
936 2545 1070 2566 οειι-ιιῑιτ,
1087 2536 1205 2565 additur,
1226 2545 1302 2566 orum
1319 2545 1373 2561 *teo
1388 2544 1585 2562 tmssinznsu:
1606 2535 1627 2561 si
1643 2535 1689 2561 de-

893 2573 935 2599 iici
951 2582 1029 2599 nemo
1044 2577 1141 2607 potest,
1162 2574 1208 2608 qui
1226 2582 1276 2599 non
1292 2573 1423 2607 possidet:
1444 2578 1487 2599 aut
1504 2573 1528 2598 in
1546 2573 1594 2598 linc
1609 2573 1689 2599 inter—

892 2610 1007 2641 dictum,
1036 2619 1070 2636 ns
1095 2620 1254 2636 noiumuns
1277 2619 1416 2640 Annum,
1446 2619 1497 2636 nou
1517 2610 1636 2641 additur,
1665 2611 1687 2636 si

862 2646 871 2682 ³}
891 2652 992 2682 oportet
1005 2648 1111 2682 quaeri,
1129 2647 1288 2682 possederit,
1307 2648 1405 2674 necne?
1431 2649 1517 2681 Negas
1531 2647 1619 2675 dciici.
1637 2648 1687 2673 nisi

891 2685 938 2720 qui
955 2685 1095 2719 possideat.
1123 2685 1247 2716 Ostendo,
1265 2685 1286 2711 si
1302 2686 1359 2711 sine
1374 2686 1481 2711 {uniatis
1496 2686 1627 2711 coactisve
1642 2685 1689 2711 lio—

1420 2734 1451 2758 eti
1468 2732 1478 2745 ‘
