1941 3052
324 111 653 138 EPISTULARUM
681 111 735 138 AD
763 111 989 139 DIVERSOS
1020 113 1100 139 LIB.
1123 113 1206 140 XIII.
1229 114 1291 140 ΕΡ.
1314 116 1346 140 30
1366 130 1402 134 -
1423 100 1482 141 43..
1663 117 1708 142 771

178 180 214 207 Μ.
236 180 266 207 T.
289 180 318 207 C.
340 181 367 207 S.
388 182 417 208 P.
439 182 469 208 D.
490 182 624 209 ACILIO
644 183 753 210 PROC.

126 219 150 244 ⁴.
171 213 245 244 Cum
256 218 389 245 Demetrio
400 219 475 254 Mega
487 219 556 246 mihi
567 225 703 247 vetustum
716 220 862 255 hospitium

69 259 122 287 est,
145 254 313 281 familiaritas
324 260 413 282 autem
425 261 505 288 tanta,
518 262 616 292 quanta
629 266 691 284 cum
703 258 792 284 Siculo
804 257 865 283 nul-

69 291 104 319 lo.
144 292 177 319 Ei
188 292 323 318 Dolabella
339 298 432 329 rogatu
446 303 506 320 meo
516 295 653 321 civitatem
665 304 678 321 a
689 295 801 322 Caesare
814 295 865 320 im-

68 330 196 364 petravit:
210 338 262 364 qua
275 330 302 356 in
314 339 341 356 re
352 339 401 366 ego
413 331 533 358 interfui.
574 333 664 367 ltaque
676 341 747 359 nunc
759 333 787 359 P.
800 332 865 359 Cor-

68 366 157 393 nelius
175 372 295 393 vocatur.
337 367 482 403 Quumque
498 374 606 404 propter
626 370 757 404 quosdam
778 369 866 395 sordi—

68 404 116 430 dos
128 404 260 435 homines,
273 405 322 439 qui
334 405 454 432 Caesaris
466 406 595 432 beneficia
608 407 772 438 vendebant,
787 407 865 433 tabu-

69 441 135 471 lam,
153 442 181 468 in
192 450 246 476 qua
258 443 366 468 nomina
377 443 485 470 civitate
497 443 654 470 donatorum
668 445 752 470 ineisa
764 448 862 474 essent,

68 478 163 505 revelli
179 479 316 506 iussisset:
335 480 424 506 eidem
436 480 587 507 Dolabellae
603 490 646 507 me
662 481 788 508 audiente
799 481 866 508 Cae—

67 525 111 542 sar
122 515 192 542 dixit
203 516 271 542 nihil
283 525 356 548 esse,
374 518 447 552 quod
463 518 496 544 de
506 519 582 554 Mega
595 523 743 551 vereretur;
762 518 866 545 benefl-

67 554 141 580 cium
155 562 236 580 suum
252 554 280 580 in
295 562 326 580 eo
341 563 458 581 manere.
499 557 524 582 2.
547 557 600 582 Hoc
616 560 640 582 te
651 557 719 582 scire
731 555 819 587 volui.
836 560 865 582 ut

67 599 130 617 eum
142 591 170 617 in
181 591 284 617 civium
296 592 475 619 Romanorum
487 601 599 619 numero
611 593 723 620 haberes
731 614 737 624 ‚
754 594 866 619 ceteris-

67 636 120 663 que
131 628 159 654 in
170 628 251 655 rebus
263 628 313 655 tibi
324 638 386 656 eum
398 630 433 656 ita
444 630 611 662 commendo,
625 636 654 657 ut
665 631 764 657 maiore
775 630 865 656 studio

67 666 204 692 neminem
215 666 437 694 commendarim.
473 668 665 694 Gratissimum
677 668 746 694 mihi
757 667 862 699 feceris,

67 703 91 729 si
103 711 165 729 eum
176 703 212 729 ita
223 704 351 735 tractaris,
366 709 395 731 ut
406 704 546 740 intelligat,
555 713 643 732 meam
654 705 865 732 commendatio-

69 748 130 767 nem
141 749 238 776 magno
248 740 303 767 sibi
314 747 469 768 ornamento
480 742 575 769 fuisse.

123 818 243 839 xxxvu.
259 818 337 838 ARG.
354 820 496 840 Commendat
506 820 619 848 Hippiam.

247 856 335 877 (Romae,
346 856 423 873 cna-,are
434 857 468 874 111.
480 857 554 880 Lepido
564 865 610 877 coss.
623 860 679 879 708.)

171 895 207 921 Μ.
230 895 260 921 Τ.
283 894 311 921 C.
334 894 362 921 S.
384 895 413 922 P.
435 896 466 922 D.
485 895 619 923 ACILIO
639 896 750 924 PROC.

119 936 263 975 Hippiam,
276 940 419 967 Philoxeni
431 941 527 973 filium,
540 941 716 974 Calactinum,
728 942 863 977 hospitem

66 982 92 1004 et
112 978 294 1004 necessarium
316 987 420 1010 meum,
443 979 493 1005 tibi
516 979 675 1006 commendo
691 980 718 1006 in
734 981 863 1007 maiorem

66 1015 186 1041 modum.
226 1015 293 1041 Eius
308 1015 390 1047 bona,
413 1016 644 1051 quemadmodum
665 1017 699 1044 ad
715 1026 757 1044 me
776 1017 863 1044 delata

66 1061 107 1079 res
119 1057 172 1083 est,
189 1052 298 1087 publice
310 1053 484 1088 possidentur
495 1053 583 1080 alieno
596 1055 702 1081 nomine
718 1060 808 1081 contra
825 1055 864 1081 le-

64 1098 111 1126 ges
123 1089 330 1117 Calactinorum.
373 1090 402 1117 Id
413 1092 437 1117 si
449 1092 484 1118 ita
496 1096 544 1122 est,
558 1092 638 1118 etiam
650 1093 708 1118 sine
720 1101 778 1118 mea
789 1102 864 1119 com-

65 1127 234 1154 mendatione
246 1128 279 1154 ab
291 1128 425 1163 aequitate
436 1133 481 1156 tua
493 1137 535 1155 res
548 1129 605 1164 ipsa
617 1130 759 1164 impetrare
772 1130 860 1161 debet,

64 1169 94 1191 ut
108 1165 133 1191 ei
149 1165 307 1192 subvenias.
347 1165 461 1201 Quoquo
477 1166 556 1193 modo
571 1171 661 1193 autem
676 1176 706 1193 se
717 1176 759 1193 res
771 1168 860 1199 habet,

64 1207 125 1237 peto
136 1211 150 1228 a
161 1207 200 1234 te,
218 1207 248 1229 ut
263 1202 372 1229 honoris
387 1204 441 1230 mei
456 1212 552 1230 caussa
565 1213 628 1230 eum
641 1204 783 1239 expedias,
804 1210 863 1232 tan—-

64 1244 177 1275 tumque
193 1240 218 1266 ei
234 1240 388 1267 commodes
399 1245 425 1268 et
436 1242 463 1267 in
476 1241 525 1268 hac
535 1250 562 1268 re
574 1246 600 1268 et
611 1242 638 1268 in
649 1243 758 1274 ceteris,
775 1251 863 1277 quan-

64 1282 122 1304 tum
142 1281 187 1304 tua
207 1276 274 1303 fides
294 1278 468 1314 dignitasque
483 1279 609 1314 patietur.

65 1319 167 1341 menter
177 1319 284 1350 gratum
295 1316 355 1342 erit.

116 1384 250 1405 XXXVIII.
261 1385 278 1405 A
286 1386 337 1406 RG.
354 1386 438 1406 Bruttii
448 1386 537 1411 negotiu
547 1390 744 1415 procuratoresque
754 1395 861 1409 commen-

63 1420 108 1441 dat.
137 1423 225 1445 (Hennae,
235 1423 314 1440 Caesare
325 1423 359 1441 III.
371 1423 444 1446 Lepid-a
456 1431 500 1441 coss.
513 1425 568 1446 708.)

170 1465 206 1492 M.
228 1466 258 1492 Τ.
279 1465 308 1493 C.
330 1466 358 1492 S.
380 1466 409 1493 P.
431 1467 461 1493 D.
484 1467 617 1495 ACILIO
642 1468 751 1495 PROC.

118 1506 154 1537 L.
166 1511 298 1543 Bruttius.
312 1520 396 1547 eques
407 1513 552 1545 Romanus,
566 1513 721 1540 adolescens
732 1514 860 1541 omnibus

63 1548 144 1574 rebus
159 1553 268 1575 ornatus
276 1569 282 1580 ‚
300 1549 327 1575 in
340 1550 408 1576 meis
419 1549 641 1577 familiarissimis
652 1556 692 1578 est
703 1560 800 1587 meque
811 1552 861 1579 ob-

62 1589 151 1612 servat
165 1585 388 1621 diligentissime:
411 1589 490 1614 cuius
506 1597 568 1614 curn
584 1593 658 1624 patre
674 1598 771 1625 magna
792 1590 860 1616 mihi

62 1622 113 1650 fuit
133 1623 251 1650 amicitia
272 1624 325 1650 iam
347 1624 409 1651 inde
429 1634 444 1652 a
464 1631 608 1660 quaestura
631 1635 689 1653 mea
709 1626 858 1654 Siciliensi.

60 1659 177 1687 Omnino
197 1669 268 1687 nunc
284 1661 341 1697 ipse
357 1662 476 1689 Bruttius
492 1663 590 1690 Romae
611 1672 718 1690 mecum
734 1669 787 1691 est:
811 1664 859 1691 sed

61 1702 149 1724 tamen
165 1697 276 1725 domum
291 1699 350 1725 eius
361 1704 387 1726 et
397 1709 453 1726 rem
466 1700 626 1727 familiarem
638 1706 664 1727 et
675 1707 859 1737 procuratores

61 1735 110 1762 tibi
122 1736 161 1761 sic
171 1736 339 1768 commendo.
353 1741 382 1764 ut
393 1738 493 1764 maiore
504 1738 594 1765 studio
605 1739 794 1766 commendare
806 1748 859 1766 non

61 1773 173 1807 possim.
213 1773 405 1801 Gratissimum
418 1775 486 1802 mihi
497 1775 602 1807 seceris,
615 1777 638 1803 si
650 1777 762 1808 curaris,
777 1782 806 1804 ut
817 1778 859 1804 in-

61 1809 164 1846 telligat
173 1811 306 1842 Bruttius,
319 1826 356 1831 —
368 1812 396 1838 id
406 1813 478 1848 quod
490 1813 514 1839 ei
527 1814 629 1848 recepi,
642 1814 759 1841 —hanc
770 1823 858 1842 meam

60 1847 320 1874 commendationem
331 1849 385 1875 sibi
397 1858 494 1886 magno
506 1851 661 1878 adiumento
674 1851 768 1878 fuisse.

116 1916 228 1937 XXXIX.
246 1917 322 1938 ARG.
342 1918 471 1939 'rimi-niun·
483 1920 562 1940 Rufum
574 1921 717 1941 eonimcnilut.

242 1954 331 1975 (lInmur.
342 1955 421 1973 Gne-ure
430 1956 464 1973 III.
479 1957 554 1980 Lepida
565 1964 612 1975 (ωε,
624 1959 678 1978 70⁸.)

166 1997 201 2023 M.
223 1997 253 2023 T.
275 1996 304 2024 C.
326 1998 352 2024 S.
374 1998 404 2024 P.
426 1999 456 2025 D.
478 2000 612 2027 ACILIO
636 2000 748 2027 PROC.

116 2038 189 2068 (‘um
202 2041 303 2069 familia
315 2043 436 2070 Titurnia
453 2045 625 2071 necessitudo
636 2046 702 2072 milii
716 2047 858 2074 intercedit

60 2084 151 2106 vetus:
175 2088 208 2106 ex
223 2088 276 2115 qua
292 2080 414 2115 reliquus
430 2086 470 2107 est
485 2081 519 2108 M.
537 2082 678 2109 Titurnius
691 2083 790 2115 Rufus,
809 2086 857 2119 qui

60 2116 126 2143 milii
142 2117 215 2143 omni
232 2116 373 2152 diligentia
389 2123 468 2153 atque
483 2118 572 2145 osiicio
587 2124 627 2146 est
642 2121 769 2148 tuendus.
811 2123 858 2149 Est

59 2154 142 2190 igitur
154 2155 179 2180 in
193 2159 236 2181 tua
249 2159 391 2189 potestate,
414 2160 444 2182 ut
461 2155 506 2182 ille
517 2157 544 2182 in
556 2164 597 2183 me
612 2158 677 2184 satis
688 2158 741 2184 sibi
754 2160 857 2193 praesi-

59 2191 97 2218 dii
113 2196 188 2226 putet
202 2200 271 2218 esse.
312 2192 479 2228 Quapropter
498 2201 561 2220 eum
583 2194 632 2220 tibi
653 2196 813 2222 commendo
830 2197 856 2223 in

19 2240 21 2243 ¹
60 2229 187 2255 maiorem
199 2229 323 2260 modum,
342 2234 367 2256 ct
379 2230 426 2256 abs
439 2235 462 2256 te
477 2235 550 2265 peto,
569 2231 683 2263 efficias,
703 2238 732 2260 ut
746 2234 768 2259 is
783 2243 857 2260 coni-

59 2266 256 2293 mendationem
274 2266 341 2293 hanc
361 2267 493 2303 intelligat
512 2268 567 2294 sibi
588 2277 685 2305 magno
701 2270 856 2298 adiumento

59 2301 153 2330 fuisse.
193 2304 251 2330 Erit
262 2304 289 2330 id
301 2304 369 2330 mihi
382 2305 554 2332 vehementer
564 2311 681 2341 gratum.

110 2372 158 2393 XL.
175 2373 251 2394 ARG.
269 2373 374 2394 Aurelius
394 2374 474 2394 fratres
494 2375 621 2400 pruenti-inii
637 2376 780 2397 Muredoniat-
798 2385 855 2397 ‹uiuu-

59 2407 152 2428 mflndnt.
184 2410 283 2434 (Pompeio
294 2411 318 2428 II.
331 2412 395 2428 (ii-am·
408 2412 429 2429 ll,
442 2418 487 2428 mm.
499 2413 554 2432 unu.)

76 2451 112 2480 M.
128 2452 159 2480 T.
175 2452 205 2481 C.
222 2452 250 2481 S.
267 2454 297 2480 P.
314 2454 344 2481 D.
362 2454 394 2487 Q.
411 2453 614 2482 ANCHARIO
629 2455 660 2487 Q.
678 2456 707 2482 F.
725 2456 834 2484 PROC.

112 2492 149 2525 L.
161 2502 187 2525 et
197 2498 227 2526 C.
239 2498 372 2531 Aurelios,
386 2500 415 2526 L.
424 2499 502 2529 lilios.
517 2500 618 2535 quibus
633 2505 659 2527 et
668 2501 735 2536 ipsis
745 2507 770 2528 et
781 2507 855 2537 patre

57 2541 164 2566 eorum,
178 2536 236 2563 viro
245 2537 361 2571 optimo,
380 2536 592 2563 familiarissime
605 2543 677 2569 utor,
695 2540 855 2566 commendo

58 2570 108 2598 tibi
124 2573 252 2600 [tutiorem
264 2575 291 2601 in
303 2575 427 2605 modum,
446 2574 630 2601 adolescentes
645 2577 772 2602 omnibus
783 2578 855 2612 opti—

58 2608 110 2635 mis
121 2609 224 2637 artibus
234 2616 340 2638 ornatos
348 2632 354 2643 ,
372 2621 446 2639 meos
457 2613 672 2646 pernecessarios
680 2634 686 2643 ,
704 2618 748 2640 tua
759 2615 854 2641 amici-

58 2645 94 2672 tIa
108 2645 295 2682 dignissimos.
336 2648 365 2676 Si
382 2649 436 2677 ulla
452 2658 510 2676 mea
525 2649 598 2685 apud
615 2654 639 2677 te
656 2651 854 2680 commendatio

649 1279 679 1307 Id
696 1280 763 1306 mihi
780 1280 863 1307 vehe-
892 1303 893 1310 .

917 182 1014 214 valuit,
1036 199 1073 203 —
1089 184 1161 219 quod
1177 185 1233 211 scio
1249 184 1347 212 multas
1363 185 1513 220 plurimum
1529 185 1661 217 valuisse,
1678 202 1714 206 -—

917 220 982 246 haec
994 225 1022 247 ut
1034 221 1128 251 valeat,
1143 231 1215 257 rogo.
1256 222 1333 254 Quod
1344 223 1368 249 si
1380 232 1425 249 eos
1437 223 1582 249 honorifice
1595 223 1715 250 liberali-

917 263 1010 292 terque
1026 259 1158 291 tractaris3
1177 264 1202 285 et
1217 260 1267 286 tibi
1282 261 1451 295 gratissimos
1468 261 1638 296 optimosque
1650 261 1715 287 ado-

918 294 1047 321 lescentes
1068 296 1239 328 adiunxeris,
1264 302 1289 323 et
1309 298 1377 324 mihi
1397 298 1584 335 gratissimum
1606 298 1712 325 feceris.

893 349 894 353 .
919 332 990 358 Vale.

971 419 1030 438 XLI.
1051 419 1067 438 A
1075 420 1093 439 R
1101 420 1127 439 G.
1148 420 1262 440 Lricceium
1274 420 1344 440 denuo
1355 422 1497 442 cuni-nemim.

1016 456 1198 477 (1t01·1:=.=.c.=.5aw,
1208 457 1276 474 Bitu-lu
1287 464 1333 475 cusa.
1345 459 1612 481 0051.nuisuperium-annm.)

1019 505 1054 531 M.
1077 505 1107 531 T.
1130 505 1159 532 C.
1183 505 1210 532 S.
1232 506 1261 532 P.
1283 507 1313 532 D.
1337 507 1366 533 L.
1389 506 1607 534 CULLEOLO.

976 552 997 576 I.
1021 546 1101 582 Quae
1118 550 1204 577 fecisti
1221 552 1250 578 L.
1263 552 1371 578 Lucceii
1385 561 1493 584 caussa,
1510 554 1578 580 scire
1595 558 1619 580 te
1635 553 1714 588 plane

918 586 986 618 volo,
996 592 1019 613 te
1027 588 1289 623 hominigratissimo
1300 590 1499 617 commodasse:
1515 596 1541 617 et
1551 600 1637 626 quum
1650 592 1712 626 ipsi,

917 633 986 659 quae
1003 624 1103 656 fecisti,
1121 631 1242 661 pergrata
1254 632 1329 658 sunt,
1348 632 1404 654 tum
1418 628 1576 663 Pompeius,
1594 629 1712 663 quoties-

916 670 1033 696 cumque
1046 671 1088 688 me
1100 663 1181 693 videt,
1191 663 1369 698 (videtautem
1381 666 1587 701 saepe,)gratias
1600 665 1648 692 tibi
1660 667 1714 701 agit

916 699 1079 734 singulares.
1120 700 1197 727 Addo
1208 701 1288 727 etiam
1301 701 1382 733 illud,
1400 703 1474 737 quod
1486 704 1534 729 tibi
1547 703 1714 730 iucundissi—

917 745 992 762 mum
1003 745 1061 763 esse
1074 742 1145 764 certo
1155 738 1224 768 scio,
1238 747 1279 764 me
1292 739 1382 773 ipsum
1393 748 1427 766 ex
1438 744 1482 766 tua
1494 749 1556 776 erga
1568 741 1713 766 Lucceium

917 774 1095 809 benignitate,
1118 776 1236 801 maxima
1253 776 1388 810 voluptate
1405 776 1486 803 affici.
1527 779 1552 804 2.
1574 778 1651 809 Quod
1667 787 1716 804 su-

916 816 1018 846 perest,
1032 820 1197 846 quamquam
1210 813 1277 839 mihi
1289 822 1341 840 non
1352 819 1392 840 est
1402 814 1532 846 dubium,
1549 815 1615 849 quin
1628 824 1714 849 quum

916 853 991 875 antea
1004 854 1091 875 nostra
1103 858 1212 881 caussa,
1231 859 1302 876 nunc
1318 852 1371 877 iam
1386 852 1466 877 etiam
1479 857 1539 878 tuae
1550 853 1714 878 constantiae

915 887 1008 921 gratia,
1026 895 1171 913 mansurus
1185 888 1223 913 sis
1236 888 1262 914 in
1275 888 1367 915 eadem
1381 889 1430 915 ista
1443 889 1611 920 liberalitate,
1625 894 1713 916 tamen

916 924 1000 950 abste
1011 924 1186 951 vehementer
1196 926 1276 952 etiam
1289 931 1368 961 atque
1379 927 1459 952 etiam
1470 931 1540 961 peto,
1554 931 1583 953 ut
1593 935 1632 957 ea,
1645 936 1714 962 quae

916 961 993 987 initio
1003 962 1145 988 ostendisti
1157 962 1340 998 deincepsque
1352 963 1448 995 fecisti,
1462 964 1496 990 ad
1506 965 1609 991 exitum
1622 966 1715 1000 augeri

915 1003 941 1025 et
955 999 1090 1025 cumulari
1105 1008 1154 1034 per
1168 1004 1192 1026 te
1209 1000 1287 1027 velis.
1329 1001 1356 1027 Id
1373 1006 1399 1028 et
1414 1002 1528 1028 Lucceio
1548 1006 1573 1028 et
1588 1002 1714 1036 Pompeio

916 1036 994 1062 valde
1009 1041 1115 1072 gratum
1133 1037 1201 1068 fore,
1220 1043 1299 1073 teque
1314 1039 1386 1073 apud
1402 1047 1447 1065 eos
1463 1039 1598 1073 praeclare
1610 1041 1715 1073 positu-

915 1082 976 1100 rum
991 1074 1120 1100 confirmo
1135 1080 1161 1101 et
1175 1075 1304 1109 spondeo.
1345 1077 1380 1102 De
1397 1077 1549 1111 republica,
1568 1076 1655 1111 deque
1672 1077 1714 1103 his

916 1112 1030 1147 negotiis
1045 1112 1310 1148 cogitationibusque
1333 1114 1430 1140 nostris
1450 1115 1661 1148 perscripseram
1681 1115 1713 1140 ad

915 1153 939 1175 te
955 1149 1101 1185 diligenter
1116 1151 1211 1184 paucis
1227 1156 1287 1177 ante
1303 1151 1415 1182 diebus,
1438 1160 1538 1187 easque
1555 1151 1655 1178 litteras
1666 1152 1714 1178 (lc—

914 1186 1006 1212 deram
1018 1187 1111 1222 pueris
1123 1188 1185 1214 tuis.
1227 1188 1300 1215 Vale.

968 1291 1040 1312 MAI.
1060 1291 1102 1311 AR
1111 1291 1136 1312 G.
1154 1291 1269 1312 Lucceium
1281 1292 1359 1313 iterum
1371 1293 1514 1313 commendat.

1126 1329 1202 1352 anutlu
1213 1333 1255 1346 anic
1265 1337 1315 1352 ηιμ..

960 1373 996 1399 M.
1018 1373 1047 1399 T.
1070 1372 1099 1399 C.
1122 1372 1150 1399 S.
1172 1373 1201 1399 P.
1223 1373 1253 1399 D.
1276 1374 1305 1399 L.
1327 1374 1535 1400 CULLEOLO
1556 1374 1665 1401 PROC.

971 1412 993 1436 t.
1006 1406 1042 1436 L.
1056 1410 1188 1436 Lucceius
1203 1419 1289 1442 meus,
1304 1410 1383 1437 homo
1394 1412 1516 1438 omnium
1528 1413 1710 1447 gratissimus,

914 1447 1042 1473 mirificas
1063 1447 1113 1474 tibi
1134 1447 1206 1482 apud
1223 1456 1265 1473 me
1280 1449 1380 1483 gratias
1403 1450 1471 1483 egit,
1493 1458 1578 1484 quum
1600 1449 1709 1476 diceret.

913 1485 1003 1511 onmia
1020 1490 1043 1512 te
1059 1485 1274 1511 cumulatissime
1291 1491 1316 1512 et
1333 1486 1522 1512 liberalissime
1534 1488 1712 1521 procuratori-

914 1522 965 1548 bus
977 1523 1035 1549 suis
1046 1522 1197 1557 pollicitum
1209 1531 1278 1549 esse.
1300 1523 1390 1555 Quum
1401 1524 1484 1550 oratio
1496 1529 1539 1550 tua
1552 1530 1604 1550 tam
1615 1525 1638 1550 ei
1651 1533 1712 1559 gra-

913 1566 937 1586 ta
959 1559 1051 1593 fuerit3
1075 1569 1157 1595 quam
1178 1565 1281 1595 gratam
1298 1570 1354 1587 rem
1376 1561 1462 1596 ipsam
1484 1562 1624 1588 existimas
1645 1562 1709 1589 sore.

912 1606 1012 1632 quum,
1027 1602 1056 1624 ut
1067 1607 1159 1632 sper0,
1172 1607 1241 1632 quae
1254 1598 1391 1633 pollicitus
1402 1608 1444 1629 es,
1462 1599 1576 1625 feceris?
1594 1600 1712 1626 Omnino

911 1635 1087 1662 ostenderunt
1099 1635 1244 1666 Bulliones,
1258 1644 1317 1662 sese
1330 1637 1443 1662 Lucceio
1450 1637 1569 1671 Pompeii
1582 1637 1711 1663 arbitratu

912 1672 1106 1699 satisfacturos
1147 1675 1172 1700 2.
1195 1673 1247 1700 Sed
1260 1673 1433 1700 veliementer
1443 1683 1511 1708 opus
1522 1679 1561 1700 est
1577 1674 1668 1705 nobis,
1687 1679 1713 1701 et

912 1710 1078 1737 voluntatem
1099 1715 1125 1736 et
1140 1711 1323 1737 auctoritatem
1340 1717 1366 1738 et
1382 1712 1526 1746 imperium
1543 1717 1619 1738 tuum
1636 1721 1712 1738 aeve-

912 1748 984 1775 dere.
1025 1747 1102 1780 Quod
1115 1752 1144 1774 ut
1156 1747 1247 1779 facias,
1262 1754 1285 1775 te
1296 1749 1375 1775 etiam
1388 1754 1467 1784 atque
1478 1750 1558 1776 etiam
1572 1758 1644 1784 rogo.
1677 1749 1711 1775 Il-

913 1785 1014 1820 ludque
1025 1785 1094 1811 milii
1105 1786 1290 1821 gratissimum
1302 1791 1355 1817 est,
1373 1786 1446 1821 quod
1459 1787 1492 1812 ita
1503 1787 1592 1813 sciunt
1604 1787 1710 1813 Lucceii

911 1828 1105 1858 procuratoreS.
1119 1828 1144 1848 et
1156 1823 1191 1849 ita
1200 1824 1330 1849 Lucceius
1343 1825 1400 1858 ipse
1411 1833 1445 1850 ex
1458 1824 1552 1850 litteris
1566 1825 1629 1855 tuis,
1643 1833 1711 1859 quas

911 1860 944 1886 ad
960 1869 1022 1886 eum
1039 1860 1151 1892 misisti,
1176 1861 1322 1892 intellexit,
1347 1861 1464 1887 hominis
1480 1862 1583 1888 nullius
1599 1862 1670 1896 apud
1688 1867 1710 1887 te

911 1899 1094 1924 auctoritatem
1109 1902 1155 1924 aut
1170 1899 1283 1933 gratiam
1306 1898 1394 1925 valere
1415 1899 1490 1933 plus,
1513 1908 1595 1934 quam
1613 1908 1708 1925 meam.

911 1935 939 1962 Id
952 1940 1018 1962 utre
1029 1935 1193 1970 experiatur,
1208 1936 1305 1962 iterum
1318 1941 1343 1962 et
1353 1937 1462 1971 saepius
1475 1941 1498 1963 te
1511 1945 1583 1973 rogo.

1322 1337 1378 1346 ...nm
1391 1334 1444 1353 ...μμ
1457 1333 1502 1351 m.)

964 2014 1044 2034 XLIII.
1063 2015 1079 2034 A
1088 2015 1138 2034 KG.
1159 2015 1301 2035 (minine-ndat
1311 2015 1416 2042 Oppium,
1433 2015 1521 2040 Egnatii
1533 2015 1621 2040 negotia
1632 2022 1709 2042 pruen-

911 2053 1001 2070 rantem.
1032 2052 1086 2070 rAnu
1100 2052 1197 2069 (Ὶιι--ιιιυιιι
1207 2052 1228 2069 v.
1240 2052 1344 2070 Autumnum
1356 2059 1402 2069 ..ι-ι,
1414 2054 1468 2073 τω.)

968 2133 990 2157 ⁴.
1014 2127 1074 2157 Etsi
1088 2131 1214 2166 plurimis
1226 2132 1307 2158 rebus
1318 2141 1397 2167 spero
1409 2132 1476 2163 sore,
1494 2138 1522 2159 ut
1534 2133 1706 2168 perspiciam,

909 2168 982 2204 qnod
994 2173 1080 2195 tamen
1094 2169 1254 2203 iampridem
1266 2170 1414 2204 perspicio,
1434 2179 1475 2196 me
1492 2178 1505 2195 a
1518 2175 1541 2196 te
1553 2171 1650 2196 amari:
1669 2175 1706 2195 ta-

911 2215 970 2232 men
984 2215 1055 2232 nunc
1066 2214 1096 2231 ea
1108 2215 1202 2232 caussa
1215 2206 1265 2232 tibi
1276 2206 1363 2237 datur,
1381 2207 1407 2232 in
1419 2215 1472 2241 qua
1485 2207 1561 2233 facile
1573 2207 1707 2233 declarare

910 2243 997 2277 possis
1013 2247 1085 2269 tuam
1102 2252 1164 2277 erga
1177 2252 1218 2269 nie
1231 2244 1456 2270 benevolentiam.
1497 2245 1526 2270 L.
1539 2244 1653 2279 Oppius,
1672 2244 1705 2270 Μ,

911 2281 938 2306 Ι·’.
953 2280 1104 2306 Philomelii
1119 2281 1278 2314 negotiatur,
1294 2281 1372 2306 liomo
1384 2282 1451 2307 milii
1465 2281 1614 2307 familiaris.
1638 2282 1706 2307 Eum

909 2318 1044 2344 tibiunice
1055 2318 1228 2347 commendo,
1242 2326 1327 2352 eoque
1340 2319 1607 2353 inagis,quodquiun
1617 2319 1705 2353 ipsum

908 2355 1006 2389 diligo,
1029 2360 1085 2381 tum
1105 2355 1178 2389 qnod
1199 2356 1303 2388 negotia
1321 2361 1443 2390 procurat
1461 2357 1488 2381 L.
1508 2356 1613 2389 lignum
1631 2356 1702 2382 Ruti:

908 2401 962 2426 quo
977 2401 1026 2425 ego
1043 2401 1096 2417 uno
1111 2393 1201 2426 equite
1219 2393 1335 2418 Romano
1357 2392 1567 2418 familiarissime
1588 2398 1658 2423 utor,
1681 2399 1705 2419 et

907 2430 954 2464 qui
967 2437 1052 2463 qniim
1065 2429 1259 2455 mmsuetndine
1271 2430 1440 2464 quotidiana,
1459 2435 1515 2455 tum
1531 2429 1629 2456 ofliciis
1644 2429 1705 2465 plu-

908 2467 983 2492 rimis
1001 2467 1182 2501 maximisque
1198 2467 1263 2492 milii
1276 2468 1436 2493 coniunctus
1448 2471 1496 2492 est.
1541 2469 1562 2493 Ξ.
1585 2467 1702 2502 Oppium

909 2504 991 2537 igitur
1007 2509 1173 2538 praesentem
1189 2509 1217 2530 ut
1228 2504 1341 2539 diligas,
1360 2505 1464 2538 iignum
1477 2504 1596 2530 absentis
1608 2514 1662 2530 rem
1677 2511 1703 2531 ut

908 2546 1006 2571 tueare,
1021 2549 1104 2576 aequo
1116 2550 1129 2567 n
1143 2546 1166 2567 te
1179 2547 1247 2576 peto.
1261 2550 1291 2567 ac
1302 2542 1324 2567 si
1337 2550 1393 2567 men
1407 2543 1511 2575 negotia
1523 2547 1621 2568 essent.
1653 2543 1703 2567 Ye-

909 2578 969 2608 lim,
988 2579 1132 2604 memoriae
1149 2584 1208 2605 tuae
1223 2587 1332 2607 caussa,
1353 2579 1401 2604 (les
1419 2579 1564 2605 litterarum
1586 2579 1700 2614 aliquid.

906 2624 974 2650 quae
991 2616 1039 2642 tibi
1057 2617 1082 2642 in
1099 2617 1236 2650 provincia
1252 2616 1410 2644 reddantur:
1431 2616 1524 2642 sedita
1536 2617 1700 2645 conscribas,

907 2658 935 2679 ut
947 2658 1013 2682 tum,
1026 2661 1112 2688 quum
1124 2662 1168 2679 eas
1183 2653 1267 2689 leges.
1283 2652 1359 2679 facile
1373 2654 1505 2680 reeordari
1517 2655 1605 2689 possis
1620 2654 1702 2680 liuius

1438 2702 1494 2727 97·
