<?xml version="1.0" encoding="UTF-8"?>
<!DOCTYPE html PUBLIC "-//W3C//DTD XHTML 1.0 Transitional//EN"
    "http://www.w3.org/TR/xhtml1/DTD/xhtml1-transitional.dtd">
<html xmlns="http://www.w3.org/1999/xhtml" xml:lang="en" lang="en">
 <head>
  <title>
</title>
<meta http-equiv="Content-Type" content="text/html;charset=utf-8" />
  <meta name='ocr-system' content='tesseract 3.04.00' />
  <meta name='ocr-capabilities' content='ocr_page ocr_carea ocr_par ocr_line ocrx_word'/>
</head>
<body>
  <div class='ocr_page' id='page_1' title='image "./operaomniaunovol00ciceuoft/operaomniaunovol00ciceuoft_0143.png"; bbox 0 0 1941 3052; ppageno 0'>
   <div class='ocr_carea' id='block_1_1' title="bbox 32 2096 850 2131">
    <p class='ocr_par' dir='ltr' id='par_1_1' title="bbox 32 2096 850 2131">
     <span class='ocr_line' id='line_1_1' title="bbox 32 2096 850 2131; baseline -0.002 -7"><span class='ocrx_word' id='word_1_1' title='bbox 32 2119 34 2124; x_wconf 91' lang='lat'>.</span> <span class='ocrx_word' id='word_1_2' title='bbox 60 2104 90 2124; x_wconf 86' lang='lat' dir='ltr'>eo</span> <span class='ocrx_word' id='word_1_3' title='bbox 108 2096 165 2124; x_wconf 93' lang='lat' dir='ltr'>loco</span> <span class='ocrx_word' id='word_1_4' title='bbox 183 2097 260 2123; x_wconf 89' lang='lat' dir='ltr'>sedes</span> <span class='ocrx_word' id='word_1_5' title='bbox 279 2096 342 2123; x_wconf 84' lang='lat' dir='ltr'>huic</span> <span class='ocrx_word' id='word_1_6' title='bbox 360 2101 449 2123; x_wconf 88' lang='lat' dir='ltr'>nostro</span> <span class='ocrx_word' id='word_1_7' title='bbox 467 2105 519 2123; x_wconf 93' lang='lat' dir='ltr'>non</span> <span class='ocrx_word' id='word_1_8' title='bbox 533 2097 711 2131; x_wconf 86' lang='lat' dir='ltr'>inopportuna</span> <span class='ocrx_word' id='word_1_9' title='bbox 725 2097 850 2123; x_wconf 89' lang='lat' dir='ltr'>sermoni.</span> 
     </span>
    </p>
   </div>
   <div class='ocr_carea' id='block_1_2' title="bbox 28 2171 802 2211">
    <p class='ocr_par' dir='ltr' id='par_1_2' title="bbox 28 2171 802 2211">
     <span class='ocr_line' id='line_1_2' title="bbox 28 2171 802 2211; baseline -0.001 -13"><span class='ocrx_word' id='word_1_10' title='bbox 28 2207 31 2211; x_wconf 72' lang='lat'><em>.</em></span> <span class='ocrx_word' id='word_1_11' title='bbox 61 2171 97 2198; x_wconf 90' lang='lat' dir='ltr'>ibi</span> <span class='ocrx_word' id='word_1_12' title='bbox 111 2180 206 2207; x_wconf 85' lang='lat' dir='ltr'>magna</span> <span class='ocrx_word' id='word_1_13' title='bbox 220 2180 282 2198; x_wconf 89' lang='lat' dir='ltr'>cum</span> <span class='ocrx_word' id='word_1_14' title='bbox 296 2171 422 2198; x_wconf 89' lang='lat' dir='ltr'>audiendi</span> <span class='ocrx_word' id='word_1_15' title='bbox 436 2172 631 2206; x_wconf 78' lang='lat' dir='ltr'>exspectatione</span> <span class='ocrx_word' id='word_1_16' title='bbox 644 2171 802 2197; x_wconf 88' lang='lat' dir='ltr'>oonsiditur.</span> 
     </span>
    </p>
   </div>
   <div class='ocr_carea' id='block_1_3' title="bbox 11 2543 853 2579">
    <p class='ocr_par' dir='ltr' id='par_1_3' title="bbox 11 2543 853 2579">
     <span class='ocr_line' id='line_1_3' title="bbox 11 2543 853 2579; baseline 0 -9"><span class='ocrx_word' id='word_1_17' title='bbox 11 2567 33 2578; x_wconf 27' lang='lat' dir='ltr'>„v</span> <span class='ocrx_word' id='word_1_18' title='bbox 64 2544 142 2576; x_wconf 81' lang='lat' dir='ltr'>xeris,</span> <span class='ocrx_word' id='word_1_19' title='bbox 158 2553 246 2579; x_wconf 90' lang='lat' dir='ltr'>neque</span> <span class='ocrx_word' id='word_1_20' title='bbox 260 2553 301 2571; x_wconf 87' lang='lat' dir='ltr'>res</span> <span class='ocrx_word' id='word_1_21' title='bbox 316 2543 416 2576; x_wconf 89' lang='lat' dir='ltr'>lumen,</span> <span class='ocrx_word' id='word_1_22' title='bbox 436 2545 460 2570; x_wconf 88' lang='lat' dir='ltr'>si</span> <span class='ocrx_word' id='word_1_23' title='bbox 474 2544 554 2570; x_wconf 87' lang='lat' dir='ltr'>verba</span> <span class='ocrx_word' id='word_1_24' title='bbox 568 2543 725 2570; x_wconf 86' lang='lat' dir='ltr'>semoveris.</span> <span class='ocrx_word' id='word_1_25' title='bbox 759 2545 800 2571; x_wconf 74' lang='lat'>20.</span> <span class='ocrx_word' id='word_1_26' title='bbox 817 2543 853 2570; x_wconf 80' lang='lat' dir='ltr'>Ac</span> 
     </span>
    </p>
   </div>
   <div class='ocr_carea' id='block_1_4' title="bbox 15 2612 855 2692">
    <p class='ocr_par' dir='ltr' id='par_1_4' title="bbox 15 2612 855 2692">
     <span class='ocr_line' id='line_1_4' title="bbox 15 2612 855 2654; baseline 0.002 -12"><span class='ocrx_word' id='word_1_27' title='bbox 15 2612 33 2642; x_wconf 67' lang='grc' dir='ltr'>ζ·</span> <span class='ocrx_word' id='word_1_28' title='bbox 63 2616 143 2652; x_wconf 80' lang='lat' dir='ltr'>plexi,</span> <span class='ocrx_word' id='word_1_29' title='bbox 159 2619 244 2646; x_wconf 90' lang='lat' dir='ltr'>multo</span> <span class='ocrx_word' id='word_1_30' title='bbox 257 2618 319 2654; x_wconf 85' lang='lat' dir='ltr'>plus</span> <span class='ocrx_word' id='word_1_31' title='bbox 329 2619 409 2646; x_wconf 84' lang='lat' dir='ltr'>etiam</span> <span class='ocrx_word' id='word_1_32' title='bbox 424 2618 523 2645; x_wconf 88' lang='lat' dir='ltr'>vidisse</span> <span class='ocrx_word' id='word_1_33' title='bbox 535 2618 756 2652; x_wconf 83' lang='lat' dir='ltr'>videntur,quam</span> <span class='ocrx_word' id='word_1_34' title='bbox 767 2626 855 2653; x_wconf 87' lang='lat' dir='ltr'>quan-</span> 
     </span>
     <span class='ocr_line' id='line_1_5' title="bbox 42 2655 853 2692; baseline 0 -11"><span class='ocrx_word' id='word_1_35' title='bbox 42 2663 48 2668; x_wconf 90' lang='lat'>·</span> <span class='ocrx_word' id='word_1_36' title='bbox 64 2657 119 2682; x_wconf 78' lang='lat' dir='ltr'>tum</span> <span class='ocrx_word' id='word_1_37' title='bbox 137 2660 287 2683; x_wconf 89' lang='lat' dir='ltr'>nostrorum</span> <span class='ocrx_word' id='word_1_38' title='bbox 305 2656 473 2692; x_wconf 81' lang='lat' dir='ltr'>ingeniorum</span> <span class='ocrx_word' id='word_1_39' title='bbox 488 2656 557 2682; x_wconf 79' lang='lat' dir='ltr'>acies</span> <span class='ocrx_word' id='word_1_40' title='bbox 573 2655 670 2682; x_wconf 90' lang='lat' dir='ltr'>intueri</span> <span class='ocrx_word' id='word_1_41' title='bbox 686 2659 784 2690; x_wconf 81' lang='lat' dir='ltr'>potest:</span> <span class='ocrx_word' id='word_1_42' title='bbox 806 2655 853 2690; x_wconf 89' lang='lat' dir='ltr'>qui</span> 
     </span>
    </p>
   </div>
   <div class='ocr_carea' id='block_1_5' title="bbox 0 2245 59 3052">
    <p class='ocr_par' dir='ltr' id='par_1_5' title="bbox 0 2245 59 3052">
     <span class='ocr_line' id='line_1_6' title="bbox 0 2245 59 3052; baseline 0 0"><span class='ocrx_word' id='word_1_43' title='bbox 0 2245 59 3052; x_wconf 95' lang='lat' dir='ltr'> </span> 
     </span>
    </p>
   </div>
   <div class='ocr_carea' id='block_1_6' title="bbox 26 2282 852 2393">
    <p class='ocr_par' dir='ltr' id='par_1_6' title="bbox 26 2282 852 2393">
     <span class='ocr_line' id='line_1_7' title="bbox 26 2282 852 2318; baseline -0.001 -8"><span class='ocrx_word' id='word_1_44' title='bbox 26 2306 28 2311; x_wconf 80' lang='grc'>,</span> <span class='ocrx_word' id='word_1_45' title='bbox 62 2283 159 2318; x_wconf 83' lang='lat' dir='ltr'>optima</span> <span class='ocrx_word' id='word_1_46' title='bbox 173 2292 231 2310; x_wconf 87' lang='lat' dir='ltr'>mea</span> <span class='ocrx_word' id='word_1_47' title='bbox 242 2292 336 2310; x_wconf 83' lang='lat' dir='ltr'>caussa</span> <span class='ocrx_word' id='word_1_48' title='bbox 351 2283 498 2309; x_wconf 88' lang='lat' dir='ltr'>libertatem</span> <span class='ocrx_word' id='word_1_49' title='bbox 513 2282 663 2310; x_wconf 84' lang='lat' dir='ltr'>recusandi.</span> <span class='ocrx_word' id='word_1_50' title='bbox 684 2282 852 2318; x_wconf 78' lang='lat' dir='ltr'><strong>Quamquam</strong></span> 
     </span>
     <span class='ocr_line' id='line_1_8' title="bbox 26 2320 850 2356; baseline -0.001 -9"><span class='ocrx_word' id='word_1_51' title='bbox 26 2351 27 2354; x_wconf 14' lang='grc' dir='ltr'><strong>Ἴ</strong></span> <span class='ocrx_word' id='word_1_52' title='bbox 61 2320 89 2347; x_wconf 86' lang='lat' dir='ltr'>in</span> <span class='ocrx_word' id='word_1_53' title='bbox 111 2320 248 2356; x_wconf 87' lang='lat' dir='ltr'>partienda</span> <span class='ocrx_word' id='word_1_54' title='bbox 270 2320 451 2356; x_wconf 88' lang='lat' dir='ltr'>disputatione</span> <span class='ocrx_word' id='word_1_55' title='bbox 474 2324 570 2352; x_wconf 87' lang='lat' dir='ltr'>nostra,</span> <span class='ocrx_word' id='word_1_56' title='bbox 583 2322 676 2355; x_wconf 83' lang='lat' dir='ltr'>&#39;quum</span> <span class='ocrx_word' id='word_1_57' title='bbox 695 2320 747 2347; x_wconf 87' lang='lat' dir='ltr'>sibi</span> <span class='ocrx_word' id='word_1_58' title='bbox 761 2320 794 2347; x_wconf 87' lang='lat' dir='ltr'>de</span> <span class='ocrx_word' id='word_1_59' title='bbox 809 2321 850 2351; x_wconf 85' lang='lat' dir='ltr'>iis,</span> 
     </span>
     <span class='ocr_line' id='line_1_9' title="bbox 29 2357 852 2393; baseline 0 -9"><span class='ocrx_word' id='word_1_60' title='bbox 29 2371 32 2375; x_wconf 85' lang='lat'><strong>·</strong></span> <span class='ocrx_word' id='word_1_61' title='bbox 62 2365 130 2393; x_wconf 82' lang='lat' dir='ltr'>quae</span> <span class='ocrx_word' id='word_1_62' title='bbox 147 2358 200 2385; x_wconf 89' lang='lat' dir='ltr'>dici</span> <span class='ocrx_word' id='word_1_63' title='bbox 219 2358 252 2384; x_wconf 90' lang='lat' dir='ltr'>ab</span> <span class='ocrx_word' id='word_1_64' title='bbox 270 2363 372 2385; x_wconf 84' lang='lat' dir='ltr'>oratore</span> <span class='ocrx_word' id='word_1_65' title='bbox 385 2362 524 2392; x_wconf 87' lang='lat' dir='ltr'>oporteret,</span> <span class='ocrx_word' id='word_1_66' title='bbox 540 2361 666 2389; x_wconf 88' lang='lat' dir='ltr'>sumeret,</span> <span class='ocrx_word' id='word_1_67' title='bbox 683 2357 749 2384; x_wconf 88' lang='lat' dir='ltr'>mibi</span> <span class='ocrx_word' id='word_1_68' title='bbox 764 2362 852 2384; x_wconf 85' lang='lat' dir='ltr'>autem</span> 
     </span>
    </p>
   </div>
   <div class='ocr_carea' id='block_1_7' title="bbox 466 121 902 148">
    <p class='ocr_par' dir='ltr' id='par_1_7' title="bbox 466 121 902 148">
     <span class='ocr_line' id='line_1_10' title="bbox 466 121 902 148; baseline 0.002 -1"><span class='ocrx_word' id='word_1_69' title='bbox 466 121 518 147; x_wconf 90' lang='lat' dir='ltr'>DE</span> <span class='ocrx_word' id='word_1_70' title='bbox 552 121 781 148; x_wconf 83' lang='lat' dir='ltr'>ORATORE</span> <span class='ocrx_word' id='word_1_71' title='bbox 816 122 902 148; x_wconf 86' lang='lat' dir='ltr'>LIB.</span> 
     </span>
    </p>
   </div>
   <div class='ocr_carea' id='block_1_8' title="bbox 59 191 877 228">
    <p class='ocr_par' dir='ltr' id='par_1_8' title="bbox 59 191 877 228">
     <span class='ocr_line' id='line_1_11' title="bbox 59 191 877 228; baseline 0 -9"><span class='ocrx_word' id='word_1_72' title='bbox 59 201 164 228; x_wconf 82' lang='lat' dir='ltr'>semper</span> <span class='ocrx_word' id='word_1_73' title='bbox 177 192 210 218; x_wconf 91' lang='lat' dir='ltr'>ab</span> <span class='ocrx_word' id='word_1_74' title='bbox 224 192 295 218; x_wconf 88' lang='lat' dir='ltr'>omni</span> <span class='ocrx_word' id='word_1_75' title='bbox 309 191 474 218; x_wconf 82' lang='lat' dir='ltr'>contentione</span> <span class='ocrx_word' id='word_1_76' title='bbox 489 201 518 218; x_wconf 84' lang='lat' dir='ltr'>ac</span> <span class='ocrx_word' id='word_1_77' title='bbox 531 191 700 219; x_wconf 81' lang='lat' dir='ltr'>dimicatione</span> <span class='ocrx_word' id='word_1_78' title='bbox 711 194 847 219; x_wconf 72' lang='lat' dir='ltr'>revocasti.</span> <span class='ocrx_word' id='word_1_79' title='bbox 868 192 877 224; x_wconf 58' lang='lat'>¹,</span> 
     </span>
    </p>
   </div>
   <div class='ocr_carea' id='block_1_9' title="bbox 57 229 853 2095">
    <p class='ocr_par' dir='ltr' id='par_1_9' title="bbox 57 229 852 1346">
     <span class='ocr_line' id='line_1_12' title="bbox 61 229 849 265; baseline -0.001 -8"><span class='ocrx_word' id='word_1_80' title='bbox 61 232 101 258; x_wconf 77' lang='lat'>⁴4.</span> <span class='ocrx_word' id='word_1_81' title='bbox 125 229 178 256; x_wconf 87' lang='lat' dir='ltr'>Sed</span> <span class='ocrx_word' id='word_1_82' title='bbox 199 230 326 264; x_wconf 87' lang='lat' dir='ltr'>quoniam</span> <span class='ocrx_word' id='word_1_83' title='bbox 348 229 413 254; x_wconf 88' lang='lat' dir='ltr'>haec</span> <span class='ocrx_word' id='word_1_84' title='bbox 434 230 486 254; x_wconf 87' lang='lat' dir='ltr'>iam</span> <span class='ocrx_word' id='word_1_85' title='bbox 511 238 597 264; x_wconf 89' lang='lat' dir='ltr'>neque</span> <span class='ocrx_word' id='word_1_86' title='bbox 615 230 642 256; x_wconf 92' lang='lat' dir='ltr'>in</span> <span class='ocrx_word' id='word_1_87' title='bbox 656 230 758 265; x_wconf 76' lang='lat' dir='ltr'>integro</span> <span class='ocrx_word' id='word_1_88' title='bbox 772 230 849 256; x_wconf 89' lang='lat' dir='ltr'>nobis</span> 
     </span>
     <span class='ocr_line' id='line_1_13' title="bbox 59 265 850 303; baseline -0.001 -9"><span class='ocrx_word' id='word_1_89' title='bbox 59 276 117 294; x_wconf 86' lang='lat' dir='ltr'>esse</span> <span class='ocrx_word' id='word_1_90' title='bbox 130 271 244 302; x_wconf 85' lang='lat' dir='ltr'>possunt</span> <span class='ocrx_word' id='word_1_91' title='bbox 257 270 281 292; x_wconf 90' lang='lat' dir='ltr'>et</span> <span class='ocrx_word' id='word_1_92' title='bbox 295 266 395 292; x_wconf 90' lang='lat' dir='ltr'>summi</span> <span class='ocrx_word' id='word_1_93' title='bbox 410 265 512 292; x_wconf 86' lang='lat' dir='ltr'>labores</span> <span class='ocrx_word' id='word_1_94' title='bbox 526 267 607 292; x_wconf 86' lang='lat' dir='ltr'>nostri</span> <span class='ocrx_word' id='word_1_95' title='bbox 619 276 714 303; x_wconf 80' lang='lat' dir='ltr'>magna</span> <span class='ocrx_word' id='word_1_96' title='bbox 725 276 850 302; x_wconf 89' lang='lat' dir='ltr'>compen-</span> 
     </span>
     <span class='ocr_line' id='line_1_14' title="bbox 58 303 850 341; baseline -0.003 -9"><span class='ocrx_word' id='word_1_97' title='bbox 58 305 108 332; x_wconf 90' lang='lat' dir='ltr'>sati</span> <span class='ocrx_word' id='word_1_98' title='bbox 121 304 204 341; x_wconf 82' lang='lat' dir='ltr'>gloria</span> <span class='ocrx_word' id='word_1_99' title='bbox 218 304 386 338; x_wconf 80' lang='lat' dir='ltr'>mitigantur;</span> <span class='ocrx_word' id='word_1_100' title='bbox 412 312 556 338; x_wconf 84' lang='lat' dir='ltr'>pergamus</span> <span class='ocrx_word' id='word_1_101' title='bbox 575 303 607 329; x_wconf 93' lang='lat' dir='ltr'>ad</span> <span class='ocrx_word' id='word_1_102' title='bbox 621 313 650 330; x_wconf 92' lang='lat' dir='ltr'>ea</span> <span class='ocrx_word' id='word_1_103' title='bbox 664 304 765 336; x_wconf 86' lang='lat' dir='ltr'>solatia,</span> <span class='ocrx_word' id='word_1_104' title='bbox 781 313 850 339; x_wconf 87' lang='lat' dir='ltr'>quae</span> 
     </span>
     <span class='ocr_line' id='line_1_15' title="bbox 58 340 850 372; baseline -0.003 -3"><span class='ocrx_word' id='word_1_105' title='bbox 58 351 111 369; x_wconf 89' lang='lat' dir='ltr'>non</span> <span class='ocrx_word' id='word_1_106' title='bbox 129 341 207 368; x_wconf 91' lang='lat' dir='ltr'>modo</span> <span class='ocrx_word' id='word_1_107' title='bbox 224 341 322 367; x_wconf 89' lang='lat' dir='ltr'>sedatis</span> <span class='ocrx_word' id='word_1_108' title='bbox 341 340 471 366; x_wconf 83' lang='lat' dir='ltr'>molestiis</span> <span class='ocrx_word' id='word_1_109' title='bbox 488 341 614 372; x_wconf 86' lang='lat' dir='ltr'>iucunda,</span> <span class='ocrx_word' id='word_1_110' title='bbox 632 341 679 367; x_wconf 88' lang='lat' dir='ltr'>sed</span> <span class='ocrx_word' id='word_1_111' title='bbox 695 342 773 367; x_wconf 89' lang='lat' dir='ltr'>etiam</span> <span class='ocrx_word' id='word_1_112' title='bbox 787 342 850 367; x_wconf 90' lang='lat' dir='ltr'>hae-</span> 
     </span>
     <span class='ocr_line' id='line_1_16' title="bbox 58 378 850 413; baseline -0.003 -7"><span class='ocrx_word' id='word_1_113' title='bbox 58 379 179 406; x_wconf 82' lang='lat' dir='ltr'>rentibus</span> <span class='ocrx_word' id='word_1_114' title='bbox 193 378 317 407; x_wconf 88' lang='lat' dir='ltr'>salutaria</span> <span class='ocrx_word' id='word_1_115' title='bbox 336 378 412 404; x_wconf 88' lang='lat' dir='ltr'>nobis</span> <span class='ocrx_word' id='word_1_116' title='bbox 426 386 484 404; x_wconf 88' lang='lat' dir='ltr'>esse</span> <span class='ocrx_word' id='word_1_117' title='bbox 498 382 624 412; x_wconf 72' lang='lat' dir='ltr'>possunt,</span> <span class='ocrx_word' id='word_1_118' title='bbox 646 387 850 413; x_wconf 80' lang='lat' dir='ltr'>sermonemque</span> 
     </span>
     <span class='ocr_line' id='line_1_17' title="bbox 59 415 850 450; baseline -0.003 -7"><span class='ocrx_word' id='word_1_119' title='bbox 59 417 88 443; x_wconf 91' lang='lat' dir='ltr'>L.</span> <span class='ocrx_word' id='word_1_120' title='bbox 105 416 192 443; x_wconf 86' lang='lat' dir='ltr'>Crassi</span> <span class='ocrx_word' id='word_1_121' title='bbox 210 415 344 450; x_wconf 88' lang='lat' dir='ltr'>reliquum</span> <span class='ocrx_word' id='word_1_122' title='bbox 367 423 396 441; x_wconf 89' lang='lat' dir='ltr'>ac</span> <span class='ocrx_word' id='word_1_123' title='bbox 418 424 501 450; x_wconf 86' lang='lat' dir='ltr'>paene</span> <span class='ocrx_word' id='word_1_124' title='bbox 522 420 686 450; x_wconf 90' lang='lat' dir='ltr'>postremum</span> <span class='ocrx_word' id='word_1_125' title='bbox 709 416 850 442; x_wconf 84' lang='lat' dir='ltr'>memoriae</span> 
     </span>
     <span class='ocr_line' id='line_1_18' title="bbox 58 453 850 489; baseline -0.003 -9"><span class='ocrx_word' id='word_1_126' title='bbox 58 453 212 489; x_wconf 86' lang='lat' dir='ltr'>prodamus,</span> <span class='ocrx_word' id='word_1_127' title='bbox 228 457 307 487; x_wconf 87' lang='lat' dir='ltr'>atque</span> <span class='ocrx_word' id='word_1_128' title='bbox 321 453 353 483; x_wconf 92' lang='lat' dir='ltr'>ei,</span> <span class='ocrx_word' id='word_1_129' title='bbox 371 453 420 478; x_wconf 88' lang='lat' dir='ltr'>etsi</span> <span class='ocrx_word' id='word_1_130' title='bbox 434 461 604 487; x_wconf 87' lang='lat' dir='ltr'>nequaquam</span> <span class='ocrx_word' id='word_1_131' title='bbox 619 461 709 487; x_wconf 91' lang='lat' dir='ltr'>parem</span> <span class='ocrx_word' id='word_1_132' title='bbox 723 453 797 479; x_wconf 88' lang='lat' dir='ltr'>illius</span> <span class='ocrx_word' id='word_1_133' title='bbox 808 453 850 479; x_wconf 90' lang='lat' dir='ltr'>in-</span> 
     </span>
     <span class='ocr_line' id='line_1_19' title="bbox 57 489 849 527; baseline -0.004 -9"><span class='ocrx_word' id='word_1_134' title='bbox 57 491 144 527; x_wconf 82' lang='lat' dir='ltr'>genio,</span> <span class='ocrx_word' id='word_1_135' title='bbox 169 494 195 516; x_wconf 90' lang='lat' dir='ltr'>at</span> <span class='ocrx_word' id='word_1_136' title='bbox 217 498 264 525; x_wconf 88' lang='lat' dir='ltr'>pro</span> <span class='ocrx_word' id='word_1_137' title='bbox 287 494 378 516; x_wconf 90' lang='lat' dir='ltr'>nostro</span> <span class='ocrx_word' id='word_1_138' title='bbox 395 494 483 516; x_wconf 87' lang='lat' dir='ltr'>tamen</span> <span class='ocrx_word' id='word_1_139' title='bbox 501 489 591 516; x_wconf 90' lang='lat' dir='ltr'>studio</span> <span class='ocrx_word' id='word_1_140' title='bbox 605 490 724 515; x_wconf 90' lang='lat' dir='ltr'>meritam</span> <span class='ocrx_word' id='word_1_141' title='bbox 738 490 849 525; x_wconf 79' lang='lat' dir='ltr'>gratiam</span> 
     </span>
     <span class='ocr_line' id='line_1_20' title="bbox 59 526 849 562; baseline -0.004 -7"><span class='ocrx_word' id='word_1_142' title='bbox 59 528 229 562; x_wconf 81' lang='lat' dir='ltr'>debitamque</span> <span class='ocrx_word' id='word_1_143' title='bbox 248 526 404 553; x_wconf 58' lang='lat' dir='ltr'>referamus,</span> <span class='ocrx_word' id='word_1_144' title='bbox 441 528 481 553; x_wconf 73' lang='lat'>45.</span> <span class='ocrx_word' id='word_1_145' title='bbox 501 527 593 561; x_wconf 89' lang='lat' dir='ltr'>Neque</span> <span class='ocrx_word' id='word_1_146' title='bbox 615 527 686 552; x_wconf 92' lang='lat' dir='ltr'>enim</span> <span class='ocrx_word' id='word_1_147' title='bbox 705 527 849 561; x_wconf 88' lang='lat' dir='ltr'>quisquam</span> 
     </span>
     <span class='ocr_line' id='line_1_21' title="bbox 59 563 849 600; baseline -0.004 -8"><span class='ocrx_word' id='word_1_148' title='bbox 59 570 188 596; x_wconf 86' lang='lat' dir='ltr'>nostrum,</span> <span class='ocrx_word' id='word_1_149' title='bbox 213 573 299 600; x_wconf 92' lang='lat' dir='ltr'>quum</span> <span class='ocrx_word' id='word_1_150' title='bbox 322 564 404 591; x_wconf 88' lang='lat' dir='ltr'>libros</span> <span class='ocrx_word' id='word_1_151' title='bbox 425 563 541 590; x_wconf 82' lang='lat' dir='ltr'>Platonis</span> <span class='ocrx_word' id='word_1_152' title='bbox 564 563 721 590; x_wconf 89' lang='lat' dir='ltr'>mirabiliter</span> <span class='ocrx_word' id='word_1_153' title='bbox 737 564 849 598; x_wconf 87' lang='lat' dir='ltr'>scriptos</span> 
     </span>
     <span class='ocr_line' id='line_1_22' title="bbox 60 600 846 638; baseline -0.004 -9"><span class='ocrx_word' id='word_1_154' title='bbox 60 602 131 638; x_wconf 80' lang='lat' dir='ltr'>legit.</span> <span class='ocrx_word' id='word_1_155' title='bbox 155 603 183 628; x_wconf 91' lang='lat' dir='ltr'>in</span> <span class='ocrx_word' id='word_1_156' title='bbox 205 602 306 637; x_wconf 86' lang='lat' dir='ltr'>quibus</span> <span class='ocrx_word' id='word_1_157' title='bbox 324 601 450 628; x_wconf 90' lang='lat' dir='ltr'>omnibus</span> <span class='ocrx_word' id='word_1_158' title='bbox 468 600 522 627; x_wconf 88' lang='lat' dir='ltr'>fere</span> <span class='ocrx_word' id='word_1_159' title='bbox 541 600 659 627; x_wconf 86' lang='lat' dir='ltr'>Socrates</span> <span class='ocrx_word' id='word_1_160' title='bbox 679 601 846 635; x_wconf 86' lang='lat' dir='ltr'>exprimitur,</span> 
     </span>
     <span class='ocr_line' id='line_1_23' title="bbox 59 637 849 674; baseline -0.003 -8"><span class='ocrx_word' id='word_1_161' title='bbox 59 649 120 671; x_wconf 91' lang='lat' dir='ltr'>non,</span> <span class='ocrx_word' id='word_1_162' title='bbox 146 648 311 674; x_wconf 85' lang='lat' dir='ltr'>quamquam</span> <span class='ocrx_word' id='word_1_163' title='bbox 333 638 378 665; x_wconf 90' lang='lat' dir='ltr'>illa</span> <span class='ocrx_word' id='word_1_164' title='bbox 401 639 497 672; x_wconf 87' lang='lat' dir='ltr'>scripta</span> <span class='ocrx_word' id='word_1_165' title='bbox 521 642 584 664; x_wconf 89' lang='lat' dir='ltr'>sunt</span> <span class='ocrx_word' id='word_1_166' title='bbox 601 637 740 669; x_wconf 84' lang='lat' dir='ltr'>divinitus,</span> <span class='ocrx_word' id='word_1_167' title='bbox 762 642 849 664; x_wconf 89' lang='lat' dir='ltr'>tamen</span> 
     </span>
     <span class='ocr_line' id='line_1_24' title="bbox 59 675 851 712; baseline -0.004 -8"><span class='ocrx_word' id='word_1_168' title='bbox 59 677 146 704; x_wconf 81' lang='lat' dir='ltr'>maius</span> <span class='ocrx_word' id='word_1_169' title='bbox 164 676 294 712; x_wconf 88' lang='lat' dir='ltr'>quiddam</span> <span class='ocrx_word' id='word_1_170' title='bbox 312 675 345 702; x_wconf 89' lang='lat' dir='ltr'>de</span> <span class='ocrx_word' id='word_1_171' title='bbox 364 675 418 706; x_wconf 90' lang='lat' dir='ltr'>illo,</span> <span class='ocrx_word' id='word_1_172' title='bbox 439 675 471 701; x_wconf 90' lang='lat' dir='ltr'>de</span> <span class='ocrx_word' id='word_1_173' title='bbox 489 683 544 710; x_wconf 92' lang='lat' dir='ltr'>quo</span> <span class='ocrx_word' id='word_1_174' title='bbox 560 675 658 709; x_wconf 89' lang='lat' dir='ltr'>scripta</span> <span class='ocrx_word' id='word_1_175' title='bbox 672 679 742 705; x_wconf 87' lang='lat' dir='ltr'>sunt,</span> <span class='ocrx_word' id='word_1_176' title='bbox 759 676 851 710; x_wconf 85' lang='lat' dir='ltr'>suspi-</span> 
     </span>
     <span class='ocr_line' id='line_1_25' title="bbox 58 711 848 747; baseline -0.004 -6"><span class='ocrx_word' id='word_1_177' title='bbox 58 719 142 741; x_wconf 85' lang='lat' dir='ltr'>catur.</span> <span class='ocrx_word' id='word_1_178' title='bbox 176 713 253 746; x_wconf 90' lang='lat' dir='ltr'>Quod</span> <span class='ocrx_word' id='word_1_179' title='bbox 270 714 334 739; x_wconf 89' lang='lat' dir='ltr'>item</span> <span class='ocrx_word' id='word_1_180' title='bbox 352 721 399 739; x_wconf 89' lang='lat' dir='ltr'>nos</span> <span class='ocrx_word' id='word_1_181' title='bbox 414 711 581 747; x_wconf 86' lang='lat' dir='ltr'>postulamus</span> <span class='ocrx_word' id='word_1_182' title='bbox 595 720 648 738; x_wconf 91' lang='lat' dir='ltr'>non</span> <span class='ocrx_word' id='word_1_183' title='bbox 662 721 676 738; x_wconf 91' lang='lat' dir='ltr'>a</span> <span class='ocrx_word' id='word_1_184' title='bbox 690 717 714 738; x_wconf 89' lang='lat' dir='ltr'>te</span> <span class='ocrx_word' id='word_1_185' title='bbox 728 712 848 747; x_wconf 90' lang='lat' dir='ltr'>quidem,</span> 
     </span>
     <span class='ocr_line' id='line_1_26' title="bbox 58 749 850 787; baseline -0.004 -9"><span class='ocrx_word' id='word_1_186' title='bbox 58 752 107 787; x_wconf 90' lang='lat' dir='ltr'>qui</span> <span class='ocrx_word' id='word_1_187' title='bbox 129 751 206 778; x_wconf 90' lang='lat' dir='ltr'>nobis</span> <span class='ocrx_word' id='word_1_188' title='bbox 229 750 317 777; x_wconf 85' lang='lat' dir='ltr'>omnia</span> <span class='ocrx_word' id='word_1_189' title='bbox 339 758 445 776; x_wconf 86' lang='lat' dir='ltr'>summa</span> <span class='ocrx_word' id='word_1_190' title='bbox 468 749 573 780; x_wconf 86' lang='lat' dir='ltr'>tribuis,</span> <span class='ocrx_word' id='word_1_191' title='bbox 595 749 642 775; x_wconf 88' lang='lat' dir='ltr'>sed</span> <span class='ocrx_word' id='word_1_192' title='bbox 656 758 669 775; x_wconf 92' lang='lat' dir='ltr'>a</span> <span class='ocrx_word' id='word_1_193' title='bbox 683 750 786 780; x_wconf 88' lang='lat' dir='ltr'>ceteris,</span> <span class='ocrx_word' id='word_1_194' title='bbox 802 751 850 784; x_wconf 92' lang='lat' dir='ltr'>qui</span> 
     </span>
     <span class='ocr_line' id='line_1_27' title="bbox 58 786 848 821; baseline -0.001 -6"><span class='ocrx_word' id='word_1_195' title='bbox 58 789 123 815; x_wconf 89' lang='lat' dir='ltr'>haec</span> <span class='ocrx_word' id='word_1_196' title='bbox 145 789 173 815; x_wconf 88' lang='lat' dir='ltr'>in</span> <span class='ocrx_word' id='word_1_197' title='bbox 195 796 291 814; x_wconf 90' lang='lat' dir='ltr'>manus</span> <span class='ocrx_word' id='word_1_198' title='bbox 313 791 433 818; x_wconf 88' lang='lat' dir='ltr'>sument,</span> <span class='ocrx_word' id='word_1_199' title='bbox 459 787 547 812; x_wconf 90' lang='lat' dir='ltr'>maius</span> <span class='ocrx_word' id='word_1_200' title='bbox 569 790 599 812; x_wconf 89' lang='lat' dir='ltr'>ut</span> <span class='ocrx_word' id='word_1_201' title='bbox 620 786 749 821; x_wconf 87' lang='lat' dir='ltr'>quiddam</span> <span class='ocrx_word' id='word_1_202' title='bbox 767 787 800 813; x_wconf 87' lang='lat' dir='ltr'>de</span> <span class='ocrx_word' id='word_1_203' title='bbox 819 788 848 814; x_wconf 94' lang='lat' dir='ltr'>L.</span> 
     </span>
     <span class='ocr_line' id='line_1_28' title="bbox 59 824 852 860; baseline -0.004 -7"><span class='ocrx_word' id='word_1_204' title='bbox 59 826 160 857; x_wconf 82' lang='lat' dir='ltr'>Crasso,</span> <span class='ocrx_word' id='word_1_205' title='bbox 186 834 267 860; x_wconf 87' lang='lat' dir='ltr'>quam</span> <span class='ocrx_word' id='word_1_206' title='bbox 286 828 417 860; x_wconf 90' lang='lat' dir='ltr'>quantum</span> <span class='ocrx_word' id='word_1_207' title='bbox 439 832 454 850; x_wconf 87' lang='lat' dir='ltr'>a</span> <span class='ocrx_word' id='word_1_208' title='bbox 472 824 548 850; x_wconf 85' lang='lat' dir='ltr'>nobis</span> <span class='ocrx_word' id='word_1_209' title='bbox 567 824 739 858; x_wconf 79' lang='lat' dir='ltr'>exprimetur,</span> <span class='ocrx_word' id='word_1_210' title='bbox 760 826 852 859; x_wconf 90' lang='lat' dir='ltr'>suspi-</span> 
     </span>
     <span class='ocr_line' id='line_1_29' title="bbox 58 861 851 896; baseline -0.004 -6"><span class='ocrx_word' id='word_1_211' title='bbox 58 867 160 890; x_wconf 86' lang='lat' dir='ltr'>centur.</span> <span class='ocrx_word' id='word_1_212' title='bbox 184 864 223 889; x_wconf 75' lang='lat'>⁴6.</span> <span class='ocrx_word' id='word_1_213' title='bbox 239 863 292 889; x_wconf 79' lang='lat' dir='ltr'>Nos</span> <span class='ocrx_word' id='word_1_214' title='bbox 302 862 438 896; x_wconf 89' lang='lat' dir='ltr'>enim,qui</span> <span class='ocrx_word' id='word_1_215' title='bbox 450 862 503 896; x_wconf 91' lang='lat' dir='ltr'>ipsi</span> <span class='ocrx_word' id='word_1_216' title='bbox 517 861 633 887; x_wconf 85' lang='lat' dir='ltr'>sermoni</span> <span class='ocrx_word' id='word_1_217' title='bbox 648 870 699 887; x_wconf 92' lang='lat' dir='ltr'>non</span> <span class='ocrx_word' id='word_1_218' title='bbox 714 861 851 887; x_wconf 82' lang='lat' dir='ltr'>interfuis-</span> 
     </span>
     <span class='ocr_line' id='line_1_30' title="bbox 59 898 851 935; baseline -0.003 -8"><span class='ocrx_word' id='word_1_219' title='bbox 59 909 150 934; x_wconf 82' lang='lat' dir='ltr'>semus</span> <span class='ocrx_word' id='word_1_220' title='bbox 167 904 193 926; x_wconf 89' lang='lat' dir='ltr'>et</span> <span class='ocrx_word' id='word_1_221' title='bbox 210 900 311 935; x_wconf 90' lang='lat' dir='ltr'>quibus</span> <span class='ocrx_word' id='word_1_222' title='bbox 330 899 358 926; x_wconf 85' lang='lat' dir='ltr'>C.</span> <span class='ocrx_word' id='word_1_223' title='bbox 375 899 447 926; x_wconf 87' lang='lat' dir='ltr'>Cotta</span> <span class='ocrx_word' id='word_1_224' title='bbox 465 898 649 925; x_wconf 84' lang='lat' dir='ltr'>tantummodo</span> <span class='ocrx_word' id='word_1_225' title='bbox 663 898 733 925; x_wconf 85' lang='lat' dir='ltr'>locos</span> <span class='ocrx_word' id='word_1_226' title='bbox 747 908 776 925; x_wconf 83' lang='lat' dir='ltr'>ac</span> <span class='ocrx_word' id='word_1_227' title='bbox 789 908 851 925; x_wconf 86' lang='lat' dir='ltr'>sen-</span> 
     </span>
     <span class='ocr_line' id='line_1_31' title="bbox 58 936 851 971; baseline -0.004 -6"><span class='ocrx_word' id='word_1_228' title='bbox 58 938 153 965; x_wconf 89' lang='lat' dir='ltr'>tentias</span> <span class='ocrx_word' id='word_1_229' title='bbox 167 937 250 964; x_wconf 89' lang='lat' dir='ltr'>huius</span> <span class='ocrx_word' id='word_1_230' title='bbox 263 937 452 971; x_wconf 87' lang='lat' dir='ltr'>disputationis</span> <span class='ocrx_word' id='word_1_231' title='bbox 466 936 626 967; x_wconf 86' lang='lat' dir='ltr'>tradidisset,</span> <span class='ocrx_word' id='word_1_232' title='bbox 646 945 699 971; x_wconf 91' lang='lat' dir='ltr'>quo</span> <span class='ocrx_word' id='word_1_233' title='bbox 714 936 741 962; x_wconf 93' lang='lat' dir='ltr'>in</span> <span class='ocrx_word' id='word_1_234' title='bbox 755 945 851 971; x_wconf 77' lang='lat' dir='ltr'>genere</span> 
     </span>
     <span class='ocr_line' id='line_1_32' title="bbox 58 973 850 1009; baseline -0.004 -7"><span class='ocrx_word' id='word_1_235' title='bbox 58 975 183 1002; x_wconf 86' lang='lat' dir='ltr'>orationis</span> <span class='ocrx_word' id='word_1_236' title='bbox 196 979 341 1009; x_wconf 89' lang='lat' dir='ltr'>utrumque</span> <span class='ocrx_word' id='word_1_237' title='bbox 352 978 479 1000; x_wconf 88' lang='lat' dir='ltr'>oratorem</span> <span class='ocrx_word' id='word_1_238' title='bbox 491 982 710 1009; x_wconf 81' lang='lat' dir='ltr'>cognoveramus,</span> <span class='ocrx_word' id='word_1_239' title='bbox 722 973 749 1000; x_wconf 90' lang='lat' dir='ltr'>id</span> <span class='ocrx_word' id='word_1_240' title='bbox 760 974 850 1008; x_wconf 84' lang='lat' dir='ltr'>ipsum</span> 
     </span>
     <span class='ocr_line' id='line_1_33' title="bbox 59 1010 850 1043; baseline -0.003 -4"><span class='ocrx_word' id='word_1_241' title='bbox 59 1021 154 1039; x_wconf 89' lang='lat' dir='ltr'>sumus</span> <span class='ocrx_word' id='word_1_242' title='bbox 167 1012 195 1039; x_wconf 90' lang='lat' dir='ltr'>in</span> <span class='ocrx_word' id='word_1_243' title='bbox 209 1021 301 1038; x_wconf 90' lang='lat' dir='ltr'>eorum</span> <span class='ocrx_word' id='word_1_244' title='bbox 315 1020 436 1037; x_wconf 89' lang='lat' dir='ltr'>sermone</span> <span class='ocrx_word' id='word_1_245' title='bbox 450 1011 608 1037; x_wconf 84' lang='lat' dir='ltr'>adumbrare</span> <span class='ocrx_word' id='word_1_246' title='bbox 622 1011 715 1037; x_wconf 88' lang='lat' dir='ltr'>conati.</span> <span class='ocrx_word' id='word_1_247' title='bbox 737 1010 813 1043; x_wconf 83' lang='lat' dir='ltr'>Quod</span> <span class='ocrx_word' id='word_1_248' title='bbox 828 1011 850 1037; x_wconf 90' lang='lat' dir='ltr'>si</span> 
     </span>
     <span class='ocr_line' id='line_1_34' title="bbox 58 1047 851 1085; baseline -0.003 -9"><span class='ocrx_word' id='word_1_249' title='bbox 58 1050 120 1085; x_wconf 90' lang='lat' dir='ltr'>quis</span> <span class='ocrx_word' id='word_1_250' title='bbox 143 1050 201 1081; x_wconf 88' lang='lat' dir='ltr'>erit,</span> <span class='ocrx_word' id='word_1_251' title='bbox 226 1050 274 1084; x_wconf 89' lang='lat' dir='ltr'>qui</span> <span class='ocrx_word' id='word_1_252' title='bbox 296 1049 393 1075; x_wconf 88' lang='lat' dir='ltr'>ductus</span> <span class='ocrx_word' id='word_1_253' title='bbox 411 1049 535 1083; x_wconf 89' lang='lat' dir='ltr'>opinione</span> <span class='ocrx_word' id='word_1_254' title='bbox 553 1047 628 1084; x_wconf 80' lang='lat' dir='ltr'>vulgi</span> <span class='ocrx_word' id='word_1_255' title='bbox 647 1053 692 1074; x_wconf 89' lang='lat' dir='ltr'>aut</span> <span class='ocrx_word' id='word_1_256' title='bbox 705 1048 851 1075; x_wconf 81' lang='lat' dir='ltr'>Antonium</span> 
     </span>
     <span class='ocr_line' id='line_1_35' title="bbox 57 1085 850 1121; baseline -0.004 -7"><span class='ocrx_word' id='word_1_257' title='bbox 57 1087 215 1114; x_wconf 86' lang='lat' dir='ltr'>ieiuniorem</span> <span class='ocrx_word' id='word_1_258' title='bbox 229 1091 274 1113; x_wconf 85' lang='lat' dir='ltr'>aut</span> <span class='ocrx_word' id='word_1_259' title='bbox 288 1086 414 1114; x_wconf 89' lang='lat' dir='ltr'>Crassum</span> <span class='ocrx_word' id='word_1_260' title='bbox 427 1086 573 1121; x_wconf 87' lang='lat' dir='ltr'>pleniorem</span> <span class='ocrx_word' id='word_1_261' title='bbox 584 1085 668 1112; x_wconf 84' lang='lat' dir='ltr'>fuisse</span> <span class='ocrx_word' id='word_1_262' title='bbox 677 1090 760 1120; x_wconf 90' lang='lat' dir='ltr'>putet,</span> <span class='ocrx_word' id='word_1_263' title='bbox 769 1094 850 1121; x_wconf 89' lang='lat' dir='ltr'>quam</span> 
     </span>
     <span class='ocr_line' id='line_1_36' title="bbox 59 1123 848 1160; baseline -0.004 -8"><span class='ocrx_word' id='word_1_264' title='bbox 59 1124 192 1160; x_wconf 90' lang='lat' dir='ltr'>quomodo</span> <span class='ocrx_word' id='word_1_265' title='bbox 206 1133 219 1151; x_wconf 92' lang='lat' dir='ltr'>a</span> <span class='ocrx_word' id='word_1_266' title='bbox 234 1124 311 1151; x_wconf 93' lang='lat' dir='ltr'>nobis</span> <span class='ocrx_word' id='word_1_267' title='bbox 325 1128 438 1158; x_wconf 90' lang='lat' dir='ltr'>uterque</span> <span class='ocrx_word' id='word_1_268' title='bbox 451 1123 578 1149; x_wconf 88' lang='lat' dir='ltr'>inductus</span> <span class='ocrx_word' id='word_1_269' title='bbox 593 1127 641 1154; x_wconf 89' lang='lat' dir='ltr'>est,</span> <span class='ocrx_word' id='word_1_270' title='bbox 659 1123 681 1149; x_wconf 90' lang='lat' dir='ltr'>is</span> <span class='ocrx_word' id='word_1_271' title='bbox 696 1123 745 1149; x_wconf 87' lang='lat' dir='ltr'>erit</span> <span class='ocrx_word' id='word_1_272' title='bbox 759 1132 792 1149; x_wconf 87' lang='lat' dir='ltr'>ex</span> <span class='ocrx_word' id='word_1_273' title='bbox 806 1123 848 1155; x_wconf 90' lang='lat' dir='ltr'>iis,</span> 
     </span>
     <span class='ocr_line' id='line_1_37' title="bbox 59 1160 849 1198; baseline -0.004 -9"><span class='ocrx_word' id='word_1_274' title='bbox 59 1162 105 1198; x_wconf 91' lang='lat' dir='ltr'>qui</span> <span class='ocrx_word' id='word_1_275' title='bbox 124 1167 169 1188; x_wconf 90' lang='lat' dir='ltr'>aut</span> <span class='ocrx_word' id='word_1_276' title='bbox 186 1162 247 1188; x_wconf 89' lang='lat' dir='ltr'>illos</span> <span class='ocrx_word' id='word_1_277' title='bbox 266 1170 318 1188; x_wconf 91' lang='lat' dir='ltr'>non</span> <span class='ocrx_word' id='word_1_278' title='bbox 332 1161 466 1187; x_wconf 87' lang='lat' dir='ltr'>audierint</span> <span class='ocrx_word' id='word_1_279' title='bbox 479 1165 525 1187; x_wconf 89' lang='lat' dir='ltr'>aut</span> <span class='ocrx_word' id='word_1_280' title='bbox 538 1160 655 1186; x_wconf 87' lang='lat' dir='ltr'>iudicare</span> <span class='ocrx_word' id='word_1_281' title='bbox 670 1169 720 1187; x_wconf 90' lang='lat' dir='ltr'>non</span> <span class='ocrx_word' id='word_1_282' title='bbox 735 1161 849 1195; x_wconf 87' lang='lat' dir='ltr'>possint.</span> 
     </span>
     <span class='ocr_line' id='line_1_38' title="bbox 58 1198 851 1234; baseline -0.003 -8"><span class='ocrx_word' id='word_1_283' title='bbox 58 1200 125 1226; x_wconf 91' lang='lat' dir='ltr'>Nam</span> <span class='ocrx_word' id='word_1_284' title='bbox 139 1199 190 1226; x_wconf 82' lang='lat' dir='ltr'>fuit</span> <span class='ocrx_word' id='word_1_285' title='bbox 204 1204 324 1234; x_wconf 87' lang='lat' dir='ltr'>uterque,</span> <span class='ocrx_word' id='word_1_286' title='bbox 341 1203 370 1225; x_wconf 93' lang='lat' dir='ltr'>ut</span> <span class='ocrx_word' id='word_1_287' title='bbox 383 1199 496 1233; x_wconf 79' lang='lat' dir='ltr'>exposui</span> <span class='ocrx_word' id='word_1_288' title='bbox 509 1202 593 1229; x_wconf 87' lang='lat' dir='ltr'>antea,</span> <span class='ocrx_word' id='word_1_289' title='bbox 610 1206 695 1233; x_wconf 89' lang='lat' dir='ltr'>quum</span> <span class='ocrx_word' id='word_1_290' title='bbox 709 1198 799 1224; x_wconf 92' lang='lat' dir='ltr'>studio</span> <span class='ocrx_word' id='word_1_291' title='bbox 813 1203 851 1224; x_wconf 89' lang='lat' dir='ltr'>at-</span> 
     </span>
     <span class='ocr_line' id='line_1_39' title="bbox 58 1235 850 1273; baseline -0.004 -9"><span class='ocrx_word' id='word_1_292' title='bbox 58 1245 111 1272; x_wconf 89' lang='lat' dir='ltr'>que</span> <span class='ocrx_word' id='word_1_293' title='bbox 129 1237 237 1273; x_wconf 82' lang='lat' dir='ltr'>ingenio</span> <span class='ocrx_word' id='word_1_294' title='bbox 254 1241 279 1263; x_wconf 86' lang='lat' dir='ltr'>et</span> <span class='ocrx_word' id='word_1_295' title='bbox 297 1237 415 1263; x_wconf 89' lang='lat' dir='ltr'>doctrina</span> <span class='ocrx_word' id='word_1_296' title='bbox 432 1240 569 1271; x_wconf 86' lang='lat' dir='ltr'>praestans</span> <span class='ocrx_word' id='word_1_297' title='bbox 587 1235 722 1266; x_wconf 84' lang='lat' dir='ltr'>omnibus,</span> <span class='ocrx_word' id='word_1_298' title='bbox 749 1240 804 1261; x_wconf 88' lang='lat' dir='ltr'>tum</span> <span class='ocrx_word' id='word_1_299' title='bbox 824 1236 850 1261; x_wconf 95' lang='lat' dir='ltr'>in</span> 
     </span>
     <span class='ocr_line' id='line_1_40' title="bbox 58 1272 852 1310; baseline -0.004 -9"><span class='ocrx_word' id='word_1_300' title='bbox 58 1283 107 1301; x_wconf 88' lang='lat' dir='ltr'>suo</span> <span class='ocrx_word' id='word_1_301' title='bbox 130 1283 227 1310; x_wconf 80' lang='lat' dir='ltr'>genere</span> <span class='ocrx_word' id='word_1_302' title='bbox 249 1273 392 1309; x_wconf 84' lang='lat' dir='ltr'>perfectus,</span> <span class='ocrx_word' id='word_1_303' title='bbox 416 1278 447 1300; x_wconf 92' lang='lat' dir='ltr'>ut</span> <span class='ocrx_word' id='word_1_304' title='bbox 469 1281 556 1308; x_wconf 90' lang='lat' dir='ltr'>neque</span> <span class='ocrx_word' id='word_1_305' title='bbox 574 1273 601 1299; x_wconf 93' lang='lat' dir='ltr'>in</span> <span class='ocrx_word' id='word_1_306' title='bbox 619 1273 734 1299; x_wconf 87' lang='lat' dir='ltr'>Antonio</span> <span class='ocrx_word' id='word_1_307' title='bbox 747 1272 852 1299; x_wconf 78' lang='lat' dir='ltr'>deesset</span> 
     </span>
     <span class='ocr_line' id='line_1_41' title="bbox 58 1310 795 1346; baseline -0.004 -7"><span class='ocrx_word' id='word_1_308' title='bbox 58 1312 102 1339; x_wconf 88' lang='lat' dir='ltr'>hic</span> <span class='ocrx_word' id='word_1_309' title='bbox 116 1316 224 1339; x_wconf 90' lang='lat' dir='ltr'>ornatus</span> <span class='ocrx_word' id='word_1_310' title='bbox 238 1312 362 1338; x_wconf 90' lang='lat' dir='ltr'>orationis</span> <span class='ocrx_word' id='word_1_311' title='bbox 377 1319 464 1346; x_wconf 88' lang='lat' dir='ltr'>neque</span> <span class='ocrx_word' id='word_1_312' title='bbox 478 1311 505 1337; x_wconf 89' lang='lat' dir='ltr'>in</span> <span class='ocrx_word' id='word_1_313' title='bbox 520 1310 613 1337; x_wconf 86' lang='lat' dir='ltr'>Crasso</span> <span class='ocrx_word' id='word_1_314' title='bbox 627 1310 795 1336; x_wconf 84' lang='lat' dir='ltr'>redundaret.</span> 
     </span>
    </p>

    <p class='ocr_par' dir='ltr' id='par_1_10' title="bbox 58 1347 853 2095">
     <span class='ocr_line' id='line_1_42' title="bbox 113 1347 852 1384; baseline -0.003 -9"><span class='ocrx_word' id='word_1_315' title='bbox 113 1349 145 1375; x_wconf 91' lang='lat' dir='ltr'>V.</span> <span class='ocrx_word' id='word_1_316' title='bbox 162 1350 202 1375; x_wconf 71' lang='lat'>⁴7.</span> <span class='ocrx_word' id='word_1_317' title='bbox 218 1349 252 1376; x_wconf 86' lang='lat' dir='ltr'>Ut</span> <span class='ocrx_word' id='word_1_318' title='bbox 264 1349 346 1384; x_wconf 81' lang='lat' dir='ltr'>igitur</span> <span class='ocrx_word' id='word_1_319' title='bbox 360 1353 419 1375; x_wconf 87' lang='lat' dir='ltr'>ante</span> <span class='ocrx_word' id='word_1_320' title='bbox 433 1348 572 1374; x_wconf 85' lang='lat' dir='ltr'>meridiem</span> <span class='ocrx_word' id='word_1_321' title='bbox 583 1347 764 1373; x_wconf 89' lang='lat' dir='ltr'>discesserunt</span> <span class='ocrx_word' id='word_1_322' title='bbox 774 1347 852 1382; x_wconf 90' lang='lat' dir='ltr'>paul-</span> 
     </span>
     <span class='ocr_line' id='line_1_43' title="bbox 59 1385 852 1422; baseline -0.004 -9"><span class='ocrx_word' id='word_1_323' title='bbox 59 1386 201 1422; x_wconf 90' lang='lat' dir='ltr'>lulumque</span> <span class='ocrx_word' id='word_1_324' title='bbox 219 1387 382 1422; x_wconf 88' lang='lat' dir='ltr'>requierunt,</span> <span class='ocrx_word' id='word_1_325' title='bbox 402 1387 429 1412; x_wconf 91' lang='lat' dir='ltr'>in</span> <span class='ocrx_word' id='word_1_326' title='bbox 447 1386 542 1420; x_wconf 89' lang='lat' dir='ltr'>primis</span> <span class='ocrx_word' id='word_1_327' title='bbox 562 1385 611 1411; x_wconf 91' lang='lat' dir='ltr'>hoc</span> <span class='ocrx_word' id='word_1_328' title='bbox 628 1394 642 1410; x_wconf 86' lang='lat' dir='ltr'>a</span> <span class='ocrx_word' id='word_1_329' title='bbox 661 1394 689 1411; x_wconf 91' lang='lat' dir='ltr'>se</span> <span class='ocrx_word' id='word_1_330' title='bbox 704 1385 776 1412; x_wconf 90' lang='lat' dir='ltr'>Cotta</span> <span class='ocrx_word' id='word_1_331' title='bbox 794 1385 852 1411; x_wconf 89' lang='lat' dir='ltr'>ani-</span> 
     </span>
     <span class='ocr_line' id='line_1_44' title="bbox 58 1421 852 1457; baseline -0.004 -6"><span class='ocrx_word' id='word_1_332' title='bbox 58 1424 231 1451; x_wconf 83' lang='lat' dir='ltr'>madversum</span> <span class='ocrx_word' id='word_1_333' title='bbox 255 1432 313 1450; x_wconf 88' lang='lat' dir='ltr'>esse</span> <span class='ocrx_word' id='word_1_334' title='bbox 335 1423 448 1454; x_wconf 84' lang='lat' dir='ltr'>dicebat,</span> <span class='ocrx_word' id='word_1_335' title='bbox 473 1431 551 1449; x_wconf 89' lang='lat' dir='ltr'>omne</span> <span class='ocrx_word' id='word_1_336' title='bbox 569 1421 637 1448; x_wconf 88' lang='lat' dir='ltr'>illud</span> <span class='ocrx_word' id='word_1_337' title='bbox 651 1427 757 1457; x_wconf 84' lang='lat' dir='ltr'>tempus</span> <span class='ocrx_word' id='word_1_338' title='bbox 772 1423 852 1448; x_wconf 88' lang='lat' dir='ltr'>meri-</span> 
     </span>
     <span class='ocr_line' id='line_1_45' title="bbox 58 1460 852 1495; baseline -0.004 -7"><span class='ocrx_word' id='word_1_339' title='bbox 58 1461 168 1488; x_wconf 88' lang='lat' dir='ltr'>dianum</span> <span class='ocrx_word' id='word_1_340' title='bbox 187 1461 312 1489; x_wconf 88' lang='lat' dir='ltr'>Crassum</span> <span class='ocrx_word' id='word_1_341' title='bbox 330 1462 358 1487; x_wconf 93' lang='lat' dir='ltr'>in</span> <span class='ocrx_word' id='word_1_342' title='bbox 376 1461 502 1487; x_wconf 88' lang='lat' dir='ltr'>acerrima</span> <span class='ocrx_word' id='word_1_343' title='bbox 522 1464 601 1495; x_wconf 87' lang='lat' dir='ltr'>atque</span> <span class='ocrx_word' id='word_1_344' title='bbox 619 1460 794 1486; x_wconf 86' lang='lat' dir='ltr'>attentissima</span> <span class='ocrx_word' id='word_1_345' title='bbox 807 1468 852 1486; x_wconf 89' lang='lat' dir='ltr'>co-</span> 
     </span>
     <span class='ocr_line' id='line_1_46' title="bbox 58 1496 851 1535; baseline -0.004 -9"><span class='ocrx_word' id='word_1_346' title='bbox 58 1499 184 1535; x_wconf 86' lang='lat' dir='ltr'>gitatione</span> <span class='ocrx_word' id='word_1_347' title='bbox 207 1499 331 1534; x_wconf 87' lang='lat' dir='ltr'>posuisse</span> <span class='ocrx_word' id='word_1_348' title='bbox 353 1506 475 1533; x_wconf 84' lang='lat' dir='ltr'>seseque,</span> <span class='ocrx_word' id='word_1_349' title='bbox 495 1498 543 1532; x_wconf 94' lang='lat' dir='ltr'>qui</span> <span class='ocrx_word' id='word_1_350' title='bbox 561 1496 667 1523; x_wconf 75' lang='lat' dir='ltr'>vultum</span> <span class='ocrx_word' id='word_1_351' title='bbox 682 1498 748 1528; x_wconf 86' lang='lat' dir='ltr'>eius,</span> <span class='ocrx_word' id='word_1_352' title='bbox 765 1505 851 1532; x_wconf 88' lang='lat' dir='ltr'>quum</span> 
     </span>
     <span class='ocr_line' id='line_1_47' title="bbox 59 1534 852 1570; baseline -0.004 -7"><span class='ocrx_word' id='word_1_353' title='bbox 59 1537 82 1563; x_wconf 88' lang='lat' dir='ltr'>ei</span> <span class='ocrx_word' id='word_1_354' title='bbox 95 1536 240 1563; x_wconf 91' lang='lat' dir='ltr'>dicendum</span> <span class='ocrx_word' id='word_1_355' title='bbox 250 1540 328 1567; x_wconf 89' lang='lat' dir='ltr'>esset,</span> <span class='ocrx_word' id='word_1_356' title='bbox 337 1536 516 1570; x_wconf 87' lang='lat' dir='ltr'>obtutumque</span> <span class='ocrx_word' id='word_1_357' title='bbox 525 1534 663 1561; x_wconf 89' lang='lat' dir='ltr'>oculorum</span> <span class='ocrx_word' id='word_1_358' title='bbox 674 1535 700 1560; x_wconf 96' lang='lat' dir='ltr'>in</span> <span class='ocrx_word' id='word_1_359' title='bbox 712 1535 852 1570; x_wconf 77' lang='lat' dir='ltr'>cogitando</span> 
     </span>
     <span class='ocr_line' id='line_1_48' title="bbox 59 1572 848 1609; baseline -0.005 -8"><span class='ocrx_word' id='word_1_360' title='bbox 59 1574 140 1609; x_wconf 90' lang='lat' dir='ltr'>probe</span> <span class='ocrx_word' id='word_1_361' title='bbox 154 1578 244 1600; x_wconf 88' lang='lat' dir='ltr'>nosset</span> <span class='ocrx_word' id='word_1_362' title='bbox 257 1578 336 1608; x_wconf 85' lang='lat' dir='ltr'>atque</span> <span class='ocrx_word' id='word_1_363' title='bbox 349 1574 377 1599; x_wconf 92' lang='lat' dir='ltr'>in</span> <span class='ocrx_word' id='word_1_364' title='bbox 388 1573 513 1599; x_wconf 82' lang='lat' dir='ltr'>maximis</span> <span class='ocrx_word' id='word_1_365' title='bbox 523 1572 625 1598; x_wconf 83' lang='lat' dir='ltr'>caussis</span> <span class='ocrx_word' id='word_1_366' title='bbox 638 1580 717 1606; x_wconf 84' lang='lat' dir='ltr'>saepe</span> <span class='ocrx_word' id='word_1_367' title='bbox 729 1572 848 1604; x_wconf 83' lang='lat' dir='ltr'>vidisset,</span> 
     </span>
     <span class='ocr_line' id='line_1_49' title="bbox 59 1609 852 1646; baseline -0.004 -8"><span class='ocrx_word' id='word_1_368' title='bbox 59 1615 115 1638; x_wconf 83' lang='lat' dir='ltr'>tum</span> <span class='ocrx_word' id='word_1_369' title='bbox 138 1611 226 1638; x_wconf 86' lang='lat' dir='ltr'>dedita</span> <span class='ocrx_word' id='word_1_370' title='bbox 247 1620 335 1646; x_wconf 80' lang='lat' dir='ltr'>opera,</span> <span class='ocrx_word' id='word_1_371' title='bbox 361 1609 562 1646; x_wconf 90' lang='lat' dir='ltr'>quiescentibus</span> <span class='ocrx_word' id='word_1_372' title='bbox 581 1609 650 1640; x_wconf 87' lang='lat' dir='ltr'>aliis,</span> <span class='ocrx_word' id='word_1_373' title='bbox 671 1609 698 1635; x_wconf 91' lang='lat' dir='ltr'>in</span> <span class='ocrx_word' id='word_1_374' title='bbox 717 1618 775 1635; x_wconf 92' lang='lat' dir='ltr'>cam</span> <span class='ocrx_word' id='word_1_375' title='bbox 789 1618 852 1636; x_wconf 82' lang='lat' dir='ltr'>exe-</span> 
     </span>
     <span class='ocr_line' id='line_1_50' title="bbox 59 1646 851 1683; baseline -0.004 -8"><span class='ocrx_word' id='word_1_376' title='bbox 59 1648 132 1675; x_wconf 87' lang='lat' dir='ltr'>dram</span> <span class='ocrx_word' id='word_1_377' title='bbox 151 1649 266 1680; x_wconf 89' lang='lat' dir='ltr'>venisse,</span> <span class='ocrx_word' id='word_1_378' title='bbox 286 1649 313 1675; x_wconf 90' lang='lat' dir='ltr'>in</span> <span class='ocrx_word' id='word_1_379' title='bbox 332 1657 385 1683; x_wconf 88' lang='lat' dir='ltr'>qua</span> <span class='ocrx_word' id='word_1_380' title='bbox 399 1648 511 1675; x_wconf 86' lang='lat' dir='ltr'>Crassus</span> <span class='ocrx_word' id='word_1_381' title='bbox 527 1646 623 1673; x_wconf 88' lang='lat' dir='ltr'>lectulo</span> <span class='ocrx_word' id='word_1_382' title='bbox 634 1647 720 1681; x_wconf 89' lang='lat' dir='ltr'>posito</span> <span class='ocrx_word' id='word_1_383' title='bbox 735 1647 851 1673; x_wconf 80' lang='lat' dir='ltr'>recubu-</span> 
     </span>
     <span class='ocr_line' id='line_1_51' title="bbox 59 1684 852 1721; baseline -0.003 -9"><span class='ocrx_word' id='word_1_384' title='bbox 59 1686 132 1717; x_wconf 84' lang='lat' dir='ltr'>isset,</span> <span class='ocrx_word' id='word_1_385' title='bbox 143 1694 283 1721; x_wconf 90' lang='lat' dir='ltr'>quumque</span> <span class='ocrx_word' id='word_1_386' title='bbox 297 1695 359 1712; x_wconf 89' lang='lat' dir='ltr'>eum</span> <span class='ocrx_word' id='word_1_387' title='bbox 373 1686 400 1712; x_wconf 92' lang='lat' dir='ltr'>in</span> <span class='ocrx_word' id='word_1_388' title='bbox 414 1685 571 1721; x_wconf 83' lang='lat' dir='ltr'>cogitatione</span> <span class='ocrx_word' id='word_1_389' title='bbox 585 1684 703 1710; x_wconf 80' lang='lat' dir='ltr'>defixum</span> <span class='ocrx_word' id='word_1_390' title='bbox 717 1693 776 1710; x_wconf 87' lang='lat' dir='ltr'>esse</span> <span class='ocrx_word' id='word_1_391' title='bbox 790 1693 852 1711; x_wconf 89' lang='lat' dir='ltr'>sen-</span> 
     </span>
     <span class='ocr_line' id='line_1_52' title="bbox 59 1721 851 1758; baseline -0.003 -8"><span class='ocrx_word' id='word_1_392' title='bbox 59 1724 145 1755; x_wconf 85' lang='lat' dir='ltr'>sisset,</span> <span class='ocrx_word' id='word_1_393' title='bbox 161 1724 249 1750; x_wconf 88' lang='lat' dir='ltr'>statim</span> <span class='ocrx_word' id='word_1_394' title='bbox 264 1723 406 1750; x_wconf 88' lang='lat' dir='ltr'>recessisse</span> <span class='ocrx_word' id='word_1_395' title='bbox 424 1727 503 1758; x_wconf 88' lang='lat' dir='ltr'>atque</span> <span class='ocrx_word' id='word_1_396' title='bbox 517 1722 543 1748; x_wconf 87' lang='lat' dir='ltr'>in</span> <span class='ocrx_word' id='word_1_397' title='bbox 558 1731 589 1748; x_wconf 92' lang='lat' dir='ltr'>eo</span> <span class='ocrx_word' id='word_1_398' title='bbox 602 1721 708 1748; x_wconf 90' lang='lat' dir='ltr'>silentio</span> <span class='ocrx_word' id='word_1_399' title='bbox 722 1721 788 1748; x_wconf 89' lang='lat' dir='ltr'>duas</span> <span class='ocrx_word' id='word_1_400' title='bbox 804 1722 851 1748; x_wconf 89' lang='lat' dir='ltr'>ho-</span> 
     </span>
     <span class='ocr_line' id='line_1_53' title="bbox 59 1759 851 1795; baseline -0.003 -8"><span class='ocrx_word' id='word_1_401' title='bbox 59 1769 101 1788; x_wconf 85' lang='lat' dir='ltr'>ras</span> <span class='ocrx_word' id='word_1_402' title='bbox 114 1760 169 1787; x_wconf 80' lang='lat' dir='ltr'>fere</span> <span class='ocrx_word' id='word_1_403' title='bbox 182 1769 240 1787; x_wconf 90' lang='lat' dir='ltr'>esse</span> <span class='ocrx_word' id='word_1_404' title='bbox 254 1765 433 1795; x_wconf 87' lang='lat' dir='ltr'>consumptas.</span> <span class='ocrx_word' id='word_1_405' title='bbox 455 1759 554 1786; x_wconf 87' lang='lat' dir='ltr'>Deinde</span> <span class='ocrx_word' id='word_1_406' title='bbox 567 1768 653 1794; x_wconf 92' lang='lat' dir='ltr'>quum</span> <span class='ocrx_word' id='word_1_407' title='bbox 664 1768 765 1790; x_wconf 87' lang='lat' dir='ltr'>omnes,</span> <span class='ocrx_word' id='word_1_408' title='bbox 775 1759 851 1785; x_wconf 79' lang='lat' dir='ltr'>incli-</span> 
     </span>
     <span class='ocr_line' id='line_1_54' title="bbox 60 1797 851 1833; baseline -0.003 -8"><span class='ocrx_word' id='word_1_409' title='bbox 60 1802 119 1825; x_wconf 79' lang='lat' dir='ltr'>nato</span> <span class='ocrx_word' id='word_1_410' title='bbox 136 1799 189 1825; x_wconf 87' lang='lat' dir='ltr'>iam</span> <span class='ocrx_word' id='word_1_411' title='bbox 208 1799 235 1825; x_wconf 90' lang='lat' dir='ltr'>in</span> <span class='ocrx_word' id='word_1_412' title='bbox 254 1798 466 1833; x_wconf 89' lang='lat' dir='ltr'>pomeridianum</span> <span class='ocrx_word' id='word_1_413' title='bbox 481 1802 587 1831; x_wconf 89' lang='lat' dir='ltr'>tempus</span> <span class='ocrx_word' id='word_1_414' title='bbox 600 1797 652 1828; x_wconf 92' lang='lat' dir='ltr'>die,</span> <span class='ocrx_word' id='word_1_415' title='bbox 670 1797 806 1823; x_wconf 85' lang='lat' dir='ltr'>venissent</span> <span class='ocrx_word' id='word_1_416' title='bbox 819 1797 851 1823; x_wconf 89' lang='lat' dir='ltr'>ad</span> 
     </span>
     <span class='ocr_line' id='line_1_55' title="bbox 60 1833 851 1869; baseline -0.003 -7"><span class='ocrx_word' id='word_1_417' title='bbox 60 1835 194 1867; x_wconf 87' lang='lat' dir='ltr'>Crassum,</span> <span class='ocrx_word' id='word_1_418' title='bbox 221 1834 292 1868; x_wconf 88' lang='lat' dir='ltr'>Quid</span> <span class='ocrx_word' id='word_1_419' title='bbox 315 1840 363 1866; x_wconf 90' lang='lat' dir='ltr'>est,</span> <span class='ocrx_word' id='word_1_420' title='bbox 389 1835 491 1866; x_wconf 90' lang='lat' dir='ltr'>Crasse,</span> <span class='ocrx_word' id='word_1_421' title='bbox 515 1834 604 1869; x_wconf 90' lang='lat' dir='ltr'>inquit</span> <span class='ocrx_word' id='word_1_422' title='bbox 626 1833 720 1865; x_wconf 87' lang='lat' dir='ltr'>Iulius,</span> <span class='ocrx_word' id='word_1_423' title='bbox 745 1835 851 1861; x_wconf 88' lang='lat' dir='ltr'>imusne</span> 
     </span>
     <span class='ocr_line' id='line_1_56' title="bbox 59 1871 849 1907; baseline -0.003 -7"><span class='ocrx_word' id='word_1_424' title='bbox 59 1872 182 1900; x_wconf 71' lang='lat' dir='ltr'>sessum?</span> <span class='ocrx_word' id='word_1_425' title='bbox 202 1873 250 1899; x_wconf 93' lang='lat' dir='ltr'>etsi</span> <span class='ocrx_word' id='word_1_426' title='bbox 264 1872 430 1900; x_wconf 89' lang='lat' dir='ltr'>admonitum</span> <span class='ocrx_word' id='word_1_427' title='bbox 445 1873 569 1899; x_wconf 86' lang='lat' dir='ltr'>venimus</span> <span class='ocrx_word' id='word_1_428' title='bbox 583 1876 616 1903; x_wconf 90' lang='lat' dir='ltr'>te,</span> <span class='ocrx_word' id='word_1_429' title='bbox 631 1880 683 1898; x_wconf 91' lang='lat' dir='ltr'>non</span> <span class='ocrx_word' id='word_1_430' title='bbox 693 1871 849 1907; x_wconf 75' lang='lat' dir='ltr'>flagitatum.</span> 
     </span>
     <span class='ocr_line' id='line_1_57' title="bbox 61 1909 852 1944; baseline -0.003 -7"><span class='ocrx_word' id='word_1_431' title='bbox 61 1912 100 1937; x_wconf 76' lang='lat'>⁴8.</span> <span class='ocrx_word' id='word_1_432' title='bbox 116 1911 184 1937; x_wconf 91' lang='lat' dir='ltr'>Tum</span> <span class='ocrx_word' id='word_1_433' title='bbox 199 1910 325 1938; x_wconf 86' lang='lat' dir='ltr'>Crassus:</span> <span class='ocrx_word' id='word_1_434' title='bbox 345 1910 385 1937; x_wconf 89' lang='lat' dir='ltr'>An</span> <span class='ocrx_word' id='word_1_435' title='bbox 399 1918 442 1936; x_wconf 92' lang='lat' dir='ltr'>me</span> <span class='ocrx_word' id='word_1_436' title='bbox 456 1914 509 1936; x_wconf 87' lang='lat' dir='ltr'>tam</span> <span class='ocrx_word' id='word_1_437' title='bbox 524 1909 708 1944; x_wconf 85' lang='lat' dir='ltr'>impudentem</span> <span class='ocrx_word' id='word_1_438' title='bbox 723 1918 781 1935; x_wconf 87' lang='lat' dir='ltr'>esse</span> <span class='ocrx_word' id='word_1_439' title='bbox 794 1909 852 1935; x_wconf 82' lang='lat' dir='ltr'>cxi-</span> 
     </span>
     <span class='ocr_line' id='line_1_58' title="bbox 59 1946 852 1982; baseline -0.003 -8"><span class='ocrx_word' id='word_1_440' title='bbox 59 1948 182 1979; x_wconf 84' lang='lat' dir='ltr'>stimatis‚</span> <span class='ocrx_word' id='word_1_441' title='bbox 203 1952 233 1974; x_wconf 93' lang='lat' dir='ltr'>ut</span> <span class='ocrx_word' id='word_1_442' title='bbox 246 1948 322 1974; x_wconf 89' lang='lat' dir='ltr'>vobis</span> <span class='ocrx_word' id='word_1_443' title='bbox 336 1947 386 1974; x_wconf 86' lang='lat' dir='ltr'>hoc</span> <span class='ocrx_word' id='word_1_444' title='bbox 400 1947 556 1982; x_wconf 87' lang='lat' dir='ltr'>praesertim</span> <span class='ocrx_word' id='word_1_445' title='bbox 570 1955 670 1973; x_wconf 91' lang='lat' dir='ltr'>munus</span> <span class='ocrx_word' id='word_1_446' title='bbox 684 1951 776 1981; x_wconf 83' lang='lat' dir='ltr'>putem</span> <span class='ocrx_word' id='word_1_447' title='bbox 790 1946 852 1973; x_wconf 89' lang='lat' dir='ltr'>diu-</span> 
     </span>
     <span class='ocr_line' id='line_1_59' title="bbox 60 1983 853 2020; baseline -0.004 -8"><span class='ocrx_word' id='word_1_448' title='bbox 60 1985 113 2012; x_wconf 87' lang='lat' dir='ltr'>tius</span> <span class='ocrx_word' id='word_1_449' title='bbox 127 1994 205 2020; x_wconf 89' lang='lat' dir='ltr'>posse</span> <span class='ocrx_word' id='word_1_450' title='bbox 219 1984 333 2012; x_wconf 76' lang='lat' dir='ltr'>debere?</span> <span class='ocrx_word' id='word_1_451' title='bbox 352 1984 468 2017; x_wconf 84' lang='lat' dir='ltr'>Quinam</span> <span class='ocrx_word' id='word_1_452' title='bbox 482 1985 572 2020; x_wconf 81' lang='lat' dir='ltr'>igitur,</span> <span class='ocrx_word' id='word_1_453' title='bbox 588 1984 677 2018; x_wconf 92' lang='lat' dir='ltr'>inquit</span> <span class='ocrx_word' id='word_1_454' title='bbox 690 1983 744 2015; x_wconf 92' lang='lat' dir='ltr'>ille,</span> <span class='ocrx_word' id='word_1_455' title='bbox 762 1983 853 2011; x_wconf 71' lang='lat' dir='ltr'>locus?</span> 
     </span>
     <span class='ocr_line' id='line_1_60' title="bbox 61 2021 853 2057; baseline -0.003 -8"><span class='ocrx_word' id='word_1_456' title='bbox 61 2030 92 2049; x_wconf 78' lang='lat' dir='ltr'>an</span> <span class='ocrx_word' id='word_1_457' title='bbox 106 2023 134 2049; x_wconf 91' lang='lat' dir='ltr'>in</span> <span class='ocrx_word' id='word_1_458' title='bbox 148 2022 235 2049; x_wconf 91' lang='lat' dir='ltr'>media</span> <span class='ocrx_word' id='word_1_459' title='bbox 249 2022 317 2049; x_wconf 90' lang='lat' dir='ltr'>silva</span> <span class='ocrx_word' id='word_1_460' title='bbox 331 2021 434 2057; x_wconf 83' lang='lat' dir='ltr'>placet‘?</span> <span class='ocrx_word' id='word_1_461' title='bbox 451 2026 492 2048; x_wconf 88' lang='lat' dir='ltr'>est</span> <span class='ocrx_word' id='word_1_462' title='bbox 504 2023 576 2048; x_wconf 90' lang='lat' dir='ltr'>enim</span> <span class='ocrx_word' id='word_1_463' title='bbox 590 2022 613 2047; x_wconf 93' lang='lat' dir='ltr'>is</span> <span class='ocrx_word' id='word_1_464' title='bbox 627 2021 743 2048; x_wconf 84' lang='lat' dir='ltr'>maxime</span> <span class='ocrx_word' id='word_1_465' title='bbox 755 2026 779 2048; x_wconf 87' lang='lat' dir='ltr'>et</span> <span class='ocrx_word' id='word_1_466' title='bbox 789 2030 853 2056; x_wconf 85' lang='lat' dir='ltr'>opa—</span> 
     </span>
     <span class='ocr_line' id='line_1_61' title="bbox 60 2059 852 2095; baseline -0.004 -8"><span class='ocrx_word' id='word_1_467' title='bbox 60 2067 106 2087; x_wconf 84' lang='lat' dir='ltr'>cus</span> <span class='ocrx_word' id='word_1_468' title='bbox 124 2063 150 2086; x_wconf 88' lang='lat' dir='ltr'>et</span> <span class='ocrx_word' id='word_1_469' title='bbox 163 2059 288 2095; x_wconf 76' lang='lat' dir='ltr'>frigidus.</span> <span class='ocrx_word' id='word_1_470' title='bbox 316 2059 394 2091; x_wconf 81' lang='lat' dir='ltr'>Sane,</span> <span class='ocrx_word' id='word_1_471' title='bbox 410 2059 499 2094; x_wconf 89' lang='lat' dir='ltr'>inquit</span> <span class='ocrx_word' id='word_1_472' title='bbox 512 2059 638 2091; x_wconf 88' lang='lat' dir='ltr'>Crassus;</span> <span class='ocrx_word' id='word_1_473' title='bbox 660 2059 757 2084; x_wconf 87' lang='lat' dir='ltr'>etenim</span> <span class='ocrx_word' id='word_1_474' title='bbox 772 2064 811 2085; x_wconf 82' lang='lat' dir='ltr'>cst</span> <span class='ocrx_word' id='word_1_475' title='bbox 826 2059 852 2085; x_wconf 84' lang='lat' dir='ltr'>in</span> 
     </span>
    </p>
   </div>
   <div class='ocr_carea' id='block_1_10' title="bbox 60 2133 853 2169">
    <p class='ocr_par' dir='ltr' id='par_1_11' title="bbox 60 2133 853 2169">
     <span class='ocr_line' id='line_1_62' title="bbox 60 2133 853 2169; baseline -0.003 -8"><span class='ocrx_word' id='word_1_476' title='bbox 60 2133 149 2167; x_wconf 86' lang='lat' dir='ltr'>Quum</span> <span class='ocrx_word' id='word_1_477' title='bbox 171 2133 316 2169; x_wconf 87' lang='lat' dir='ltr'>placuisset</span> <span class='ocrx_word' id='word_1_478' title='bbox 338 2133 410 2160; x_wconf 90' lang='lat' dir='ltr'>idem</span> <span class='ocrx_word' id='word_1_479' title='bbox 432 2134 535 2165; x_wconf 88' lang='lat' dir='ltr'>ceteris,</span> <span class='ocrx_word' id='word_1_480' title='bbox 557 2134 583 2160; x_wconf 96' lang='lat' dir='ltr'>in</span> <span class='ocrx_word' id='word_1_481' title='bbox 598 2133 692 2160; x_wconf 89' lang='lat' dir='ltr'>silvam</span> <span class='ocrx_word' id='word_1_482' title='bbox 709 2134 814 2160; x_wconf 81' lang='lat' dir='ltr'>venitur</span> <span class='ocrx_word' id='word_1_483' title='bbox 828 2137 853 2160; x_wconf 86' lang='lat' dir='ltr'>et</span> 
     </span>
    </p>
   </div>
   <div class='ocr_carea' id='block_1_11' title="bbox 116 2207 852 2243">
    <p class='ocr_par' dir='ltr' id='par_1_12' title="bbox 116 2207 852 2243">
     <span class='ocr_line' id='line_1_63' title="bbox 116 2207 852 2243; baseline -0.001 -8"><span class='ocrx_word' id='word_1_484' title='bbox 116 2210 157 2235; x_wconf 75' lang='lat'>⁴9.</span> <span class='ocrx_word' id='word_1_485' title='bbox 172 2209 240 2235; x_wconf 91' lang='lat' dir='ltr'>Tum</span> <span class='ocrx_word' id='word_1_486' title='bbox 255 2208 376 2239; x_wconf 82' lang='lat' dir='ltr'>Crassus,</span> <span class='ocrx_word' id='word_1_487' title='bbox 391 2207 482 2240; x_wconf 88' lang='lat' dir='ltr'>Quum</span> <span class='ocrx_word' id='word_1_488' title='bbox 496 2209 637 2235; x_wconf 86' lang='lat' dir='ltr'>auctoritas</span> <span class='ocrx_word' id='word_1_489' title='bbox 647 2212 727 2243; x_wconf 88' lang='lat' dir='ltr'>atque</span> <span class='ocrx_word' id='word_1_490' title='bbox 737 2209 852 2234; x_wconf 81' lang='lat' dir='ltr'>amicitia</span> 
     </span>
    </p>
   </div>
   <div class='ocr_carea' id='block_1_12' title="bbox 870 204 877 2314">
    <p class='ocr_par' dir='ltr' id='par_1_13' title="bbox 870 204 877 2314">
     <span class='ocr_line' id='line_1_64' title="bbox 870 204 877 2314; baseline 0 0"><span class='ocrx_word' id='word_1_491' title='bbox 870 204 877 2314; x_wconf 95' lang='lat' dir='ltr'> </span> 
     </span>
    </p>
   </div>
   <div class='ocr_carea' id='block_1_13' title="bbox 62 2245 852 2280">
    <p class='ocr_par' dir='ltr' id='par_1_14' title="bbox 62 2245 852 2280">
     <span class='ocr_line' id='line_1_65' title="bbox 62 2245 852 2280; baseline -0.001 -7"><span class='ocrx_word' id='word_1_492' title='bbox 62 2250 147 2273; x_wconf 82' lang='lat' dir='ltr'>vestra</span> <span class='ocrx_word' id='word_1_493' title='bbox 165 2250 224 2273; x_wconf 90' lang='lat' dir='ltr'>tum</span> <span class='ocrx_word' id='word_1_494' title='bbox 241 2246 350 2272; x_wconf 85' lang='lat' dir='ltr'>Antonii</span> <span class='ocrx_word' id='word_1_495' title='bbox 368 2245 480 2272; x_wconf 80' lang='lat' dir='ltr'>facilitas</span> <span class='ocrx_word' id='word_1_496' title='bbox 498 2246 605 2280; x_wconf 90' lang='lat' dir='ltr'>eripuit,</span> <span class='ocrx_word' id='word_1_497' title='bbox 627 2245 723 2280; x_wconf 84' lang='lat' dir='ltr'>inquit,</span> <span class='ocrx_word' id='word_1_498' title='bbox 744 2246 810 2272; x_wconf 89' lang='lat' dir='ltr'>mihi</span> <span class='ocrx_word' id='word_1_499' title='bbox 825 2246 852 2272; x_wconf 89' lang='lat' dir='ltr'>iu</span> 
     </span>
    </p>
   </div>
   <div class='ocr_carea' id='block_1_14' title="bbox 62 2394 855 2542">
    <p class='ocr_par' dir='ltr' id='par_1_15' title="bbox 62 2394 855 2542">
     <span class='ocr_line' id='line_1_66' title="bbox 62 2394 853 2430; baseline -0.001 -8"><span class='ocrx_word' id='word_1_500' title='bbox 62 2394 230 2430; x_wconf 82' lang='lat' dir='ltr'>relinqueret,</span> <span class='ocrx_word' id='word_1_501' title='bbox 247 2400 276 2422; x_wconf 90' lang='lat' dir='ltr'>ut</span> <span class='ocrx_word' id='word_1_502' title='bbox 289 2395 459 2430; x_wconf 87' lang='lat' dir='ltr'>explicarem,</span> <span class='ocrx_word' id='word_1_503' title='bbox 472 2394 698 2430; x_wconf 88' lang='lat' dir='ltr'>quemadmodum</span> <span class='ocrx_word' id='word_1_504' title='bbox 712 2394 756 2421; x_wconf 87' lang='lat' dir='ltr'>illa</span> <span class='ocrx_word' id='word_1_505' title='bbox 766 2395 853 2421; x_wconf 80' lang='lat' dir='ltr'>ornari</span> 
     </span>
     <span class='ocr_line' id='line_1_67' title="bbox 62 2432 852 2468; baseline -0.001 -9"><span class='ocrx_word' id='word_1_506' title='bbox 62 2436 199 2467; x_wconf 84' lang='lat' dir='ltr'>oporteret,</span> <span class='ocrx_word' id='word_1_507' title='bbox 215 2441 244 2459; x_wconf 88' lang='lat' dir='ltr'>ea</span> <span class='ocrx_word' id='word_1_508' title='bbox 258 2433 359 2463; x_wconf 88' lang='lat' dir='ltr'>divisit,</span> <span class='ocrx_word' id='word_1_509' title='bbox 375 2441 444 2468; x_wconf 89' lang='lat' dir='ltr'>quae</span> <span class='ocrx_word' id='word_1_510' title='bbox 458 2432 578 2458; x_wconf 87' lang='lat' dir='ltr'>seiuncta</span> <span class='ocrx_word' id='word_1_511' title='bbox 591 2440 649 2458; x_wconf 86' lang='lat' dir='ltr'>esse</span> <span class='ocrx_word' id='word_1_512' title='bbox 664 2440 716 2458; x_wconf 91' lang='lat' dir='ltr'>non</span> <span class='ocrx_word' id='word_1_513' title='bbox 730 2437 852 2466; x_wconf 86' lang='lat' dir='ltr'>possunt.</span> 
     </span>
     <span class='ocr_line' id='line_1_68' title="bbox 63 2468 851 2505; baseline -0.001 -9"><span class='ocrx_word' id='word_1_514' title='bbox 63 2468 128 2496; x_wconf 80' lang='lat' dir='ltr'>Nam</span> <span class='ocrx_word' id='word_1_515' title='bbox 145 2478 231 2505; x_wconf 91' lang='lat' dir='ltr'>quum</span> <span class='ocrx_word' id='word_1_516' title='bbox 249 2471 336 2497; x_wconf 86' lang='lat' dir='ltr'>omnis</span> <span class='ocrx_word' id='word_1_517' title='bbox 354 2478 388 2497; x_wconf 86' lang='lat' dir='ltr'>ex</span> <span class='ocrx_word' id='word_1_518' title='bbox 406 2479 433 2496; x_wconf 91' lang='lat' dir='ltr'>re</span> <span class='ocrx_word' id='word_1_519' title='bbox 451 2474 530 2504; x_wconf 90' lang='lat' dir='ltr'>atquc</span> <span class='ocrx_word' id='word_1_520' title='bbox 545 2469 632 2495; x_wconf 81' lang='lat' dir='ltr'>verbis</span> <span class='ocrx_word' id='word_1_521' title='bbox 647 2474 748 2495; x_wconf 84' lang='lat' dir='ltr'>constet</span> <span class='ocrx_word' id='word_1_522' title='bbox 761 2470 851 2500; x_wconf 84' lang='lat' dir='ltr'>oratio,</span> 
     </span>
     <span class='ocr_line' id='line_1_69' title="bbox 63 2506 855 2542; baseline -0.001 -9"><span class='ocrx_word' id='word_1_523' title='bbox 63 2514 149 2542; x_wconf 85' lang='lat' dir='ltr'>neque</span> <span class='ocrx_word' id='word_1_524' title='bbox 166 2507 246 2534; x_wconf 90' lang='lat' dir='ltr'>verba</span> <span class='ocrx_word' id='word_1_525' title='bbox 264 2507 355 2534; x_wconf 84' lang='lat' dir='ltr'>sedem</span> <span class='ocrx_word' id='word_1_526' title='bbox 374 2507 472 2534; x_wconf 83' lang='lat' dir='ltr'>habere</span> <span class='ocrx_word' id='word_1_527' title='bbox 489 2511 610 2542; x_wconf 84' lang='lat' dir='ltr'>possunt,</span> <span class='ocrx_word' id='word_1_528' title='bbox 632 2506 654 2532; x_wconf 84' lang='lat' dir='ltr'>si</span> <span class='ocrx_word' id='word_1_529' title='bbox 673 2514 729 2532; x_wconf 86' lang='lat' dir='ltr'>rem</span> <span class='ocrx_word' id='word_1_530' title='bbox 747 2506 855 2532; x_wconf 87' lang='lat' dir='ltr'>subtra-</span> 
     </span>
    </p>
   </div>
   <div class='ocr_carea' id='block_1_15' title="bbox 62 2580 854 2617">
    <p class='ocr_par' dir='ltr' id='par_1_16' title="bbox 62 2580 854 2617">
     <span class='ocr_line' id='line_1_70' title="bbox 62 2580 854 2617; baseline -0.003 -9"><span class='ocrx_word' id='word_1_531' title='bbox 62 2580 129 2608; x_wconf 83' lang='lat' dir='ltr'>mihi</span> <span class='ocrx_word' id='word_1_532' title='bbox 142 2582 252 2617; x_wconf 87' lang='lat' dir='ltr'>quidem</span> <span class='ocrx_word' id='word_1_533' title='bbox 266 2586 368 2608; x_wconf 89' lang='lat' dir='ltr'>veteres</span> <span class='ocrx_word' id='word_1_534' title='bbox 381 2581 421 2608; x_wconf 91' lang='lat' dir='ltr'>illi</span> <span class='ocrx_word' id='word_1_535' title='bbox 435 2582 523 2608; x_wconf 88' lang='lat' dir='ltr'>maius</span> <span class='ocrx_word' id='word_1_536' title='bbox 536 2580 666 2616; x_wconf 87' lang='lat' dir='ltr'>quiddam</span> <span class='ocrx_word' id='word_1_537' title='bbox 680 2581 769 2607; x_wconf 90' lang='lat' dir='ltr'>animo</span> <span class='ocrx_word' id='word_1_538' title='bbox 782 2589 854 2607; x_wconf 90' lang='lat' dir='ltr'>com-</span> 
     </span>
    </p>
   </div>
   <div class='ocr_carea' id='block_1_16' title="bbox 870 204 878 2674">
    <p class='ocr_par' dir='ltr' id='par_1_17' title="bbox 870 204 878 2674">
     <span class='ocr_line' id='line_1_71' title="bbox 870 204 878 2674; baseline 0 0"><span class='ocrx_word' id='word_1_539' title='bbox 870 204 878 2674; x_wconf 95' lang='lat' dir='ltr'> </span> 
     </span>
    </p>
   </div>
   <div class='ocr_carea' id='block_1_17' title="bbox 876 250 878 272">
    <p class='ocr_par' dir='ltr' id='par_1_18' title="bbox 876 250 878 272">
     <span class='ocr_line' id='line_1_72' title="bbox 876 250 878 259; baseline 0 0"><span class='ocrx_word' id='word_1_540' title='bbox 876 250 878 259; x_wconf 64' lang='lat' dir='ltr'>x</span> 
     </span>
     <span class='ocr_line' id='line_1_73' title="bbox 876 261 878 272; baseline 0 0"><span class='ocrx_word' id='word_1_541' title='bbox 876 261 878 272; x_wconf 71' lang='lat' dir='ltr'>t</span> 
     </span>
    </p>
   </div>
   <div class='ocr_carea' id='block_1_18' title="bbox 876 290 878 311">
    <p class='ocr_par' dir='ltr' id='par_1_19' title="bbox 876 290 878 311">
     <span class='ocr_line' id='line_1_74' title="bbox 876 290 878 311; baseline 0 0"><span class='ocrx_word' id='word_1_542' title='bbox 876 290 878 311; x_wconf 66' lang='lat' dir='ltr'>l</span> 
     </span>
    </p>
   </div>
   <div class='ocr_carea' id='block_1_19' title="bbox 876 192 880 880">
    <p class='ocr_par' dir='ltr' id='par_1_20' title="bbox 876 192 880 880">
     <span class='ocr_line' id='line_1_75' title="bbox 876 192 880 880; baseline 0 0"><span class='ocrx_word' id='word_1_543' title='bbox 876 192 880 880; x_wconf 95' lang='lat' dir='ltr'> </span> 
     </span>
    </p>
   </div>
   <div class='ocr_carea' id='block_1_20' title="bbox 1250 124 1265 131">
    <p class='ocr_par' dir='ltr' id='par_1_21' title="bbox 1250 124 1265 131">
     <span class='ocr_line' id='line_1_76' title="bbox 1250 124 1265 131; baseline 0 0"><span class='ocrx_word' id='word_1_544' title='bbox 1250 124 1265 131; x_wconf 73' lang='grc' dir='ltr'>ι-</span> 
     </span>
    </p>
   </div>
   <div class='ocr_carea' id='block_1_21' title="bbox 938 122 1275 149">
    <p class='ocr_par' dir='ltr' id='par_1_22' title="bbox 938 122 1275 149">
     <span class='ocr_line' id='line_1_77' title="bbox 938 122 1275 149; baseline 0.003 -1"><span class='ocrx_word' id='word_1_545' title='bbox 938 122 1275 149; x_wconf 57' lang='lat' dir='ltr'>lucaei-1.</span> 
     </span>
    </p>
   </div>
   <div class='ocr_carea' id='block_1_22' title="bbox 1641 127 1687 151">
    <p class='ocr_par' dir='ltr' id='par_1_23' title="bbox 1641 127 1687 151">
     <span class='ocr_line' id='line_1_78' title="bbox 1641 127 1687 151; baseline 0 0"><span class='ocrx_word' id='word_1_546' title='bbox 1641 127 1687 151; x_wconf 71' lang='lat'>⁴09</span> 
     </span>
    </p>
   </div>
   <div class='ocr_carea' id='block_1_23' title="bbox 899 193 1690 265">
    <p class='ocr_par' dir='ltr' id='par_1_24' title="bbox 899 193 1690 265">
     <span class='ocr_line' id='line_1_79' title="bbox 899 193 1688 228; baseline 0.003 -9"><span class='ocrx_word' id='word_1_547' title='bbox 899 193 987 219; x_wconf 90' lang='lat' dir='ltr'>omnia</span> <span class='ocrx_word' id='word_1_548' title='bbox 1006 193 1079 224; x_wconf 88' lang='lat' dir='ltr'>haec,</span> <span class='ocrx_word' id='word_1_549' title='bbox 1095 202 1163 228; x_wconf 90' lang='lat' dir='ltr'>quae</span> <span class='ocrx_word' id='word_1_550' title='bbox 1180 201 1261 228; x_wconf 85' lang='lat' dir='ltr'>supra</span> <span class='ocrx_word' id='word_1_551' title='bbox 1275 198 1299 219; x_wconf 89' lang='lat' dir='ltr'>et</span> <span class='ocrx_word' id='word_1_552' title='bbox 1313 193 1411 224; x_wconf 78' lang='lat' dir='ltr'>subter,</span> <span class='ocrx_word' id='word_1_553' title='bbox 1429 202 1513 220; x_wconf 90' lang='lat' dir='ltr'>unum</span> <span class='ocrx_word' id='word_1_554' title='bbox 1528 203 1585 220; x_wconf 89' lang='lat' dir='ltr'>esse</span> <span class='ocrx_word' id='word_1_555' title='bbox 1599 200 1622 220; x_wconf 90' lang='lat' dir='ltr'>et</span> <span class='ocrx_word' id='word_1_556' title='bbox 1639 204 1688 222; x_wconf 88' lang='lat' dir='ltr'>una</span> 
     </span>
     <span class='ocr_line' id='line_1_80' title="bbox 902 231 1690 265; baseline 0.003 -9"><span class='ocrx_word' id='word_1_557' title='bbox 902 231 927 256; x_wconf 80' lang='lat' dir='ltr'>vi</span> <span class='ocrx_word' id='word_1_558' title='bbox 945 235 1024 265; x_wconf 85' lang='lat' dir='ltr'>atque</span> <span class='ocrx_word' id='word_1_559' title='bbox 1043 239 1095 256; x_wconf 89' lang='lat' dir='ltr'>una</span> <span class='ocrx_word' id='word_1_560' title='bbox 1113 231 1285 257; x_wconf 85' lang='lat' dir='ltr'>consensione</span> <span class='ocrx_word' id='word_1_561' title='bbox 1300 235 1407 256; x_wconf 89' lang='lat' dir='ltr'>naturae</span> <span class='ocrx_word' id='word_1_562' title='bbox 1424 233 1563 257; x_wconf 85' lang='lat' dir='ltr'>constricta</span> <span class='ocrx_word' id='word_1_563' title='bbox 1577 241 1635 258; x_wconf 87' lang='lat' dir='ltr'>esse</span> <span class='ocrx_word' id='word_1_564' title='bbox 1649 233 1690 259; x_wconf 90' lang='lat' dir='ltr'>di—</span> 
     </span>
    </p>
   </div>
   <div class='ocr_carea' id='block_1_24' title="bbox 876 267 1689 304">
    <p class='ocr_par' dir='ltr' id='par_1_25' title="bbox 876 267 1689 304">
     <span class='ocr_line' id='line_1_81' title="bbox 876 267 1689 304; baseline 0.004 -11"><span class='ocrx_word' id='word_1_565' title='bbox 876 279 878 287; x_wconf 46' lang='lat' dir='ltr'>i</span> <span class='ocrx_word' id='word_1_566' title='bbox 901 272 1006 293; x_wconf 77' lang='lat' dir='ltr'>xerunt.</span> <span class='ocrx_word' id='word_1_567' title='bbox 1040 267 1152 294; x_wconf 74' lang='lat' dir='ltr'>Nullum</span> <span class='ocrx_word' id='word_1_568' title='bbox 1176 272 1215 294; x_wconf 81' lang='lat' dir='ltr'>est</span> <span class='ocrx_word' id='word_1_569' title='bbox 1239 268 1309 294; x_wconf 92' lang='lat' dir='ltr'>enim</span> <span class='ocrx_word' id='word_1_570' title='bbox 1333 277 1419 303; x_wconf 77' lang='lat' dir='ltr'>genus</span> <span class='ocrx_word' id='word_1_571' title='bbox 1438 277 1535 299; x_wconf 87' lang='lat' dir='ltr'>rerum,</span> <span class='ocrx_word' id='word_1_572' title='bbox 1555 269 1627 304; x_wconf 90' lang='lat' dir='ltr'>quod</span> <span class='ocrx_word' id='word_1_573' title='bbox 1646 275 1689 296; x_wconf 90' lang='lat' dir='ltr'>aut</span> 
     </span>
    </p>
   </div>
   <div class='ocr_carea' id='block_1_25' title="bbox 901 304 1693 937">
    <p class='ocr_par' dir='ltr' id='par_1_26' title="bbox 901 304 1693 937">
     <span class='ocr_line' id='line_1_82' title="bbox 901 304 1691 341; baseline 0.003 -11"><span class='ocrx_word' id='word_1_574' title='bbox 901 304 1025 330; x_wconf 91' lang='lat' dir='ltr'>avulsum</span> <span class='ocrx_word' id='word_1_575' title='bbox 1045 313 1058 330; x_wconf 96' lang='lat' dir='ltr'>a</span> <span class='ocrx_word' id='word_1_576' title='bbox 1072 306 1166 331; x_wconf 88' lang='lat' dir='ltr'>ceteris</span> <span class='ocrx_word' id='word_1_577' title='bbox 1180 314 1226 339; x_wconf 89' lang='lat' dir='ltr'>per</span> <span class='ocrx_word' id='word_1_578' title='bbox 1240 306 1359 339; x_wconf 87' lang='lat' dir='ltr'>seipsum</span> <span class='ocrx_word' id='word_1_579' title='bbox 1374 310 1494 331; x_wconf 86' lang='lat' dir='ltr'>constare</span> <span class='ocrx_word' id='word_1_580' title='bbox 1511 311 1564 336; x_wconf 89' lang='lat' dir='ltr'>aut,</span> <span class='ocrx_word' id='word_1_581' title='bbox 1581 315 1635 341; x_wconf 92' lang='lat' dir='ltr'>quo</span> <span class='ocrx_word' id='word_1_582' title='bbox 1648 315 1691 332; x_wconf 86' lang='lat' dir='ltr'>ce-</span> 
     </span>
     <span class='ocr_line' id='line_1_83' title="bbox 902 342 1691 377; baseline 0.004 -10"><span class='ocrx_word' id='word_1_583' title='bbox 902 346 954 367; x_wconf 90' lang='lat' dir='ltr'>tera</span> <span class='ocrx_word' id='word_1_584' title='bbox 969 342 991 367; x_wconf 94' lang='lat' dir='ltr'>si</span> <span class='ocrx_word' id='word_1_585' title='bbox 1006 346 1118 373; x_wconf 84' lang='lat' dir='ltr'>careant,</span> <span class='ocrx_word' id='word_1_586' title='bbox 1140 343 1194 368; x_wconf 83' lang='lat' dir='ltr'>vim</span> <span class='ocrx_word' id='word_1_587' title='bbox 1209 351 1285 368; x_wconf 81' lang='lat' dir='ltr'>suam</span> <span class='ocrx_word' id='word_1_588' title='bbox 1299 347 1377 377; x_wconf 85' lang='lat' dir='ltr'>atque</span> <span class='ocrx_word' id='word_1_589' title='bbox 1391 344 1570 369; x_wconf 88' lang='lat' dir='ltr'>aeternitatem</span> <span class='ocrx_word' id='word_1_590' title='bbox 1585 352 1691 370; x_wconf 87' lang='lat' dir='ltr'>conser-</span> 
     </span>
     <span class='ocr_line' id='line_1_84' title="bbox 902 380 1691 413; baseline 0.004 -9"><span class='ocrx_word' id='word_1_591' title='bbox 902 387 962 404; x_wconf 80' lang='lat' dir='ltr'>vare</span> <span class='ocrx_word' id='word_1_592' title='bbox 977 380 1089 413; x_wconf 82' lang='lat' dir='ltr'>possint.</span> <span class='ocrx_word' id='word_1_593' title='bbox 1112 380 1154 406; x_wconf 81' lang='lat' dir='ltr'>VI.</span> <span class='ocrx_word' id='word_1_594' title='bbox 1170 381 1212 405; x_wconf 72' lang='lat'>21.</span> <span class='ocrx_word' id='word_1_595' title='bbox 1228 380 1281 406; x_wconf 85' lang='lat' dir='ltr'>Sed</span> <span class='ocrx_word' id='word_1_596' title='bbox 1295 380 1317 406; x_wconf 92' lang='lat' dir='ltr'>si</span> <span class='ocrx_word' id='word_1_597' title='bbox 1332 380 1396 406; x_wconf 88' lang='lat' dir='ltr'>haec</span> <span class='ocrx_word' id='word_1_598' title='bbox 1409 381 1493 406; x_wconf 90' lang='lat' dir='ltr'>maior</span> <span class='ocrx_word' id='word_1_599' title='bbox 1506 389 1564 406; x_wconf 88' lang='lat' dir='ltr'>esse</span> <span class='ocrx_word' id='word_1_600' title='bbox 1576 381 1640 407; x_wconf 87' lang='lat' dir='ltr'>ratio</span> <span class='ocrx_word' id='word_1_601' title='bbox 1651 382 1691 407; x_wconf 77' lang='lat' dir='ltr'>vi-</span> 
     </span>
     <span class='ocr_line' id='line_1_85' title="bbox 901 416 1691 453; baseline 0.004 -12"><span class='ocrx_word' id='word_1_602' title='bbox 901 416 986 447; x_wconf 89' lang='lat' dir='ltr'>detur,</span> <span class='ocrx_word' id='word_1_603' title='bbox 1003 425 1083 450; x_wconf 88' lang='lat' dir='ltr'>quam</span> <span class='ocrx_word' id='word_1_604' title='bbox 1098 421 1127 443; x_wconf 93' lang='lat' dir='ltr'>ut</span> <span class='ocrx_word' id='word_1_605' title='bbox 1141 417 1279 443; x_wconf 87' lang='lat' dir='ltr'>hominum</span> <span class='ocrx_word' id='word_1_606' title='bbox 1291 417 1374 451; x_wconf 86' lang='lat' dir='ltr'>possit</span> <span class='ocrx_word' id='word_1_607' title='bbox 1388 426 1468 444; x_wconf 88' lang='lat' dir='ltr'>sensu</span> <span class='ocrx_word' id='word_1_608' title='bbox 1479 422 1523 444; x_wconf 89' lang='lat' dir='ltr'>aut</span> <span class='ocrx_word' id='word_1_609' title='bbox 1534 418 1691 453; x_wconf 74' lang='lat' dir='ltr'>cogitatione</span> 
     </span>
     <span class='ocr_line' id='line_1_86' title="bbox 901 453 1692 487; baseline 0.004 -9"><span class='ocrx_word' id='word_1_610' title='bbox 901 453 1100 487; x_wconf 83' lang='lat' dir='ltr'>comprehendi,</span> <span class='ocrx_word' id='word_1_611' title='bbox 1121 459 1160 480; x_wconf 85' lang='lat' dir='ltr'>est</span> <span class='ocrx_word' id='word_1_612' title='bbox 1173 454 1252 480; x_wconf 88' lang='lat' dir='ltr'>etiam</span> <span class='ocrx_word' id='word_1_613' title='bbox 1267 454 1311 480; x_wconf 87' lang='lat' dir='ltr'>illa</span> <span class='ocrx_word' id='word_1_614' title='bbox 1324 454 1440 480; x_wconf 88' lang='lat' dir='ltr'>Platonis</span> <span class='ocrx_word' id='word_1_615' title='bbox 1455 464 1514 481; x_wconf 85' lang='lat' dir='ltr'>vera</span> <span class='ocrx_word' id='word_1_616' title='bbox 1530 460 1554 481; x_wconf 92' lang='lat' dir='ltr'>et</span> <span class='ocrx_word' id='word_1_617' title='bbox 1569 455 1625 487; x_wconf 87' lang='lat' dir='ltr'>tibi,</span> <span class='ocrx_word' id='word_1_618' title='bbox 1643 456 1692 482; x_wconf 84' lang='lat' dir='ltr'>Ca-</span> 
     </span>
     <span class='ocr_line' id='line_1_87' title="bbox 902 490 1692 522; baseline 0.004 -7"><span class='ocrx_word' id='word_1_619' title='bbox 902 490 964 521; x_wconf 86' lang='lat' dir='ltr'>tule,</span> <span class='ocrx_word' id='word_1_620' title='bbox 987 495 1055 516; x_wconf 90' lang='lat' dir='ltr'>certe</span> <span class='ocrx_word' id='word_1_621' title='bbox 1074 500 1126 517; x_wconf 90' lang='lat' dir='ltr'>non</span> <span class='ocrx_word' id='word_1_622' title='bbox 1144 491 1262 517; x_wconf 89' lang='lat' dir='ltr'>inaudita</span> <span class='ocrx_word' id='word_1_623' title='bbox 1282 500 1340 522; x_wconf 74' lang='lat' dir='ltr'>vox,</span> <span class='ocrx_word' id='word_1_624' title='bbox 1361 500 1466 518; x_wconf 90' lang='lat' dir='ltr'>omnem</span> <span class='ocrx_word' id='word_1_625' title='bbox 1485 492 1631 519; x_wconf 82' lang='lat' dir='ltr'>doctrinam</span> <span class='ocrx_word' id='word_1_626' title='bbox 1645 493 1692 518; x_wconf 87' lang='lat' dir='ltr'>ha-</span> 
     </span>
     <span class='ocr_line' id='line_1_88' title="bbox 902 528 1691 565; baseline 0.004 -12"><span class='ocrx_word' id='word_1_627' title='bbox 902 536 960 553; x_wconf 88' lang='lat' dir='ltr'>rum</span> <span class='ocrx_word' id='word_1_628' title='bbox 975 528 1152 563; x_wconf 79' lang='lat' dir='ltr'>ingenuarum</span> <span class='ocrx_word' id='word_1_629' title='bbox 1166 533 1191 554; x_wconf 88' lang='lat' dir='ltr'>et</span> <span class='ocrx_word' id='word_1_630' title='bbox 1205 529 1381 554; x_wconf 83' lang='lat' dir='ltr'>humanarum</span> <span class='ocrx_word' id='word_1_631' title='bbox 1395 530 1490 555; x_wconf 89' lang='lat' dir='ltr'>artium</span> <span class='ocrx_word' id='word_1_632' title='bbox 1511 539 1562 556; x_wconf 86' lang='lat' dir='ltr'>uno</span> <span class='ocrx_word' id='word_1_633' title='bbox 1575 530 1691 565; x_wconf 88' lang='lat' dir='ltr'>quodam</span> 
     </span>
     <span class='ocr_line' id='line_1_89' title="bbox 901 565 1691 602; baseline 0.004 -12"><span class='ocrx_word' id='word_1_634' title='bbox 901 565 1032 590; x_wconf 89' lang='lat' dir='ltr'>societatis</span> <span class='ocrx_word' id='word_1_635' title='bbox 1047 565 1155 591; x_wconf 87' lang='lat' dir='ltr'>vinculo</span> <span class='ocrx_word' id='word_1_636' title='bbox 1168 566 1306 591; x_wconf 86' lang='lat' dir='ltr'>contineri.</span> <span class='ocrx_word' id='word_1_637' title='bbox 1340 566 1389 592; x_wconf 82' lang='lat' dir='ltr'>Ubi</span> <span class='ocrx_word' id='word_1_638' title='bbox 1409 567 1479 592; x_wconf 87' lang='lat' dir='ltr'>enim</span> <span class='ocrx_word' id='word_1_639' title='bbox 1499 572 1636 602; x_wconf 88' lang='lat' dir='ltr'>perspecta</span> <span class='ocrx_word' id='word_1_640' title='bbox 1650 568 1691 593; x_wconf 82' lang='lat' dir='ltr'>vis</span> 
     </span>
     <span class='ocr_line' id='line_1_90' title="bbox 902 602 1693 639; baseline 0.005 -12"><span class='ocrx_word' id='word_1_641' title='bbox 902 606 941 627; x_wconf 89' lang='lat' dir='ltr'>est</span> <span class='ocrx_word' id='word_1_642' title='bbox 954 602 1062 627; x_wconf 90' lang='lat' dir='ltr'>rationis</span> <span class='ocrx_word' id='word_1_643' title='bbox 1076 602 1143 633; x_wconf 82' lang='lat' dir='ltr'>eius,</span> <span class='ocrx_word' id='word_1_644' title='bbox 1164 611 1215 637; x_wconf 87' lang='lat' dir='ltr'>qua</span> <span class='ocrx_word' id='word_1_645' title='bbox 1230 612 1338 629; x_wconf 85' lang='lat' dir='ltr'>caussae</span> <span class='ocrx_word' id='word_1_646' title='bbox 1352 612 1439 629; x_wconf 88' lang='lat' dir='ltr'>rerum</span> <span class='ocrx_word' id='word_1_647' title='bbox 1455 608 1533 639; x_wconf 87' lang='lat' dir='ltr'>atquc</span> <span class='ocrx_word' id='word_1_648' title='bbox 1547 605 1634 630; x_wconf 81' lang='lat' dir='ltr'>exitus</span> <span class='ocrx_word' id='word_1_649' title='bbox 1649 613 1693 631; x_wconf 91' lang='lat' dir='ltr'>co-</span> 
     </span>
     <span class='ocr_line' id='line_1_91' title="bbox 901 640 1692 675; baseline 0.005 -11"><span class='ocrx_word' id='word_1_650' title='bbox 901 643 1074 673; x_wconf 78' lang='lat' dir='ltr'>gnoscuntur,</span> <span class='ocrx_word' id='word_1_651' title='bbox 1095 640 1179 665; x_wconf 89' lang='lat' dir='ltr'>mirus</span> <span class='ocrx_word' id='word_1_652' title='bbox 1197 640 1306 674; x_wconf 87' lang='lat' dir='ltr'>quidam</span> <span class='ocrx_word' id='word_1_653' title='bbox 1321 641 1441 666; x_wconf 85' lang='lat' dir='ltr'>omnium</span> <span class='ocrx_word' id='word_1_654' title='bbox 1455 642 1531 675; x_wconf 86' lang='lat' dir='ltr'>quasi</span> <span class='ocrx_word' id='word_1_655' title='bbox 1546 650 1692 668; x_wconf 80' lang='lat' dir='ltr'>consensus</span> 
     </span>
     <span class='ocr_line' id='line_1_92' title="bbox 901 676 1693 712; baseline 0.005 -11"><span class='ocrx_word' id='word_1_656' title='bbox 901 676 1079 702; x_wconf 86' lang='lat' dir='ltr'>doctrinarum</span> <span class='ocrx_word' id='word_1_657' title='bbox 1095 681 1291 711; x_wconf 87' lang='lat' dir='ltr'>concentusque</span> <span class='ocrx_word' id='word_1_658' title='bbox 1306 678 1445 712; x_wconf 87' lang='lat' dir='ltr'>reperitur.</span> <span class='ocrx_word' id='word_1_659' title='bbox 1480 680 1520 705; x_wconf 69' lang='lat'>22.</span> <span class='ocrx_word' id='word_1_660' title='bbox 1541 679 1591 705; x_wconf 84' lang='lat' dir='ltr'>Sed</span> <span class='ocrx_word' id='word_1_661' title='bbox 1607 680 1628 705; x_wconf 92' lang='lat' dir='ltr'>si</span> <span class='ocrx_word' id='word_1_662' title='bbox 1644 679 1693 705; x_wconf 76' lang='lat' dir='ltr'>hoc</span> 
     </span>
     <span class='ocr_line' id='line_1_93' title="bbox 901 713 1690 749; baseline 0.005 -11"><span class='ocrx_word' id='word_1_663' title='bbox 901 721 1010 747; x_wconf 89' lang='lat' dir='ltr'>quoque</span> <span class='ocrx_word' id='word_1_664' title='bbox 1031 713 1138 739; x_wconf 80' lang='lat' dir='ltr'>videtur</span> <span class='ocrx_word' id='word_1_665' title='bbox 1160 722 1219 739; x_wconf 89' lang='lat' dir='ltr'>esse</span> <span class='ocrx_word' id='word_1_666' title='bbox 1241 714 1330 745; x_wconf 86' lang='lat' dir='ltr'>altius,</span> <span class='ocrx_word' id='word_1_667' title='bbox 1356 724 1436 749; x_wconf 82' lang='lat' dir='ltr'>quani</span> <span class='ocrx_word' id='word_1_668' title='bbox 1460 721 1487 741; x_wconf 92' lang='lat' dir='ltr'>ut</span> <span class='ocrx_word' id='word_1_669' title='bbox 1506 716 1532 742; x_wconf 92' lang='lat' dir='ltr'>id</span> <span class='ocrx_word' id='word_1_670' title='bbox 1551 726 1597 742; x_wconf 90' lang='lat' dir='ltr'>nos</span> <span class='ocrx_word' id='word_1_671' title='bbox 1617 716 1690 742; x_wconf 88' lang='lat' dir='ltr'>humi</span> 
     </span>
     <span class='ocr_line' id='line_1_94' title="bbox 901 750 1691 788; baseline 0.006 -13"><span class='ocrx_word' id='word_1_672' title='bbox 901 751 974 776; x_wconf 89' lang='lat' dir='ltr'>strati</span> <span class='ocrx_word' id='word_1_673' title='bbox 996 750 1132 784; x_wconf 87' lang='lat' dir='ltr'>suspicere</span> <span class='ocrx_word' id='word_1_674' title='bbox 1154 751 1298 785; x_wconf 86' lang='lat' dir='ltr'>possimus,</span> <span class='ocrx_word' id='word_1_675' title='bbox 1324 751 1392 778; x_wconf 89' lang='lat' dir='ltr'>illud</span> <span class='ocrx_word' id='word_1_676' title='bbox 1413 758 1481 778; x_wconf 89' lang='lat' dir='ltr'>certe</span> <span class='ocrx_word' id='word_1_677' title='bbox 1504 758 1600 784; x_wconf 81' lang='lat' dir='ltr'>tamen,</span> <span class='ocrx_word' id='word_1_678' title='bbox 1620 753 1691 788; x_wconf 88' lang='lat' dir='ltr'>quod</span> 
     </span>
     <span class='ocr_line' id='line_1_95' title="bbox 902 787 1689 824; baseline 0.004 -11"><span class='ocrx_word' id='word_1_679' title='bbox 902 787 1018 821; x_wconf 76' lang='lat' dir='ltr'>amplexi</span> <span class='ocrx_word' id='word_1_680' title='bbox 1037 796 1141 819; x_wconf 80' lang='lat' dir='ltr'>sumuS,</span> <span class='ocrx_word' id='word_1_681' title='bbox 1162 788 1234 822; x_wconf 89' lang='lat' dir='ltr'>quod</span> <span class='ocrx_word' id='word_1_682' title='bbox 1248 789 1410 823; x_wconf 82' lang='lat' dir='ltr'>profitemur,</span> <span class='ocrx_word' id='word_1_683' title='bbox 1426 790 1498 824; x_wconf 90' lang='lat' dir='ltr'>quod</span> <span class='ocrx_word' id='word_1_684' title='bbox 1512 791 1689 824; x_wconf 73' lang='lat' dir='ltr'>suscepimus,</span> 
     </span>
     <span class='ocr_line' id='line_1_96' title="bbox 903 825 1693 863; baseline 0.004 -13"><span class='ocrx_word' id='word_1_685' title='bbox 903 833 979 851; x_wconf 89' lang='lat' dir='ltr'>nosse</span> <span class='ocrx_word' id='word_1_686' title='bbox 994 829 1018 850; x_wconf 92' lang='lat' dir='ltr'>et</span> <span class='ocrx_word' id='word_1_687' title='bbox 1032 829 1119 851; x_wconf 88' lang='lat' dir='ltr'>tenere</span> <span class='ocrx_word' id='word_1_688' title='bbox 1133 825 1272 852; x_wconf 87' lang='lat' dir='ltr'>debemus.</span> <span class='ocrx_word' id='word_1_689' title='bbox 1302 826 1358 852; x_wconf 80' lang='lat' dir='ltr'>Una</span> <span class='ocrx_word' id='word_1_690' title='bbox 1372 831 1412 853; x_wconf 87' lang='lat' dir='ltr'>est</span> <span class='ocrx_word' id='word_1_691' title='bbox 1425 828 1505 857; x_wconf 86' lang='lat' dir='ltr'>enim,</span> <span class='ocrx_word' id='word_1_692' title='bbox 1522 828 1593 862; x_wconf 90' lang='lat' dir='ltr'>quod</span> <span class='ocrx_word' id='word_1_693' title='bbox 1607 833 1631 853; x_wconf 87' lang='lat' dir='ltr'>et</span> <span class='ocrx_word' id='word_1_694' title='bbox 1645 836 1693 863; x_wconf 75' lang='lat' dir='ltr'>ego</span> 
     </span>
     <span class='ocr_line' id='line_1_97' title="bbox 902 862 1693 898; baseline 0.005 -11"><span class='ocrx_word' id='word_1_695' title='bbox 902 862 1024 888; x_wconf 82' lang='lat' dir='ltr'>hesterna</span> <span class='ocrx_word' id='word_1_696' title='bbox 1042 862 1085 888; x_wconf 85' lang='lat' dir='ltr'>(lie</span> <span class='ocrx_word' id='word_1_697' title='bbox 1105 862 1162 889; x_wconf 73' lang='lat' dir='ltr'>dixi</span> <span class='ocrx_word' id='word_1_698' title='bbox 1180 867 1204 889; x_wconf 85' lang='lat' dir='ltr'>et</span> <span class='ocrx_word' id='word_1_699' title='bbox 1222 863 1322 898; x_wconf 89' lang='lat' dir='ltr'>aliquot</span> <span class='ocrx_word' id='word_1_700' title='bbox 1341 863 1404 890; x_wconf 90' lang='lat' dir='ltr'>loeis</span> <span class='ocrx_word' id='word_1_701' title='bbox 1418 864 1624 891; x_wconf 88' lang='lat' dir='ltr'>antemeridiano</span> <span class='ocrx_word' id='word_1_702' title='bbox 1638 874 1693 891; x_wconf 87' lang='lat' dir='ltr'>ser-</span> 
     </span>
     <span class='ocr_line' id='line_1_98' title="bbox 902 899 1692 937; baseline 0.003 -12"><span class='ocrx_word' id='word_1_703' title='bbox 902 908 980 925; x_wconf 89' lang='lat' dir='ltr'>mone</span> <span class='ocrx_word' id='word_1_704' title='bbox 997 899 1158 934; x_wconf 80' lang='lat' dir='ltr'>significavit</span> <span class='ocrx_word' id='word_1_705' title='bbox 1176 900 1316 931; x_wconf 77' lang='lat' dir='ltr'>Antonius,</span> <span class='ocrx_word' id='word_1_706' title='bbox 1334 900 1491 936; x_wconf 80' lang='lat' dir='ltr'>eloquentia,</span> <span class='ocrx_word' id='word_1_707' title='bbox 1508 910 1692 937; x_wconf 84' lang='lat' dir='ltr'>quascumque</span> 
     </span>
    </p>
   </div>
   <div class='ocr_carea' id='block_1_26' title="bbox 879 937 1693 1010">
    <p class='ocr_par' dir='ltr' id='par_1_27' title="bbox 879 937 1693 1010">
     <span class='ocr_line' id='line_1_99' title="bbox 879 937 1692 973; baseline 0.004 -10"><span class='ocrx_word' id='word_1_708' title='bbox 879 950 881 971; x_wconf 45' lang='lat'>¹,</span> <span class='ocrx_word' id='word_1_709' title='bbox 902 937 929 963; x_wconf 89' lang='lat' dir='ltr'>iu</span> <span class='ocrx_word' id='word_1_710' title='bbox 948 945 1005 963; x_wconf 87' lang='lat' dir='ltr'>oras</span> <span class='ocrx_word' id='word_1_711' title='bbox 1020 937 1209 971; x_wconf 87' lang='lat' dir='ltr'>disputationis</span> <span class='ocrx_word' id='word_1_712' title='bbox 1224 938 1378 973; x_wconf 74' lang='lat' dir='ltr'>regionesve</span> <span class='ocrx_word' id='word_1_713' title='bbox 1393 939 1478 965; x_wconf 86' lang='lat' dir='ltr'>delata</span> <span class='ocrx_word' id='word_1_714' title='bbox 1492 944 1540 965; x_wconf 86' lang='lat' dir='ltr'>est.</span> <span class='ocrx_word' id='word_1_715' title='bbox 1569 941 1610 966; x_wconf 71' lang='lat'>23.</span> <span class='ocrx_word' id='word_1_716' title='bbox 1626 940 1692 966; x_wconf 76' lang='lat' dir='ltr'>Nam</span> 
     </span>
     <span class='ocr_line' id='line_1_100' title="bbox 879 973 1693 1010; baseline 0.004 -10"><span class='ocrx_word' id='word_1_717' title='bbox 879 978 881 1010; x_wconf 38' lang='grc' dir='ltr'>ζ</span> <span class='ocrx_word' id='word_1_718' title='bbox 903 975 960 1000; x_wconf 84' lang='lat' dir='ltr'>sive</span> <span class='ocrx_word' id='word_1_719' title='bbox 974 973 1006 1000; x_wconf 88' lang='lat' dir='ltr'>de</span> <span class='ocrx_word' id='word_1_720' title='bbox 1020 974 1085 1000; x_wconf 89' lang='lat' dir='ltr'>caeli</span> <span class='ocrx_word' id='word_1_721' title='bbox 1101 979 1193 1001; x_wconf 84' lang='lat' dir='ltr'>natura</span> <span class='ocrx_word' id='word_1_722' title='bbox 1204 974 1322 1010; x_wconf 90' lang='lat' dir='ltr'>loquitur</span> <span class='ocrx_word' id='word_1_723' title='bbox 1335 976 1392 1002; x_wconf 72' lang='lat' dir='ltr'>sive</span> <span class='ocrx_word' id='word_1_724' title='bbox 1407 976 1438 1002; x_wconf 86' lang='lat' dir='ltr'>de</span> <span class='ocrx_word' id='word_1_725' title='bbox 1451 981 1533 1003; x_wconf 85' lang='lat' dir='ltr'>terrae</span> <span class='ocrx_word' id='word_1_726' title='bbox 1543 977 1599 1002; x_wconf 82' lang='lat' dir='ltr'>sive</span> <span class='ocrx_word' id='word_1_727' title='bbox 1610 976 1642 1002; x_wconf 93' lang='lat' dir='ltr'>de</span> <span class='ocrx_word' id='word_1_728' title='bbox 1652 976 1693 1003; x_wconf 88' lang='lat' dir='ltr'>di-</span> 
     </span>
    </p>
   </div>
   <div class='ocr_carea' id='block_1_27' title="bbox 879 1014 885 2682">
    <p class='ocr_par' dir='ltr' id='par_1_28' title="bbox 879 1014 885 2682">
     <span class='ocr_line' id='line_1_101' title="bbox 879 1014 885 2682; baseline 0 0"><span class='ocrx_word' id='word_1_729' title='bbox 879 1014 885 2682; x_wconf 95' lang='lat' dir='ltr'> </span> 
     </span>
    </p>
   </div>
   <div class='ocr_carea' id='block_1_28' title="bbox 902 1011 1695 2690">
    <p class='ocr_par' dir='ltr' id='par_1_29' title="bbox 902 1011 1694 1795">
     <span class='ocr_line' id='line_1_102' title="bbox 903 1011 1693 1040; baseline 0.004 -3"><span class='ocrx_word' id='word_1_730' title='bbox 903 1012 964 1037; x_wconf 66' lang='lat' dir='ltr'>vina</span> <span class='ocrx_word' id='word_1_731' title='bbox 978 1012 1005 1037; x_wconf 89' lang='lat' dir='ltr'>vi</span> <span class='ocrx_word' id='word_1_732' title='bbox 1019 1012 1076 1037; x_wconf 80' lang='lat' dir='ltr'>sive</span> <span class='ocrx_word' id='word_1_733' title='bbox 1090 1011 1122 1038; x_wconf 89' lang='lat' dir='ltr'>de</span> <span class='ocrx_word' id='word_1_734' title='bbox 1136 1012 1252 1038; x_wconf 87' lang='lat' dir='ltr'>humana</span> <span class='ocrx_word' id='word_1_735' title='bbox 1266 1013 1323 1039; x_wconf 78' lang='lat' dir='ltr'>sive</span> <span class='ocrx_word' id='word_1_736' title='bbox 1337 1022 1370 1039; x_wconf 78' lang='lat' dir='ltr'>ex</span> <span class='ocrx_word' id='word_1_737' title='bbox 1384 1013 1506 1040; x_wconf 77' lang='lat' dir='ltr'>inferiore</span> <span class='ocrx_word' id='word_1_738' title='bbox 1521 1014 1577 1040; x_wconf 90' lang='lat' dir='ltr'>loco</span> <span class='ocrx_word' id='word_1_739' title='bbox 1591 1014 1647 1040; x_wconf 71' lang='lat' dir='ltr'>sive</span> <span class='ocrx_word' id='word_1_740' title='bbox 1661 1023 1693 1040; x_wconf 86' lang='lat' dir='ltr'>ex</span> 
     </span>
     <span class='ocr_line' id='line_1_103' title="bbox 903 1049 1693 1086; baseline 0.003 -11"><span class='ocrx_word' id='word_1_741' title='bbox 903 1057 988 1083; x_wconf 88' lang='lat' dir='ltr'>aequo</span> <span class='ocrx_word' id='word_1_742' title='bbox 1010 1049 1067 1075; x_wconf 74' lang='lat' dir='ltr'>sive</span> <span class='ocrx_word' id='word_1_743' title='bbox 1091 1058 1124 1075; x_wconf 82' lang='lat' dir='ltr'>ex</span> <span class='ocrx_word' id='word_1_744' title='bbox 1145 1050 1290 1084; x_wconf 88' lang='lat' dir='ltr'>superiore,</span> <span class='ocrx_word' id='word_1_745' title='bbox 1311 1051 1368 1076; x_wconf 81' lang='lat' dir='ltr'>sive</span> <span class='ocrx_word' id='word_1_746' title='bbox 1387 1055 1415 1077; x_wconf 90' lang='lat' dir='ltr'>ut</span> <span class='ocrx_word' id='word_1_747' title='bbox 1435 1051 1553 1086; x_wconf 88' lang='lat' dir='ltr'>impellat</span> <span class='ocrx_word' id='word_1_748' title='bbox 1572 1051 1693 1078; x_wconf 86' lang='lat' dir='ltr'>homines</span> 
     </span>
     <span class='ocr_line' id='line_1_104' title="bbox 902 1086 1693 1115; baseline 0.004 -3"><span class='ocrx_word' id='word_1_749' title='bbox 902 1087 960 1112; x_wconf 89' lang='lat' dir='ltr'>sive</span> <span class='ocrx_word' id='word_1_750' title='bbox 979 1090 1008 1112; x_wconf 90' lang='lat' dir='ltr'>ut</span> <span class='ocrx_word' id='word_1_751' title='bbox 1025 1086 1116 1113; x_wconf 81' lang='lat' dir='ltr'>doceat</span> <span class='ocrx_word' id='word_1_752' title='bbox 1133 1087 1191 1113; x_wconf 79' lang='lat' dir='ltr'>sive</span> <span class='ocrx_word' id='word_1_753' title='bbox 1210 1092 1238 1113; x_wconf 93' lang='lat' dir='ltr'>ut</span> <span class='ocrx_word' id='word_1_754' title='bbox 1256 1087 1384 1114; x_wconf 85' lang='lat' dir='ltr'>deterreat</span> <span class='ocrx_word' id='word_1_755' title='bbox 1398 1089 1455 1114; x_wconf 80' lang='lat' dir='ltr'>sive</span> <span class='ocrx_word' id='word_1_756' title='bbox 1469 1094 1498 1115; x_wconf 90' lang='lat' dir='ltr'>ut</span> <span class='ocrx_word' id='word_1_757' title='bbox 1511 1089 1623 1115; x_wconf 85' lang='lat' dir='ltr'>concitet</span> <span class='ocrx_word' id='word_1_758' title='bbox 1636 1090 1693 1115; x_wconf 55' lang='lat' dir='ltr'>site</span> 
     </span>
     <span class='ocr_line' id='line_1_105' title="bbox 902 1122 1693 1157; baseline 0.004 -8"><span class='ocrx_word' id='word_1_759' title='bbox 902 1128 932 1150; x_wconf 89' lang='lat' dir='ltr'>ut</span> <span class='ocrx_word' id='word_1_760' title='bbox 954 1122 1070 1150; x_wconf 85' lang='lat' dir='ltr'>reflectat</span> <span class='ocrx_word' id='word_1_761' title='bbox 1092 1125 1150 1150; x_wconf 78' lang='lat' dir='ltr'>sive</span> <span class='ocrx_word' id='word_1_762' title='bbox 1173 1129 1202 1150; x_wconf 86' lang='lat' dir='ltr'>ut</span> <span class='ocrx_word' id='word_1_763' title='bbox 1215 1125 1338 1151; x_wconf 86' lang='lat' dir='ltr'>incendat</span> <span class='ocrx_word' id='word_1_764' title='bbox 1360 1126 1417 1152; x_wconf 82' lang='lat' dir='ltr'>sive</span> <span class='ocrx_word' id='word_1_765' title='bbox 1439 1131 1468 1152; x_wconf 90' lang='lat' dir='ltr'>ut</span> <span class='ocrx_word' id='word_1_766' title='bbox 1484 1126 1572 1157; x_wconf 68' lang='lat' dir='ltr'>leniat.</span> <span class='ocrx_word' id='word_1_767' title='bbox 1589 1126 1646 1153; x_wconf 85' lang='lat' dir='ltr'>sive</span> <span class='ocrx_word' id='word_1_768' title='bbox 1661 1127 1693 1152; x_wconf 88' lang='lat' dir='ltr'>ad</span> 
     </span>
     <span class='ocr_line' id='line_1_106' title="bbox 903 1161 1692 1196; baseline 0.005 -10"><span class='ocrx_word' id='word_1_769' title='bbox 903 1170 1002 1196; x_wconf 90' lang='lat' dir='ltr'>paucos</span> <span class='ocrx_word' id='word_1_770' title='bbox 1023 1161 1082 1187; x_wconf 85' lang='lat' dir='ltr'>sive</span> <span class='ocrx_word' id='word_1_771' title='bbox 1104 1161 1137 1187; x_wconf 91' lang='lat' dir='ltr'>ad</span> <span class='ocrx_word' id='word_1_772' title='bbox 1160 1161 1258 1188; x_wconf 89' lang='lat' dir='ltr'>multos</span> <span class='ocrx_word' id='word_1_773' title='bbox 1278 1163 1335 1189; x_wconf 79' lang='lat' dir='ltr'>sive</span> <span class='ocrx_word' id='word_1_774' title='bbox 1353 1163 1421 1189; x_wconf 86' lang='lat' dir='ltr'>inter</span> <span class='ocrx_word' id='word_1_775' title='bbox 1439 1164 1538 1190; x_wconf 92' lang='lat' dir='ltr'>alienos</span> <span class='ocrx_word' id='word_1_776' title='bbox 1561 1165 1618 1191; x_wconf 86' lang='lat' dir='ltr'>sive</span> <span class='ocrx_word' id='word_1_777' title='bbox 1631 1173 1692 1190; x_wconf 89' lang='lat' dir='ltr'>cum</span> 
     </span>
     <span class='ocr_line' id='line_1_107' title="bbox 902 1199 1693 1232; baseline 0.005 -8"><span class='ocrx_word' id='word_1_778' title='bbox 902 1199 960 1224; x_wconf 92' lang='lat' dir='ltr'>suis</span> <span class='ocrx_word' id='word_1_779' title='bbox 974 1199 1031 1225; x_wconf 89' lang='lat' dir='ltr'>sive</span> <span class='ocrx_word' id='word_1_780' title='bbox 1045 1207 1146 1230; x_wconf 88' lang='lat' dir='ltr'>secum,</span> <span class='ocrx_word' id='word_1_781' title='bbox 1162 1199 1228 1225; x_wconf 85' lang='lat' dir='ltr'>rivis</span> <span class='ocrx_word' id='word_1_782' title='bbox 1247 1204 1286 1226; x_wconf 86' lang='lat' dir='ltr'>est</span> <span class='ocrx_word' id='word_1_783' title='bbox 1304 1200 1415 1227; x_wconf 87' lang='lat' dir='ltr'>deducta</span> <span class='ocrx_word' id='word_1_784' title='bbox 1434 1202 1523 1232; x_wconf 84' lang='lat' dir='ltr'>oratio,</span> <span class='ocrx_word' id='word_1_785' title='bbox 1545 1211 1595 1228; x_wconf 92' lang='lat' dir='ltr'>non</span> <span class='ocrx_word' id='word_1_786' title='bbox 1615 1202 1693 1228; x_wconf 82' lang='lat' dir='ltr'>fonti-</span> 
     </span>
     <span class='ocr_line' id='line_1_108' title="bbox 903 1236 1693 1272; baseline 0.005 -11"><span class='ocrx_word' id='word_1_787' title='bbox 903 1236 967 1268; x_wconf 89' lang='lat' dir='ltr'>bus;</span> <span class='ocrx_word' id='word_1_788' title='bbox 990 1240 1023 1267; x_wconf 90' lang='lat' dir='ltr'>et,</span> <span class='ocrx_word' id='word_1_789' title='bbox 1044 1245 1215 1271; x_wconf 88' lang='lat' dir='ltr'>quocumque</span> <span class='ocrx_word' id='word_1_790' title='bbox 1229 1237 1386 1272; x_wconf 78' lang='lat' dir='ltr'>ingreditur,</span> <span class='ocrx_word' id='word_1_791' title='bbox 1403 1238 1494 1264; x_wconf 87' lang='lat' dir='ltr'>eodem</span> <span class='ocrx_word' id='word_1_792' title='bbox 1509 1244 1547 1265; x_wconf 83' lang='lat' dir='ltr'>est</span> <span class='ocrx_word' id='word_1_793' title='bbox 1562 1240 1693 1266; x_wconf 89' lang='lat' dir='ltr'>instructu</span> 
     </span>
     <span class='ocr_line' id='line_1_109' title="bbox 905 1274 1692 1311; baseline 0.005 -12"><span class='ocrx_word' id='word_1_794' title='bbox 905 1278 1053 1308; x_wconf 88' lang='lat' dir='ltr'>ornatuque</span> <span class='ocrx_word' id='word_1_795' title='bbox 1073 1275 1204 1300; x_wconf 91' lang='lat' dir='ltr'>comitata.</span> <span class='ocrx_word' id='word_1_796' title='bbox 1239 1276 1280 1301; x_wconf 71' lang='lat'>24.</span> <span class='ocrx_word' id='word_1_797' title='bbox 1301 1274 1351 1301; x_wconf 80' lang='lat' dir='ltr'>Sed</span> <span class='ocrx_word' id='word_1_798' title='bbox 1366 1277 1492 1310; x_wconf 87' lang='lat' dir='ltr'>quoniam</span> <span class='ocrx_word' id='word_1_799' title='bbox 1506 1277 1626 1311; x_wconf 83' lang='lat' dir='ltr'>oppressi</span> <span class='ocrx_word' id='word_1_800' title='bbox 1642 1277 1692 1302; x_wconf 89' lang='lat' dir='ltr'>iam</span> 
     </span>
     <span class='ocr_line' id='line_1_110' title="bbox 903 1311 1694 1349; baseline 0.005 -13"><span class='ocrx_word' id='word_1_801' title='bbox 903 1319 999 1337; x_wconf 90' lang='lat' dir='ltr'>sumus</span> <span class='ocrx_word' id='word_1_802' title='bbox 1012 1311 1184 1345; x_wconf 87' lang='lat' dir='ltr'>opinionibus</span> <span class='ocrx_word' id='word_1_803' title='bbox 1199 1321 1250 1338; x_wconf 91' lang='lat' dir='ltr'>non</span> <span class='ocrx_word' id='word_1_804' title='bbox 1265 1312 1342 1339; x_wconf 92' lang='lat' dir='ltr'>modo</span> <span class='ocrx_word' id='word_1_805' title='bbox 1357 1312 1440 1349; x_wconf 71' lang='lat' dir='ltr'>vulgi,</span> <span class='ocrx_word' id='word_1_806' title='bbox 1454 1322 1546 1339; x_wconf 88' lang='lat' dir='ltr'>verum</span> <span class='ocrx_word' id='word_1_807' title='bbox 1558 1315 1636 1340; x_wconf 89' lang='lat' dir='ltr'>etiam</span> <span class='ocrx_word' id='word_1_808' title='bbox 1647 1314 1694 1340; x_wconf 80' lang='lat' dir='ltr'>lto-</span> 
     </span>
     <span class='ocr_line' id='line_1_111' title="bbox 903 1348 1693 1386; baseline 0.005 -12"><span class='ocrx_word' id='word_1_809' title='bbox 903 1348 1008 1374; x_wconf 90' lang='lat' dir='ltr'>minum</span> <span class='ocrx_word' id='word_1_810' title='bbox 1027 1348 1120 1374; x_wconf 90' lang='lat' dir='ltr'>leviter</span> <span class='ocrx_word' id='word_1_811' title='bbox 1137 1349 1311 1381; x_wconf 87' lang='lat' dir='ltr'>eruditorum,</span> <span class='ocrx_word' id='word_1_812' title='bbox 1331 1351 1387 1385; x_wconf 87' lang='lat' dir='ltr'>qui,</span> <span class='ocrx_word' id='word_1_813' title='bbox 1408 1359 1476 1386; x_wconf 87' lang='lat' dir='ltr'>quae</span> <span class='ocrx_word' id='word_1_814' title='bbox 1489 1351 1628 1386; x_wconf 88' lang='lat' dir='ltr'>complecti</span> <span class='ocrx_word' id='word_1_815' title='bbox 1643 1356 1693 1377; x_wconf 88' lang='lat' dir='ltr'>tota</span> 
     </span>
     <span class='ocr_line' id='line_1_112' title="bbox 904 1385 1693 1423; baseline 0.005 -12"><span class='ocrx_word' id='word_1_816' title='bbox 904 1390 1049 1420; x_wconf 89' lang='lat' dir='ltr'>nequeunt,</span> <span class='ocrx_word' id='word_1_817' title='bbox 1074 1386 1138 1412; x_wconf 87' lang='lat' dir='ltr'>haec</span> <span class='ocrx_word' id='word_1_818' title='bbox 1161 1385 1266 1413; x_wconf 86' lang='lat' dir='ltr'>facilius</span> <span class='ocrx_word' id='word_1_819' title='bbox 1288 1387 1395 1414; x_wconf 79' lang='lat' dir='ltr'>divulsa</span> <span class='ocrx_word' id='word_1_820' title='bbox 1417 1393 1441 1414; x_wconf 90' lang='lat' dir='ltr'>et</span> <span class='ocrx_word' id='word_1_821' title='bbox 1463 1389 1540 1423; x_wconf 85' lang='lat' dir='ltr'>quasi</span> <span class='ocrx_word' id='word_1_822' title='bbox 1562 1388 1693 1423; x_wconf 84' lang='lat' dir='ltr'>discerpta</span> 
     </span>
     <span class='ocr_line' id='line_1_113' title="bbox 903 1424 1693 1460; baseline 0.004 -11"><span class='ocrx_word' id='word_1_823' title='bbox 903 1427 1072 1454; x_wconf 86' lang='lat' dir='ltr'>contrectant,</span> <span class='ocrx_word' id='word_1_824' title='bbox 1093 1427 1118 1449; x_wconf 87' lang='lat' dir='ltr'>et</span> <span class='ocrx_word' id='word_1_825' title='bbox 1136 1424 1183 1458; x_wconf 88' lang='lat' dir='ltr'>qui</span> <span class='ocrx_word' id='word_1_826' title='bbox 1203 1428 1338 1459; x_wconf 86' lang='lat' dir='ltr'>tamquam</span> <span class='ocrx_word' id='word_1_827' title='bbox 1357 1426 1389 1451; x_wconf 89' lang='lat' dir='ltr'>ab</span> <span class='ocrx_word' id='word_1_828' title='bbox 1404 1426 1492 1452; x_wconf 90' lang='lat' dir='ltr'>animo</span> <span class='ocrx_word' id='word_1_829' title='bbox 1506 1434 1611 1460; x_wconf 83' lang='lat' dir='ltr'>corpus,</span> <span class='ocrx_word' id='word_1_830' title='bbox 1628 1427 1666 1452; x_wconf 84' lang='lat' dir='ltr'>sie</span> <span class='ocrx_word' id='word_1_831' title='bbox 1679 1436 1693 1452; x_wconf 88' lang='lat' dir='ltr'>a</span> 
     </span>
     <span class='ocr_line' id='line_1_114' title="bbox 904 1461 1692 1497; baseline 0.004 -11"><span class='ocrx_word' id='word_1_832' title='bbox 904 1461 1042 1486; x_wconf 88' lang='lat' dir='ltr'>sententiis</span> <span class='ocrx_word' id='word_1_833' title='bbox 1057 1461 1137 1487; x_wconf 82' lang='lat' dir='ltr'>verba</span> <span class='ocrx_word' id='word_1_834' title='bbox 1151 1462 1305 1496; x_wconf 74' lang='lat' dir='ltr'>seiungunt,</span> <span class='ocrx_word' id='word_1_835' title='bbox 1321 1471 1436 1497; x_wconf 87' lang='lat' dir='ltr'>quorum</span> <span class='ocrx_word' id='word_1_836' title='bbox 1451 1463 1508 1488; x_wconf 87' lang='lat' dir='ltr'>sinc</span> <span class='ocrx_word' id='word_1_837' title='bbox 1519 1464 1626 1489; x_wconf 89' lang='lat' dir='ltr'>interitu</span> <span class='ocrx_word' id='word_1_838' title='bbox 1638 1464 1692 1489; x_wconf 78' lang='lat' dir='ltr'>lieri</span> 
     </span>
     <span class='ocr_line' id='line_1_115' title="bbox 905 1500 1690 1535; baseline 0.004 -12"><span class='ocrx_word' id='word_1_839' title='bbox 905 1502 1029 1524; x_wconf 83' lang='lat' dir='ltr'>neutrum</span> <span class='ocrx_word' id='word_1_840' title='bbox 1048 1502 1145 1532; x_wconf 79' lang='lat' dir='ltr'>potest,</span> <span class='ocrx_word' id='word_1_841' title='bbox 1176 1507 1227 1524; x_wconf 91' lang='lat' dir='ltr'>non</span> <span class='ocrx_word' id='word_1_842' title='bbox 1246 1500 1391 1534; x_wconf 86' lang='lat' dir='ltr'>suscipiam</span> <span class='ocrx_word' id='word_1_843' title='bbox 1410 1501 1525 1526; x_wconf 81' lang='lat' dir='ltr'>oratione</span> <span class='ocrx_word' id='word_1_844' title='bbox 1544 1509 1601 1526; x_wconf 88' lang='lat' dir='ltr'>mea</span> <span class='ocrx_word' id='word_1_845' title='bbox 1621 1500 1690 1535; x_wconf 80' lang='lat' dir='ltr'>plus,</span> 
     </span>
     <span class='ocr_line' id='line_1_116' title="bbox 903 1535 1693 1572; baseline 0.004 -11"><span class='ocrx_word' id='word_1_846' title='bbox 903 1544 983 1570; x_wconf 89' lang='lat' dir='ltr'>quam</span> <span class='ocrx_word' id='word_1_847' title='bbox 999 1535 1065 1561; x_wconf 83' lang='lat' dir='ltr'>mihi</span> <span class='ocrx_word' id='word_1_848' title='bbox 1080 1535 1236 1570; x_wconf 89' lang='lat' dir='ltr'>imponitur.</span> <span class='ocrx_word' id='word_1_849' title='bbox 1262 1537 1374 1563; x_wconf 88' lang='lat' dir='ltr'>Tantum</span> <span class='ocrx_word' id='word_1_850' title='bbox 1389 1537 1546 1572; x_wconf 75' lang='lat' dir='ltr'>significabo</span> <span class='ocrx_word' id='word_1_851' title='bbox 1559 1538 1633 1564; x_wconf 88' lang='lat' dir='ltr'>brevi</span> <span class='ocrx_word' id='word_1_852' title='bbox 1648 1546 1693 1564; x_wconf 86' lang='lat' dir='ltr'>ne-</span> 
     </span>
     <span class='ocr_line' id='line_1_117' title="bbox 902 1573 1694 1609; baseline 0.004 -11"><span class='ocrx_word' id='word_1_853' title='bbox 902 1581 955 1607; x_wconf 87' lang='lat' dir='ltr'>que</span> <span class='ocrx_word' id='word_1_854' title='bbox 971 1573 1112 1599; x_wconf 84' lang='lat' dir='ltr'>verborum</span> <span class='ocrx_word' id='word_1_855' title='bbox 1127 1577 1248 1599; x_wconf 88' lang='lat' dir='ltr'>ornatum</span> <span class='ocrx_word' id='word_1_856' title='bbox 1263 1574 1377 1600; x_wconf 81' lang='lat' dir='ltr'>inveniri</span> <span class='ocrx_word' id='word_1_857' title='bbox 1392 1583 1469 1609; x_wconf 88' lang='lat' dir='ltr'>posse</span> <span class='ocrx_word' id='word_1_858' title='bbox 1484 1583 1534 1601; x_wconf 89' lang='lat' dir='ltr'>non</span> <span class='ocrx_word' id='word_1_859' title='bbox 1551 1576 1633 1609; x_wconf 87' lang='lat' dir='ltr'>partis</span> <span class='ocrx_word' id='word_1_860' title='bbox 1647 1584 1694 1601; x_wconf 87' lang='lat' dir='ltr'>ex-</span> 
     </span>
     <span class='ocr_line' id='line_1_118' title="bbox 904 1610 1692 1646; baseline 0.004 -11"><span class='ocrx_word' id='word_1_861' title='bbox 904 1610 1057 1645; x_wconf 83' lang='lat' dir='ltr'>pressisque</span> <span class='ocrx_word' id='word_1_862' title='bbox 1080 1611 1218 1636; x_wconf 83' lang='lat' dir='ltr'>sententiis</span> <span class='ocrx_word' id='word_1_863' title='bbox 1242 1620 1327 1646; x_wconf 88' lang='lat' dir='ltr'>neque</span> <span class='ocrx_word' id='word_1_864' title='bbox 1350 1620 1408 1637; x_wconf 84' lang='lat' dir='ltr'>esse</span> <span class='ocrx_word' id='word_1_865' title='bbox 1431 1611 1512 1637; x_wconf 85' lang='lat' dir='ltr'>ullam</span> <span class='ocrx_word' id='word_1_866' title='bbox 1535 1613 1692 1639; x_wconf 83' lang='lat' dir='ltr'>sententiam</span> 
     </span>
     <span class='ocr_line' id='line_1_119' title="bbox 903 1647 1693 1684; baseline 0.003 -11"><span class='ocrx_word' id='word_1_867' title='bbox 903 1647 1034 1673; x_wconf 86' lang='lat' dir='ltr'>illustrem</span> <span class='ocrx_word' id='word_1_868' title='bbox 1049 1648 1107 1673; x_wconf 88' lang='lat' dir='ltr'>sine</span> <span class='ocrx_word' id='word_1_869' title='bbox 1123 1647 1179 1674; x_wconf 85' lang='lat' dir='ltr'>lucc</span> <span class='ocrx_word' id='word_1_870' title='bbox 1194 1648 1346 1675; x_wconf 81' lang='lat' dir='ltr'>verborum.</span> <span class='ocrx_word' id='word_1_871' title='bbox 1364 1651 1404 1675; x_wconf 64' lang='lat'>25.</span> <span class='ocrx_word' id='word_1_872' title='bbox 1418 1648 1469 1675; x_wconf 79' lang='lat' dir='ltr'>Sed</span> <span class='ocrx_word' id='word_1_873' title='bbox 1481 1650 1637 1684; x_wconf 84' lang='lat' dir='ltr'>priusquam</span> <span class='ocrx_word' id='word_1_874' title='bbox 1649 1650 1693 1675; x_wconf 84' lang='lat' dir='ltr'>illa</span> 
     </span>
     <span class='ocr_line' id='line_1_120' title="bbox 902 1685 1694 1721; baseline 0.003 -11"><span class='ocrx_word' id='word_1_875' title='bbox 902 1694 982 1711; x_wconf 85' lang='lat' dir='ltr'>conor</span> <span class='ocrx_word' id='word_1_876' title='bbox 1001 1685 1138 1720; x_wconf 66' lang='lat' dir='ltr'>attingere,</span> <span class='ocrx_word' id='word_1_877' title='bbox 1159 1685 1259 1719; x_wconf 88' lang='lat' dir='ltr'>quibus</span> <span class='ocrx_word' id='word_1_878' title='bbox 1278 1687 1421 1712; x_wconf 81' lang='lat' dir='ltr'>orationem</span> <span class='ocrx_word' id='word_1_879' title='bbox 1436 1687 1522 1712; x_wconf 89' lang='lat' dir='ltr'>ornari</span> <span class='ocrx_word' id='word_1_880' title='bbox 1537 1691 1615 1721; x_wconf 86' lang='lat' dir='ltr'>atque</span> <span class='ocrx_word' id='word_1_881' title='bbox 1630 1686 1694 1712; x_wconf 91' lang='lat' dir='ltr'>illu-</span> 
     </span>
     <span class='ocr_line' id='line_1_121' title="bbox 903 1722 1694 1758; baseline 0.003 -10"><span class='ocrx_word' id='word_1_882' title='bbox 903 1722 998 1748; x_wconf 89' lang='lat' dir='ltr'>minari</span> <span class='ocrx_word' id='word_1_883' title='bbox 1017 1726 1117 1756; x_wconf 87' lang='lat' dir='ltr'>putem,</span> <span class='ocrx_word' id='word_1_884' title='bbox 1139 1731 1283 1757; x_wconf 88' lang='lat' dir='ltr'>proponam</span> <span class='ocrx_word' id='word_1_885' title='bbox 1303 1723 1425 1755; x_wconf 83' lang='lat' dir='ltr'>breviter,</span> <span class='ocrx_word' id='word_1_886' title='bbox 1447 1724 1512 1758; x_wconf 90' lang='lat' dir='ltr'>quid</span> <span class='ocrx_word' id='word_1_887' title='bbox 1531 1725 1642 1750; x_wconf 84' lang='lat' dir='ltr'>sentiam</span> <span class='ocrx_word' id='word_1_888' title='bbox 1661 1724 1694 1750; x_wconf 79' lang='lat' dir='ltr'>(le</span> 
     </span>
     <span class='ocr_line' id='line_1_122' title="bbox 903 1760 1266 1795; baseline 0.003 -9"><span class='ocrx_word' id='word_1_889' title='bbox 903 1760 1028 1786; x_wconf 76' lang='lat' dir='ltr'>universo</span> <span class='ocrx_word' id='word_1_890' title='bbox 1041 1768 1137 1795; x_wconf 79' lang='lat' dir='ltr'>genere</span> <span class='ocrx_word' id='word_1_891' title='bbox 1151 1760 1266 1787; x_wconf 87' lang='lat' dir='ltr'>dicendi.</span> 
     </span>
    </p>

    <p class='ocr_par' dir='ltr' id='par_1_30' title="bbox 902 1797 1695 2690">
     <span class='ocr_line' id='line_1_123' title="bbox 959 1797 1693 1832; baseline 0.001 -9"><span class='ocrx_word' id='word_1_892' title='bbox 959 1797 1014 1823; x_wconf 74' lang='lat' dir='ltr'>vu.</span> <span class='ocrx_word' id='word_1_893' title='bbox 1034 1797 1131 1823; x_wconf 86' lang='lat' dir='ltr'>Natura</span> <span class='ocrx_word' id='word_1_894' title='bbox 1151 1797 1223 1824; x_wconf 90' lang='lat' dir='ltr'>nulla</span> <span class='ocrx_word' id='word_1_895' title='bbox 1242 1803 1290 1829; x_wconf 83' lang='lat' dir='ltr'>cst,</span> <span class='ocrx_word' id='word_1_896' title='bbox 1307 1802 1335 1824; x_wconf 90' lang='lat' dir='ltr'>ut</span> <span class='ocrx_word' id='word_1_897' title='bbox 1349 1798 1415 1824; x_wconf 82' lang='lat' dir='ltr'>mihi</span> <span class='ocrx_word' id='word_1_898' title='bbox 1431 1798 1543 1828; x_wconf 81' lang='lat' dir='ltr'>videtur.</span> <span class='ocrx_word' id='word_1_899' title='bbox 1560 1807 1628 1832; x_wconf 85' lang='lat' dir='ltr'>quae</span> <span class='ocrx_word' id='word_1_900' title='bbox 1643 1807 1693 1824; x_wconf 87' lang='lat' dir='ltr'>non</span> 
     </span>
     <span class='ocr_line' id='line_1_124' title="bbox 903 1835 1695 1870; baseline 0 -9"><span class='ocrx_word' id='word_1_901' title='bbox 903 1835 998 1861; x_wconf 77' lang='lat' dir='ltr'>haheat</span> <span class='ocrx_word' id='word_1_902' title='bbox 1016 1835 1042 1861; x_wconf 93' lang='lat' dir='ltr'>in</span> <span class='ocrx_word' id='word_1_903' title='bbox 1061 1843 1111 1861; x_wconf 89' lang='lat' dir='ltr'>suo</span> <span class='ocrx_word' id='word_1_904' title='bbox 1129 1844 1225 1870; x_wconf 75' lang='lat' dir='ltr'>genere</span> <span class='ocrx_word' id='word_1_905' title='bbox 1244 1845 1284 1861; x_wconf 87' lang='lat' dir='ltr'>res</span> <span class='ocrx_word' id='word_1_906' title='bbox 1302 1835 1453 1870; x_wconf 82' lang='lat' dir='ltr'>complures</span> <span class='ocrx_word' id='word_1_907' title='bbox 1467 1835 1613 1861; x_wconf 79' lang='lat' dir='ltr'>dissimiles</span> <span class='ocrx_word' id='word_1_908' title='bbox 1629 1836 1695 1861; x_wconf 87' lang='lat' dir='ltr'>inter</span> 
     </span>
     <span class='ocr_line' id='line_1_125' title="bbox 902 1872 1694 1908; baseline 0 -10"><span class='ocrx_word' id='word_1_909' title='bbox 902 1881 940 1904; x_wconf 90' lang='lat' dir='ltr'>se,</span> <span class='ocrx_word' id='word_1_910' title='bbox 961 1881 1029 1907; x_wconf 88' lang='lat' dir='ltr'>quae</span> <span class='ocrx_word' id='word_1_911' title='bbox 1053 1876 1138 1898; x_wconf 82' lang='lat' dir='ltr'>tamen</span> <span class='ocrx_word' id='word_1_912' title='bbox 1156 1873 1289 1899; x_wconf 88' lang='lat' dir='ltr'>consimili</span> <span class='ocrx_word' id='word_1_913' title='bbox 1310 1872 1386 1899; x_wconf 80' lang='lat' dir='ltr'>laude</span> <span class='ocrx_word' id='word_1_914' title='bbox 1401 1873 1553 1908; x_wconf 75' lang='lat' dir='ltr'>dignentur.</span> <span class='ocrx_word' id='word_1_915' title='bbox 1589 1873 1654 1898; x_wconf 89' lang='lat' dir='ltr'>Nam</span> <span class='ocrx_word' id='word_1_916' title='bbox 1670 1878 1694 1899; x_wconf 86' lang='lat' dir='ltr'>et</span> 
     </span>
     <span class='ocr_line' id='line_1_126' title="bbox 903 1909 1694 1945; baseline 0 -10"><span class='ocrx_word' id='word_1_917' title='bbox 903 1909 1014 1936; x_wconf 85' lang='lat' dir='ltr'>auribus</span> <span class='ocrx_word' id='word_1_918' title='bbox 1028 1909 1110 1936; x_wconf 84' lang='lat' dir='ltr'>multa</span> <span class='ocrx_word' id='word_1_919' title='bbox 1126 1910 1298 1944; x_wconf 87' lang='lat' dir='ltr'>percipimus,</span> <span class='ocrx_word' id='word_1_920' title='bbox 1311 1919 1388 1945; x_wconf 83' lang='lat' dir='ltr'>quae,</span> <span class='ocrx_word' id='word_1_921' title='bbox 1405 1911 1453 1936; x_wconf 88' lang='lat' dir='ltr'>etsi</span> <span class='ocrx_word' id='word_1_922' title='bbox 1468 1919 1515 1936; x_wconf 87' lang='lat' dir='ltr'>nos</span> <span class='ocrx_word' id='word_1_923' title='bbox 1527 1910 1637 1936; x_wconf 80' lang='lat' dir='ltr'>vocibus</span> <span class='ocrx_word' id='word_1_924' title='bbox 1648 1910 1694 1936; x_wconf 72' lang='lat' dir='ltr'>de-</span> 
     </span>
     <span class='ocr_line' id='line_1_127' title="bbox 904 1947 1694 1982; baseline 0.001 -9"><span class='ocrx_word' id='word_1_925' title='bbox 904 1947 1008 1978; x_wconf 88' lang='lat' dir='ltr'>lectant,</span> <span class='ocrx_word' id='word_1_926' title='bbox 1029 1951 1116 1973; x_wconf 82' lang='lat' dir='ltr'>tamen</span> <span class='ocrx_word' id='word_1_927' title='bbox 1136 1947 1170 1973; x_wconf 90' lang='lat' dir='ltr'>ita</span> <span class='ocrx_word' id='word_1_928' title='bbox 1188 1952 1251 1974; x_wconf 87' lang='lat' dir='ltr'>sunt</span> <span class='ocrx_word' id='word_1_929' title='bbox 1266 1948 1336 1974; x_wconf 88' lang='lat' dir='ltr'>varia</span> <span class='ocrx_word' id='word_1_930' title='bbox 1351 1956 1437 1982; x_wconf 82' lang='lat' dir='ltr'>saepe,</span> <span class='ocrx_word' id='word_1_931' title='bbox 1455 1952 1483 1974; x_wconf 89' lang='lat' dir='ltr'>ut</span> <span class='ocrx_word' id='word_1_932' title='bbox 1497 1947 1532 1978; x_wconf 88' lang='lat' dir='ltr'>id,</span> <span class='ocrx_word' id='word_1_933' title='bbox 1548 1947 1619 1982; x_wconf 88' lang='lat' dir='ltr'>quod</span> <span class='ocrx_word' id='word_1_934' title='bbox 1635 1956 1694 1982; x_wconf 84' lang='lat' dir='ltr'>pro-</span> 
     </span>
     <span class='ocr_line' id='line_1_128' title="bbox 903 1984 1694 2017; baseline 0.001 -7"><span class='ocrx_word' id='word_1_935' title='bbox 903 1985 1008 2011; x_wconf 89' lang='lat' dir='ltr'>ximum</span> <span class='ocrx_word' id='word_1_936' title='bbox 1022 1984 1124 2016; x_wconf 81' lang='lat' dir='ltr'>audias,</span> <span class='ocrx_word' id='word_1_937' title='bbox 1137 1985 1365 2011; x_wconf 84' lang='lat' dir='ltr'>iucundissimum</span> <span class='ocrx_word' id='word_1_938' title='bbox 1376 1994 1436 2011; x_wconf 84' lang='lat' dir='ltr'>esse</span> <span class='ocrx_word' id='word_1_939' title='bbox 1448 1985 1581 2017; x_wconf 67' lang='lat' dir='ltr'>videatur,</span> <span class='ocrx_word' id='word_1_940' title='bbox 1598 1990 1621 2011; x_wconf 84' lang='lat' dir='ltr'>et</span> <span class='ocrx_word' id='word_1_941' title='bbox 1631 1994 1694 2011; x_wconf 86' lang='lat' dir='ltr'>ocu-</span> 
     </span>
     <span class='ocr_line' id='line_1_129' title="bbox 904 2021 1694 2058; baseline -0.001 -10"><span class='ocrx_word' id='word_1_942' title='bbox 904 2022 937 2048; x_wconf 90' lang='lat' dir='ltr'>lis</span> <span class='ocrx_word' id='word_1_943' title='bbox 955 2021 1118 2058; x_wconf 74' lang='lat' dir='ltr'>colliguntur</span> <span class='ocrx_word' id='word_1_944' title='bbox 1132 2030 1214 2056; x_wconf 86' lang='lat' dir='ltr'>paene</span> <span class='ocrx_word' id='word_1_945' title='bbox 1230 2022 1438 2049; x_wconf 86' lang='lat' dir='ltr'>innumerabiles</span> <span class='ocrx_word' id='word_1_946' title='bbox 1454 2022 1610 2057; x_wconf 77' lang='lat' dir='ltr'>voluptates,</span> <span class='ocrx_word' id='word_1_947' title='bbox 1626 2031 1694 2057; x_wconf 85' lang='lat' dir='ltr'>quae</span> 
     </span>
     <span class='ocr_line' id='line_1_130' title="bbox 904 2059 1694 2095; baseline -0.001 -9"><span class='ocrx_word' id='word_1_948' title='bbox 904 2068 952 2086; x_wconf 90' lang='lat' dir='ltr'>nos</span> <span class='ocrx_word' id='word_1_949' title='bbox 974 2059 1010 2085; x_wconf 91' lang='lat' dir='ltr'>ita</span> <span class='ocrx_word' id='word_1_950' title='bbox 1032 2059 1149 2094; x_wconf 85' lang='lat' dir='ltr'>capiunt,</span> <span class='ocrx_word' id='word_1_951' title='bbox 1175 2063 1204 2086; x_wconf 87' lang='lat' dir='ltr'>ut</span> <span class='ocrx_word' id='word_1_952' title='bbox 1226 2068 1309 2086; x_wconf 89' lang='lat' dir='ltr'>unum</span> <span class='ocrx_word' id='word_1_953' title='bbox 1331 2068 1440 2086; x_wconf 89' lang='lat' dir='ltr'>sensum</span> <span class='ocrx_word' id='word_1_954' title='bbox 1459 2059 1583 2086; x_wconf 84' lang='lat' dir='ltr'>dissimili</span> <span class='ocrx_word' id='word_1_955' title='bbox 1598 2068 1694 2095; x_wconf 72' lang='lat' dir='ltr'>genere</span> 
     </span>
     <span class='ocr_line' id='line_1_131' title="bbox 904 2096 1694 2131; baseline 0 -9"><span class='ocrx_word' id='word_1_956' title='bbox 904 2096 1048 2129; x_wconf 69' lang='lat' dir='ltr'>delectent,</span> <span class='ocrx_word' id='word_1_957' title='bbox 1064 2101 1089 2122; x_wconf 89' lang='lat' dir='ltr'>et</span> <span class='ocrx_word' id='word_1_958' title='bbox 1099 2096 1217 2131; x_wconf 90' lang='lat' dir='ltr'>reliquos</span> <span class='ocrx_word' id='word_1_959' title='bbox 1229 2106 1324 2123; x_wconf 86' lang='lat' dir='ltr'>sensus</span> <span class='ocrx_word' id='word_1_960' title='bbox 1339 2097 1486 2131; x_wconf 80' lang='lat' dir='ltr'>voluptates</span> <span class='ocrx_word' id='word_1_961' title='bbox 1497 2097 1628 2123; x_wconf 82' lang='lat' dir='ltr'>oblectant</span> <span class='ocrx_word' id='word_1_962' title='bbox 1639 2097 1694 2123; x_wconf 85' lang='lat' dir='ltr'>dis-</span> 
     </span>
     <span class='ocr_line' id='line_1_132' title="bbox 905 2133 1691 2169; baseline -0.001 -9"><span class='ocrx_word' id='word_1_963' title='bbox 905 2142 990 2169; x_wconf 87' lang='lat' dir='ltr'>pares,</span> <span class='ocrx_word' id='word_1_964' title='bbox 1012 2138 1041 2160; x_wconf 91' lang='lat' dir='ltr'>ut</span> <span class='ocrx_word' id='word_1_965' title='bbox 1055 2134 1088 2160; x_wconf 83' lang='lat' dir='ltr'>sit</span> <span class='ocrx_word' id='word_1_966' title='bbox 1102 2133 1211 2160; x_wconf 80' lang='lat' dir='ltr'>diflicile</span> <span class='ocrx_word' id='word_1_967' title='bbox 1226 2135 1356 2161; x_wconf 86' lang='lat' dir='ltr'>iudicium</span> <span class='ocrx_word' id='word_1_968' title='bbox 1375 2134 1529 2161; x_wconf 81' lang='lat' dir='ltr'>excellentis</span> <span class='ocrx_word' id='word_1_969' title='bbox 1543 2135 1691 2160; x_wconf 80' lang='lat' dir='ltr'>suavitatis.</span> 
     </span>
     <span class='ocr_line' id='line_1_133' title="bbox 904 2171 1694 2206; baseline -0.003 -8"><span class='ocrx_word' id='word_1_970' title='bbox 904 2173 945 2198; x_wconf 66' lang='lat'>⁴26.</span> <span class='ocrx_word' id='word_1_971' title='bbox 972 2171 1004 2197; x_wconf 77' lang='lat' dir='ltr'>At</span> <span class='ocrx_word' id='word_1_972' title='bbox 1028 2171 1076 2197; x_wconf 80' lang='lat' dir='ltr'>hoc</span> <span class='ocrx_word' id='word_1_973' title='bbox 1094 2171 1174 2202; x_wconf 84' lang='lat' dir='ltr'>idem,</span> <span class='ocrx_word' id='word_1_974' title='bbox 1195 2171 1267 2206; x_wconf 88' lang='lat' dir='ltr'>quod</span> <span class='ocrx_word' id='word_1_975' title='bbox 1285 2176 1324 2198; x_wconf 90' lang='lat' dir='ltr'>est</span> <span class='ocrx_word' id='word_1_976' title='bbox 1339 2172 1364 2198; x_wconf 92' lang='lat' dir='ltr'>in</span> <span class='ocrx_word' id='word_1_977' title='bbox 1380 2173 1481 2198; x_wconf 84' lang='lat' dir='ltr'>naturis</span> <span class='ocrx_word' id='word_1_978' title='bbox 1496 2180 1592 2202; x_wconf 82' lang='lat' dir='ltr'>rerum,</span> <span class='ocrx_word' id='word_1_979' title='bbox 1610 2176 1694 2197; x_wconf 79' lang='lat' dir='ltr'>trans-</span> 
     </span>
     <span class='ocr_line' id='line_1_134' title="bbox 905 2208 1693 2243; baseline 0 -9"><span class='ocrx_word' id='word_1_980' title='bbox 905 2208 967 2235; x_wconf 82' lang='lat' dir='ltr'>ferri</span> <span class='ocrx_word' id='word_1_981' title='bbox 982 2213 1068 2243; x_wconf 83' lang='lat' dir='ltr'>potcst</span> <span class='ocrx_word' id='word_1_982' title='bbox 1081 2209 1160 2234; x_wconf 87' lang='lat' dir='ltr'>etiam</span> <span class='ocrx_word' id='word_1_983' title='bbox 1175 2209 1207 2235; x_wconf 86' lang='lat' dir='ltr'>ad</span> <span class='ocrx_word' id='word_1_984' title='bbox 1222 2213 1300 2235; x_wconf 77' lang='lat' dir='ltr'>artes.</span> <span class='ocrx_word' id='word_1_985' title='bbox 1335 2209 1390 2236; x_wconf 83' lang='lat' dir='ltr'>Una</span> <span class='ocrx_word' id='word_1_986' title='bbox 1411 2209 1526 2243; x_wconf 68' lang='lat' dir='ltr'>tingendi</span> <span class='ocrx_word' id='word_1_987' title='bbox 1546 2218 1588 2234; x_wconf 88' lang='lat' dir='ltr'>ars</span> <span class='ocrx_word' id='word_1_988' title='bbox 1602 2213 1650 2237; x_wconf 81' lang='lat' dir='ltr'>est,</span> <span class='ocrx_word' id='word_1_989' title='bbox 1668 2209 1693 2234; x_wconf 91' lang='lat' dir='ltr'>in</span> 
     </span>
     <span class='ocr_line' id='line_1_135' title="bbox 904 2245 1692 2282; baseline 0 -10"><span class='ocrx_word' id='word_1_990' title='bbox 904 2254 956 2281; x_wconf 87' lang='lat' dir='ltr'>qua</span> <span class='ocrx_word' id='word_1_991' title='bbox 972 2250 1133 2280; x_wconf 80' lang='lat' dir='ltr'>praestantes</span> <span class='ocrx_word' id='word_1_992' title='bbox 1148 2245 1255 2272; x_wconf 77' lang='lat' dir='ltr'>suerunt</span> <span class='ocrx_word' id='word_1_993' title='bbox 1271 2247 1352 2282; x_wconf 71' lang='lat' dir='ltr'>Myro,</span> <span class='ocrx_word' id='word_1_994' title='bbox 1368 2246 1526 2282; x_wconf 71' lang='lat' dir='ltr'>Polycletus.</span> <span class='ocrx_word' id='word_1_995' title='bbox 1544 2246 1692 2281; x_wconf 72' lang='lat' dir='ltr'>Lysippusz</span> 
     </span>
     <span class='ocr_line' id='line_1_136' title="bbox 904 2283 1692 2318; baseline 0 -10"><span class='ocrx_word' id='word_1_996' title='bbox 904 2284 951 2318; x_wconf 89' lang='lat' dir='ltr'>qui</span> <span class='ocrx_word' id='word_1_997' title='bbox 965 2292 1058 2309; x_wconf 81' lang='lat' dir='ltr'>omues</span> <span class='ocrx_word' id='word_1_998' title='bbox 1073 2283 1140 2309; x_wconf 88' lang='lat' dir='ltr'>iuter</span> <span class='ocrx_word' id='word_1_999' title='bbox 1150 2292 1178 2309; x_wconf 83' lang='lat' dir='ltr'>se</span> <span class='ocrx_word' id='word_1_1000' title='bbox 1192 2283 1338 2309; x_wconf 76' lang='lat' dir='ltr'>dissimiles</span> <span class='ocrx_word' id='word_1_1001' title='bbox 1355 2283 1469 2312; x_wconf 78' lang='lat' dir='ltr'>l&#39;ttcrunt.</span> <span class='ocrx_word' id='word_1_1002' title='bbox 1487 2283 1532 2309; x_wconf 82' lang='lat' dir='ltr'>scd</span> <span class='ocrx_word' id='word_1_1003' title='bbox 1548 2284 1581 2309; x_wconf 89' lang='lat' dir='ltr'>ita</span> <span class='ocrx_word' id='word_1_1004' title='bbox 1597 2287 1692 2311; x_wconf 84' lang='lat' dir='ltr'>tamen.</span> 
     </span>
     <span class='ocr_line' id='line_1_137' title="bbox 906 2320 1694 2347; baseline -0.001 -1"><span class='ocrx_word' id='word_1_1005' title='bbox 906 2325 933 2346; x_wconf 84' lang='lat' dir='ltr'>ut</span> <span class='ocrx_word' id='word_1_1006' title='bbox 944 2320 1077 2346; x_wconf 82' lang='lat' dir='ltr'>neminem</span> <span class='ocrx_word' id='word_1_1007' title='bbox 1087 2321 1129 2346; x_wconf 91' lang='lat' dir='ltr'>sui</span> <span class='ocrx_word' id='word_1_1008' title='bbox 1138 2320 1444 2346; x_wconf 76' lang='lat' dir='ltr'>velisessedissimilcm.</span> <span class='ocrx_word' id='word_1_1009' title='bbox 1453 2321 1507 2347; x_wconf 80' lang='lat' dir='ltr'>Una</span> <span class='ocrx_word' id='word_1_1010' title='bbox 1517 2325 1555 2346; x_wconf 78' lang='lat' dir='ltr'>cst</span> <span class='ocrx_word' id='word_1_1011' title='bbox 1566 2329 1607 2346; x_wconf 83' lang='lat' dir='ltr'>ars</span> <span class='ocrx_word' id='word_1_1012' title='bbox 1617 2321 1694 2345; x_wconf 85' lang='lat' dir='ltr'>ratio-</span> 
     </span>
     <span class='ocr_line' id='line_1_138' title="bbox 904 2357 1692 2392; baseline 0.001 -10"><span class='ocrx_word' id='word_1_1013' title='bbox 904 2366 956 2391; x_wconf 84' lang='lat' dir='ltr'>que</span> <span class='ocrx_word' id='word_1_1014' title='bbox 976 2358 1101 2391; x_wconf 77' lang='lat' dir='ltr'>pit-turae,</span> <span class='ocrx_word' id='word_1_1015' title='bbox 1118 2357 1348 2392; x_wconf 81' lang='lat' dir='ltr'>dissimillimique</span> <span class='ocrx_word' id='word_1_1016' title='bbox 1363 2362 1448 2383; x_wconf 82' lang='lat' dir='ltr'>tatncu</span> <span class='ocrx_word' id='word_1_1017' title='bbox 1464 2358 1530 2383; x_wconf 86' lang='lat' dir='ltr'>intcr</span> <span class='ocrx_word' id='word_1_1018' title='bbox 1544 2366 1572 2383; x_wconf 83' lang='lat' dir='ltr'>se</span> <span class='ocrx_word' id='word_1_1019' title='bbox 1587 2358 1692 2385; x_wconf 76' lang='lat' dir='ltr'>Zeuxis,</span> 
     </span>
     <span class='ocr_line' id='line_1_139' title="bbox 906 2394 1694 2429; baseline 0 -9"><span class='ocrx_word' id='word_1_1020' title='bbox 906 2394 1070 2429; x_wconf 73' lang='lat' dir='ltr'>Aglaophon,</span> <span class='ocrx_word' id='word_1_1021' title='bbox 1087 2394 1207 2428; x_wconf 71' lang='lat' dir='ltr'>Apelles,</span> <span class='ocrx_word' id='word_1_1022' title='bbox 1231 2403 1316 2429; x_wconf 86' lang='lat' dir='ltr'>neque</span> <span class='ocrx_word' id='word_1_1023' title='bbox 1331 2404 1421 2420; x_wconf 83' lang='lat' dir='ltr'>eorum</span> <span class='ocrx_word' id='word_1_1024' title='bbox 1436 2395 1579 2429; x_wconf 85' lang='lat' dir='ltr'>quisquam</span> <span class='ocrx_word' id='word_1_1025' title='bbox 1590 2399 1638 2425; x_wconf 83' lang='lat' dir='ltr'>est,</span> <span class='ocrx_word' id='word_1_1026' title='bbox 1650 2395 1694 2420; x_wconf 89' lang='lat' dir='ltr'>cui</span> 
     </span>
     <span class='ocr_line' id='line_1_140' title="bbox 904 2431 1695 2466; baseline 0 -9"><span class='ocrx_word' id='word_1_1027' title='bbox 904 2431 1053 2466; x_wconf 84' lang='lat' dir='ltr'>quidquam</span> <span class='ocrx_word' id='word_1_1028' title='bbox 1066 2431 1091 2457; x_wconf 84' lang='lat' dir='ltr'>iu</span> <span class='ocrx_word' id='word_1_1029' title='bbox 1103 2436 1156 2457; x_wconf 84' lang='lat' dir='ltr'>arte</span> <span class='ocrx_word' id='word_1_1030' title='bbox 1166 2440 1214 2457; x_wconf 86' lang='lat' dir='ltr'>sua</span> <span class='ocrx_word' id='word_1_1031' title='bbox 1225 2431 1318 2457; x_wconf 71' lang='lat' dir='ltr'>deesse</span> <span class='ocrx_word' id='word_1_1032' title='bbox 1327 2432 1456 2457; x_wconf 67' lang='lat' dir='ltr'>videatur.</span> <span class='ocrx_word' id='word_1_1033' title='bbox 1468 2432 1509 2462; x_wconf 69' lang='lat'>132,</span> <span class='ocrx_word' id='word_1_1034' title='bbox 1521 2433 1543 2457; x_wconf 86' lang='lat' dir='ltr'>si</span> <span class='ocrx_word' id='word_1_1035' title='bbox 1557 2432 1641 2457; x_wconf 82' lang='lat' dir='ltr'>hocin</span> <span class='ocrx_word' id='word_1_1036' title='bbox 1653 2432 1695 2457; x_wconf 77' lang='lat' dir='ltr'>his</span> 
     </span>
     <span class='ocr_line' id='line_1_141' title="bbox 905 2468 1692 2503; baseline 0 -9"><span class='ocrx_word' id='word_1_1037' title='bbox 905 2469 982 2503; x_wconf 80' lang='lat' dir='ltr'>quasi</span> <span class='ocrx_word' id='word_1_1038' title='bbox 1002 2468 1083 2494; x_wconf 75' lang='lat' dir='ltr'>mutis</span> <span class='ocrx_word' id='word_1_1039' title='bbox 1101 2468 1202 2494; x_wconf 80' lang='lat' dir='ltr'>artibus</span> <span class='ocrx_word' id='word_1_1040' title='bbox 1221 2473 1261 2494; x_wconf 86' lang='lat' dir='ltr'>est</span> <span class='ocrx_word' id='word_1_1041' title='bbox 1280 2469 1430 2495; x_wconf 85' lang='lat' dir='ltr'>mirandum</span> <span class='ocrx_word' id='word_1_1042' title='bbox 1449 2474 1474 2495; x_wconf 85' lang='lat' dir='ltr'>ct</span> <span class='ocrx_word' id='word_1_1043' title='bbox 1489 2473 1575 2495; x_wconf 67' lang='lat' dir='ltr'>utinen</span> <span class='ocrx_word' id='word_1_1044' title='bbox 1590 2477 1692 2499; x_wconf 73' lang='lat' dir='ltr'>verum,</span> 
     </span>
     <span class='ocr_line' id='line_1_142' title="bbox 905 2505 1691 2541; baseline 0 -10"><span class='ocrx_word' id='word_1_1045' title='bbox 905 2510 1005 2540; x_wconf 87' lang='lat' dir='ltr'>quanto</span> <span class='ocrx_word' id='word_1_1046' title='bbox 1024 2505 1174 2531; x_wconf 83' lang='lat' dir='ltr'>mirabilius</span> <span class='ocrx_word' id='word_1_1047' title='bbox 1188 2506 1214 2531; x_wconf 89' lang='lat' dir='ltr'>in</span> <span class='ocrx_word' id='word_1_1048' title='bbox 1229 2506 1344 2532; x_wconf 73' lang='lat' dir='ltr'>oratione</span> <span class='ocrx_word' id='word_1_1049' title='bbox 1358 2511 1437 2541; x_wconf 87' lang='lat' dir='ltr'>atque</span> <span class='ocrx_word' id='word_1_1050' title='bbox 1451 2507 1477 2532; x_wconf 92' lang='lat' dir='ltr'>in</span> <span class='ocrx_word' id='word_1_1051' title='bbox 1494 2505 1602 2541; x_wconf 69' lang='lat' dir='ltr'>lingua?</span> <span class='ocrx_word' id='word_1_1052' title='bbox 1614 2515 1691 2541; x_wconf 71' lang='lat' dir='ltr'>quim,</span> 
     </span>
     <span class='ocr_line' id='line_1_143' title="bbox 905 2542 1695 2578; baseline 0.001 -10"><span class='ocrx_word' id='word_1_1053' title='bbox 905 2551 990 2578; x_wconf 87' lang='lat' dir='ltr'>quum</span> <span class='ocrx_word' id='word_1_1054' title='bbox 1010 2542 1036 2568; x_wconf 93' lang='lat' dir='ltr'>in</span> <span class='ocrx_word' id='word_1_1055' title='bbox 1055 2542 1150 2569; x_wconf 84' lang='lat' dir='ltr'>iisdem</span> <span class='ocrx_word' id='word_1_1056' title='bbox 1164 2544 1303 2569; x_wconf 79' lang='lat' dir='ltr'>sententiis</span> <span class='ocrx_word' id='word_1_1057' title='bbox 1319 2544 1460 2578; x_wconf 84' lang='lat' dir='ltr'>verbisque</span> <span class='ocrx_word' id='word_1_1058' title='bbox 1475 2548 1603 2574; x_wconf 78' lang='lat' dir='ltr'>versetur,</span> <span class='ocrx_word' id='word_1_1059' title='bbox 1619 2552 1695 2569; x_wconf 87' lang='lat' dir='ltr'>sum—</span> 
     </span>
     <span class='ocr_line' id='line_1_144' title="bbox 906 2579 1694 2615; baseline 0.001 -10"><span class='ocrx_word' id='word_1_1060' title='bbox 906 2589 962 2606; x_wconf 86' lang='lat' dir='ltr'>mas</span> <span class='ocrx_word' id='word_1_1061' title='bbox 982 2579 1059 2606; x_wconf 84' lang='lat' dir='ltr'>habet</span> <span class='ocrx_word' id='word_1_1062' title='bbox 1077 2579 1326 2613; x_wconf 68' lang='lat' dir='ltr'>dissimilitudines,</span> <span class='ocrx_word' id='word_1_1063' title='bbox 1350 2589 1402 2607; x_wconf 85' lang='lat' dir='ltr'>uon</span> <span class='ocrx_word' id='word_1_1064' title='bbox 1419 2581 1458 2607; x_wconf 86' lang='lat' dir='ltr'>sic</span> <span class='ocrx_word' id='word_1_1065' title='bbox 1477 2585 1506 2606; x_wconf 89' lang='lat' dir='ltr'>ut</span> <span class='ocrx_word' id='word_1_1066' title='bbox 1525 2580 1569 2606; x_wconf 84' lang='lat' dir='ltr'>alii</span> <span class='ocrx_word' id='word_1_1067' title='bbox 1589 2581 1694 2615; x_wconf 84' lang='lat' dir='ltr'>vitupe—</span> 
     </span>
     <span class='ocr_line' id='line_1_145' title="bbox 906 2617 1693 2652; baseline 0 -9"><span class='ocrx_word' id='word_1_1068' title='bbox 906 2617 981 2643; x_wconf 82' lang='lat' dir='ltr'>randi</span> <span class='ocrx_word' id='word_1_1069' title='bbox 996 2617 1058 2648; x_wconf 83' lang='lat' dir='ltr'>siut,</span> <span class='ocrx_word' id='word_1_1070' title='bbox 1074 2617 1122 2643; x_wconf 86' lang='lat' dir='ltr'>scd</span> <span class='ocrx_word' id='word_1_1071' title='bbox 1137 2622 1166 2643; x_wconf 90' lang='lat' dir='ltr'>ut</span> <span class='ocrx_word' id='word_1_1072' title='bbox 1180 2618 1207 2648; x_wconf 85' lang='lat' dir='ltr'>ii,</span> <span class='ocrx_word' id='word_1_1073' title='bbox 1227 2626 1295 2652; x_wconf 79' lang='lat' dir='ltr'>quos</span> <span class='ocrx_word' id='word_1_1074' title='bbox 1309 2623 1409 2644; x_wconf 84' lang='lat' dir='ltr'>constet</span> <span class='ocrx_word' id='word_1_1075' title='bbox 1422 2627 1480 2644; x_wconf 81' lang='lat' dir='ltr'>csse</span> <span class='ocrx_word' id='word_1_1076' title='bbox 1496 2617 1650 2647; x_wconf 79' lang='lat' dir='ltr'>laudandos,</span> <span class='ocrx_word' id='word_1_1077' title='bbox 1667 2619 1693 2643; x_wconf 89' lang='lat' dir='ltr'>in</span> 
     </span>
     <span class='ocr_line' id='line_1_146' title="bbox 905 2654 1694 2690; baseline 0 -9"><span class='ocrx_word' id='word_1_1078' title='bbox 905 2654 1005 2690; x_wconf 82' lang='lat' dir='ltr'>dispari</span> <span class='ocrx_word' id='word_1_1079' title='bbox 1025 2659 1111 2680; x_wconf 85' lang='lat' dir='ltr'>tamen</span> <span class='ocrx_word' id='word_1_1080' title='bbox 1129 2664 1224 2690; x_wconf 73' lang='lat' dir='ltr'>genere</span> <span class='ocrx_word' id='word_1_1081' title='bbox 1245 2654 1396 2682; x_wconf 70' lang='lat' dir='ltr'>laudentur,</span> <span class='ocrx_word' id='word_1_1082' title='bbox 1428 2656 1469 2682; x_wconf 73' lang='lat'>27.</span> <span class='ocrx_word' id='word_1_1083' title='bbox 1491 2655 1576 2690; x_wconf 70' lang='lat' dir='ltr'>Atque</span> <span class='ocrx_word' id='word_1_1084' title='bbox 1595 2655 1620 2681; x_wconf 89' lang='lat' dir='ltr'>id</span> <span class='ocrx_word' id='word_1_1085' title='bbox 1641 2656 1694 2690; x_wconf 86' lang='lat' dir='ltr'>pri-</span> 
     </span>
    </p>
   </div>
  </div>
 </body>
</html>
