1941 3052
510 111 560 137 DE
591 110 796 137 OFFICIIS
826 112 906 137 LIB.
938 112 957 137 I.

63 182 113 208 rati
129 189 143 207 a
159 185 252 207 natura
269 189 378 212 sumus,
400 186 429 207 ut
441 181 474 207 ad
487 181 581 208 ludum
593 187 619 208 et
631 183 719 208 iocum
732 181 794 208 facti
805 190 864 208 esse

64 218 218 249 videamur,
233 218 266 244 ad
277 219 448 245 severitatem
460 219 549 254 potius
558 241 564 250 ,
582 224 607 246 et
618 219 651 245 ad
663 219 795 254 quaedam
806 223 865 245 stu-

62 256 107 282 dia
122 256 245 292 graviora
260 261 339 291 atque
355 257 466 283 maiora.
507 257 583 283 Ludo
599 262 687 283 autem
708 262 734 283 et
750 257 806 283 ioco
825 257 864 282 uti

63 293 110 320 illo
121 293 232 328 quidem
246 293 319 325 licet,
334 293 382 320 sed
393 294 464 320 sicut
475 303 570 320 somno
581 294 751 329 etquietibus
757 294 862 324 ceteris,

62 336 134 362 tum,
152 339 237 365 quum
253 331 384 366 gravibus
399 332 534 366 seriisque
549 331 629 358 rebus
641 331 862 357 satisfecerimus.

62 369 210 403 Ipsumque
224 377 311 404 genus
327 368 433 395 iocandi
450 378 502 395 non
517 368 659 403 profusum
672 377 720 395 nec
732 368 865 395 immode-

62 411 145 436 stum,
161 405 209 431 sed
221 406 371 442 ingenuum
383 411 409 432 et
419 406 535 432 facetum
547 414 606 432 esse
617 406 706 433 debet.
747 406 780 432 Ut
791 406 863 431 enim

62 443 155 478 pueris
167 452 219 469 non
231 452 338 469 omnem
351 443 462 470 ludendi
476 443 612 470 licentiam
624 443 861 474 damus,sedeam,

62 489 131 516 quae
143 481 176 507 ab
188 481 308 507 honestis
319 481 471 507 actionibus
483 490 535 507 non
546 482 582 507 sit
592 481 693 507 aliena.-
711 481 751 507 sic
766 481 863 514 inipso

62 519 120 545 ioco
136 518 246 553 aliquod
263 518 341 553 probi
358 519 461 553 ingenii
475 518 565 544 lumen
577 518 688 544 eluceat.
732 519 787 544 ⁴04.
810 518 863 543 Du-

62 555 127 591 plex
137 560 178 582 est
188 557 298 582 omnino
310 556 415 582 iocandi
427 564 527 591 genus:
552 564 637 582 unum
652 555 797 585 illiberale,
816 564 864 589 pe-

62 592 166 624 tulans,
179 592 357 628 flagitiosum,
373 593 534 626 obscenumg
552 592 665 619 alterum
681 593 804 628 elegans,
818 601 864 618 ur-

62 631 173 661 banum,
188 631 370 666 ingeniosum,
385 630 510 657 facetum.
542 630 601 662 Quo
611 639 708 666 genere
721 639 772 656 non
785 629 864 656 modo

62 667 173 695 Plautus
194 672 283 694 noster
303 673 329 694 et
344 669 492 694 Atticorum
511 669 620 703 antiqua
642 667 793 697 comoedia,
816 666 863 692 sed

61 706 142 732 etiam
159 705 384 740 philosophorum
396 705 593 732 Socraticorum
606 705 667 731 libri
683 704 773 731 referti
785 709 860 736 sunt;

62 742 201 778 multaque
214 742 361 770 multorum
373 742 456 769 facete
472 743 556 769 dicta:
580 748 610 769 ut
625 752 668 773 ea,
686 751 755 777 quae
771 751 785 768 a
800 750 863 767 sene

61 781 160 807 Catone
172 780 282 807 collecta
295 786 366 811 sunt,
380 789 450 815 quae
461 785 557 807 vocant
568 779 782 816 ἀποφθέγματα.
814 779 864 805 Fa-

61 817 123 845 cilis
134 822 173 844 est
185 818 268 854 igitur
278 818 416 844 distinctio
428 819 540 853 ingenui
550 822 576 844 et
586 817 728 843 illiberalis
740 817 802 843 ioci.
818 816 864 842 Al-

62 860 102 882 ter
112 860 161 886 est,
170 855 194 881 si
205 860 324 890 tempore
336 855 372 886 fit,
382 856 495 881 remisso
507 855 615 881 homine
627 854 741 889 dignus;
755 853 820 880 alter
831 862 864 880 ne

63 892 148 919 libero
158 892 280 927 quidem,
297 894 320 919 si
333 901 422 918 rerum
434 892 598 927 turpitudini
610 891 756 918 adhibetur
767 891 864 917 verho-

62 939 123 957 rum
138 930 301 956 obscenitas.
342 929 466 956 Ludendi
482 934 523 956 est
537 930 618 956 etiam
637 929 749 964 quidam
768 928 864 955 modus

62 967 228 998 retinendus,
242 972 272 994 ut
283 976 315 993 ne
327 968 410 993 nimis
420 968 509 994 omnia
522 966 732 1001 profundamus,
747 966 863 1001 elatique

62 1005 199 1039 voluptate
212 1005 238 1031 in
251 1004 370 1040 aliquam
382 1005 580 1039 turpitudinem
592 1004 760 1031 delabamur.
793 1004 865 1038 Sup-

60 1042 184 1078 peditant
194 1047 283 1069 autem
295 1047 321 1069 et
331 1051 444 1077 campus
451 1047 541 1069 noster
551 1046 577 1068 et
586 1041 676 1069 studia
687 1041 805 1068 venandi
817 1041 865 1068 ho-

61 1085 137 1107 nesta
148 1079 273 1115 exempla
286 1079 408 1106 ludendi.

117 1117 208 1143 XXX.
233 1119 289 1144 405.
312 1117 365 1144 Sed
380 1118 496 1152 pertinet
512 1117 544 1143 ad
560 1126 668 1143 omnem
683 1116 766 1143 officii
781 1125 865 1151 quae-

61 1155 186 1186 stionem,
200 1163 308 1190 semper
319 1155 346 1181 in
359 1160 484 1190 promptu
498 1154 610 1185 habere,
626 1159 758 1189 quantum
771 1159 864 1180 natura

61 1192 181 1219 hominis
193 1192 346 1227 pecudibus
358 1192 526 1227 reliquisque
539 1192 639 1218 belluis
650 1191 798 1218 antecedat.
830 1191 865 1218 11-

61 1229 102 1256 lae
114 1229 182 1256 nihil
197 1231 326 1261 sentiunt,
340 1231 393 1256 nisi
406 1229 585 1264 voluptatem,
602 1229 635 1255 ad
647 1238 761 1264 eamque
772 1228 865 1255 ferun-

60 1272 105 1295 tur
115 1268 188 1294 omni
206 1268 322 1302 impetu;
341 1267 461 1294 hominis
477 1272 565 1293 autem
584 1276 659 1293 mens
673 1266 803 1293 discendo
814 1266 864 1292 ali—
893 1277 895 1300 χ

893 1304 895 1310 ’
918 1304 1004 1330 nenda
1021 1309 1084 1330 sunt
1099 1313 1148 1330 sua
1166 1305 1280 1339 cuique,
1299 1313 1351 1330 non
1369 1305 1473 1334 vitiosa,
1492 1304 1539 1330 sed
1557 1309 1644 1330 tamen
1657 1313 1718 1339 pro-

792 1341 863 1374 Quin
893 1358 895 1375 ς

60 1309 105 1332 tur
115 1309 141 1331 et
151 1305 303 1341 cogitando,
317 1314 424 1340 semper
438 1304 543 1340 aliquid
555 1310 600 1332 aut
610 1306 730 1339 anquirit
742 1309 786 1330 aut
798 1305 862 1339 agit.

61 1342 228 1377 videndique
249 1347 275 1369 et
294 1342 423 1368 audiendi
440 1342 616 1369 delectatione
632 1342 751 1368 ducitur.

60 1380 183 1411 etiam,si
194 1380 257 1415 quis
269 1384 309 1407 est
320 1380 411 1415 paullo
422 1379 455 1407 ad
468 1380 618 1416 voluptates
629 1380 796 1415 propensior,
807 1388 864 1406 mo-

60 1417 95 1444 do
107 1426 139 1444 ne
151 1418 187 1444 sit
197 1426 230 1444 ex
241 1418 378 1453 pecudum
392 1427 504 1454 genere,
522 1419 596 1453 (sunt
606 1419 678 1444 enim
691 1418 802 1453 quidam
817 1418 864 1444 ho—

60 1456 148 1481 mines
160 1464 213 1482 non
226 1464 262 1486 re,
276 1455 323 1482 sed
336 1457 444 1482 nomine
453 1456 471 1491 z)
481 1456 530 1482 sed
541 1457 565 1482 si
576 1456 639 1491 quis
651 1460 691 1482 est
702 1455 793 1490 paullo
807 1464 865 1481 ere-

60 1493 135 1524 ctior,
144 1493 271 1528 quamvis
282 1492 420 1528 voluptate
431 1494 562 1528 capiatur,
570 1492 686 1520 occultat
697 1498 723 1519 et
733 1492 866 1519 dissimu-

61 1529 97 1557 lat
108 1531 258 1565 appetitum
275 1530 422 1566 voluptatis
438 1536 546 1566 propter
561 1530 763 1557 verecundiam.

59 1567 102 1594 Ex
117 1576 171 1602 quo
185 1567 347 1604 intelligitur
357 1570 476 1603 corporis
489 1568 652 1603 voluptatem
666 1577 717 1595 non
729 1568 794 1594 satis
805 1576 865 1594 esse

60 1605 172 1641 dignam
184 1605 303 1632 hominis
315 1606 487 1641 praestantia,
497 1614 611 1641 eamque
618 1606 754 1632 contemni
765 1610 791 1632 et
801 1605 866 1631 reii-

59 1643 85 1669 ci
96 1647 231 1677 oportere:
253 1643 294 1669 sin
310 1644 508 1679 sitquispiam,
526 1645 574 1679 qui
589 1643 693 1678 aliquid
706 1642 806 1669 tribuat
818 1652 866 1669 vo-

61 1680 167 1715 luptati,
176 1679 321 1716 diligenter
332 1681 356 1707 ei
369 1681 516 1707 tenendum
527 1690 586 1707 esse
598 1681 657 1707 eius
670 1680 799 1707 fruendae
807 1688 865 1706 mo-

60 1717 137 1744 dum.
178 1718 270 1753 Itaque
282 1719 370 1745 victus
385 1718 530 1754 cultusque
545 1719 666 1753 corporis
682 1717 715 1744 ad
731 1717 865 1744 valetudi-

60 1763 122 1782 nem
135 1754 265 1782 referatur
275 1755 345 1782 etad
357 1757 438 1787 vires,
453 1765 504 1782 non
517 1756 550 1783 ad
562 1756 738 1790 voluptatem.
777 1756 864 1790 Atque

60 1793 156 1824 etiam,
169 1793 193 1819 si
204 1793 375 1820 considerare
387 1793 510 1820 volemus
519 1814 525 1825 ,
543 1802 613 1829 quae
624 1794 660 1820 sit
672 1793 699 1820 in
711 1797 804 1819 natura
816 1793 865 1819 ho-

60 1831 144 1857 minis
155 1830 315 1857 excellentia
326 1835 352 1858 et
362 1831 494 1866 dignitas,
513 1831 713 1867 intelligemus,
731 1838 813 1865 quam
829 1830 865 1856 sit

60 1872 153 1903 turpe,
177 1866 302 1894 diffluere
319 1868 442 1900 luxuria,
465 1873 490 1895 et
505 1868 618 1895 delicate
639 1876 670 1894 ac
690 1867 807 1894 molliter
824 1868 866 1894 vi-

61 1913 136 1938 vere;
168 1913 307 1940 quamque
328 1905 485 1937 honestum,
513 1914 601 1941 parce,
622 1906 798 1936 continenter,
822 1914 866 1931 sc-

61 1951 133 1974 vere,
147 1943 248 1969 sobrie.

118 1981 175 2007 107.
199 1979 408 2016 Intelligendum
420 1984 461 2006 est
475 1981 565 2011 etiam,
581 1980 690 2007 duabus
700 1981 779 2016 quasi
792 1989 840 2008 nos
851 1989 866 2007 a

61 2022 155 2044 natura
172 2017 281 2044 indutos
293 2026 352 2043 esse
364 2018 501 2052 personis.
518 2026 635 2052 quarum
648 2027 700 2044 una
712 2018 866 2044 eommunis

61 2059 102 2082 est
122 2063 157 2082 ex
176 2063 220 2086 eo,
247 2054 320 2090 quod
340 2063 435 2081 omnes
457 2055 603 2090 participes
623 2064 720 2082 sumus
742 2056 863 2086 rationis,

61 2093 295 2128 praestantiaeque
306 2093 379 2123 eius.
397 2101 449 2127 qua
461 2091 650 2119 antecellimus
661 2092 770 2123 bestiis,
784 2101 797 2119 a
812 2101 866 2128 qua

60 2138 141 2157 omne
162 2130 306 2157 honestum
330 2129 513 2164 decorumque
531 2129 646 2156 trahitur
661 2135 687 2157 et
701 2139 735 2156 ex
753 2138 807 2165 qua
824 2139 866 2157 ra-

62 2168 99 2195 tio
115 2167 273 2194 inveniendi
288 2167 372 2194 oflicii
386 2167 553 2202 exquiritur:
581 2167 661 2194 altera
679 2171 783 2198 autem,
796 2176 866 2202 quae

62 2205 170 2240 proprie
186 2204 305 2240 singulis
321 2209 362 2231 est
376 2205 486 2231 tributa.
527 2205 561 2231 Ut
575 2205 648 2231 enim
665 2205 691 2231 in
707 2205 866 2240 corporibus

62 2251 175 2278 magnae
195 2241 435 2269 dissimilitudines
455 2246 531 2268 sunt:
557 2241 633 2277 (alios
656 2242 781 2268 videmus
793 2242 866 2269 velo-

61 2281 141 2307 citate
166 2279 199 2306 ad
224 2288 350 2309 cursum,
377 2279 444 2305 alios
468 2279 574 2306 viribus
594 2279 627 2306 ad
649 2279 806 2306 luctandum
820 2288 866 2305 va-

62 2316 130 2351 lere;
158 2317 278 2352 itemque
294 2318 322 2343 in
334 2316 427 2343 formis
439 2316 501 2343 aliis
512 2316 672 2352 dignitatem
684 2318 787 2347 inesse.
805 2316 866 2343 aliis

62 2354 259 2390 venustatem:)
283 2355 323 2381 sic
339 2354 366 2380 in
382 2354 482 2381 animis
499 2355 636 2381 exsistunt
651 2355 766 2381 maiores
784 2355 864 2381 etiam

61 2393 214 2419 varietates.
257 2393 314 2418 ⁴08.
336 2391 399 2419 Erat
419 2392 447 2418 in
468 2392 498 2418 L.
520 2391 625 2423 Crasso,
648 2392 675 2418 in
696 2392 726 2418 L.
740 2391 866 2427 Philippo

61 2429 166 2457 multus
181 2429 268 2465 lepos;
303 2429 388 2456 maior
403 2429 498 2460 etiam,
516 2430 658 2465 magisque
674 2428 707 2455 de
720 2429 863 2459 industria,

62 2467 91 2494 in
111 2467 141 2494 C.
163 2467 286 2498 Caesare,
310 2467 340 2493 L.
361 2467 391 2493 F.
431 2466 465 2493 At
481 2466 578 2493 iisdem
595 2466 764 2501 temporibus
782 2467 808 2493 in
828 2467 863 2493 M.

61 2504 163 2532 Scauro
178 2509 205 2532 et
218 2505 246 2532 in
265 2505 302 2531 M.
319 2505 404 2531 Druso
419 2503 588 2531 adolescente
603 2503 751 2540 singularis
762 2504 866 2530 severi-

62 2546 115 2574 tas;
139 2543 166 2569 in
186 2541 216 2570 C.
239 2541 330 2569 Laelio
349 2541 433 2568 multa
455 2541 590 2574 hilaritas;
614 2541 641 2568 in
657 2541 717 2568 eius
737 2540 864 2568 familiari

61 2578 189 2614 Scipione
212 2579 325 2607 ambitio
346 2580 444 2611 maior,
471 2580 526 2606 vita
546 2578 658 2606 tristior.
698 2579 733 2605 De
754 2578 865 2605 Graecis

62 2621 162 2648 autem,
178 2616 286 2644 dulcem
297 2622 324 2644 et
335 2616 461 2648 facetum.
475 2616 770 2652 festiviquesermonis,
784 2620 864 2651 atque

62 2655 91 2682 in
110 2654 185 2682 omni
205 2655 325 2683 oratione
339 2654 540 2686 simulatorem,
557 2662 640 2690 quem
656 2654 751 2690 εἴρωνα
766 2653 862 2681 Graeci

807 1532 863 1556 ⁴06.
893 1536 894 1539 ’

990 111 1041 138 CA
1053 112 1081 138 P.
1114 113 1145 138 27
1165 128 1201 131 —
1222 114 1249 139 31
1648 117 1711 141 1233

917 183 1137 213 nominaverunt,
1156 183 1292 210 Socratem
1308 184 1477 219 accepimus:
1509 190 1600 211 contra
1616 185 1714 221 Pytha-

915 228 1007 254 goram
1028 225 1053 246 et
1079 220 1208 247 Periclem
1232 230 1367 247 summam
1387 223 1569 248 auctoritatem
1584 231 1714 249 consecu-

916 262 955 283 tos
976 258 1034 283 sine
1058 257 1112 283 ulla
1130 258 1273 284 hilaritate.
1314 258 1449 285 Callidum
1465 259 1642 286 Hannibalem
1681 269 1713 286 ex

917 295 1079 325 Poenorum,
1096 304 1129 321 ex
1146 297 1242 322 nostris
1259 295 1376 322 ducibus
1394 296 1425 328 Q.
1444 297 1592 323 Maximum
1609 298 1715 332 accepi-

916 340 976 357 mus
1011 331 1087 358 facile
1107 332 1206 363 celare,
1231 338 1329 363 tacere,
1364 333 1546 364 dissimulare,
1579 334 1712 363 insidiari,

917 370 1070 403 praecipere
1091 369 1209 396 hostium
1225 370 1347 396 consilia.
1388 371 1416 397 In
1434 379 1488 406 quo
1503 380 1600 406 genere
1619 372 1714 398 Graeci

916 406 1124 433 Themistoclem
1146 412 1171 434 et
1191 407 1340 434 Pheraeum
1356 408 1475 434 Iasonem
1493 409 1589 435 ceteris
1604 414 1715 443 antepo—

916 448 995 469 nunt:
1025 444 1052 469 in
1064 445 1214 479 primisque
1228 450 1367 471 versutum
1379 450 1403 471 et
1415 445 1543 472 callidum
1556 446 1654 472 factum
1667 446 1715 472 So-

917 480 998 511 lonis,
1021 482 1082 515 qui,
1101 490 1155 516 quo
1176 487 1201 508 et
1217 483 1298 508 tutior
1315 483 1368 508 vita
1385 483 1443 509 eius
1459 488 1542 513 esset,
1556 488 1582 510 et
1591 483 1654 518 plus
1665 483 1715 510 ali-

915 518 1023 552 quando
1044 518 1210 553 reipublicae
1229 519 1382 554 prodesset,
1405 519 1492 546 furere
1512 530 1539 546 se
1564 521 1713 548 simulavit.

918 557 972 581 109.
988 555 1055 581 Sunt
1066 556 1109 582 his
1121 556 1167 582 alii
1179 557 1294 583 multum
1305 557 1436 591 dispares,
1452 558 1590 592 simplices
1602 564 1627 585 et
1638 567 1716 593 aper-

915 593 948 622 ti,
966 593 1014 627 qui
1030 593 1098 619 nihil
1115 602 1149 620 ex
1164 594 1281 624 occulto.
1303 594 1370 620 nihil
1392 595 1500 621 insidiis
1516 596 1651 630 agendum
1663 605 1716 630 pu-

892 658 893 668 ,
916 634 980 661 tant,
994 631 1114 657 veritatis
1125 631 1250 662 cultores,
1266 631 1368 658 fraudis
1380 633 1498 664 inimici;
1524 634 1642 668 itemque
1657 633 1712 663 alii,

915 668 963 702 qui
983 668 1095 702 quidvis
1116 669 1313 703 perpetiantur,
1337 669 1425 695 cuivis
1447 669 1613 700 deserviant,
1637 671 1712 699 dum,

915 704 987 739 quod
1000 705 1092 736 velint,
1106 711 1318 740 consequantur:
1343 711 1371 733 ut
1383 706 1486 733 Sullam
1500 712 1525 733 et
1540 708 1574 733 M.
1588 708 1714 734 Crassum

916 741 1087 768 videbamus.
1128 742 1185 774 Quo
1198 745 1224 769 in
1236 752 1334 779 genere
1346 744 1563 770 versutissimum
1575 750 1600 771 et
1612 746 1716 779 patien—

916 780 1054 806 tissimum
1084 780 1325 807 Lacedaemonium
1355 781 1523 816 Lysandrum
1544 783 1712 816 accepimus:

916 821 1061 852 contraque
1077 817 1290 848 Callicratidan),
1312 819 1360 853 qui
1376 818 1527 852 praefectus
1543 819 1638 845 classis
1654 828 1715 853 pro-

917 855 1008 880 ximus
1023 859 1083 889 post
1094 855 1263 890 Lysandrum
1278 855 1341 881 fuit:
1375 856 1493 890 itemque
1507 857 1532 882 in
1544 857 1715 883 sermonibus

916 891 1011 922 alium,
1032 893 1159 926 quamvis
1175 897 1334 927 praepotens
1350 893 1398 923 sit,
1416 892 1535 923 efficere,
1554 899 1583 920 ut
1601 902 1671 920 unus
1683 894 1715 919 dc

917 928 1010 955 multis
1029 938 1088 955 esse
1104 929 1237 956 videatur.
1279 929 1355 962 Quod
1372 931 1399 956 in
1411 930 1517 961 Catulo,
1531 936 1556 957 et
1569 931 1595 957 in
1606 937 1679 966 patre
1691 937 1715 956 et

917 967 943 992 in
958 966 1022 997 filio,
1042 966 1168 1001 idemque
1185 967 1212 993 in
1227 966 1259 999 Q.
1277 968 1364 993 Mucio
1375 968 1477 993 Mancia
1490 968 1620 994 vidimus.
1661 970 1717 994 Au—

917 1004 975 1030 divi
990 1012 1025 1030 ex
1040 1004 1188 1030 maioribus
1204 1009 1267 1031 natu
1284 1004 1334 1031 hoc
1350 1004 1421 1031 idem
1435 1004 1519 1031 fuisse
1530 1006 1556 1031 in
1570 1007 1597 1031 ΡΔ
1611 1006 1717 1040 Scipio-

918 1049 950 1067 ne
971 1042 1081 1068 Nasica:
1114 1046 1259 1077 contraque
1277 1047 1379 1076 patrem
1396 1042 1469 1073 eius,
1493 1042 1584 1073 illmn,
1607 1044 1655 1078 qui
1674 1043 1715 1069 Ti.

917 1079 1033 1105 Gracchi
1052 1084 1163 1105 conatus
1179 1079 1298 1114 perditos
1314 1079 1476 1110 vindicavit,
1491 1080 1593 1106 nullam
1605 1082 1716 1106 comita-

917 1122 970 1142 tem
1000 1116 1129 1142 habuisse
1155 1117 1300 1148 sermonis,
1339 1126 1371 1144 ne
1392 1117 1568 1144 Xenocratem
1594 1117 1715 1152 quidem,

916 1155 1123 1180 severissimum
1139 1154 1378 1189 philosophorum,
1392 1155 1426 1181 ob
1438 1163 1550 1189 eamque
1563 1163 1618 1181 rem
1632 1155 1717 1189 ipsam

918 1200 1046 1227 magnum
1063 1196 1088 1218 et
1104 1191 1206 1218 clarum
1220 1191 1314 1218 fuisse.
1355 1192 1570 1218 Innumerabiles
1582 1192 1649 1218 aliae
1661 1192 1717 1218 dis-

893 1253 895 1263 ,
916 1229 1112 1255 similitudines
1124 1234 1187 1255 sunt
1199 1234 1308 1256 naturae
1321 1237 1490 1264 morumque,
1505 1231 1617 1255 minime
1630 1235 1716 1256 tamen

919 1266 1168 1301 vituperandorum.
1210 1267 1310 1292 xxxi.
1335 1268 1391 1292 ΗΟ.
1410 1266 1664 1293 Admodnmautem
1680 1272 1718 1293 te-

916 1342 983 1377 pria,
997 1350 1050 1378 quo
1063 1341 1169 1369 facilius
1180 1341 1307 1369 decorum
1321 1341 1396 1372 illud.
1411 1341 1483 1377 quod
1496 1343 1662 1377 quaerimus,
1677 1350 1719 1368 re-

917 1381 1042 1407 tineatur.
1083 1380 1127 1407 Sic
1143 1381 1215 1406 enim
1232 1385 1271 1406 est
1284 1379 1451 1410 faciendum,
1466 1385 1594 1406 utcontra
1608 1380 1718 1406 univer-

916 1427 974 1444 sam
986 1422 1107 1444 naturam
1119 1417 1187 1444 nihil
1200 1417 1407 1444 contendamus:
1431 1426 1460 1443 ea
1474 1422 1560 1444 tamen
1573 1426 1717 1443 conserva—

917 1460 950 1486 ta,
974 1456 1110 1490 propriam
1132 1459 1254 1481 naturam
1276 1463 1435 1489 sequamur;
1463 1460 1505 1485 nt,
1529 1456 1608 1481 etiam
1625 1455 1647 1480 si
1664 1456 1717 1480 sint

917 1492 967 1519 alia
983 1493 1106 1528 graviora
1123 1498 1202 1527 atque
1219 1492 1343 1522 meliora,
1364 1498 1451 1519 tamen
1469 1501 1516 1518 nos
1528 1492 1616 1518 studia
1630 1498 1716 1518 nostra

918 1535 1022 1557 nostrae
1039 1535 1149 1557 naturae
1166 1529 1257 1565 regula
1275 1530 1427 1556 metiamur.
1469 1530 1561 1564 Neque
1572 1531 1644 1556 enim
1657 1530 1719 1555 atti-

917 1573 961 1594 net
983 1576 1133 1603 repugnare
1150 1573 1273 1598 naturae,
1298 1575 1345 1593 nec
1361 1567 1511 1602 quidquam
1528 1568 1620 1602 sequi,
1645 1566 1718 1601 quou'

917 1606 1025 1640 assequi
1039 1614 1089 1632 non
1105 1613 1198 1640 queas.
1240 1605 1279 1631 Ex
1291 1613 1344 1639 qno
1356 1605 1443 1639 magis
1454 1605 1576 1640 emergit,
1593 1604 1672 1639 quale
1684 1604 1719 1630 sit

917 1643 1045 1669 decorum
1061 1642 1143 1674 illud,
1158 1642 1232 1673 ideo,
1244 1643 1310 1677 quia
1322 1642 1389 1668 nihil
1402 1642 1478 1668 decet
1490 1643 1573 1668 invita
1586 1642 1716 1670 Minerva,

917 1686 946 1707 ut
971 1681 1055 1711 aiunt,
1082 1680 1109 1706 id
1131 1685 1184 1710 est,
1209 1680 1368 1706 adversante
1391 1685 1416 1706 et
1428 1684 1593 1714 repugnante
1614 1684 1716 1705 nutura.

920 1719 975 1744 ΗΙ.
997 1718 1114 1744 Omnino
1125 1718 1148 1743 si
1160 1717 1310 1752 quidquam
1323 1722 1363 1743 est
1374 1717 1511 1747 decorum.
1526 1716 1593 1742 nihil
1606 1722 1646 1742 est
1658 1724 1719 1750 pro-

919 1755 986 1781 fecto
1003 1756 1104 1790 magiS,
1123 1764 1205 1790 quam
1217 1754 1396 1790 aequabilitas
1408 1755 1551 1780 universae
1563 1755 1648 1783 vitae,
1663 1759 1718 1779 tmn

916 1792 1087 1828 singularum
1100 1793 1249 1823 actionum,
1281 1801 1362 1827 quam
1379 1800 1538 1818 conservare
1554 1800 1605 1818 uon
1619 1791 1717 1825 possis,

916 1831 940 1856 si
959 1830 1074 1857 aliorum
1092 1835 1215 1857 naturam
1232 1830 1341 1856 imitans
1356 1830 1463 1856 omittas
1479 1834 1562 1855 tuam.
1604 1828 1636 1855 Ut
1647 1828 1720 1854 enim

916 1876 1039 1894 sermone
1055 1876 1085 1894 eo
1101 1868 1233 1894 debemus
1249 1868 1302 1898 uti,
1319 1868 1367 1902 qui
1384 1872 1462 1893 notus
1473 1871 1513 1892 est
1525 1866 1616 1895 nobis,
1631 1874 1673 1896 ne,
1691 1869 1721 1892 ut

916 1905 1029 1941 quidam
1045 1906 1146 1932 Graeca
1161 1905 1243 1931 verba
1259 1904 1434 1935 inculcantes,
1448 1905 1506 1930 iure
1517 1905 1618 1938 optimo
1633 1903 1720 1929 ridea-

918 1952 992 1970 mur:
1015 1943 1054 1969 sic
1071 1943 1098 1969 in
1114 1943 1233 1969 actiones
1247 1950 1411 1977 omnemque
1428 1942 1509 1968 vitam
1544 1941 1645 1967 nnllam
1663 1940 1719 1966 dis-

916 1981 1082 2016 crepantiam
1098 1979 1219 2007 conferre
1234 1979 1376 2006 debemus.
1420 1980 1476 2005 ΗΞ.
1492 1979 1578 2014 Atque
1591 1978 1655 2004 haec
1666 1977 1720 2003 dis—

918 2017 1029 2045 ferentia
1050 2022 1206 2045 naturarum
1229 2022 1328 2044 tantam
1350 2016 1431 2043 habet
1447 2017 1516 2046 vim,
1542 2021 1571 2042 ut
1586 2023 1720 2042 nonnum—

917 2064 1000 2090 quam
1021 2060 1135 2082 mortem
1153 2055 1208 2082 sibi
1230 2056 1288 2089 ipse
1308 2055 1476 2081 consciscere
1497 2053 1597 2088 aliquis
1613 2053 1718 2080 debeat.

918 2092 988 2119 alius
1004 2093 1031 2119 in
1045 2092 1138 2118 eadem
1151 2100 1246 2118 caussa
1259 2100 1311 2118 non
1323 2091 1428 2118 debeat.
1470 2091 1540 2117 Num
1553 2091 1625 2116 enim
1633 2090 1682 2116 alia
1692 2090 1718 2115 in

917 2138 1013 2156 caussa
1030 2130 1064 2155 M.
1078 2129 1141 2156 Cato
1154 2129 1216 2159 fuit.
1234 2129 1285 2155 alia
1297 2129 1393 2159 ceteri.
1411 2129 1459 2163 qui
1474 2137 1503 2154 se
1516 2130 1542 2154 in
1555 2127 1642 2153 Africa
1654 2126 1719 2152 Cae-

917 2168 971 2193 sari
993 2166 1178 2193 tradiderunt?
1207 2166 1289 2201 Atqui
1309 2167 1405 2192 ceteris
1422 2164 1529 2192 forsitan
1547 2165 1611 2190 vitio
1627 2164 1719 2190 datum

917 2209 1000 2234 esset,
1018 2204 1042 2230 si
1057 2212 1086 2230 se
1104 2203 1316 2232 interemissent.
1338 2208 1476 2237 propterea
1492 2202 1564 2237 quod
1580 2201 1663 2227 lenior
1674 2209 1720 2227 eo-

919 2250 978 2268 rum
1001 2242 1068 2271 vita,
1089 2245 1116 2267 et
1139 2249 1227 2266 mores
1249 2239 1354 2266 fuerant
1378 2239 1526 2266 faciliores:
1558 2239 1650 2265 Catoni
1671 2246 1720 2264 nu-

919 2284 971 2306 tem
989 2287 1075 2314 quum
1088 2277 1275 2304 incredibilem
1291 2277 1432 2303 tribuisset
1444 2282 1536 2303 natura
1548 2277 1717 2311 gravitatem,

918 2324 1033 2351 eamque
1053 2316 1111 2350 ipse
1123 2320 1251 2350 perpetua
1263 2315 1412 2340 constantia
1425 2314 1583 2341 roborasset.
1597 2321 1718 2347 semper-

917 2362 970 2389 que
987 2354 1013 2380 in
1031 2354 1167 2388 proposito
1187 2357 1368 2386 susceptoque
1383 2351 1497 2377 consilio
1513 2351 1716 2385 permansisset.

919 2391 1092 2417 moriundum
1114 2391 1217 2425 potius,
1242 2398 1324 2424 quam
1346 2389 1452 2424 tyranni
1475 2388 1566 2414 vultus
1583 2388 1718 2422 uspicien-

917 2429 968 2454 ‹lus
985 2428 1045 2454 fuit.
1089 2429 1144 2454 ⁴¹3.
1164 2427 1250 2460 Quam
1269 2426 1351 2452 iiinltn
1364 2434 1460 2460 passus
1471 2430 1511 2451 est
1526 2425 1617 2451 Ulixes
1634 2425 1658 2450 in
1673 2423 1719 2450 illo

917 2474 1005 2492 errore
1021 2465 1162 2494 diuturno,
1180 2473 1265 2500 quum
1277 2469 1301 2490 et
1317 2463 1487 2492 mulieribus,
1501 2463 1534 2496 (si
1545 2463 1620 2489 Circe
1632 2467 1657 2488 et
1668 2462 1719 2488 Cn-

919 2503 995 2539 lypso
1020 2502 1148 2529 mulieres
1169 2501 1345 2537 appellandae
1371 2500 1459 2533 sunt.)
1480 2500 1622 2526 inserviret
1644 2504 1670 2525 et
1691 2500 1717 2525 in

916 2541 990 2567 omni
1006 2549 1129 2567 sermono
1144 2539 1272 2566 omnibus
1287 2537 1420 2564 affabilem
1437 2546 1465 2563 se
1480 2545 1539 2563 esse
1552 2536 1644 2563 vellet!
1669 2537 1719 2563 Do-

918 2579 954 2604 mi
976 2586 1038 2604 vero
1058 2578 1139 2604 etinm
1154 2576 1330 2603 contumelias
1345 2583 1483 2601 servorum
1503 2574 1717 2609 ancillarumque

919 2615 1042 2651 pertulit.
1056 2620 1085 2642 ut
1095 2614 1128 2641 nd
1140 2614 1167 2642 id
1178 2612 1337 2648 aliquando,
1351 2612 1422 2648 quod
1434 2612 1574 2647 cupiebat,
1591 2612 1717 2647 perveni-

918 2658 966 2680 ret.
1008 2653 1041 2680 At
1055 2653 1138 2684 Aiax.
1161 2660 1215 2687 quo
1231 2651 1321 2678 animo
1332 2650 1458 2681 traditur,
1477 2649 1577 2676 millies
1592 2654 1717 2684 oppetere

1468 2699 1510 2724 155
