<?xml version="1.0" encoding="UTF-8"?>
<!DOCTYPE html PUBLIC "-//W3C//DTD XHTML 1.0 Transitional//EN"
    "http://www.w3.org/TR/xhtml1/DTD/xhtml1-transitional.dtd">
<html xmlns="http://www.w3.org/1999/xhtml" xml:lang="en" lang="en">
 <head>
  <title>
</title>
<meta http-equiv="Content-Type" content="text/html;charset=utf-8" />
  <meta name='ocr-system' content='tesseract 3.04.00' />
  <meta name='ocr-capabilities' content='ocr_page ocr_carea ocr_par ocr_line ocrx_word'/>
</head>
<body>
  <div class='ocr_page' id='page_1' title='image "./operaomniaunovol00ciceuoft/operaomniaunovol00ciceuoft_0439.png"; bbox 0 0 1941 3052; ppageno 0'>
   <div class='ocr_carea' id='block_1_1' title="bbox 420 166 1341 195">
    <p class='ocr_par' dir='ltr' id='par_1_1' title="bbox 420 166 1341 195">
     <span class='ocr_line' id='line_1_1' title="bbox 420 166 1341 195; baseline -0.002 0"><span class='ocrx_word' id='word_1_1' title='bbox 420 167 604 195; x_wconf 77' lang='lat' dir='ltr'>ORATIO</span> <span class='ocrx_word' id='word_1_2' title='bbox 636 167 726 194; x_wconf 86' lang='lat' dir='ltr'>PRO</span> <span class='ocrx_word' id='word_1_3' title='bbox 759 167 788 193; x_wconf 91' lang='lat' dir='ltr'>C.</span> <span class='ocrx_word' id='word_1_4' title='bbox 823 166 1041 194; x_wconf 80' lang='lat' dir='ltr'>RABIRIO.</span> <span class='ocrx_word' id='word_1_5' title='bbox 1076 166 1173 193; x_wconf 83' lang='lat' dir='ltr'>CAP.</span> <span class='ocrx_word' id='word_1_6' title='bbox 1208 168 1278 193; x_wconf 87' lang='lat'>6—</span> <span class='ocrx_word' id='word_1_7' title='bbox 1305 170 1341 194; x_wconf 73' lang='lat'>12.</span> 
     </span>
    </p>
   </div>
   <div class='ocr_carea' id='block_1_2' title="bbox 56 238 878 1703">
    <p class='ocr_par' dir='ltr' id='par_1_2' title="bbox 56 238 875 464">
     <span class='ocr_line' id='line_1_2' title="bbox 57 238 853 274; baseline -0.005 -6"><span class='ocrx_word' id='word_1_8' title='bbox 57 241 179 269; x_wconf 89' lang='lat' dir='ltr'>sceleris:</span> <span class='ocrx_word' id='word_1_9' title='bbox 198 242 293 271; x_wconf 80' lang='lat' dir='ltr'>virtuS,</span> <span class='ocrx_word' id='word_1_10' title='bbox 307 244 332 266; x_wconf 91' lang='lat' dir='ltr'>et</span> <span class='ocrx_word' id='word_1_11' title='bbox 342 240 476 270; x_wconf 83' lang='lat' dir='ltr'>honestas,</span> <span class='ocrx_word' id='word_1_12' title='bbox 490 244 515 265; x_wconf 94' lang='lat' dir='ltr'>et</span> <span class='ocrx_word' id='word_1_13' title='bbox 526 239 612 274; x_wconf 89' lang='lat' dir='ltr'>pudor</span> <span class='ocrx_word' id='word_1_14' title='bbox 622 248 683 265; x_wconf 88' lang='lat' dir='ltr'>cum</span> <span class='ocrx_word' id='word_1_15' title='bbox 695 238 853 265; x_wconf 88' lang='lat' dir='ltr'>consulibus</span> 
     </span>
     <span class='ocr_line' id='line_1_3' title="bbox 57 276 853 315; baseline -0.005 -9"><span class='ocrx_word' id='word_1_16' title='bbox 57 288 116 306; x_wconf 90' lang='lat' dir='ltr'>esse</span> <span class='ocrx_word' id='word_1_17' title='bbox 127 279 246 315; x_wconf 88' lang='lat' dir='ltr'>cogebat.</span> <span class='ocrx_word' id='word_1_18' title='bbox 268 278 321 304; x_wconf 87' lang='lat' dir='ltr'>Hoc</span> <span class='ocrx_word' id='word_1_19' title='bbox 333 282 360 304; x_wconf 93' lang='lat' dir='ltr'>tu</span> <span class='ocrx_word' id='word_1_20' title='bbox 372 278 454 313; x_wconf 88' lang='lat' dir='ltr'>igitur</span> <span class='ocrx_word' id='word_1_21' title='bbox 464 278 491 303; x_wconf 93' lang='lat' dir='ltr'>in</span> <span class='ocrx_word' id='word_1_22' title='bbox 502 278 603 303; x_wconf 81' lang='lat' dir='ltr'>crimen</span> <span class='ocrx_word' id='word_1_23' title='bbox 614 285 702 308; x_wconf 87' lang='lat' dir='ltr'>vocas,</span> <span class='ocrx_word' id='word_1_24' title='bbox 710 276 782 311; x_wconf 87' lang='lat' dir='ltr'>quod</span> <span class='ocrx_word' id='word_1_25' title='bbox 791 285 853 302; x_wconf 90' lang='lat' dir='ltr'>cum</span> 
     </span>
     <span class='ocr_line' id='line_1_4' title="bbox 57 314 852 350; baseline -0.006 -6"><span class='ocrx_word' id='word_1_26' title='bbox 57 317 92 344; x_wconf 89' lang='lat' dir='ltr'>iis</span> <span class='ocrx_word' id='word_1_27' title='bbox 108 316 189 343; x_wconf 81' lang='lat' dir='ltr'>fuerit</span> <span class='ocrx_word' id='word_1_28' title='bbox 204 315 232 343; x_wconf 94' lang='lat' dir='ltr'>C.</span> <span class='ocrx_word' id='word_1_29' title='bbox 250 315 389 346; x_wconf 82' lang='lat' dir='ltr'>Rabirius,</span> <span class='ocrx_word' id='word_1_30' title='bbox 412 324 480 350; x_wconf 91' lang='lat' dir='ltr'>quos</span> <span class='ocrx_word' id='word_1_31' title='bbox 496 315 698 341; x_wconf 80' lang='lat' dir='ltr'>amentissimus</span> <span class='ocrx_word' id='word_1_32' title='bbox 714 314 810 340; x_wconf 82' lang='lat' dir='ltr'>fuisset</span> <span class='ocrx_word' id='word_1_33' title='bbox 829 314 852 339; x_wconf 91' lang='lat' dir='ltr'>si</span> 
     </span>
     <span class='ocr_line' id='line_1_5' title="bbox 57 350 851 390; baseline -0.005 -9"><span class='ocrx_word' id='word_1_34' title='bbox 57 358 253 390; x_wconf 80' lang='lat' dir='ltr'>oppugnasset;</span> <span class='ocrx_word' id='word_1_35' title='bbox 278 353 465 388; x_wconf 82' lang='lat' dir='ltr'>turpissimus,</span> <span class='ocrx_word' id='word_1_36' title='bbox 484 353 506 379; x_wconf 92' lang='lat' dir='ltr'>si</span> <span class='ocrx_word' id='word_1_37' title='bbox 518 352 690 387; x_wconf 67' lang='lat' dir='ltr'>reliquisset?</span> <span class='ocrx_word' id='word_1_38' title='bbox 718 352 765 377; x_wconf 80' lang='lat' dir='ltr'>IX.</span> <span class='ocrx_word' id='word_1_39' title='bbox 778 352 812 377; x_wconf 80' lang='lat' dir='ltr'>At</span> <span class='ocrx_word' id='word_1_40' title='bbox 823 350 851 377; x_wconf 91' lang='lat' dir='ltr'>C.</span> 
     </span>
     <span class='ocr_line' id='line_1_6' title="bbox 56 390 875 437; baseline -0.006 -18"><span class='ocrx_word' id='word_1_41' title='bbox 56 392 202 419; x_wconf 73' lang='lat' dir='ltr'>Decianus,</span> <span class='ocrx_word' id='word_1_42' title='bbox 220 391 252 417; x_wconf 87' lang='lat' dir='ltr'>de</span> <span class='ocrx_word' id='word_1_43' title='bbox 263 399 318 426; x_wconf 88' lang='lat' dir='ltr'>quo</span> <span class='ocrx_word' id='word_1_44' title='bbox 329 396 357 417; x_wconf 88' lang='lat' dir='ltr'>tu</span> <span class='ocrx_word' id='word_1_45' title='bbox 369 399 448 425; x_wconf 86' lang='lat' dir='ltr'>saepe</span> <span class='ocrx_word' id='word_1_46' title='bbox 459 399 663 421; x_wconf 78' lang='lat' dir='ltr'>commemoras,</span> <span class='ocrx_word' id='word_1_47' title='bbox 677 390 754 424; x_wconf 88' lang='lat' dir='ltr'>quia,</span> <span class='ocrx_word' id='word_1_48' title='bbox 767 397 852 424; x_wconf 91' lang='lat' dir='ltr'>quum</span> <span class='ocrx_word' id='word_1_49' title='bbox 874 409 875 437; x_wconf 32' lang='grc'>1</span> 
     </span>
     <span class='ocr_line' id='line_1_7' title="bbox 57 426 851 464; baseline -0.005 -8"><span class='ocrx_word' id='word_1_50' title='bbox 57 429 194 456; x_wconf 87' lang='lat' dir='ltr'>hominem</span> <span class='ocrx_word' id='word_1_51' title='bbox 214 429 341 455; x_wconf 89' lang='lat' dir='ltr'>omnibus</span> <span class='ocrx_word' id='word_1_52' title='bbox 362 428 495 464; x_wconf 73' lang='lat' dir='ltr'>insignem</span> <span class='ocrx_word' id='word_1_53' title='bbox 517 428 585 454; x_wconf 85' lang='lat' dir='ltr'>notis</span> <span class='ocrx_word' id='word_1_54' title='bbox 607 427 794 462; x_wconf 74' lang='lat' dir='ltr'>turpitudinis,</span> <span class='ocrx_word' id='word_1_55' title='bbox 823 426 851 452; x_wconf 91' lang='lat' dir='ltr'>P.</span> 
     </span>
    </p>

    <p class='ocr_par' dir='ltr' id='par_1_3' title="bbox 57 464 851 498">
     <span class='ocr_line' id='line_1_8' title="bbox 57 464 851 498; baseline -0.006 -4"><span class='ocrx_word' id='word_1_56' title='bbox 57 467 183 498; x_wconf 86' lang='lat' dir='ltr'>Furium,</span> <span class='ocrx_word' id='word_1_57' title='bbox 206 470 342 493; x_wconf 87' lang='lat' dir='ltr'>accusaret</span> <span class='ocrx_word' id='word_1_58' title='bbox 356 474 462 492; x_wconf 87' lang='lat' dir='ltr'>summo</span> <span class='ocrx_word' id='word_1_59' title='bbox 478 466 568 492; x_wconf 90' lang='lat' dir='ltr'>studio</span> <span class='ocrx_word' id='word_1_60' title='bbox 579 465 709 491; x_wconf 90' lang='lat' dir='ltr'>bonorum</span> <span class='ocrx_word' id='word_1_61' title='bbox 721 464 851 495; x_wconf 89' lang='lat' dir='ltr'>omnium,</span> 
     </span>
    </p>

    <p class='ocr_par' dir='ltr' id='par_1_4' title="bbox 57 501 854 539">
     <span class='ocr_line' id='line_1_9' title="bbox 57 501 854 539; baseline -0.005 -8"><span class='ocrx_word' id='word_1_62' title='bbox 57 504 135 539; x_wconf 88' lang='lat' dir='ltr'>queri</span> <span class='ocrx_word' id='word_1_63' title='bbox 152 508 191 531; x_wconf 92' lang='lat' dir='ltr'>est</span> <span class='ocrx_word' id='word_1_64' title='bbox 207 513 290 530; x_wconf 84' lang='lat' dir='ltr'>ausus</span> <span class='ocrx_word' id='word_1_65' title='bbox 306 504 333 530; x_wconf 89' lang='lat' dir='ltr'>in</span> <span class='ocrx_word' id='word_1_66' title='bbox 345 504 472 530; x_wconf 75' lang='lat' dir='ltr'>concione</span> <span class='ocrx_word' id='word_1_67' title='bbox 483 503 516 529; x_wconf 90' lang='lat' dir='ltr'>de</span> <span class='ocrx_word' id='word_1_68' title='bbox 529 507 610 529; x_wconf 87' lang='lat' dir='ltr'>morte</span> <span class='ocrx_word' id='word_1_69' title='bbox 623 501 773 532; x_wconf 86' lang='lat' dir='ltr'>Saturnini,</span> <span class='ocrx_word' id='word_1_70' title='bbox 791 509 854 527; x_wconf 93' lang='lat' dir='ltr'>con-</span> 
     </span>
    </p>

    <p class='ocr_par' dir='ltr' id='par_1_5' title="bbox 57 539 855 575">
     <span class='ocr_line' id='line_1_10' title="bbox 57 539 855 575; baseline -0.006 -6"><span class='ocrx_word' id='word_1_71' title='bbox 57 542 199 569; x_wconf 85' lang='lat' dir='ltr'>demnatus</span> <span class='ocrx_word' id='word_1_72' title='bbox 212 546 265 568; x_wconf 87' lang='lat' dir='ltr'>est:</span> <span class='ocrx_word' id='word_1_73' title='bbox 289 545 314 568; x_wconf 86' lang='lat' dir='ltr'>et</span> <span class='ocrx_word' id='word_1_74' title='bbox 326 541 388 567; x_wconf 85' lang='lat' dir='ltr'>Sex.</span> <span class='ocrx_word' id='word_1_75' title='bbox 402 541 501 572; x_wconf 82' lang='lat' dir='ltr'>Titius,</span> <span class='ocrx_word' id='word_1_76' title='bbox 520 540 592 575; x_wconf 88' lang='lat' dir='ltr'>quod</span> <span class='ocrx_word' id='word_1_77' title='bbox 604 540 698 566; x_wconf 89' lang='lat' dir='ltr'>habuit</span> <span class='ocrx_word' id='word_1_78' title='bbox 708 539 855 574; x_wconf 82' lang='lat' dir='ltr'>imaginem</span> 
     </span>
    </p>

    <p class='ocr_par' dir='ltr' id='par_1_6' title="bbox 57 576 875 688">
     <span class='ocr_line' id='line_1_11' title="bbox 57 576 875 624; baseline -0.006 -18"><span class='ocrx_word' id='word_1_79' title='bbox 57 580 88 606; x_wconf 92' lang='lat' dir='ltr'>L.</span> <span class='ocrx_word' id='word_1_80' title='bbox 101 579 239 606; x_wconf 87' lang='lat' dir='ltr'>Saturnini</span> <span class='ocrx_word' id='word_1_81' title='bbox 251 579 322 605; x_wconf 86' lang='lat' dir='ltr'>domi</span> <span class='ocrx_word' id='word_1_82' title='bbox 335 588 407 609; x_wconf 88' lang='lat' dir='ltr'>suae,</span> <span class='ocrx_word' id='word_1_83' title='bbox 421 578 612 605; x_wconf 87' lang='lat' dir='ltr'>condemnatus</span> <span class='ocrx_word' id='word_1_84' title='bbox 624 581 672 603; x_wconf 87' lang='lat' dir='ltr'>est.</span> <span class='ocrx_word' id='word_1_85' title='bbox 699 576 854 603; x_wconf 87' lang='lat' dir='ltr'>Statuerunt</span> <span class='ocrx_word' id='word_1_86' title='bbox 874 592 875 624; x_wconf 33' lang='grc'>1</span> 
     </span>
     <span class='ocr_line' id='line_1_12' title="bbox 58 615 875 652; baseline -0.005 -9"><span class='ocrx_word' id='word_1_87' title='bbox 58 617 162 652; x_wconf 78' lang='lat' dir='ltr'>equites</span> <span class='ocrx_word' id='word_1_88' title='bbox 175 617 285 643; x_wconf 90' lang='lat' dir='ltr'>Romani</span> <span class='ocrx_word' id='word_1_89' title='bbox 298 616 343 643; x_wconf 93' lang='lat' dir='ltr'>illo</span> <span class='ocrx_word' id='word_1_90' title='bbox 354 616 466 647; x_wconf 87' lang='lat' dir='ltr'>iudicio,</span> <span class='ocrx_word' id='word_1_91' title='bbox 480 615 633 650; x_wconf 89' lang='lat' dir='ltr'>improbum</span> <span class='ocrx_word' id='word_1_92' title='bbox 644 615 730 641; x_wconf 89' lang='lat' dir='ltr'>civem</span> <span class='ocrx_word' id='word_1_93' title='bbox 743 622 815 645; x_wconf 91' lang='lat' dir='ltr'>esse,</span> <span class='ocrx_word' id='word_1_94' title='bbox 829 618 855 639; x_wconf 91' lang='lat' dir='ltr'>et</span> <span class='ocrx_word' id='word_1_95' title='bbox 874 631 875 651; x_wconf 46' lang='lat' dir='ltr'>g</span> 
     </span>
     <span class='ocr_line' id='line_1_13' title="bbox 59 651 853 688; baseline -0.006 -7"><span class='ocrx_word' id='word_1_96' title='bbox 59 663 111 681; x_wconf 90' lang='lat' dir='ltr'>non</span> <span class='ocrx_word' id='word_1_97' title='bbox 123 654 293 681; x_wconf 86' lang='lat' dir='ltr'>retinendum</span> <span class='ocrx_word' id='word_1_98' title='bbox 305 654 332 680; x_wconf 89' lang='lat' dir='ltr'>in</span> <span class='ocrx_word' id='word_1_99' title='bbox 343 654 462 684; x_wconf 87' lang='lat' dir='ltr'>civitate,</span> <span class='ocrx_word' id='word_1_100' title='bbox 480 654 527 688; x_wconf 92' lang='lat' dir='ltr'>qui</span> <span class='ocrx_word' id='word_1_101' title='bbox 540 652 670 683; x_wconf 91' lang='lat' dir='ltr'>hominis,</span> <span class='ocrx_word' id='word_1_102' title='bbox 689 651 814 678; x_wconf 87' lang='lat' dir='ltr'>hostilem</span> <span class='ocrx_word' id='word_1_103' title='bbox 826 651 853 676; x_wconf 93' lang='lat' dir='ltr'>in</span> 
     </span>
    </p>

    <p class='ocr_par' dir='ltr' id='par_1_7' title="bbox 58 666 878 1703">
     <span class='ocr_line' id='line_1_14' title="bbox 59 666 875 726; baseline -0.002 -8"><span class='ocrx_word' id='word_1_104' title='bbox 59 691 169 718; x_wconf 88' lang='lat' dir='ltr'>modum</span> <span class='ocrx_word' id='word_1_105' title='bbox 184 691 317 722; x_wconf 88' lang='lat' dir='ltr'>seditiosi,</span> <span class='ocrx_word' id='word_1_106' title='bbox 335 691 451 726; x_wconf 84' lang='lat' dir='ltr'>imagine</span> <span class='ocrx_word' id='word_1_107' title='bbox 467 695 512 717; x_wconf 85' lang='lat' dir='ltr'>aut</span> <span class='ocrx_word' id='word_1_108' title='bbox 527 694 639 716; x_wconf 88' lang='lat' dir='ltr'>mortem</span> <span class='ocrx_word' id='word_1_109' title='bbox 655 689 714 715; x_wconf 88' lang='lat' dir='ltr'>eius</span> <span class='ocrx_word' id='word_1_110' title='bbox 731 689 854 715; x_wconf 84' lang='lat' dir='ltr'>honesta·</span> <span class='ocrx_word' id='word_1_111' title='bbox 874 666 875 716; x_wconf 76' lang='lat' dir='ltr'>l</span> 
     </span>
     <span class='ocr_line' id='line_1_15' title="bbox 58 727 875 763; baseline -0.006 -7"><span class='ocrx_word' id='word_1_112' title='bbox 58 733 110 760; x_wconf 89' lang='lat' dir='ltr'>ret,</span> <span class='ocrx_word' id='word_1_113' title='bbox 134 734 180 756; x_wconf 86' lang='lat' dir='ltr'>aut</span> <span class='ocrx_word' id='word_1_114' title='bbox 194 729 326 756; x_wconf 88' lang='lat' dir='ltr'>desideria</span> <span class='ocrx_word' id='word_1_115' title='bbox 342 729 525 763; x_wconf 88' lang='lat' dir='ltr'>imperitorum</span> <span class='ocrx_word' id='word_1_116' title='bbox 543 727 724 753; x_wconf 82' lang='lat' dir='ltr'>misericordia</span> <span class='ocrx_word' id='word_1_117' title='bbox 736 734 855 752; x_wconf 87' lang='lat' dir='ltr'>commo-</span> <span class='ocrx_word' id='word_1_118' title='bbox 874 730 875 761; x_wconf 33' lang='grc' dir='ltr'>ἦ</span> 
     </span>
     <span class='ocr_line' id='line_1_16' title="bbox 58 764 876 805; baseline -0.005 -12"><span class='ocrx_word' id='word_1_119' title='bbox 58 771 140 798; x_wconf 83' lang='lat' dir='ltr'>vcret,</span> <span class='ocrx_word' id='word_1_120' title='bbox 149 771 194 793; x_wconf 89' lang='lat' dir='ltr'>aut</span> <span class='ocrx_word' id='word_1_121' title='bbox 203 775 278 793; x_wconf 88' lang='lat' dir='ltr'>suam</span> <span class='ocrx_word' id='word_1_122' title='bbox 291 766 453 802; x_wconf 82' lang='lat' dir='ltr'>significaret</span> <span class='ocrx_word' id='word_1_123' title='bbox 463 765 607 792; x_wconf 83' lang='lat' dir='ltr'>imitandae</span> <span class='ocrx_word' id='word_1_124' title='bbox 618 764 796 799; x_wconf 84' lang='lat' dir='ltr'>improbitatis</span> <span class='ocrx_word' id='word_1_125' title='bbox 809 772 855 790; x_wconf 89' lang='lat' dir='ltr'>vo-</span> <span class='ocrx_word' id='word_1_126' title='bbox 874 782 876 805; x_wconf 55' lang='lat'>3</span> 
     </span>
     <span class='ocr_line' id='line_1_17' title="bbox 59 801 876 838; baseline -0.005 -8"><span class='ocrx_word' id='word_1_127' title='bbox 59 803 198 830; x_wconf 82' lang='lat' dir='ltr'>luntatem.</span> <span class='ocrx_word' id='word_1_128' title='bbox 225 805 266 831; x_wconf 75' lang='lat'>25.</span> <span class='ocrx_word' id='word_1_129' title='bbox 280 805 371 838; x_wconf 87' lang='lat' dir='ltr'>Itaque</span> <span class='ocrx_word' id='word_1_130' title='bbox 383 804 450 829; x_wconf 84' lang='lat' dir='ltr'>mihi</span> <span class='ocrx_word' id='word_1_131' title='bbox 462 804 561 829; x_wconf 87' lang='lat' dir='ltr'>mirum</span> <span class='ocrx_word' id='word_1_132' title='bbox 574 802 688 833; x_wconf 85' lang='lat' dir='ltr'>videtur,</span> <span class='ocrx_word' id='word_1_133' title='bbox 703 802 775 827; x_wconf 90' lang='lat' dir='ltr'>unde</span> <span class='ocrx_word' id='word_1_134' title='bbox 787 801 855 827; x_wconf 88' lang='lat' dir='ltr'>banc</span> <span class='ocrx_word' id='word_1_135' title='bbox 875 827 876 835; x_wconf 16' lang='grc' dir='ltr'>ἵ</span> 
     </span>
     <span class='ocr_line' id='line_1_18' title="bbox 58 839 854 877; baseline -0.005 -9"><span class='ocrx_word' id='word_1_136' title='bbox 58 845 96 873; x_wconf 82' lang='lat' dir='ltr'>tu,</span> <span class='ocrx_word' id='word_1_137' title='bbox 111 842 234 872; x_wconf 82' lang='lat' dir='ltr'>Labiene,</span> <span class='ocrx_word' id='word_1_138' title='bbox 248 842 401 877; x_wconf 80' lang='lat' dir='ltr'>imaginem,</span> <span class='ocrx_word' id='word_1_139' title='bbox 415 849 496 875; x_wconf 85' lang='lat' dir='ltr'>quam</span> <span class='ocrx_word' id='word_1_140' title='bbox 509 840 600 870; x_wconf 88' lang='lat' dir='ltr'>habes,</span> <span class='ocrx_word' id='word_1_141' title='bbox 614 840 759 865; x_wconf 78' lang='lat' dir='ltr'>inveneris.</span> <span class='ocrx_word' id='word_1_142' title='bbox 788 839 854 864; x_wconf 89' lang='lat' dir='ltr'>Nam</span> 
     </span>
     <span class='ocr_line' id='line_1_19' title="bbox 59 877 855 913; baseline -0.004 -8"><span class='ocrx_word' id='word_1_143' title='bbox 59 879 121 905; x_wconf 74' lang='lat' dir='ltr'>Sex.</span> <span class='ocrx_word' id='word_1_144' title='bbox 135 879 203 905; x_wconf 90' lang='lat' dir='ltr'>Titio</span> <span class='ocrx_word' id='word_1_145' title='bbox 214 879 351 909; x_wconf 87' lang='lat' dir='ltr'>damnato,</span> <span class='ocrx_word' id='word_1_146' title='bbox 365 878 412 913; x_wconf 88' lang='lat' dir='ltr'>qui</span> <span class='ocrx_word' id='word_1_147' title='bbox 424 879 503 904; x_wconf 85' lang='lat' dir='ltr'>istam</span> <span class='ocrx_word' id='word_1_148' title='bbox 515 878 613 903; x_wconf 86' lang='lat' dir='ltr'>babere</span> <span class='ocrx_word' id='word_1_149' title='bbox 624 877 745 908; x_wconf 85' lang='lat' dir='ltr'>auderet,</span> <span class='ocrx_word' id='word_1_150' title='bbox 760 877 855 902; x_wconf 80' lang='lat' dir='ltr'>inven-</span> 
     </span>
     <span class='ocr_line' id='line_1_20' title="bbox 59 912 876 949; baseline -0.005 -6"><span class='ocrx_word' id='word_1_151' title='bbox 59 921 102 943; x_wconf 90' lang='lat' dir='ltr'>tus</span> <span class='ocrx_word' id='word_1_152' title='bbox 114 920 154 943; x_wconf 87' lang='lat' dir='ltr'>est</span> <span class='ocrx_word' id='word_1_153' title='bbox 165 925 252 943; x_wconf 90' lang='lat' dir='ltr'>nemo.</span> <span class='ocrx_word' id='word_1_154' title='bbox 285 916 362 948; x_wconf 90' lang='lat' dir='ltr'>Quod</span> <span class='ocrx_word' id='word_1_155' title='bbox 374 920 401 942; x_wconf 90' lang='lat' dir='ltr'>tu</span> <span class='ocrx_word' id='word_1_156' title='bbox 414 916 436 941; x_wconf 91' lang='lat' dir='ltr'>si</span> <span class='ocrx_word' id='word_1_157' title='bbox 449 915 579 946; x_wconf 83' lang='lat' dir='ltr'>audisses,</span> <span class='ocrx_word' id='word_1_158' title='bbox 593 919 639 941; x_wconf 86' lang='lat' dir='ltr'>aut</span> <span class='ocrx_word' id='word_1_159' title='bbox 650 915 672 941; x_wconf 86' lang='lat' dir='ltr'>si</span> <span class='ocrx_word' id='word_1_160' title='bbox 684 923 732 949; x_wconf 90' lang='lat' dir='ltr'>per</span> <span class='ocrx_word' id='word_1_161' title='bbox 743 918 854 940; x_wconf 84' lang='lat' dir='ltr'>aetatem</span> <span class='ocrx_word' id='word_1_162' title='bbox 875 912 876 919; x_wconf 61' lang='lat'>¹</span> 
     </span>
     <span class='ocr_line' id='line_1_21' title="bbox 59 952 852 988; baseline -0.004 -8"><span class='ocrx_word' id='word_1_163' title='bbox 59 954 126 980; x_wconf 88' lang='lat' dir='ltr'>scire</span> <span class='ocrx_word' id='word_1_164' title='bbox 138 954 286 988; x_wconf 85' lang='lat' dir='ltr'>potuisses:</span> <span class='ocrx_word' id='word_1_165' title='bbox 311 962 458 988; x_wconf 87' lang='lat' dir='ltr'>numquam</span> <span class='ocrx_word' id='word_1_166' title='bbox 475 952 591 988; x_wconf 87' lang='lat' dir='ltr'>profecto</span> <span class='ocrx_word' id='word_1_167' title='bbox 607 953 685 978; x_wconf 89' lang='lat' dir='ltr'>istam</span> <span class='ocrx_word' id='word_1_168' title='bbox 698 952 852 987; x_wconf 80' lang='lat' dir='ltr'>imaginem,</span> 
     </span>
     <span class='ocr_line' id='line_1_22' title="bbox 58 989 855 1026; baseline -0.004 -8"><span class='ocrx_word' id='word_1_169' title='bbox 58 1000 127 1026; x_wconf 88' lang='lat' dir='ltr'>quae</span> <span class='ocrx_word' id='word_1_170' title='bbox 147 991 219 1018; x_wconf 91' lang='lat' dir='ltr'>domi</span> <span class='ocrx_word' id='word_1_171' title='bbox 239 992 322 1026; x_wconf 86' lang='lat' dir='ltr'>posita</span> <span class='ocrx_word' id='word_1_172' title='bbox 344 995 446 1026; x_wconf 88' lang='lat' dir='ltr'>pestem</span> <span class='ocrx_word' id='word_1_173' title='bbox 467 996 546 1025; x_wconf 88' lang='lat' dir='ltr'>atque</span> <span class='ocrx_word' id='word_1_174' title='bbox 562 990 689 1016; x_wconf 76' lang='lat' dir='ltr'>exsilium</span> <span class='ocrx_word' id='word_1_175' title='bbox 706 989 769 1015; x_wconf 80' lang='lat' dir='ltr'>Sex.</span> <span class='ocrx_word' id='word_1_176' title='bbox 787 989 855 1015; x_wconf 88' lang='lat' dir='ltr'>Titio</span> 
     </span>
     <span class='ocr_line' id='line_1_23' title="bbox 59 1027 855 1063; baseline -0.004 -8"><span class='ocrx_word' id='word_1_177' title='bbox 59 1028 199 1060; x_wconf 85' lang='lat' dir='ltr'>attulisset,</span> <span class='ocrx_word' id='word_1_178' title='bbox 213 1029 239 1055; x_wconf 92' lang='lat' dir='ltr'>in</span> <span class='ocrx_word' id='word_1_179' title='bbox 251 1029 342 1055; x_wconf 85' lang='lat' dir='ltr'>Rostra</span> <span class='ocrx_word' id='word_1_180' title='bbox 354 1033 432 1063; x_wconf 90' lang='lat' dir='ltr'>atque</span> <span class='ocrx_word' id='word_1_181' title='bbox 443 1029 470 1054; x_wconf 94' lang='lat' dir='ltr'>in</span> <span class='ocrx_word' id='word_1_182' title='bbox 482 1028 636 1054; x_wconf 81' lang='lat' dir='ltr'>concionem</span> <span class='ocrx_word' id='word_1_183' title='bbox 648 1027 793 1058; x_wconf 84' lang='lat' dir='ltr'>attulisses,</span> <span class='ocrx_word' id='word_1_184' title='bbox 807 1035 855 1052; x_wconf 93' lang='lat' dir='ltr'>nec</span> 
     </span>
     <span class='ocr_line' id='line_1_24' title="bbox 58 1064 855 1101; baseline -0.004 -8"><span class='ocrx_word' id='word_1_185' title='bbox 58 1070 118 1093; x_wconf 85' lang='lat' dir='ltr'>tuas</span> <span class='ocrx_word' id='word_1_186' title='bbox 129 1075 258 1101; x_wconf 85' lang='lat' dir='ltr'>umquam</span> <span class='ocrx_word' id='word_1_187' title='bbox 271 1067 384 1092; x_wconf 91' lang='lat' dir='ltr'>rationes</span> <span class='ocrx_word' id='word_1_188' title='bbox 396 1066 428 1092; x_wconf 88' lang='lat' dir='ltr'>ad</span> <span class='ocrx_word' id='word_1_189' title='bbox 440 1074 484 1092; x_wconf 92' lang='lat' dir='ltr'>eos</span> <span class='ocrx_word' id='word_1_190' title='bbox 496 1065 620 1100; x_wconf 88' lang='lat' dir='ltr'>scopulos</span> <span class='ocrx_word' id='word_1_191' title='bbox 632 1065 798 1100; x_wconf 79' lang='lat' dir='ltr'>appulisses,</span> <span class='ocrx_word' id='word_1_192' title='bbox 822 1064 855 1090; x_wconf 90' lang='lat' dir='ltr'>ad</span> 
     </span>
     <span class='ocr_line' id='line_1_25' title="bbox 58 1102 855 1139; baseline -0.004 -9"><span class='ocrx_word' id='word_1_193' title='bbox 58 1112 126 1139; x_wconf 89' lang='lat' dir='ltr'>quos</span> <span class='ocrx_word' id='word_1_194' title='bbox 138 1103 199 1130; x_wconf 84' lang='lat' dir='ltr'>Sex.</span> <span class='ocrx_word' id='word_1_195' title='bbox 214 1104 276 1130; x_wconf 82' lang='lat' dir='ltr'>Titii</span> <span class='ocrx_word' id='word_1_196' title='bbox 288 1103 411 1130; x_wconf 71' lang='lat' dir='ltr'>afflictam</span> <span class='ocrx_word' id='word_1_197' title='bbox 424 1112 528 1135; x_wconf 76' lang='lat' dir='ltr'>navem,</span> <span class='ocrx_word' id='word_1_198' title='bbox 542 1108 567 1129; x_wconf 91' lang='lat' dir='ltr'>et</span> <span class='ocrx_word' id='word_1_199' title='bbox 578 1104 605 1129; x_wconf 91' lang='lat' dir='ltr'>in</span> <span class='ocrx_word' id='word_1_200' title='bbox 616 1103 717 1137; x_wconf 83' lang='lat' dir='ltr'>quibus</span> <span class='ocrx_word' id='word_1_201' title='bbox 730 1102 855 1129; x_wconf 84' lang='lat' dir='ltr'>C.Decia-</span> 
     </span>
     <span class='ocr_line' id='line_1_26' title="bbox 59 1140 855 1177; baseline -0.004 -9"><span class='ocrx_word' id='word_1_202' title='bbox 59 1142 86 1168; x_wconf 91' lang='lat' dir='ltr'>ni</span> <span class='ocrx_word' id='word_1_203' title='bbox 99 1141 268 1177; x_wconf 84' lang='lat' dir='ltr'>naufragium</span> <span class='ocrx_word' id='word_1_204' title='bbox 282 1141 447 1168; x_wconf 86' lang='lat' dir='ltr'>fortunarum</span> <span class='ocrx_word' id='word_1_205' title='bbox 460 1141 574 1167; x_wconf 88' lang='lat' dir='ltr'>videres.</span> <span class='ocrx_word' id='word_1_206' title='bbox 616 1140 668 1167; x_wconf 87' lang='lat' dir='ltr'>Sed</span> <span class='ocrx_word' id='word_1_207' title='bbox 680 1141 707 1166; x_wconf 91' lang='lat' dir='ltr'>in</span> <span class='ocrx_word' id='word_1_208' title='bbox 720 1140 762 1166; x_wconf 88' lang='lat' dir='ltr'>his</span> <span class='ocrx_word' id='word_1_209' title='bbox 775 1140 855 1165; x_wconf 90' lang='lat' dir='ltr'>rebus</span> 
     </span>
     <span class='ocr_line' id='line_1_27' title="bbox 58 1178 856 1214; baseline -0.003 -9"><span class='ocrx_word' id='word_1_210' title='bbox 58 1179 185 1206; x_wconf 90' lang='lat' dir='ltr'>omnibus</span> <span class='ocrx_word' id='word_1_211' title='bbox 197 1179 378 1214; x_wconf 84' lang='lat' dir='ltr'>imprudentia</span> <span class='ocrx_word' id='word_1_212' title='bbox 391 1179 497 1205; x_wconf 85' lang='lat' dir='ltr'>laberis.</span> <span class='ocrx_word' id='word_1_213' title='bbox 539 1179 667 1205; x_wconf 85' lang='lat' dir='ltr'>Caussam</span> <span class='ocrx_word' id='word_1_214' title='bbox 680 1178 751 1204; x_wconf 86' lang='lat' dir='ltr'>enini</span> <span class='ocrx_word' id='word_1_215' title='bbox 763 1186 856 1203; x_wconf 88' lang='lat' dir='ltr'>susce·-</span> 
     </span>
     <span class='ocr_line' id='line_1_28' title="bbox 58 1215 856 1252; baseline -0.001 -10"><span class='ocrx_word' id='word_1_216' title='bbox 58 1217 122 1252; x_wconf 90' lang='lat' dir='ltr'>pisti</span> <span class='ocrx_word' id='word_1_217' title='bbox 134 1217 310 1252; x_wconf 85' lang='lat' dir='ltr'>antiquiorem</span> <span class='ocrx_word' id='word_1_218' title='bbox 323 1217 448 1243; x_wconf 88' lang='lat' dir='ltr'>memoria</span> <span class='ocrx_word' id='word_1_219' title='bbox 461 1221 514 1243; x_wconf 84' lang='lat' dir='ltr'>tua.</span> <span class='ocrx_word' id='word_1_220' title='bbox 527 1215 600 1248; x_wconf 89' lang='lat' dir='ltr'>Quae</span> <span class='ocrx_word' id='word_1_221' title='bbox 611 1224 705 1242; x_wconf 82' lang='lat' dir='ltr'>caussa</span> <span class='ocrx_word' id='word_1_222' title='bbox 716 1220 775 1242; x_wconf 89' lang='lat' dir='ltr'>ante</span> <span class='ocrx_word' id='word_1_223' title='bbox 785 1224 856 1241; x_wconf 87' lang='lat' dir='ltr'>mor-</span> 
     </span>
     <span class='ocr_line' id='line_1_29' title="bbox 59 1254 857 1289; baseline -0.003 -9"><span class='ocrx_word' id='word_1_224' title='bbox 59 1258 105 1280; x_wconf 83' lang='lat' dir='ltr'>tua</span> <span class='ocrx_word' id='word_1_225' title='bbox 116 1258 168 1285; x_wconf 91' lang='lat' dir='ltr'>est,</span> <span class='ocrx_word' id='word_1_226' title='bbox 187 1263 268 1289; x_wconf 87' lang='lat' dir='ltr'>quam</span> <span class='ocrx_word' id='word_1_227' title='bbox 281 1258 308 1280; x_wconf 91' lang='lat' dir='ltr'>tu</span> <span class='ocrx_word' id='word_1_228' title='bbox 321 1259 398 1280; x_wconf 90' lang='lat' dir='ltr'>natus</span> <span class='ocrx_word' id='word_1_229' title='bbox 411 1263 497 1280; x_wconf 88' lang='lat' dir='ltr'>esses:</span> <span class='ocrx_word' id='word_1_230' title='bbox 520 1254 612 1289; x_wconf 90' lang='lat' dir='ltr'>quain</span> <span class='ocrx_word' id='word_1_231' title='bbox 623 1262 717 1279; x_wconf 83' lang='lat' dir='ltr'>caussa</span> <span class='ocrx_word' id='word_1_232' title='bbox 729 1257 783 1279; x_wconf 87' lang='lat' dir='ltr'>tute</span> <span class='ocrx_word' id='word_1_233' title='bbox 796 1261 857 1287; x_wconf 91' lang='lat' dir='ltr'>pro-</span> 
     </span>
     <span class='ocr_line' id='line_1_30' title="bbox 61 1291 878 1326; baseline -0.002 -9"><span class='ocrx_word' id='word_1_234' title='bbox 61 1291 128 1317; x_wconf 74' lang='lat' dir='ltr'>fecto</span> <span class='ocrx_word' id='word_1_235' title='bbox 140 1291 247 1322; x_wconf 78' lang='lat' dir='ltr'>fuisses,</span> <span class='ocrx_word' id='word_1_236' title='bbox 262 1292 284 1317; x_wconf 86' lang='lat' dir='ltr'>si</span> <span class='ocrx_word' id='word_1_237' title='bbox 297 1300 343 1326; x_wconf 89' lang='lat' dir='ltr'>per</span> <span class='ocrx_word' id='word_1_238' title='bbox 353 1296 464 1318; x_wconf 87' lang='lat' dir='ltr'>aetatem</span> <span class='ocrx_word' id='word_1_239' title='bbox 476 1300 534 1317; x_wconf 84' lang='lat' dir='ltr'>esse</span> <span class='ocrx_word' id='word_1_240' title='bbox 546 1292 695 1326; x_wconf 88' lang='lat' dir='ltr'>potuisses:</span> <span class='ocrx_word' id='word_1_241' title='bbox 709 1299 766 1316; x_wconf 87' lang='lat' dir='ltr'>eam</span> <span class='ocrx_word' id='word_1_242' title='bbox 778 1299 855 1316; x_wconf 83' lang='lat' dir='ltr'>caus-</span> <span class='ocrx_word' id='word_1_243' title='bbox 877 1302 878 1308; x_wconf 68' lang='lat'><em>=</em></span> 
     </span>
     <span class='ocr_line' id='line_1_31' title="bbox 59 1328 855 1364; baseline -0.001 -10"><span class='ocrx_word' id='word_1_244' title='bbox 59 1338 117 1355; x_wconf 90' lang='lat' dir='ltr'>sam</span> <span class='ocrx_word' id='word_1_245' title='bbox 129 1329 155 1355; x_wconf 91' lang='lat' dir='ltr'>in</span> <span class='ocrx_word' id='word_1_246' title='bbox 167 1329 298 1355; x_wconf 80' lang='lat' dir='ltr'>iudicium</span> <span class='ocrx_word' id='word_1_247' title='bbox 312 1338 399 1355; x_wconf 86' lang='lat' dir='ltr'>vocas.</span> <span class='ocrx_word' id='word_1_248' title='bbox 421 1329 510 1356; x_wconf 73' lang='grc' dir='ltr'>26.Λη</span> <span class='ocrx_word' id='word_1_249' title='bbox 523 1338 573 1355; x_wconf 92' lang='lat' dir='ltr'>non</span> <span class='ocrx_word' id='word_1_250' title='bbox 585 1328 723 1364; x_wconf 89' lang='lat' dir='ltr'>intelligis,</span> <span class='ocrx_word' id='word_1_251' title='bbox 738 1329 855 1363; x_wconf 84' lang='lat' dir='ltr'>primum</span> 
     </span>
     <span class='ocr_line' id='line_1_32' title="bbox 59 1365 856 1402; baseline -0.003 -10"><span class='ocrx_word' id='word_1_252' title='bbox 59 1375 128 1401; x_wconf 91' lang='lat' dir='ltr'>quos</span> <span class='ocrx_word' id='word_1_253' title='bbox 145 1366 266 1392; x_wconf 89' lang='lat' dir='ltr'>homines</span> <span class='ocrx_word' id='word_1_254' title='bbox 278 1370 304 1392; x_wconf 91' lang='lat' dir='ltr'>et</span> <span class='ocrx_word' id='word_1_255' title='bbox 315 1367 408 1402; x_wconf 89' lang='lat' dir='ltr'>quales</span> <span class='ocrx_word' id='word_1_256' title='bbox 421 1368 491 1393; x_wconf 89' lang='lat' dir='ltr'>viros</span> <span class='ocrx_word' id='word_1_257' title='bbox 504 1371 622 1392; x_wconf 90' lang='lat' dir='ltr'>mortuos</span> <span class='ocrx_word' id='word_1_258' title='bbox 634 1366 734 1392; x_wconf 88' lang='lat' dir='ltr'>summi</span> <span class='ocrx_word' id='word_1_259' title='bbox 746 1365 856 1391; x_wconf 86' lang='lat' dir='ltr'>sceleris</span> 
     </span>
     <span class='ocr_line' id='line_1_33' title="bbox 59 1403 856 1439; baseline -0.003 -9"><span class='ocrx_word' id='word_1_260' title='bbox 59 1403 175 1439; x_wconf 76' lang='lat' dir='ltr'>arguas?</span> <span class='ocrx_word' id='word_1_261' title='bbox 186 1403 282 1430; x_wconf 85' lang='lat' dir='ltr'>deinde</span> <span class='ocrx_word' id='word_1_262' title='bbox 293 1409 358 1439; x_wconf 89' lang='lat' dir='ltr'>quot</span> <span class='ocrx_word' id='word_1_263' title='bbox 369 1413 402 1430; x_wconf 83' lang='lat' dir='ltr'>ex</span> <span class='ocrx_word' id='word_1_264' title='bbox 412 1405 454 1435; x_wconf 82' lang='lat' dir='ltr'>iis,</span> <span class='ocrx_word' id='word_1_265' title='bbox 469 1405 515 1439; x_wconf 91' lang='lat' dir='ltr'>qui</span> <span class='ocrx_word' id='word_1_266' title='bbox 528 1405 631 1435; x_wconf 89' lang='lat' dir='ltr'>vivunt,</span> <span class='ocrx_word' id='word_1_267' title='bbox 640 1403 732 1430; x_wconf 89' lang='lat' dir='ltr'>eodem</span> <span class='ocrx_word' id='word_1_268' title='bbox 745 1403 856 1430; x_wconf 84' lang='lat' dir='ltr'>crimine</span> 
     </span>
     <span class='ocr_line' id='line_1_34' title="bbox 59 1440 854 1476; baseline -0.001 -9"><span class='ocrx_word' id='word_1_269' title='bbox 59 1442 86 1467; x_wconf 92' lang='lat' dir='ltr'>in</span> <span class='ocrx_word' id='word_1_270' title='bbox 108 1450 246 1467; x_wconf 88' lang='lat' dir='ltr'>summum</span> <span class='ocrx_word' id='word_1_271' title='bbox 268 1442 361 1476; x_wconf 88' lang='lat' dir='ltr'>capitis</span> <span class='ocrx_word' id='word_1_272' title='bbox 382 1442 531 1476; x_wconf 87' lang='lat' dir='ltr'>periculum</span> <span class='ocrx_word' id='word_1_273' title='bbox 547 1440 683 1467; x_wconf 62' lang='lat' dir='ltr'>arcessas?</span> <span class='ocrx_word' id='word_1_274' title='bbox 703 1441 768 1466; x_wconf 90' lang='lat' dir='ltr'>Nam</span> <span class='ocrx_word' id='word_1_275' title='bbox 786 1441 809 1467; x_wconf 88' lang='lat' dir='ltr'>si</span> <span class='ocrx_word' id='word_1_276' title='bbox 826 1440 854 1467; x_wconf 91' lang='lat' dir='ltr'>C.</span> 
     </span>
     <span class='ocr_line' id='line_1_35' title="bbox 58 1478 857 1514; baseline 0 -10"><span class='ocrx_word' id='word_1_277' title='bbox 58 1479 184 1505; x_wconf 89' lang='lat' dir='ltr'>Rabirius</span> <span class='ocrx_word' id='word_1_278' title='bbox 197 1478 317 1505; x_wconf 87' lang='lat' dir='ltr'>fraudem</span> <span class='ocrx_word' id='word_1_279' title='bbox 329 1479 468 1514; x_wconf 79' lang='lat' dir='ltr'>capitalem</span> <span class='ocrx_word' id='word_1_280' title='bbox 485 1479 605 1509; x_wconf 88' lang='lat' dir='ltr'>admisit,</span> <span class='ocrx_word' id='word_1_281' title='bbox 623 1479 695 1514; x_wconf 89' lang='lat' dir='ltr'>quod</span> <span class='ocrx_word' id='word_1_282' title='bbox 711 1487 782 1504; x_wconf 87' lang='lat' dir='ltr'>arma</span> <span class='ocrx_word' id='word_1_283' title='bbox 794 1487 857 1504; x_wconf 85' lang='lat' dir='ltr'>eon-</span> 
     </span>
     <span class='ocr_line' id='line_1_36' title="bbox 60 1515 855 1552; baseline -0.001 -10"><span class='ocrx_word' id='word_1_284' title='bbox 60 1521 99 1542; x_wconf 90' lang='lat' dir='ltr'>tra</span> <span class='ocrx_word' id='word_1_285' title='bbox 111 1517 140 1542; x_wconf 95' lang='lat' dir='ltr'>L.</span> <span class='ocrx_word' id='word_1_286' title='bbox 154 1516 330 1543; x_wconf 90' lang='lat' dir='ltr'>Saturninum</span> <span class='ocrx_word' id='word_1_287' title='bbox 344 1517 418 1543; x_wconf 86' lang='lat' dir='ltr'>tulit:</span> <span class='ocrx_word' id='word_1_288' title='bbox 442 1517 504 1543; x_wconf 85' lang='lat' dir='ltr'>liuic</span> <span class='ocrx_word' id='word_1_289' title='bbox 515 1516 626 1552; x_wconf 88' lang='lat' dir='ltr'>quidem</span> <span class='ocrx_word' id='word_1_290' title='bbox 638 1516 727 1542; x_wconf 79' lang='lat' dir='ltr'>all&#39;eret</span> <span class='ocrx_word' id='word_1_291' title='bbox 738 1515 855 1550; x_wconf 89' lang='lat' dir='ltr'>aliquam</span> 
     </span>
     <span class='ocr_line' id='line_1_37' title="bbox 59 1553 857 1589; baseline -0.001 -9"><span class='ocrx_word' id='word_1_292' title='bbox 59 1553 273 1589; x_wconf 84' lang='lat' dir='ltr'>deprecationem</span> <span class='ocrx_word' id='word_1_293' title='bbox 285 1554 396 1589; x_wconf 91' lang='lat' dir='ltr'>periculi</span> <span class='ocrx_word' id='word_1_294' title='bbox 409 1558 478 1580; x_wconf 88' lang='lat' dir='ltr'>aetas</span> <span class='ocrx_word' id='word_1_295' title='bbox 491 1554 545 1585; x_wconf 92' lang='lat' dir='ltr'>illa,</span> <span class='ocrx_word' id='word_1_296' title='bbox 559 1563 611 1589; x_wconf 88' lang='lat' dir='ltr'>qua</span> <span class='ocrx_word' id='word_1_297' title='bbox 624 1558 680 1580; x_wconf 88' lang='lat' dir='ltr'>tum</span> <span class='ocrx_word' id='word_1_298' title='bbox 694 1553 757 1580; x_wconf 83' lang='lat' dir='ltr'>suit:</span> <span class='ocrx_word' id='word_1_299' title='bbox 771 1554 802 1586; x_wconf 90' lang='lat' dir='ltr'>Q.</span> <span class='ocrx_word' id='word_1_300' title='bbox 812 1561 857 1579; x_wconf 81' lang='lat' dir='ltr'>ve-</span> 
     </span>
     <span class='ocr_line' id='line_1_38' title="bbox 59 1591 854 1627; baseline -0.003 -9"><span class='ocrx_word' id='word_1_301' title='bbox 59 1600 88 1618; x_wconf 87' lang='lat' dir='ltr'>ro</span> <span class='ocrx_word' id='word_1_302' title='bbox 100 1591 238 1623; x_wconf 89' lang='lat' dir='ltr'>Catulum,</span> <span class='ocrx_word' id='word_1_303' title='bbox 257 1596 357 1627; x_wconf 86' lang='lat' dir='ltr'>patrem</span> <span class='ocrx_word' id='word_1_304' title='bbox 375 1592 470 1623; x_wconf 88' lang='lat' dir='ltr'>huius,</span> <span class='ocrx_word' id='word_1_305' title='bbox 489 1592 516 1618; x_wconf 93' lang='lat' dir='ltr'>in</span> <span class='ocrx_word' id='word_1_306' title='bbox 532 1600 586 1627; x_wconf 89' lang='lat' dir='ltr'>quo</span> <span class='ocrx_word' id='word_1_307' title='bbox 597 1600 703 1618; x_wconf 90' lang='lat' dir='ltr'>summa</span> <span class='ocrx_word' id='word_1_308' title='bbox 714 1591 854 1625; x_wconf 84' lang='lat' dir='ltr'>sapientia,</span> 
     </span>
     <span class='ocr_line' id='line_1_39' title="bbox 59 1628 857 1666; baseline -0.003 -10"><span class='ocrx_word' id='word_1_309' title='bbox 59 1629 158 1656; x_wconf 87' lang='lat' dir='ltr'>eximia</span> <span class='ocrx_word' id='word_1_310' title='bbox 179 1630 274 1660; x_wconf 78' lang='lat' dir='ltr'>virtus,</span> <span class='ocrx_word' id='word_1_311' title='bbox 297 1629 443 1666; x_wconf 81' lang='lat' dir='ltr'>singularis</span> <span class='ocrx_word' id='word_1_312' title='bbox 466 1629 618 1655; x_wconf 84' lang='lat' dir='ltr'>humanitas</span> <span class='ocrx_word' id='word_1_313' title='bbox 635 1628 697 1655; x_wconf 91' lang='lat' dir='ltr'>suit:</span> <span class='ocrx_word' id='word_1_314' title='bbox 721 1629 755 1654; x_wconf 94' lang='lat' dir='ltr'>M.</span> <span class='ocrx_word' id='word_1_315' title='bbox 774 1628 857 1655; x_wconf 88' lang='lat' dir='ltr'>Scau-</span> 
     </span>
     <span class='ocr_line' id='line_1_40' title="bbox 60 1666 857 1703; baseline -0.001 -10"><span class='ocrx_word' id='word_1_316' title='bbox 60 1675 134 1698; x_wconf 90' lang='lat' dir='ltr'>rum,</span> <span class='ocrx_word' id='word_1_317' title='bbox 148 1666 193 1693; x_wconf 88' lang='lat' dir='ltr'>illa</span> <span class='ocrx_word' id='word_1_318' title='bbox 204 1667 347 1703; x_wconf 83' lang='lat' dir='ltr'>gravitate,</span> <span class='ocrx_word' id='word_1_319' title='bbox 362 1667 408 1693; x_wconf 94' lang='lat' dir='ltr'>illo</span> <span class='ocrx_word' id='word_1_320' title='bbox 419 1666 539 1698; x_wconf 90' lang='lat' dir='ltr'>consilio,</span> <span class='ocrx_word' id='word_1_321' title='bbox 553 1666 598 1693; x_wconf 91' lang='lat' dir='ltr'>illa</span> <span class='ocrx_word' id='word_1_322' title='bbox 611 1666 766 1702; x_wconf 91' lang='lat' dir='ltr'>prudentia:</span> <span class='ocrx_word' id='word_1_323' title='bbox 789 1666 857 1692; x_wconf 89' lang='lat' dir='ltr'>duos</span> 
     </span>
    </p>
   </div>
   <div class='ocr_carea' id='block_1_3' title="bbox 60 1703 859 1966">
    <p class='ocr_par' dir='ltr' id='par_1_8' title="bbox 60 1703 859 1966">
     <span class='ocr_line' id='line_1_41' title="bbox 60 1703 858 1739; baseline -0.003 -7"><span class='ocrx_word' id='word_1_324' title='bbox 60 1705 171 1736; x_wconf 85' lang='lat' dir='ltr'>Mucios,</span> <span class='ocrx_word' id='word_1_325' title='bbox 185 1705 215 1731; x_wconf 91' lang='lat' dir='ltr'>L.</span> <span class='ocrx_word' id='word_1_326' title='bbox 228 1704 363 1736; x_wconf 84' lang='lat' dir='ltr'>Crassum,</span> <span class='ocrx_word' id='word_1_327' title='bbox 378 1705 413 1731; x_wconf 88' lang='lat' dir='ltr'>M.</span> <span class='ocrx_word' id='word_1_328' title='bbox 426 1705 581 1736; x_wconf 85' lang='lat' dir='ltr'>Antonium,</span> <span class='ocrx_word' id='word_1_329' title='bbox 595 1704 711 1739; x_wconf 88' lang='lat' dir='ltr'>quitum</span> <span class='ocrx_word' id='word_1_330' title='bbox 723 1708 796 1730; x_wconf 84' lang='lat' dir='ltr'>extra</span> <span class='ocrx_word' id='word_1_331' title='bbox 808 1703 858 1730; x_wconf 92' lang='lat' dir='ltr'>Ur-</span> 
     </span>
     <span class='ocr_line' id='line_1_42' title="bbox 60 1741 857 1778; baseline -0.003 -9"><span class='ocrx_word' id='word_1_332' title='bbox 60 1741 121 1769; x_wconf 90' lang='lat' dir='ltr'>bem</span> <span class='ocrx_word' id='word_1_333' title='bbox 132 1750 195 1769; x_wconf 90' lang='lat' dir='ltr'>cum</span> <span class='ocrx_word' id='word_1_334' title='bbox 206 1742 339 1777; x_wconf 85' lang='lat' dir='ltr'>praesidio</span> <span class='ocrx_word' id='word_1_335' title='bbox 351 1742 413 1775; x_wconf 72' lang='lat' dir='ltr'>fuit,</span> <span class='ocrx_word' id='word_1_336' title='bbox 435 1751 551 1778; x_wconf 90' lang='lat' dir='ltr'>quornm</span> <span class='ocrx_word' id='word_1_337' title='bbox 563 1743 590 1768; x_wconf 89' lang='lat' dir='ltr'>in</span> <span class='ocrx_word' id='word_1_338' title='bbox 602 1742 650 1768; x_wconf 89' lang='lat' dir='ltr'>hac</span> <span class='ocrx_word' id='word_1_339' title='bbox 661 1742 768 1768; x_wconf 88' lang='lat' dir='ltr'>civitate</span> <span class='ocrx_word' id='word_1_340' title='bbox 780 1741 857 1777; x_wconf 86' lang='lat' dir='ltr'>longe</span> 
     </span>
     <span class='ocr_line' id='line_1_43' title="bbox 60 1779 856 1816; baseline 0 -10"><span class='ocrx_word' id='word_1_341' title='bbox 60 1780 177 1806; x_wconf 85' lang='lat' dir='ltr'>maxima</span> <span class='ocrx_word' id='word_1_342' title='bbox 192 1780 303 1806; x_wconf 85' lang='lat' dir='ltr'>consilia</span> <span class='ocrx_word' id='word_1_343' title='bbox 319 1784 398 1815; x_wconf 88' lang='lat' dir='ltr'>atque</span> <span class='ocrx_word' id='word_1_344' title='bbox 414 1780 522 1816; x_wconf 86' lang='lat' dir='ltr'>ingenia</span> <span class='ocrx_word' id='word_1_345' title='bbox 538 1779 660 1806; x_wconf 81' lang='lat' dir='ltr'>fuerunt:</span> <span class='ocrx_word' id='word_1_346' title='bbox 683 1784 784 1806; x_wconf 84' lang='lat' dir='ltr'>ceteros</span> <span class='ocrx_word' id='word_1_347' title='bbox 801 1779 856 1814; x_wconf 83' lang='lat' dir='ltr'>pari</span> 
     </span>
     <span class='ocr_line' id='line_1_44' title="bbox 60 1817 858 1854; baseline 0 -11"><span class='ocrx_word' id='word_1_348' title='bbox 60 1817 190 1853; x_wconf 85' lang='lat' dir='ltr'>dignitate</span> <span class='ocrx_word' id='word_1_349' title='bbox 201 1817 347 1852; x_wconf 85' lang='lat' dir='ltr'>praeditos,</span> <span class='ocrx_word' id='word_1_350' title='bbox 365 1818 489 1845; x_wconf 84' lang='lat' dir='ltr'>custodes</span> <span class='ocrx_word' id='word_1_351' title='bbox 505 1817 751 1854; x_wconf 81' lang='lat' dir='ltr'>gubernatoresque</span> <span class='ocrx_word' id='word_1_352' title='bbox 767 1817 858 1851; x_wconf 87' lang='lat' dir='ltr'>reipu-</span> 
     </span>
     <span class='ocr_line' id='line_1_45' title="bbox 60 1854 856 1890; baseline 0 -10"><span class='ocrx_word' id='word_1_353' title='bbox 60 1854 159 1886; x_wconf 83' lang='lat' dir='ltr'>blicae,</span> <span class='ocrx_word' id='word_1_354' title='bbox 191 1855 419 1890; x_wconf 86' lang='lat' dir='ltr'>quemadmodum</span> <span class='ocrx_word' id='word_1_355' title='bbox 445 1860 564 1882; x_wconf 85' lang='lat' dir='ltr'>mortuos</span> <span class='ocrx_word' id='word_1_356' title='bbox 589 1854 784 1882; x_wconf 76' lang='lat' dir='ltr'>defendemus?</span> <span class='ocrx_word' id='word_1_357' title='bbox 813 1855 856 1881; x_wconf 75' lang='lat'>27.</span> 
     </span>
     <span class='ocr_line' id='line_1_46' title="bbox 61 1891 859 1928; baseline -0.001 -9"><span class='ocrx_word' id='word_1_358' title='bbox 61 1891 132 1925; x_wconf 89' lang='lat' dir='ltr'>Quid</span> <span class='ocrx_word' id='word_1_359' title='bbox 151 1892 184 1918; x_wconf 89' lang='lat' dir='ltr'>de</span> <span class='ocrx_word' id='word_1_360' title='bbox 199 1892 255 1919; x_wconf 92' lang='lat' dir='ltr'>illis</span> <span class='ocrx_word' id='word_1_361' title='bbox 271 1893 469 1920; x_wconf 81' lang='lat' dir='ltr'>honestissimis</span> <span class='ocrx_word' id='word_1_362' title='bbox 487 1894 551 1919; x_wconf 90' lang='lat' dir='ltr'>viris</span> <span class='ocrx_word' id='word_1_363' title='bbox 568 1897 647 1928; x_wconf 89' lang='lat' dir='ltr'>atque</span> <span class='ocrx_word' id='word_1_364' title='bbox 662 1893 771 1927; x_wconf 88' lang='lat' dir='ltr'>optimis</span> <span class='ocrx_word' id='word_1_365' title='bbox 791 1892 859 1919; x_wconf 88' lang='lat' dir='ltr'>civi-</span> 
     </span>
     <span class='ocr_line' id='line_1_47' title="bbox 60 1928 857 1966; baseline -0.001 -10"><span class='ocrx_word' id='word_1_366' title='bbox 60 1928 126 1962; x_wconf 88' lang='lat' dir='ltr'>bus,</span> <span class='ocrx_word' id='word_1_367' title='bbox 145 1930 283 1965; x_wconf 88' lang='lat' dir='ltr'>equitibus</span> <span class='ocrx_word' id='word_1_368' title='bbox 294 1931 432 1962; x_wconf 84' lang='lat' dir='ltr'>Romanis,</span> <span class='ocrx_word' id='word_1_369' title='bbox 451 1931 585 1962; x_wconf 83' lang='lat' dir='ltr'>dicemus,</span> <span class='ocrx_word' id='word_1_370' title='bbox 603 1931 651 1966; x_wconf 88' lang='lat' dir='ltr'>qui</span> <span class='ocrx_word' id='word_1_371' title='bbox 664 1935 720 1956; x_wconf 87' lang='lat' dir='ltr'>tum</span> <span class='ocrx_word' id='word_1_372' title='bbox 733 1938 857 1956; x_wconf 88' lang='lat' dir='ltr'>unacum</span> 
     </span>
    </p>
   </div>
   <div class='ocr_carea' id='block_1_4' title="bbox 875 887 882 1992">
    <p class='ocr_par' dir='ltr' id='par_1_9' title="bbox 875 887 882 1992">
     <span class='ocr_line' id='line_1_48' title="bbox 875 887 882 1992; baseline 0 0"><span class='ocrx_word' id='word_1_373' title='bbox 875 887 882 1992; x_wconf 95' lang='lat' dir='ltr'> </span> 
     </span>
    </p>
   </div>
   <div class='ocr_carea' id='block_1_5' title="bbox 59 1967 859 2715">
    <p class='ocr_par' dir='ltr' id='par_1_10' title="bbox 59 1967 859 2715">
     <span class='ocr_line' id='line_1_49' title="bbox 61 1967 859 2003; baseline 0 -9"><span class='ocrx_word' id='word_1_374' title='bbox 61 1970 156 1994; x_wconf 84' lang='lat' dir='ltr'>senatu</span> <span class='ocrx_word' id='word_1_375' title='bbox 167 1967 282 1994; x_wconf 85' lang='lat' dir='ltr'>salutem</span> <span class='ocrx_word' id='word_1_376' title='bbox 294 1968 457 2003; x_wconf 88' lang='lat' dir='ltr'>reipublicae</span> <span class='ocrx_word' id='word_1_377' title='bbox 472 1967 668 1994; x_wconf 76' lang='lat' dir='ltr'>defenderunt?</span> <span class='ocrx_word' id='word_1_378' title='bbox 688 1967 754 2002; x_wconf 85' lang='lat' dir='ltr'>quid</span> <span class='ocrx_word' id='word_1_379' title='bbox 766 1967 798 1994; x_wconf 91' lang='lat' dir='ltr'>de</span> <span class='ocrx_word' id='word_1_380' title='bbox 811 1968 859 1994; x_wconf 85' lang='lat' dir='ltr'>tri-</span> 
     </span>
     <span class='ocr_line' id='line_1_50' title="bbox 61 2004 859 2040; baseline -0.001 -8"><span class='ocrx_word' id='word_1_381' title='bbox 61 2004 144 2032; x_wconf 89' lang='lat' dir='ltr'>bunis</span> <span class='ocrx_word' id='word_1_382' title='bbox 159 2005 267 2031; x_wconf 82' lang='lat' dir='ltr'>aerariis</span> <span class='ocrx_word' id='word_1_383' title='bbox 283 2010 486 2040; x_wconf 87' lang='lat' dir='ltr'>ceterorumque</span> <span class='ocrx_word' id='word_1_384' title='bbox 501 2005 626 2032; x_wconf 89' lang='lat' dir='ltr'>ordinum</span> <span class='ocrx_word' id='word_1_385' title='bbox 638 2006 759 2032; x_wconf 89' lang='lat' dir='ltr'>omnium</span> <span class='ocrx_word' id='word_1_386' title='bbox 772 2005 859 2031; x_wconf 87' lang='lat' dir='ltr'>homi-</span> 
     </span>
     <span class='ocr_line' id='line_1_51' title="bbox 61 2042 859 2078; baseline 0.001 -10"><span class='ocrx_word' id='word_1_387' title='bbox 61 2042 152 2073; x_wconf 88' lang='lat' dir='ltr'>nibus,</span> <span class='ocrx_word' id='word_1_388' title='bbox 164 2042 211 2077; x_wconf 91' lang='lat' dir='ltr'>qui</span> <span class='ocrx_word' id='word_1_389' title='bbox 225 2046 280 2068; x_wconf 89' lang='lat' dir='ltr'>tum</span> <span class='ocrx_word' id='word_1_390' title='bbox 292 2051 364 2069; x_wconf 86' lang='lat' dir='ltr'>arma</span> <span class='ocrx_word' id='word_1_391' title='bbox 376 2051 423 2078; x_wconf 88' lang='lat' dir='ltr'>pro</span> <span class='ocrx_word' id='word_1_392' title='bbox 433 2043 569 2069; x_wconf 87' lang='lat' dir='ltr'>communi</span> <span class='ocrx_word' id='word_1_393' title='bbox 583 2043 702 2069; x_wconf 83' lang='lat' dir='ltr'>libertate</span> <span class='ocrx_word' id='word_1_394' title='bbox 713 2042 859 2078; x_wconf 68' lang='lat' dir='ltr'>ceperunt?</span> 
     </span>
     <span class='ocr_line' id='line_1_52' title="bbox 59 2078 859 2116; baseline 0.001 -11"><span class='ocrx_word' id='word_1_395' title='bbox 59 2079 96 2105; x_wconf 91' lang='lat' dir='ltr'>X.</span> <span class='ocrx_word' id='word_1_396' title='bbox 119 2078 170 2106; x_wconf 87' lang='lat' dir='ltr'>Sed</span> <span class='ocrx_word' id='word_1_397' title='bbox 181 2079 248 2114; x_wconf 87' lang='lat' dir='ltr'>quid</span> <span class='ocrx_word' id='word_1_398' title='bbox 259 2088 307 2116; x_wconf 88' lang='lat' dir='ltr'>ego</span> <span class='ocrx_word' id='word_1_399' title='bbox 318 2080 351 2106; x_wconf 88' lang='lat' dir='ltr'>de</span> <span class='ocrx_word' id='word_1_400' title='bbox 363 2080 395 2106; x_wconf 90' lang='lat' dir='ltr'>iis</span> <span class='ocrx_word' id='word_1_401' title='bbox 407 2081 546 2112; x_wconf 91' lang='lat' dir='ltr'>omnibus,</span> <span class='ocrx_word' id='word_1_402' title='bbox 564 2081 611 2116; x_wconf 92' lang='lat' dir='ltr'>qui</span> <span class='ocrx_word' id='word_1_403' title='bbox 627 2080 760 2107; x_wconf 87' lang='lat' dir='ltr'>consulari</span> <span class='ocrx_word' id='word_1_404' title='bbox 773 2081 859 2115; x_wconf 89' lang='lat' dir='ltr'>impc-</span> 
     </span>
     <span class='ocr_line' id='line_1_53' title="bbox 61 2117 858 2153; baseline 0.001 -10"><span class='ocrx_word' id='word_1_405' title='bbox 61 2117 100 2143; x_wconf 87' lang='lat' dir='ltr'>rio</span> <span class='ocrx_word' id='word_1_406' title='bbox 121 2121 275 2152; x_wconf 87' lang='lat' dir='ltr'>paruerunt,</span> <span class='ocrx_word' id='word_1_407' title='bbox 299 2117 411 2153; x_wconf 78' lang='lat' dir='ltr'>loquor‘?</span> <span class='ocrx_word' id='word_1_408' title='bbox 430 2117 463 2144; x_wconf 88' lang='lat' dir='ltr'>de</span> <span class='ocrx_word' id='word_1_409' title='bbox 483 2118 604 2153; x_wconf 90' lang='lat' dir='ltr'>ipsorum</span> <span class='ocrx_word' id='word_1_410' title='bbox 625 2117 767 2145; x_wconf 91' lang='lat' dir='ltr'>consulum</span> <span class='ocrx_word' id='word_1_411' title='bbox 790 2117 858 2144; x_wconf 81' lang='lat' dir='ltr'>sama</span> 
     </span>
     <span class='ocr_line' id='line_1_54' title="bbox 61 2153 859 2191; baseline 0.003 -11"><span class='ocrx_word' id='word_1_412' title='bbox 61 2154 129 2190; x_wconf 89' lang='lat' dir='ltr'>quid</span> <span class='ocrx_word' id='word_1_413' title='bbox 141 2153 260 2181; x_wconf 80' lang='lat' dir='ltr'>rutarum</span> <span class='ocrx_word' id='word_1_414' title='bbox 273 2154 332 2181; x_wconf 81' lang='lat' dir='ltr'>est‘?</span> <span class='ocrx_word' id='word_1_415' title='bbox 352 2155 382 2181; x_wconf 91' lang='lat' dir='ltr'>L.</span> <span class='ocrx_word' id='word_1_416' title='bbox 395 2154 529 2186; x_wconf 85' lang='lat' dir='ltr'>Flaccum,</span> <span class='ocrx_word' id='word_1_417' title='bbox 543 2155 678 2182; x_wconf 87' lang='lat' dir='ltr'>hominem</span> <span class='ocrx_word' id='word_1_418' title='bbox 690 2164 775 2191; x_wconf 89' lang='lat' dir='ltr'>quum</span> <span class='ocrx_word' id='word_1_419' title='bbox 787 2165 859 2182; x_wconf 86' lang='lat' dir='ltr'>sem-</span> 
     </span>
     <span class='ocr_line' id='line_1_55' title="bbox 63 2191 858 2229; baseline 0.003 -11"><span class='ocrx_word' id='word_1_420' title='bbox 63 2192 148 2226; x_wconf 83' lang='lat' dir='ltr'>perin</span> <span class='ocrx_word' id='word_1_421' title='bbox 160 2191 311 2227; x_wconf 90' lang='lat' dir='ltr'>republica,</span> <span class='ocrx_word' id='word_1_422' title='bbox 334 2196 391 2219; x_wconf 86' lang='lat' dir='ltr'>tum</span> <span class='ocrx_word' id='word_1_423' title='bbox 408 2192 435 2219; x_wconf 88' lang='lat' dir='ltr'>in</span> <span class='ocrx_word' id='word_1_424' title='bbox 452 2193 654 2228; x_wconf 84' lang='lat' dir='ltr'>magistratibus</span> <span class='ocrx_word' id='word_1_425' title='bbox 669 2193 808 2229; x_wconf 82' lang='lat' dir='ltr'>gerendis,</span> <span class='ocrx_word' id='word_1_426' title='bbox 831 2193 858 2220; x_wconf 91' lang='lat' dir='ltr'>in</span> 
     </span>
     <span class='ocr_line' id='line_1_56' title="bbox 62 2229 859 2266; baseline 0.003 -11"><span class='ocrx_word' id='word_1_427' title='bbox 62 2229 208 2256; x_wconf 81' lang='lat' dir='ltr'>sacerdotio</span> <span class='ocrx_word' id='word_1_428' title='bbox 223 2230 459 2265; x_wconf 82' lang='lat' dir='ltr'>caerimoniisque,</span> <span class='ocrx_word' id='word_1_429' title='bbox 477 2230 578 2265; x_wconf 87' lang='lat' dir='ltr'>quibus</span> <span class='ocrx_word' id='word_1_430' title='bbox 595 2235 725 2265; x_wconf 84' lang='lat' dir='ltr'>praeerat,</span> <span class='ocrx_word' id='word_1_431' title='bbox 743 2231 859 2266; x_wconf 80' lang='lat' dir='ltr'>diligen-</span> 
     </span>
     <span class='ocr_line' id='line_1_57' title="bbox 65 2266 859 2302; baseline 0.003 -9"><span class='ocrx_word' id='word_1_432' title='bbox 65 2266 198 2294; x_wconf 83' lang='lat' dir='ltr'>tissimum</span> <span class='ocrx_word' id='word_1_433' title='bbox 207 2287 213 2298; x_wconf 89' lang='lat'>,</span> <span class='ocrx_word' id='word_1_434' title='bbox 231 2267 325 2293; x_wconf 85' lang='lat' dir='ltr'>nefarii</span> <span class='ocrx_word' id='word_1_435' title='bbox 341 2267 448 2294; x_wconf 88' lang='lat' dir='ltr'>sceleris</span> <span class='ocrx_word' id='word_1_436' title='bbox 460 2276 490 2293; x_wconf 87' lang='lat' dir='ltr'>ac</span> <span class='ocrx_word' id='word_1_437' title='bbox 501 2268 636 2302; x_wconf 88' lang='lat' dir='ltr'>parricidii</span> <span class='ocrx_word' id='word_1_438' title='bbox 648 2273 783 2295; x_wconf 90' lang='lat' dir='ltr'>mortuum</span> <span class='ocrx_word' id='word_1_439' title='bbox 795 2278 859 2295; x_wconf 81' lang='lat' dir='ltr'>cun-</span> 
     </span>
     <span class='ocr_line' id='line_1_58' title="bbox 62 2303 859 2341; baseline 0.003 -11"><span class='ocrx_word' id='word_1_440' title='bbox 62 2303 269 2331; x_wconf 82' lang='lat' dir='ltr'>demnabimus‘?</span> <span class='ocrx_word' id='word_1_441' title='bbox 293 2304 472 2340; x_wconf 84' lang='lat' dir='ltr'>adiungemus</span> <span class='ocrx_word' id='word_1_442' title='bbox 492 2305 526 2331; x_wconf 82' lang='lat' dir='ltr'>ad</span> <span class='ocrx_word' id='word_1_443' title='bbox 547 2305 614 2331; x_wconf 89' lang='lat' dir='ltr'>banc</span> <span class='ocrx_word' id='word_1_444' title='bbox 637 2305 722 2332; x_wconf 83' lang='lat' dir='ltr'>labem</span> <span class='ocrx_word' id='word_1_445' title='bbox 744 2306 859 2341; x_wconf 86' lang='lat' dir='ltr'>ignomi-</span> 
     </span>
     <span class='ocr_line' id='line_1_59' title="bbox 63 2341 856 2377; baseline 0.003 -9"><span class='ocrx_word' id='word_1_446' title='bbox 63 2341 190 2377; x_wconf 82' lang='lat' dir='ltr'>niamque</span> <span class='ocrx_word' id='word_1_447' title='bbox 205 2342 298 2368; x_wconf 84' lang='lat' dir='ltr'>mortis</span> <span class='ocrx_word' id='word_1_448' title='bbox 314 2343 393 2369; x_wconf 87' lang='lat' dir='ltr'>etiam</span> <span class='ocrx_word' id='word_1_449' title='bbox 410 2342 439 2369; x_wconf 93' lang='lat' dir='ltr'>C.</span> <span class='ocrx_word' id='word_1_450' title='bbox 457 2342 532 2368; x_wconf 86' lang='lat' dir='ltr'>Marii</span> <span class='ocrx_word' id='word_1_451' title='bbox 552 2343 666 2369; x_wconf 74' lang='lat' dir='ltr'>nomen?</span> <span class='ocrx_word' id='word_1_452' title='bbox 686 2343 716 2370; x_wconf 92' lang='lat' dir='ltr'>C.</span> <span class='ocrx_word' id='word_1_453' title='bbox 734 2344 856 2375; x_wconf 88' lang='lat' dir='ltr'>Marium,</span> 
     </span>
     <span class='ocr_line' id='line_1_60' title="bbox 62 2380 859 2415; baseline 0.003 -10"><span class='ocrx_word' id='word_1_454' title='bbox 62 2386 143 2413; x_wconf 83' lang='lat' dir='ltr'>quem</span> <span class='ocrx_word' id='word_1_455' title='bbox 155 2387 216 2406; x_wconf 88' lang='lat' dir='ltr'>vere</span> <span class='ocrx_word' id='word_1_456' title='bbox 227 2384 328 2415; x_wconf 85' lang='lat' dir='ltr'>patrem</span> <span class='ocrx_word' id='word_1_457' title='bbox 341 2380 449 2415; x_wconf 88' lang='lat' dir='ltr'>patriae,</span> <span class='ocrx_word' id='word_1_458' title='bbox 463 2383 608 2414; x_wconf 87' lang='lat' dir='ltr'>parentem,</span> <span class='ocrx_word' id='word_1_459' title='bbox 622 2380 743 2415; x_wconf 86' lang='lat' dir='ltr'>inquam,</span> <span class='ocrx_word' id='word_1_460' title='bbox 757 2386 859 2407; x_wconf 82' lang='lat' dir='ltr'>vestrae</span> 
     </span>
     <span class='ocr_line' id='line_1_61' title="bbox 63 2414 855 2452; baseline 0.003 -10"><span class='ocrx_word' id='word_1_461' title='bbox 63 2414 193 2443; x_wconf 84' lang='lat' dir='ltr'>libertatis</span> <span class='ocrx_word' id='word_1_462' title='bbox 208 2421 288 2452; x_wconf 82' lang='lat' dir='ltr'>atque</span> <span class='ocrx_word' id='word_1_463' title='bbox 300 2417 413 2443; x_wconf 84' lang='lat' dir='ltr'>huiusce</span> <span class='ocrx_word' id='word_1_464' title='bbox 425 2417 589 2451; x_wconf 79' lang='lat' dir='ltr'>reipublicae</span> <span class='ocrx_word' id='word_1_465' title='bbox 601 2426 748 2452; x_wconf 88' lang='lat' dir='ltr'>possumus</span> <span class='ocrx_word' id='word_1_466' title='bbox 759 2418 855 2449; x_wconf 87' lang='lat' dir='ltr'>dicere,</span> 
     </span>
     <span class='ocr_line' id='line_1_62' title="bbox 63 2452 859 2489; baseline 0.001 -9"><span class='ocrx_word' id='word_1_467' title='bbox 63 2452 170 2480; x_wconf 79' lang='lat' dir='ltr'>sceleris</span> <span class='ocrx_word' id='word_1_468' title='bbox 190 2462 220 2481; x_wconf 80' lang='lat' dir='ltr'>ac</span> <span class='ocrx_word' id='word_1_469' title='bbox 241 2455 375 2489; x_wconf 84' lang='lat' dir='ltr'>parricidii</span> <span class='ocrx_word' id='word_1_470' title='bbox 397 2454 490 2481; x_wconf 79' lang='lat' dir='ltr'>nefarii</span> <span class='ocrx_word' id='word_1_471' title='bbox 513 2459 646 2481; x_wconf 87' lang='lat' dir='ltr'>mortuum</span> <span class='ocrx_word' id='word_1_472' title='bbox 668 2455 859 2481; x_wconf 83' lang='lat' dir='ltr'>condemnabi-</span> 
     </span>
     <span class='ocr_line' id='line_1_63' title="bbox 64 2490 856 2527; baseline 0.003 -10"><span class='ocrx_word' id='word_1_473' title='bbox 64 2490 141 2518; x_wconf 71' lang='lat' dir='ltr'>mus?</span> <span class='ocrx_word' id='word_1_474' title='bbox 169 2493 211 2519; x_wconf 77' lang='lat'>28.</span> <span class='ocrx_word' id='word_1_475' title='bbox 234 2492 354 2524; x_wconf 85' lang='lat' dir='ltr'>Etenim,</span> <span class='ocrx_word' id='word_1_476' title='bbox 372 2492 395 2518; x_wconf 90' lang='lat' dir='ltr'>si</span> <span class='ocrx_word' id='word_1_477' title='bbox 411 2492 440 2519; x_wconf 91' lang='lat' dir='ltr'>C.</span> <span class='ocrx_word' id='word_1_478' title='bbox 454 2492 573 2523; x_wconf 80' lang='lat' dir='ltr'>Rabirio,</span> <span class='ocrx_word' id='word_1_479' title='bbox 591 2492 663 2527; x_wconf 89' lang='lat' dir='ltr'>quod</span> <span class='ocrx_word' id='word_1_480' title='bbox 680 2492 711 2518; x_wconf 86' lang='lat' dir='ltr'>iit</span> <span class='ocrx_word' id='word_1_481' title='bbox 726 2493 758 2518; x_wconf 89' lang='lat' dir='ltr'>ad</span> <span class='ocrx_word' id='word_1_482' title='bbox 775 2502 856 2524; x_wconf 86' lang='lat' dir='ltr'>arma,</span> 
     </span>
     <span class='ocr_line' id='line_1_64' title="bbox 63 2529 859 2565; baseline 0.003 -11"><span class='ocrx_word' id='word_1_483' title='bbox 63 2535 168 2555; x_wconf 85' lang='lat' dir='ltr'>crucem</span> <span class='ocrx_word' id='word_1_484' title='bbox 179 2529 209 2555; x_wconf 92' lang='lat' dir='ltr'>T.</span> <span class='ocrx_word' id='word_1_485' title='bbox 223 2529 357 2556; x_wconf 77' lang='lat' dir='ltr'>Labienus</span> <span class='ocrx_word' id='word_1_486' title='bbox 372 2530 400 2556; x_wconf 88' lang='lat' dir='ltr'>in</span> <span class='ocrx_word' id='word_1_487' title='bbox 415 2537 509 2564; x_wconf 78' lang='lat' dir='ltr'>campo</span> <span class='ocrx_word' id='word_1_488' title='bbox 521 2530 613 2556; x_wconf 83' lang='lat' dir='ltr'>Martio</span> <span class='ocrx_word' id='word_1_489' title='bbox 628 2529 795 2565; x_wconf 75' lang='lat' dir='ltr'>deligendam</span> <span class='ocrx_word' id='word_1_490' title='bbox 808 2539 859 2564; x_wconf 90' lang='lat' dir='ltr'>pu-</span> 
     </span>
     <span class='ocr_line' id='line_1_65' title="bbox 62 2565 856 2603; baseline 0.001 -11"><span class='ocrx_word' id='word_1_491' title='bbox 62 2565 141 2592; x_wconf 76' lang='lat' dir='ltr'>tavit:</span> <span class='ocrx_word' id='word_1_492' title='bbox 158 2566 230 2601; x_wconf 88' lang='lat' dir='ltr'>quod</span> <span class='ocrx_word' id='word_1_493' title='bbox 246 2567 353 2593; x_wconf 89' lang='lat' dir='ltr'>tandem</span> <span class='ocrx_word' id='word_1_494' title='bbox 365 2567 559 2603; x_wconf 72' lang='lat' dir='ltr'>excoga&#39;tabitur</span> <span class='ocrx_word' id='word_1_495' title='bbox 570 2567 596 2593; x_wconf 92' lang='lat' dir='ltr'>in</span> <span class='ocrx_word' id='word_1_496' title='bbox 608 2576 669 2593; x_wconf 84' lang='lat' dir='ltr'>euni</span> <span class='ocrx_word' id='word_1_497' title='bbox 681 2567 856 2602; x_wconf 83' lang='lat' dir='ltr'>supplicium,</span> 
     </span>
     <span class='ocr_line' id='line_1_66' title="bbox 61 2602 858 2640; baseline 0.003 -11"><span class='ocrx_word' id='word_1_498' title='bbox 61 2602 110 2638; x_wconf 83' lang='lat' dir='ltr'>qui</span> <span class='ocrx_word' id='word_1_499' title='bbox 122 2602 243 2630; x_wconf 68' lang='lat' dir='ltr'>vocavit?</span> <span class='ocrx_word' id='word_1_500' title='bbox 262 2603 308 2636; x_wconf 77' lang='lat' dir='ltr'>Ac,</span> <span class='ocrx_word' id='word_1_501' title='bbox 322 2605 344 2631; x_wconf 87' lang='lat' dir='ltr'>si</span> <span class='ocrx_word' id='word_1_502' title='bbox 358 2604 423 2631; x_wconf 80' lang='lat' dir='ltr'>fides</span> <span class='ocrx_word' id='word_1_503' title='bbox 435 2605 580 2631; x_wconf 85' lang='lat' dir='ltr'>Saturnino</span> <span class='ocrx_word' id='word_1_504' title='bbox 592 2605 651 2631; x_wconf 87' lang='lat' dir='ltr'>data</span> <span class='ocrx_word' id='word_1_505' title='bbox 664 2609 712 2636; x_wconf 87' lang='lat' dir='ltr'>est,</span> <span class='ocrx_word' id='word_1_506' title='bbox 725 2605 798 2640; x_wconf 82' lang='lat' dir='ltr'>quod</span> <span class='ocrx_word' id='word_1_507' title='bbox 810 2605 858 2631; x_wconf 77' lang='lat' dir='ltr'>alis</span> 
     </span>
     <span class='ocr_line' id='line_1_67' title="bbox 62 2641 856 2675; baseline 0.003 -9"><span class='ocrx_word' id='word_1_508' title='bbox 62 2642 88 2666; x_wconf 81' lang='lat' dir='ltr'>te</span> <span class='ocrx_word' id='word_1_509' title='bbox 103 2641 261 2675; x_wconf 82' lang='lat' dir='ltr'>saepissime</span> <span class='ocrx_word' id='word_1_510' title='bbox 276 2641 388 2674; x_wconf 90' lang='lat' dir='ltr'>dicitur,</span> <span class='ocrx_word' id='word_1_511' title='bbox 411 2650 463 2669; x_wconf 92' lang='lat' dir='ltr'>non</span> <span class='ocrx_word' id='word_1_512' title='bbox 479 2650 537 2668; x_wconf 84' lang='lat' dir='ltr'>eam</span> <span class='ocrx_word' id='word_1_513' title='bbox 553 2642 582 2669; x_wconf 90' lang='lat' dir='ltr'>C.</span> <span class='ocrx_word' id='word_1_514' title='bbox 600 2642 740 2673; x_wconf 81' lang='lat' dir='ltr'>Rabirius,</span> <span class='ocrx_word' id='word_1_515' title='bbox 763 2642 810 2669; x_wconf 78' lang='lat' dir='ltr'>sed</span> <span class='ocrx_word' id='word_1_516' title='bbox 827 2642 856 2669; x_wconf 84' lang='lat' dir='ltr'>C.</span> 
     </span>
     <span class='ocr_line' id='line_1_68' title="bbox 62 2675 856 2715; baseline 0.004 -12"><span class='ocrx_word' id='word_1_517' title='bbox 62 2675 162 2704; x_wconf 82' lang='lat' dir='ltr'>Marius</span> <span class='ocrx_word' id='word_1_518' title='bbox 177 2677 265 2710; x_wconf 82' lang='lat' dir='ltr'>dedit,</span> <span class='ocrx_word' id='word_1_519' title='bbox 282 2679 408 2715; x_wconf 88' lang='lat' dir='ltr'>idemque</span> <span class='ocrx_word' id='word_1_520' title='bbox 424 2679 547 2711; x_wconf 88' lang='lat' dir='ltr'>violavit,</span> <span class='ocrx_word' id='word_1_521' title='bbox 565 2679 587 2706; x_wconf 90' lang='lat' dir='ltr'>si</span> <span class='ocrx_word' id='word_1_522' title='bbox 605 2680 632 2706; x_wconf 89' lang='lat' dir='ltr'>in</span> <span class='ocrx_word' id='word_1_523' title='bbox 648 2679 699 2706; x_wconf 81' lang='lat' dir='ltr'>(ide</span> <span class='ocrx_word' id='word_1_524' title='bbox 712 2688 762 2706; x_wconf 92' lang='lat' dir='ltr'>non</span> <span class='ocrx_word' id='word_1_525' title='bbox 774 2680 856 2707; x_wconf 85' lang='lat' dir='ltr'>stetit.</span> 
     </span>
    </p>
   </div>
   <div class='ocr_carea' id='block_1_6' title="bbox 878 2120 883 2733">
    <p class='ocr_par' dir='ltr' id='par_1_11' title="bbox 878 2120 883 2733">
     <span class='ocr_line' id='line_1_69' title="bbox 878 2120 883 2733; baseline 0 0"><span class='ocrx_word' id='word_1_526' title='bbox 878 2120 883 2733; x_wconf 95' lang='lat' dir='ltr'> </span> 
     </span>
    </p>
   </div>
   <div class='ocr_carea' id='block_1_7' title="bbox 63 2711 881 2752">
    <p class='ocr_par' dir='ltr' id='par_1_12' title="bbox 63 2711 881 2752">
     <span class='ocr_line' id='line_1_70' title="bbox 63 2711 881 2752; baseline 0.005 -12"><span class='ocrx_word' id='word_1_527' title='bbox 63 2711 135 2746; x_wconf 78' lang='lat' dir='ltr'>Quae</span> <span class='ocrx_word' id='word_1_528' title='bbox 147 2714 226 2747; x_wconf 80' lang='lat' dir='ltr'>fides,</span> <span class='ocrx_word' id='word_1_529' title='bbox 244 2716 373 2749; x_wconf 83' lang='lat' dir='ltr'>Labiene,</span> <span class='ocrx_word' id='word_1_530' title='bbox 391 2717 438 2752; x_wconf 89' lang='lat' dir='ltr'>qui</span> <span class='ocrx_word' id='word_1_531' title='bbox 455 2716 541 2752; x_wconf 87' lang='lat' dir='ltr'>potuit</span> <span class='ocrx_word' id='word_1_532' title='bbox 556 2717 614 2744; x_wconf 87' lang='lat' dir='ltr'>sine</span> <span class='ocrx_word' id='word_1_533' title='bbox 626 2717 858 2744; x_wconf 84' lang='lat' dir='ltr'>senatusconsulto</span> <span class='ocrx_word' id='word_1_534' title='bbox 879 2739 881 2744; x_wconf 64' lang='lat'>.</span> 
     </span>
    </p>
   </div>
   <div class='ocr_carea' id='block_1_8' title="bbox 1651 169 1699 195">
    <p class='ocr_par' dir='ltr' id='par_1_13' title="bbox 1651 169 1699 195">
     <span class='ocr_line' id='line_1_71' title="bbox 1651 169 1699 195; baseline 0.042 -1"><span class='ocrx_word' id='word_1_535' title='bbox 1651 169 1699 195; x_wconf 71' lang='grc'>415</span> 
     </span>
    </p>
   </div>
   <div class='ocr_carea' id='block_1_9' title="bbox 880 237 1711 2753">
    <p class='ocr_par' dir='ltr' id='par_1_14' title="bbox 880 237 1711 2003">
     <span class='ocr_line' id='line_1_72' title="bbox 880 237 1700 275; baseline 0.001 -11"><span class='ocrx_word' id='word_1_536' title='bbox 880 239 882 255; x_wconf 65' lang='lat'>=&#39;</span> <span class='ocrx_word' id='word_1_537' title='bbox 905 237 979 264; x_wconf 81' lang='lat' dir='ltr'>dari‘?</span> <span class='ocrx_word' id='word_1_538' title='bbox 989 238 1096 265; x_wconf 78' lang='lat' dir='ltr'>Adeone</span> <span class='ocrx_word' id='word_1_539' title='bbox 1107 238 1206 273; x_wconf 82' lang='lat' dir='ltr'>hospes</span> <span class='ocrx_word' id='word_1_540' title='bbox 1217 238 1330 265; x_wconf 84' lang='lat' dir='ltr'>huiusce</span> <span class='ocrx_word' id='word_1_541' title='bbox 1341 239 1426 270; x_wconf 88' lang='lat' dir='ltr'>urbis,</span> <span class='ocrx_word' id='word_1_542' title='bbox 1439 238 1538 266; x_wconf 88' lang='lat' dir='ltr'>adeone</span> <span class='ocrx_word' id='word_1_543' title='bbox 1550 240 1659 275; x_wconf 82' lang='lat' dir='ltr'>ignarus</span> <span class='ocrx_word' id='word_1_544' title='bbox 1671 248 1700 266; x_wconf 85' lang='lat' dir='ltr'>es</span> 
     </span>
     <span class='ocr_line' id='line_1_73' title="bbox 905 276 1701 311; baseline 0.001 -9"><span class='ocrx_word' id='word_1_545' title='bbox 905 276 1062 311; x_wconf 89' lang='lat' dir='ltr'>disciplinae</span> <span class='ocrx_word' id='word_1_546' title='bbox 1072 276 1329 311; x_wconf 85' lang='lat' dir='ltr'>consuetudinisque</span> <span class='ocrx_word' id='word_1_547' title='bbox 1341 281 1452 308; x_wconf 88' lang='lat' dir='ltr'>nostrae,</span> <span class='ocrx_word' id='word_1_548' title='bbox 1466 281 1495 303; x_wconf 87' lang='lat' dir='ltr'>ut</span> <span class='ocrx_word' id='word_1_549' title='bbox 1504 277 1568 304; x_wconf 87' lang='lat' dir='ltr'>baec</span> <span class='ocrx_word' id='word_1_550' title='bbox 1580 277 1701 304; x_wconf 76' lang='lat' dir='ltr'>nescias‘?</span> 
     </span>
     <span class='ocr_line' id='line_1_74' title="bbox 905 314 1701 350; baseline 0.003 -11"><span class='ocrx_word' id='word_1_551' title='bbox 905 318 935 339; x_wconf 88' lang='lat' dir='ltr'>ut</span> <span class='ocrx_word' id='word_1_552' title='bbox 946 315 1107 349; x_wconf 84' lang='lat' dir='ltr'>peregrinari</span> <span class='ocrx_word' id='word_1_553' title='bbox 1120 314 1145 340; x_wconf 94' lang='lat' dir='ltr'>in</span> <span class='ocrx_word' id='word_1_554' title='bbox 1157 314 1243 341; x_wconf 84' lang='lat' dir='ltr'>aliena</span> <span class='ocrx_word' id='word_1_555' title='bbox 1254 315 1373 346; x_wconf 83' lang='lat' dir='ltr'>civitate,</span> <span class='ocrx_word' id='word_1_556' title='bbox 1391 323 1444 341; x_wconf 91' lang='lat' dir='ltr'>non</span> <span class='ocrx_word' id='word_1_557' title='bbox 1459 315 1486 341; x_wconf 90' lang='lat' dir='ltr'>in</span> <span class='ocrx_word' id='word_1_558' title='bbox 1504 319 1547 341; x_wconf 88' lang='lat' dir='ltr'>tua</span> <span class='ocrx_word' id='word_1_559' title='bbox 1560 316 1701 350; x_wconf 82' lang='lat' dir='ltr'>magistra-</span> 
     </span>
     <span class='ocr_line' id='line_1_75' title="bbox 905 351 1701 387; baseline 0.003 -10"><span class='ocrx_word' id='word_1_560' title='bbox 905 355 962 377; x_wconf 90' lang='lat' dir='ltr'>tum</span> <span class='ocrx_word' id='word_1_561' title='bbox 973 360 1063 387; x_wconf 85' lang='lat' dir='ltr'>gerere</span> <span class='ocrx_word' id='word_1_562' title='bbox 1076 351 1200 378; x_wconf 82' lang='lat' dir='ltr'>videare‘?</span> <span class='ocrx_word' id='word_1_563' title='bbox 1229 353 1270 379; x_wconf 75' lang='lat'>29.</span> <span class='ocrx_word' id='word_1_564' title='bbox 1288 351 1358 384; x_wconf 88' lang='lat' dir='ltr'>Quid</span> <span class='ocrx_word' id='word_1_565' title='bbox 1373 353 1426 379; x_wconf 90' lang='lat' dir='ltr'>iam</span> <span class='ocrx_word' id='word_1_566' title='bbox 1443 352 1491 378; x_wconf 88' lang='lat' dir='ltr'>ista</span> <span class='ocrx_word' id='word_1_567' title='bbox 1502 352 1532 379; x_wconf 83' lang='lat' dir='ltr'>C.</span> <span class='ocrx_word' id='word_1_568' title='bbox 1545 352 1641 382; x_wconf 73' lang='lat' dir='ltr'>Mario,</span> <span class='ocrx_word' id='word_1_569' title='bbox 1658 354 1701 379; x_wconf 87' lang='lat' dir='ltr'>in—</span> 
     </span>
     <span class='ocr_line' id='line_1_76' title="bbox 905 389 1701 425; baseline 0.003 -11"><span class='ocrx_word' id='word_1_570' title='bbox 905 389 976 424; x_wconf 89' lang='lat' dir='ltr'>quit,</span> <span class='ocrx_word' id='word_1_571' title='bbox 1000 397 1093 415; x_wconf 90' lang='lat' dir='ltr'>nocere</span> <span class='ocrx_word' id='word_1_572' title='bbox 1114 394 1239 424; x_wconf 86' lang='lat' dir='ltr'>possunt,</span> <span class='ocrx_word' id='word_1_573' title='bbox 1262 390 1389 425; x_wconf 87' lang='lat' dir='ltr'>quoniam</span> <span class='ocrx_word' id='word_1_574' title='bbox 1405 398 1486 416; x_wconf 86' lang='lat' dir='ltr'>sensu</span> <span class='ocrx_word' id='word_1_575' title='bbox 1503 394 1528 417; x_wconf 91' lang='lat' dir='ltr'>et</span> <span class='ocrx_word' id='word_1_576' title='bbox 1543 390 1597 416; x_wconf 87' lang='lat' dir='ltr'>vita</span> <span class='ocrx_word' id='word_1_577' title='bbox 1612 390 1701 417; x_wconf 72' lang='lat' dir='ltr'>caret?</span> 
     </span>
     <span class='ocr_line' id='line_1_77' title="bbox 906 426 1700 463; baseline 0.003 -11"><span class='ocrx_word' id='word_1_578' title='bbox 906 427 976 452; x_wconf 85' lang='lat' dir='ltr'>ltane</span> <span class='ocrx_word' id='word_1_579' title='bbox 988 426 1068 453; x_wconf 74' lang='lat' dir='ltr'>vero?</span> <span class='ocrx_word' id='word_1_580' title='bbox 1089 427 1168 452; x_wconf 88' lang='lat' dir='ltr'>tantis</span> <span class='ocrx_word' id='word_1_581' title='bbox 1180 427 1206 453; x_wconf 91' lang='lat' dir='ltr'>in</span> <span class='ocrx_word' id='word_1_582' title='bbox 1220 427 1355 454; x_wconf 85' lang='lat' dir='ltr'>laboribus</span> <span class='ocrx_word' id='word_1_583' title='bbox 1367 428 1393 454; x_wconf 87' lang='lat' dir='ltr'>C.</span> <span class='ocrx_word' id='word_1_584' title='bbox 1406 428 1506 454; x_wconf 87' lang='lat' dir='ltr'>Marius</span> <span class='ocrx_word' id='word_1_585' title='bbox 1518 427 1700 463; x_wconf 87' lang='lat' dir='ltr'>periculisque</span> 
     </span>
     <span class='ocr_line' id='line_1_78' title="bbox 905 464 1701 500; baseline 0.003 -11"><span class='ocrx_word' id='word_1_586' title='bbox 905 464 1027 495; x_wconf 85' lang='lat' dir='ltr'>vixisset,</span> <span class='ocrx_word' id='word_1_587' title='bbox 1041 464 1064 490; x_wconf 86' lang='lat' dir='ltr'>si</span> <span class='ocrx_word' id='word_1_588' title='bbox 1076 464 1144 490; x_wconf 89' lang='lat' dir='ltr'>nibil</span> <span class='ocrx_word' id='word_1_589' title='bbox 1158 465 1274 500; x_wconf 87' lang='lat' dir='ltr'>longius,</span> <span class='ocrx_word' id='word_1_590' title='bbox 1287 474 1368 500; x_wconf 90' lang='lat' dir='ltr'>quam</span> <span class='ocrx_word' id='word_1_591' title='bbox 1381 465 1450 491; x_wconf 88' lang='lat' dir='ltr'>vitae</span> <span class='ocrx_word' id='word_1_592' title='bbox 1463 465 1569 493; x_wconf 88' lang='lat' dir='ltr'>termini</span> <span class='ocrx_word' id='word_1_593' title='bbox 1581 465 1701 500; x_wconf 86' lang='lat' dir='ltr'>postula-</span> 
     </span>
     <span class='ocr_line' id='line_1_79' title="bbox 905 501 1702 539; baseline 0.001 -12"><span class='ocrx_word' id='word_1_594' title='bbox 905 501 981 533; x_wconf 89' lang='lat' dir='ltr'>bant,</span> <span class='ocrx_word' id='word_1_595' title='bbox 999 510 1047 536; x_wconf 87' lang='lat' dir='ltr'>spe</span> <span class='ocrx_word' id='word_1_596' title='bbox 1062 507 1142 536; x_wconf 86' lang='lat' dir='ltr'>atque</span> <span class='ocrx_word' id='word_1_597' title='bbox 1158 502 1246 528; x_wconf 86' lang='lat' dir='ltr'>animo</span> <span class='ocrx_word' id='word_1_598' title='bbox 1261 502 1293 528; x_wconf 86' lang='lat' dir='ltr'>de</span> <span class='ocrx_word' id='word_1_599' title='bbox 1309 511 1337 528; x_wconf 88' lang='lat' dir='ltr'>se</span> <span class='ocrx_word' id='word_1_600' title='bbox 1353 507 1377 529; x_wconf 84' lang='lat' dir='ltr'>et</span> <span class='ocrx_word' id='word_1_601' title='bbox 1387 503 1470 539; x_wconf 89' lang='lat' dir='ltr'>gloria</span> <span class='ocrx_word' id='word_1_602' title='bbox 1482 511 1530 530; x_wconf 86' lang='lat' dir='ltr'>sua</span> <span class='ocrx_word' id='word_1_603' title='bbox 1542 502 1702 539; x_wconf 62' lang='lat' dir='ltr'>cogitasset?</span> 
     </span>
     <span class='ocr_line' id='line_1_80' title="bbox 904 538 1701 575; baseline 0.003 -10"><span class='ocrx_word' id='word_1_604' title='bbox 904 538 938 565; x_wconf 77' lang='lat' dir='ltr'>At</span> <span class='ocrx_word' id='word_1_605' title='bbox 949 539 1040 570; x_wconf 79' lang='lat' dir='ltr'>credo,</span> <span class='ocrx_word' id='word_1_606' title='bbox 1058 548 1143 574; x_wconf 91' lang='lat' dir='ltr'>quum</span> <span class='ocrx_word' id='word_1_607' title='bbox 1160 539 1369 566; x_wconf 85' lang='lat' dir='ltr'>innumerabiles</span> <span class='ocrx_word' id='word_1_608' title='bbox 1381 540 1498 567; x_wconf 92' lang='lat' dir='ltr'>hostium</span> <span class='ocrx_word' id='word_1_609' title='bbox 1511 541 1601 575; x_wconf 87' lang='lat' dir='ltr'>copias</span> <span class='ocrx_word' id='word_1_610' title='bbox 1612 541 1639 567; x_wconf 88' lang='lat' dir='ltr'>in</span> <span class='ocrx_word' id='word_1_611' title='bbox 1651 541 1701 567; x_wconf 90' lang='lat' dir='ltr'>Ita-</span> 
     </span>
     <span class='ocr_line' id='line_1_81' title="bbox 907 576 1698 613; baseline 0.003 -11"><span class='ocrx_word' id='word_1_612' title='bbox 907 576 940 602; x_wconf 83' lang='lat' dir='ltr'>lia</span> <span class='ocrx_word' id='word_1_613' title='bbox 958 576 1072 603; x_wconf 82' lang='lat' dir='ltr'>fudisset</span> <span class='ocrx_word' id='word_1_614' title='bbox 1087 581 1167 611; x_wconf 88' lang='lat' dir='ltr'>atque</span> <span class='ocrx_word' id='word_1_615' title='bbox 1183 577 1322 604; x_wconf 86' lang='lat' dir='ltr'>obsidione</span> <span class='ocrx_word' id='word_1_616' title='bbox 1337 578 1532 613; x_wconf 82' lang='lat' dir='ltr'>rempublicam</span> <span class='ocrx_word' id='word_1_617' title='bbox 1552 578 1698 609; x_wconf 86' lang='lat' dir='ltr'>liberasset,</span> 
     </span>
     <span class='ocr_line' id='line_1_82' title="bbox 905 615 1702 642; baseline 0.003 -2"><span class='ocrx_word' id='word_1_618' title='bbox 905 615 994 640; x_wconf 88' lang='lat' dir='ltr'>omnia</span> <span class='ocrx_word' id='word_1_619' title='bbox 1006 623 1054 640; x_wconf 87' lang='lat' dir='ltr'>sua</span> <span class='ocrx_word' id='word_1_620' title='bbox 1066 623 1158 641; x_wconf 89' lang='lat' dir='ltr'>secum</span> <span class='ocrx_word' id='word_1_621' title='bbox 1170 622 1222 640; x_wconf 85' lang='lat' dir='ltr'>una</span> <span class='ocrx_word' id='word_1_622' title='bbox 1235 615 1361 641; x_wconf 87' lang='lat' dir='ltr'>moritura</span> <span class='ocrx_word' id='word_1_623' title='bbox 1373 616 1559 642; x_wconf 85' lang='lat' dir='ltr'>arbitrabatur.</span> <span class='ocrx_word' id='word_1_624' title='bbox 1592 616 1649 642; x_wconf 89' lang='lat' dir='ltr'>Non</span> <span class='ocrx_word' id='word_1_625' title='bbox 1661 621 1702 642; x_wconf 86' lang='lat' dir='ltr'>est</span> 
     </span>
     <span class='ocr_line' id='line_1_83' title="bbox 906 652 1701 688; baseline 0.004 -11"><span class='ocrx_word' id='word_1_626' title='bbox 906 652 950 682; x_wconf 82' lang='lat' dir='ltr'>ita,</span> <span class='ocrx_word' id='word_1_627' title='bbox 964 652 1094 684; x_wconf 83' lang='lat' dir='ltr'>Quirites:</span> <span class='ocrx_word' id='word_1_628' title='bbox 1109 660 1196 687; x_wconf 90' lang='lat' dir='ltr'>neque</span> <span class='ocrx_word' id='word_1_629' title='bbox 1207 653 1353 687; x_wconf 90' lang='lat' dir='ltr'>quisquam</span> <span class='ocrx_word' id='word_1_630' title='bbox 1365 658 1486 680; x_wconf 88' lang='lat' dir='ltr'>nostrum</span> <span class='ocrx_word' id='word_1_631' title='bbox 1499 653 1525 680; x_wconf 92' lang='lat' dir='ltr'>in</span> <span class='ocrx_word' id='word_1_632' title='bbox 1538 653 1701 688; x_wconf 82' lang='lat' dir='ltr'>reipublicae</span> 
     </span>
     <span class='ocr_line' id='line_1_84' title="bbox 906 689 1702 726; baseline 0.003 -11"><span class='ocrx_word' id='word_1_633' title='bbox 906 690 1033 723; x_wconf 90' lang='lat' dir='ltr'>periculis</span> <span class='ocrx_word' id='word_1_634' title='bbox 1044 698 1106 715; x_wconf 88' lang='lat' dir='ltr'>cum</span> <span class='ocrx_word' id='word_1_635' title='bbox 1120 689 1197 715; x_wconf 86' lang='lat' dir='ltr'>laude</span> <span class='ocrx_word' id='word_1_636' title='bbox 1208 699 1238 716; x_wconf 88' lang='lat' dir='ltr'>ac</span> <span class='ocrx_word' id='word_1_637' title='bbox 1252 691 1350 716; x_wconf 89' lang='lat' dir='ltr'>virtute</span> <span class='ocrx_word' id='word_1_638' title='bbox 1366 695 1499 721; x_wconf 87' lang='lat' dir='ltr'>versatur,</span> <span class='ocrx_word' id='word_1_639' title='bbox 1517 691 1583 726; x_wconf 89' lang='lat' dir='ltr'>quin</span> <span class='ocrx_word' id='word_1_640' title='bbox 1595 699 1643 726; x_wconf 89' lang='lat' dir='ltr'>spe</span> <span class='ocrx_word' id='word_1_641' title='bbox 1655 700 1702 726; x_wconf 93' lang='lat' dir='ltr'>po-</span> 
     </span>
     <span class='ocr_line' id='line_1_85' title="bbox 906 726 1701 763; baseline 0.004 -11"><span class='ocrx_word' id='word_1_642' title='bbox 906 727 1031 753; x_wconf 87' lang='lat' dir='ltr'>steritatis</span> <span class='ocrx_word' id='word_1_643' title='bbox 1044 726 1186 762; x_wconf 86' lang='lat' dir='ltr'>fructuque</span> <span class='ocrx_word' id='word_1_644' title='bbox 1197 727 1320 754; x_wconf 89' lang='lat' dir='ltr'>ducatur.</span> <span class='ocrx_word' id='word_1_645' title='bbox 1336 728 1428 762; x_wconf 88' lang='lat' dir='ltr'>Itaque</span> <span class='ocrx_word' id='word_1_646' title='bbox 1439 737 1524 763; x_wconf 90' lang='lat' dir='ltr'>quum</span> <span class='ocrx_word' id='word_1_647' title='bbox 1537 729 1630 754; x_wconf 85' lang='lat' dir='ltr'>multis</span> <span class='ocrx_word' id='word_1_648' title='bbox 1641 729 1701 755; x_wconf 87' lang='lat' dir='ltr'>aliis</span> 
     </span>
     <span class='ocr_line' id='line_1_86' title="bbox 907 764 1702 792; baseline 0.003 -2"><span class='ocrx_word' id='word_1_649' title='bbox 907 764 940 790; x_wconf 87' lang='lat' dir='ltr'>de</span> <span class='ocrx_word' id='word_1_650' title='bbox 954 765 1057 790; x_wconf 86' lang='lat' dir='ltr'>caussis</span> <span class='ocrx_word' id='word_1_651' title='bbox 1074 765 1193 791; x_wconf 87' lang='lat' dir='ltr'>virorum</span> <span class='ocrx_word' id='word_1_652' title='bbox 1209 765 1339 791; x_wconf 89' lang='lat' dir='ltr'>bonorum</span> <span class='ocrx_word' id='word_1_653' title='bbox 1352 770 1453 792; x_wconf 85' lang='lat' dir='ltr'>mentes</span> <span class='ocrx_word' id='word_1_654' title='bbox 1465 766 1572 792; x_wconf 90' lang='lat' dir='ltr'>divinae</span> <span class='ocrx_word' id='word_1_655' title='bbox 1584 766 1651 792; x_wconf 89' lang='lat' dir='ltr'>mihi</span> <span class='ocrx_word' id='word_1_656' title='bbox 1663 771 1702 792; x_wconf 89' lang='lat' dir='ltr'>at-</span> 
     </span>
     <span class='ocr_line' id='line_1_87' title="bbox 906 802 1700 838; baseline 0.003 -11"><span class='ocrx_word' id='word_1_657' title='bbox 906 811 958 837; x_wconf 90' lang='lat' dir='ltr'>que</span> <span class='ocrx_word' id='word_1_658' title='bbox 970 806 1090 828; x_wconf 85' lang='lat' dir='ltr'>aeternae</span> <span class='ocrx_word' id='word_1_659' title='bbox 1103 802 1228 828; x_wconf 90' lang='lat' dir='ltr'>videntur</span> <span class='ocrx_word' id='word_1_660' title='bbox 1239 811 1307 834; x_wconf 86' lang='lat' dir='ltr'>esse,</span> <span class='ocrx_word' id='word_1_661' title='bbox 1321 807 1378 829; x_wconf 90' lang='lat' dir='ltr'>tum</span> <span class='ocrx_word' id='word_1_662' title='bbox 1390 803 1595 838; x_wconf 81' lang='lat' dir='ltr'>maxime,quod</span> <span class='ocrx_word' id='word_1_663' title='bbox 1608 804 1700 838; x_wconf 84' lang='lat' dir='ltr'>optimi</span> 
     </span>
     <span class='ocr_line' id='line_1_88' title="bbox 907 840 1702 875; baseline 0.003 -10"><span class='ocrx_word' id='word_1_664' title='bbox 907 843 932 865; x_wconf 92' lang='lat' dir='ltr'>et</span> <span class='ocrx_word' id='word_1_665' title='bbox 943 840 1135 874; x_wconf 88' lang='lat' dir='ltr'>sapientissimi</span> <span class='ocrx_word' id='word_1_666' title='bbox 1147 840 1280 875; x_wconf 89' lang='lat' dir='ltr'>cuiusque</span> <span class='ocrx_word' id='word_1_667' title='bbox 1292 840 1398 866; x_wconf 88' lang='lat' dir='ltr'>animus</span> <span class='ocrx_word' id='word_1_668' title='bbox 1409 841 1444 866; x_wconf 88' lang='lat' dir='ltr'>ita</span> <span class='ocrx_word' id='word_1_669' title='bbox 1456 841 1600 875; x_wconf 89' lang='lat' dir='ltr'>praesentit</span> <span class='ocrx_word' id='word_1_670' title='bbox 1612 841 1638 867; x_wconf 94' lang='lat' dir='ltr'>in</span> <span class='ocrx_word' id='word_1_671' title='bbox 1655 849 1702 875; x_wconf 89' lang='lat' dir='ltr'>po-</span> 
     </span>
     <span class='ocr_line' id='line_1_89' title="bbox 908 877 1700 913; baseline 0.001 -10"><span class='ocrx_word' id='word_1_672' title='bbox 908 881 1022 908; x_wconf 88' lang='lat' dir='ltr'>sterum,</span> <span class='ocrx_word' id='word_1_673' title='bbox 1047 881 1076 903; x_wconf 90' lang='lat' dir='ltr'>ut</span> <span class='ocrx_word' id='word_1_674' title='bbox 1088 877 1154 903; x_wconf 88' lang='lat' dir='ltr'>nihil</span> <span class='ocrx_word' id='word_1_675' title='bbox 1167 878 1219 903; x_wconf 92' lang='lat' dir='ltr'>nisi</span> <span class='ocrx_word' id='word_1_676' title='bbox 1230 878 1425 912; x_wconf 89' lang='lat' dir='ltr'>sempiternum</span> <span class='ocrx_word' id='word_1_677' title='bbox 1437 882 1557 913; x_wconf 87' lang='lat' dir='ltr'>spectare</span> <span class='ocrx_word' id='word_1_678' title='bbox 1569 878 1700 904; x_wconf 87' lang='lat' dir='ltr'>videatur.</span> 
     </span>
     <span class='ocr_line' id='line_1_90' title="bbox 908 914 1703 950; baseline 0 -9"><span class='ocrx_word' id='word_1_679' title='bbox 908 916 948 941; x_wconf 81' lang='lat'>30.</span> <span class='ocrx_word' id='word_1_680' title='bbox 962 914 1128 950; x_wconf 85' lang='lat' dir='ltr'>Quapropter</span> <span class='ocrx_word' id='word_1_681' title='bbox 1139 915 1264 950; x_wconf 85' lang='lat' dir='ltr'>equidem</span> <span class='ocrx_word' id='word_1_682' title='bbox 1276 920 1301 941; x_wconf 89' lang='lat' dir='ltr'>et</span> <span class='ocrx_word' id='word_1_683' title='bbox 1312 915 1341 942; x_wconf 90' lang='lat' dir='ltr'>C.</span> <span class='ocrx_word' id='word_1_684' title='bbox 1350 916 1424 942; x_wconf 90' lang='lat' dir='ltr'>Marii</span> <span class='ocrx_word' id='word_1_685' title='bbox 1437 920 1462 941; x_wconf 88' lang='lat' dir='ltr'>et</span> <span class='ocrx_word' id='word_1_686' title='bbox 1472 920 1620 942; x_wconf 86' lang='lat' dir='ltr'>ceterorum</span> <span class='ocrx_word' id='word_1_687' title='bbox 1632 917 1703 942; x_wconf 86' lang='lat' dir='ltr'>viro-</span> 
     </span>
     <span class='ocr_line' id='line_1_91' title="bbox 908 952 1704 987; baseline 0.001 -9"><span class='ocrx_word' id='word_1_688' title='bbox 908 961 967 978; x_wconf 84' lang='lat' dir='ltr'>rum</span> <span class='ocrx_word' id='word_1_689' title='bbox 984 953 1243 987; x_wconf 82' lang='lat' dir='ltr'>sapientissimorum</span> <span class='ocrx_word' id='word_1_690' title='bbox 1256 962 1285 979; x_wconf 88' lang='lat' dir='ltr'>ac</span> <span class='ocrx_word' id='word_1_691' title='bbox 1297 952 1503 979; x_wconf 78' lang='lat' dir='ltr'>fortissimorum</span> <span class='ocrx_word' id='word_1_692' title='bbox 1515 954 1615 979; x_wconf 89' lang='lat' dir='ltr'>civium</span> <span class='ocrx_word' id='word_1_693' title='bbox 1628 961 1704 979; x_wconf 89' lang='lat' dir='ltr'>men-</span> 
     </span>
     <span class='ocr_line' id='line_1_92' title="bbox 908 990 1702 1025; baseline 0.001 -9"><span class='ocrx_word' id='word_1_694' title='bbox 908 994 959 1021; x_wconf 87' lang='lat' dir='ltr'>tes,</span> <span class='ocrx_word' id='word_1_695' title='bbox 978 998 1046 1025; x_wconf 88' lang='lat' dir='ltr'>quae</span> <span class='ocrx_word' id='word_1_696' title='bbox 1062 990 1130 1016; x_wconf 84' lang='lat' dir='ltr'>mihi</span> <span class='ocrx_word' id='word_1_697' title='bbox 1146 990 1271 1017; x_wconf 84' lang='lat' dir='ltr'>videntur</span> <span class='ocrx_word' id='word_1_698' title='bbox 1286 1000 1320 1017; x_wconf 82' lang='lat' dir='ltr'>ex</span> <span class='ocrx_word' id='word_1_699' title='bbox 1331 990 1471 1017; x_wconf 86' lang='lat' dir='ltr'>hominum</span> <span class='ocrx_word' id='word_1_700' title='bbox 1484 991 1536 1017; x_wconf 87' lang='lat' dir='ltr'>vita</span> <span class='ocrx_word' id='word_1_701' title='bbox 1548 990 1580 1017; x_wconf 87' lang='lat' dir='ltr'>ad</span> <span class='ocrx_word' id='word_1_702' title='bbox 1592 990 1702 1017; x_wconf 89' lang='lat' dir='ltr'>deorum</span> 
     </span>
     <span class='ocr_line' id='line_1_93' title="bbox 907 1027 1704 1064; baseline 0.001 -11"><span class='ocrx_word' id='word_1_703' title='bbox 907 1027 1065 1063; x_wconf 81' lang='lat' dir='ltr'>religionem</span> <span class='ocrx_word' id='word_1_704' title='bbox 1085 1032 1110 1054; x_wconf 91' lang='lat' dir='ltr'>et</span> <span class='ocrx_word' id='word_1_705' title='bbox 1124 1029 1328 1055; x_wconf 86' lang='lat' dir='ltr'>sanctimoniam</span> <span class='ocrx_word' id='word_1_706' title='bbox 1343 1028 1521 1064; x_wconf 88' lang='lat' dir='ltr'>demigrasse,</span> <span class='ocrx_word' id='word_1_707' title='bbox 1545 1032 1637 1059; x_wconf 89' lang='lat' dir='ltr'>testor,</span> <span class='ocrx_word' id='word_1_708' title='bbox 1661 1037 1704 1054; x_wconf 91' lang='lat' dir='ltr'>me</span> 
     </span>
     <span class='ocr_line' id='line_1_94' title="bbox 908 1065 1704 1101; baseline 0.001 -10"><span class='ocrx_word' id='word_1_709' title='bbox 908 1074 955 1100; x_wconf 91' lang='lat' dir='ltr'>pro</span> <span class='ocrx_word' id='word_1_710' title='bbox 966 1065 1073 1091; x_wconf 90' lang='lat' dir='ltr'>illorum</span> <span class='ocrx_word' id='word_1_711' title='bbox 1086 1065 1168 1096; x_wconf 81' lang='lat' dir='ltr'>fama,</span> <span class='ocrx_word' id='word_1_712' title='bbox 1186 1065 1284 1101; x_wconf 86' lang='lat' dir='ltr'>gloria,</span> <span class='ocrx_word' id='word_1_713' title='bbox 1302 1066 1430 1092; x_wconf 86' lang='lat' dir='ltr'>memoria</span> <span class='ocrx_word' id='word_1_714' title='bbox 1445 1074 1497 1092; x_wconf 92' lang='lat' dir='ltr'>non</span> <span class='ocrx_word' id='word_1_715' title='bbox 1509 1074 1601 1097; x_wconf 87' lang='lat' dir='ltr'>secus,</span> <span class='ocrx_word' id='word_1_716' title='bbox 1615 1075 1644 1092; x_wconf 88' lang='lat' dir='ltr'>ac</span> <span class='ocrx_word' id='word_1_717' title='bbox 1657 1074 1704 1101; x_wconf 91' lang='lat' dir='ltr'>pro</span> 
     </span>
     <span class='ocr_line' id='line_1_95' title="bbox 908 1103 1702 1139; baseline 0.001 -10"><span class='ocrx_word' id='word_1_718' title='bbox 908 1103 1000 1138; x_wconf 84' lang='lat' dir='ltr'>patriis</span> <span class='ocrx_word' id='word_1_719' title='bbox 1023 1103 1091 1129; x_wconf 83' lang='lat' dir='ltr'>fanis</span> <span class='ocrx_word' id='word_1_720' title='bbox 1112 1107 1191 1139; x_wconf 87' lang='lat' dir='ltr'>atque</span> <span class='ocrx_word' id='word_1_721' title='bbox 1211 1103 1332 1130; x_wconf 90' lang='lat' dir='ltr'>delubris</span> <span class='ocrx_word' id='word_1_722' title='bbox 1353 1103 1578 1139; x_wconf 86' lang='lat' dir='ltr'>propugnandum</span> <span class='ocrx_word' id='word_1_723' title='bbox 1595 1108 1702 1138; x_wconf 88' lang='lat' dir='ltr'>putare:</span> 
     </span>
     <span class='ocr_line' id='line_1_96' title="bbox 908 1140 1702 1176; baseline 0.001 -9"><span class='ocrx_word' id='word_1_724' title='bbox 908 1149 950 1172; x_wconf 90' lang='lat' dir='ltr'>ac,</span> <span class='ocrx_word' id='word_1_725' title='bbox 973 1141 995 1167; x_wconf 91' lang='lat' dir='ltr'>si</span> <span class='ocrx_word' id='word_1_726' title='bbox 1013 1149 1059 1175; x_wconf 91' lang='lat' dir='ltr'>pro</span> <span class='ocrx_word' id='word_1_727' title='bbox 1075 1140 1183 1167; x_wconf 85' lang='lat' dir='ltr'>illorum</span> <span class='ocrx_word' id='word_1_728' title='bbox 1201 1141 1278 1167; x_wconf 85' lang='lat' dir='ltr'>laude</span> <span class='ocrx_word' id='word_1_729' title='bbox 1294 1141 1361 1167; x_wconf 89' lang='lat' dir='ltr'>mihi</span> <span class='ocrx_word' id='word_1_730' title='bbox 1377 1150 1450 1167; x_wconf 90' lang='lat' dir='ltr'>arma</span> <span class='ocrx_word' id='word_1_731' title='bbox 1465 1141 1592 1176; x_wconf 86' lang='lat' dir='ltr'>capienda</span> <span class='ocrx_word' id='word_1_732' title='bbox 1604 1146 1702 1172; x_wconf 86' lang='lat' dir='ltr'>essent,</span> 
     </span>
     <span class='ocr_line' id='line_1_97' title="bbox 908 1178 1703 1214; baseline 0.001 -10"><span class='ocrx_word' id='word_1_733' title='bbox 908 1187 959 1205; x_wconf 91' lang='lat' dir='ltr'>non</span> <span class='ocrx_word' id='word_1_734' title='bbox 973 1179 1062 1204; x_wconf 88' lang='lat' dir='ltr'>minus</span> <span class='ocrx_word' id='word_1_735' title='bbox 1074 1183 1182 1205; x_wconf 89' lang='lat' dir='ltr'>strenue</span> <span class='ocrx_word' id='word_1_736' title='bbox 1197 1187 1332 1213; x_wconf 90' lang='lat' dir='ltr'>caperem,</span> <span class='ocrx_word' id='word_1_737' title='bbox 1351 1188 1432 1214; x_wconf 88' lang='lat' dir='ltr'>quam</span> <span class='ocrx_word' id='word_1_738' title='bbox 1448 1178 1488 1205; x_wconf 91' lang='lat' dir='ltr'>illi</span> <span class='ocrx_word' id='word_1_739' title='bbox 1506 1187 1553 1213; x_wconf 91' lang='lat' dir='ltr'>pro</span> <span class='ocrx_word' id='word_1_740' title='bbox 1568 1180 1703 1205; x_wconf 89' lang='lat' dir='ltr'>communi</span> 
     </span>
     <span class='ocr_line' id='line_1_98' title="bbox 908 1216 1706 1252; baseline 0.001 -10"><span class='ocrx_word' id='word_1_741' title='bbox 908 1216 993 1242; x_wconf 86' lang='lat' dir='ltr'>salute</span> <span class='ocrx_word' id='word_1_742' title='bbox 1005 1220 1142 1251; x_wconf 85' lang='lat' dir='ltr'>ceperunt.</span> <span class='ocrx_word' id='word_1_743' title='bbox 1164 1217 1279 1247; x_wconf 88' lang='lat' dir='ltr'>Etenim,</span> <span class='ocrx_word' id='word_1_744' title='bbox 1294 1216 1419 1249; x_wconf 88' lang='lat' dir='ltr'>Quirites,</span> <span class='ocrx_word' id='word_1_745' title='bbox 1434 1217 1563 1252; x_wconf 81' lang='lat' dir='ltr'>exiguum</span> <span class='ocrx_word' id='word_1_746' title='bbox 1576 1217 1653 1243; x_wconf 88' lang='lat' dir='ltr'>nobis</span> <span class='ocrx_word' id='word_1_747' title='bbox 1666 1217 1706 1243; x_wconf 78' lang='lat' dir='ltr'>vi-</span> 
     </span>
     <span class='ocr_line' id='line_1_99' title="bbox 909 1253 1706 1290; baseline 0.001 -11"><span class='ocrx_word' id='word_1_748' title='bbox 909 1258 949 1280; x_wconf 90' lang='lat' dir='ltr'>tae</span> <span class='ocrx_word' id='word_1_749' title='bbox 960 1253 1126 1280; x_wconf 88' lang='lat' dir='ltr'>curriculum</span> <span class='ocrx_word' id='word_1_750' title='bbox 1139 1258 1232 1280; x_wconf 88' lang='lat' dir='ltr'>natura</span> <span class='ocrx_word' id='word_1_751' title='bbox 1243 1255 1463 1289; x_wconf 87' lang='lat' dir='ltr'>circumscripsit,</span> <span class='ocrx_word' id='word_1_752' title='bbox 1472 1255 1636 1280; x_wconf 87' lang='lat' dir='ltr'>immensum</span> <span class='ocrx_word' id='word_1_753' title='bbox 1648 1254 1706 1290; x_wconf 86' lang='lat' dir='ltr'>glo-</span> 
     </span>
     <span class='ocr_line' id='line_1_100' title="bbox 908 1291 1704 1327; baseline 0.001 -10"><span class='ocrx_word' id='word_1_754' title='bbox 908 1292 969 1317; x_wconf 89' lang='lat' dir='ltr'>riae.</span> <span class='ocrx_word' id='word_1_755' title='bbox 1010 1291 1056 1317; x_wconf 81' lang='lat' dir='ltr'>XI.</span> <span class='ocrx_word' id='word_1_756' title='bbox 1078 1291 1173 1323; x_wconf 89' lang='lat' dir='ltr'>Quare,</span> <span class='ocrx_word' id='word_1_757' title='bbox 1187 1292 1210 1318; x_wconf 89' lang='lat' dir='ltr'>si</span> <span class='ocrx_word' id='word_1_758' title='bbox 1223 1300 1275 1322; x_wconf 89' lang='lat' dir='ltr'>eos,</span> <span class='ocrx_word' id='word_1_759' title='bbox 1290 1292 1337 1327; x_wconf 89' lang='lat' dir='ltr'>qui</span> <span class='ocrx_word' id='word_1_760' title='bbox 1349 1292 1401 1318; x_wconf 88' lang='lat' dir='ltr'>iam</span> <span class='ocrx_word' id='word_1_761' title='bbox 1413 1292 1445 1318; x_wconf 90' lang='lat' dir='ltr'>de</span> <span class='ocrx_word' id='word_1_762' title='bbox 1458 1292 1511 1318; x_wconf 87' lang='lat' dir='ltr'>vita</span> <span class='ocrx_word' id='word_1_763' title='bbox 1523 1291 1704 1323; x_wconf 87' lang='lat' dir='ltr'>decesserunt,</span> 
     </span>
     <span class='ocr_line' id='line_1_101' title="bbox 908 1329 1707 1359; baseline 0.001 -4"><span class='ocrx_word' id='word_1_764' title='bbox 908 1329 1078 1359; x_wconf 88' lang='lat' dir='ltr'>ornabimus,</span> <span class='ocrx_word' id='word_1_765' title='bbox 1092 1329 1230 1355; x_wconf 84' lang='lat' dir='ltr'>iustiorem</span> <span class='ocrx_word' id='word_1_766' title='bbox 1243 1330 1319 1355; x_wconf 92' lang='lat' dir='ltr'>nobis</span> <span class='ocrx_word' id='word_1_767' title='bbox 1332 1330 1424 1356; x_wconf 87' lang='lat' dir='ltr'>mortis</span> <span class='ocrx_word' id='word_1_768' title='bbox 1435 1329 1614 1356; x_wconf 86' lang='lat' dir='ltr'>conditionem</span> <span class='ocrx_word' id='word_1_769' title='bbox 1625 1329 1707 1356; x_wconf 90' lang='lat' dir='ltr'>relin-</span> 
     </span>
     <span class='ocr_line' id='line_1_102' title="bbox 908 1366 1707 1402; baseline 0.003 -10"><span class='ocrx_word' id='word_1_770' title='bbox 908 1375 1034 1401; x_wconf 88' lang='lat' dir='ltr'>quemus.</span> <span class='ocrx_word' id='word_1_771' title='bbox 1067 1366 1133 1397; x_wconf 88' lang='lat' dir='ltr'>Sed,</span> <span class='ocrx_word' id='word_1_772' title='bbox 1148 1367 1171 1392; x_wconf 90' lang='lat' dir='ltr'>si</span> <span class='ocrx_word' id='word_1_773' title='bbox 1183 1366 1252 1397; x_wconf 91' lang='lat' dir='ltr'>illos,</span> <span class='ocrx_word' id='word_1_774' title='bbox 1267 1367 1391 1398; x_wconf 87' lang='lat' dir='ltr'>Labiene,</span> <span class='ocrx_word' id='word_1_775' title='bbox 1405 1376 1473 1402; x_wconf 88' lang='lat' dir='ltr'>quos</span> <span class='ocrx_word' id='word_1_776' title='bbox 1486 1367 1538 1392; x_wconf 90' lang='lat' dir='ltr'>iam</span> <span class='ocrx_word' id='word_1_777' title='bbox 1551 1367 1642 1393; x_wconf 86' lang='lat' dir='ltr'>videre</span> <span class='ocrx_word' id='word_1_778' title='bbox 1654 1375 1707 1394; x_wconf 90' lang='lat' dir='ltr'>non</span> 
     </span>
     <span class='ocr_line' id='line_1_103' title="bbox 909 1403 1707 1440; baseline 0.001 -11"><span class='ocrx_word' id='word_1_779' title='bbox 909 1413 1068 1439; x_wconf 90' lang='lat' dir='ltr'>possumus,</span> <span class='ocrx_word' id='word_1_780' title='bbox 1083 1403 1211 1440; x_wconf 81' lang='lat' dir='ltr'>negligis:</span> <span class='ocrx_word' id='word_1_781' title='bbox 1234 1413 1266 1430; x_wconf 89' lang='lat' dir='ltr'>ne</span> <span class='ocrx_word' id='word_1_782' title='bbox 1278 1404 1320 1431; x_wconf 91' lang='lat' dir='ltr'>his</span> <span class='ocrx_word' id='word_1_783' title='bbox 1331 1404 1451 1440; x_wconf 90' lang='lat' dir='ltr'>quidem,</span> <span class='ocrx_word' id='word_1_784' title='bbox 1465 1413 1533 1439; x_wconf 90' lang='lat' dir='ltr'>quos</span> <span class='ocrx_word' id='word_1_785' title='bbox 1546 1404 1630 1435; x_wconf 88' lang='lat' dir='ltr'>vides,</span> <span class='ocrx_word' id='word_1_786' title='bbox 1643 1413 1707 1431; x_wconf 91' lang='lat' dir='ltr'>con-</span> 
     </span>
     <span class='ocr_line' id='line_1_104' title="bbox 909 1441 1707 1476; baseline 0.001 -9"><span class='ocrx_word' id='word_1_787' title='bbox 909 1441 962 1468; x_wconf 90' lang='lat' dir='ltr'>suli</span> <span class='ocrx_word' id='word_1_788' title='bbox 984 1446 1062 1476; x_wconf 90' lang='lat' dir='ltr'>putas</span> <span class='ocrx_word' id='word_1_789' title='bbox 1082 1441 1221 1476; x_wconf 66' lang='lat' dir='ltr'>oportere?</span> <span class='ocrx_word' id='word_1_790' title='bbox 1245 1444 1286 1468; x_wconf 77' lang='lat'>3¹.</span> <span class='ocrx_word' id='word_1_791' title='bbox 1309 1442 1448 1468; x_wconf 84' lang='lat' dir='ltr'>Neminem</span> <span class='ocrx_word' id='word_1_792' title='bbox 1470 1450 1528 1468; x_wconf 89' lang='lat' dir='ltr'>csse</span> <span class='ocrx_word' id='word_1_793' title='bbox 1549 1441 1609 1468; x_wconf 89' lang='lat' dir='ltr'>dico</span> <span class='ocrx_word' id='word_1_794' title='bbox 1624 1450 1658 1468; x_wconf 80' lang='lat' dir='ltr'>ex</span> <span class='ocrx_word' id='word_1_795' title='bbox 1673 1443 1707 1468; x_wconf 89' lang='lat' dir='ltr'>iis</span> 
     </span>
     <span class='ocr_line' id='line_1_105' title="bbox 908 1479 1706 1514; baseline 0.001 -9"><span class='ocrx_word' id='word_1_796' title='bbox 908 1479 1044 1510; x_wconf 92' lang='lat' dir='ltr'>omnibus,</span> <span class='ocrx_word' id='word_1_797' title='bbox 1058 1480 1105 1514; x_wconf 89' lang='lat' dir='ltr'>qui</span> <span class='ocrx_word' id='word_1_798' title='bbox 1118 1479 1164 1505; x_wconf 91' lang='lat' dir='ltr'>illo</span> <span class='ocrx_word' id='word_1_799' title='bbox 1175 1479 1219 1505; x_wconf 90' lang='lat' dir='ltr'>die</span> <span class='ocrx_word' id='word_1_800' title='bbox 1230 1480 1327 1506; x_wconf 87' lang='lat' dir='ltr'>Romae</span> <span class='ocrx_word' id='word_1_801' title='bbox 1341 1479 1448 1510; x_wconf 80' lang='lat' dir='ltr'>suerint,</span> <span class='ocrx_word' id='word_1_802' title='bbox 1461 1488 1542 1514; x_wconf 89' lang='lat' dir='ltr'>quem</span> <span class='ocrx_word' id='word_1_803' title='bbox 1555 1484 1583 1506; x_wconf 91' lang='lat' dir='ltr'>tu</span> <span class='ocrx_word' id='word_1_804' title='bbox 1595 1479 1666 1506; x_wconf 84' lang='lat' dir='ltr'>diem</span> <span class='ocrx_word' id='word_1_805' title='bbox 1679 1480 1706 1506; x_wconf 91' lang='lat' dir='ltr'>in</span> 
     </span>
     <span class='ocr_line' id='line_1_106' title="bbox 910 1517 1708 1552; baseline 0.001 -10"><span class='ocrx_word' id='word_1_806' title='bbox 910 1517 1040 1543; x_wconf 88' lang='lat' dir='ltr'>iudicium</span> <span class='ocrx_word' id='word_1_807' title='bbox 1054 1525 1145 1548; x_wconf 81' lang='lat' dir='ltr'>vocaS,</span> <span class='ocrx_word' id='word_1_808' title='bbox 1164 1517 1305 1552; x_wconf 84' lang='lat' dir='ltr'>pubesque</span> <span class='ocrx_word' id='word_1_809' title='bbox 1318 1521 1373 1543; x_wconf 88' lang='lat' dir='ltr'>tum</span> <span class='ocrx_word' id='word_1_810' title='bbox 1387 1517 1479 1547; x_wconf 83' lang='lat' dir='ltr'>fuerit,</span> <span class='ocrx_word' id='word_1_811' title='bbox 1497 1518 1564 1552; x_wconf 90' lang='lat' dir='ltr'>quin</span> <span class='ocrx_word' id='word_1_812' title='bbox 1581 1526 1652 1543; x_wconf 86' lang='lat' dir='ltr'>arma</span> <span class='ocrx_word' id='word_1_813' title='bbox 1664 1526 1708 1543; x_wconf 89' lang='lat' dir='ltr'>cc-</span> 
     </span>
     <span class='ocr_line' id='line_1_107' title="bbox 909 1554 1707 1590; baseline 0.001 -10"><span class='ocrx_word' id='word_1_814' title='bbox 909 1555 986 1589; x_wconf 90' lang='lat' dir='ltr'>perit,</span> <span class='ocrx_word' id='word_1_815' title='bbox 999 1554 1066 1590; x_wconf 89' lang='lat' dir='ltr'>quin</span> <span class='ocrx_word' id='word_1_816' title='bbox 1078 1554 1202 1581; x_wconf 81' lang='lat' dir='ltr'>consules</span> <span class='ocrx_word' id='word_1_817' title='bbox 1213 1559 1322 1581; x_wconf 88' lang='lat' dir='ltr'>secutus</span> <span class='ocrx_word' id='word_1_818' title='bbox 1334 1555 1378 1581; x_wconf 89' lang='lat' dir='ltr'>sit.</span> <span class='ocrx_word' id='word_1_819' title='bbox 1400 1554 1499 1581; x_wconf 85' lang='lat' dir='ltr'>Omnes</span> <span class='ocrx_word' id='word_1_820' title='bbox 1511 1555 1538 1585; x_wconf 86' lang='lat' dir='ltr'>ii,</span> <span class='ocrx_word' id='word_1_821' title='bbox 1550 1563 1665 1589; x_wconf 90' lang='lat' dir='ltr'>quorum</span> <span class='ocrx_word' id='word_1_822' title='bbox 1678 1559 1707 1581; x_wconf 88' lang='lat' dir='ltr'>tu</span> 
     </span>
     <span class='ocr_line' id='line_1_108' title="bbox 909 1591 1705 1627; baseline 0 -9"><span class='ocrx_word' id='word_1_823' title='bbox 909 1601 942 1619; x_wconf 81' lang='lat' dir='ltr'>ex</span> <span class='ocrx_word' id='word_1_824' title='bbox 953 1596 1036 1618; x_wconf 85' lang='lat' dir='ltr'>aetate</span> <span class='ocrx_word' id='word_1_825' title='bbox 1047 1592 1226 1618; x_wconf 86' lang='lat' dir='ltr'>coniecturam</span> <span class='ocrx_word' id='word_1_826' title='bbox 1240 1591 1324 1619; x_wconf 81' lang='lat' dir='ltr'>facere</span> <span class='ocrx_word' id='word_1_827' title='bbox 1336 1597 1424 1627; x_wconf 85' lang='lat' dir='ltr'>potes,</span> <span class='ocrx_word' id='word_1_828' title='bbox 1438 1592 1504 1627; x_wconf 90' lang='lat' dir='ltr'>quid</span> <span class='ocrx_word' id='word_1_829' title='bbox 1516 1596 1573 1618; x_wconf 91' lang='lat' dir='ltr'>tum</span> <span class='ocrx_word' id='word_1_830' title='bbox 1587 1592 1705 1623; x_wconf 75' lang='lat' dir='ltr'>fecerint,</span> 
     </span>
     <span class='ocr_line' id='line_1_109' title="bbox 909 1629 1709 1664; baseline 0.001 -9"><span class='ocrx_word' id='word_1_831' title='bbox 909 1629 993 1656; x_wconf 87' lang='lat' dir='ltr'>abste</span> <span class='ocrx_word' id='word_1_832' title='bbox 1005 1630 1042 1656; x_wconf 90' lang='lat' dir='ltr'>rei</span> <span class='ocrx_word' id='word_1_833' title='bbox 1053 1630 1157 1664; x_wconf 87' lang='lat' dir='ltr'>capitis,</span> <span class='ocrx_word' id='word_1_834' title='bbox 1171 1629 1200 1656; x_wconf 94' lang='lat' dir='ltr'>C.</span> <span class='ocrx_word' id='word_1_835' title='bbox 1214 1630 1314 1656; x_wconf 87' lang='lat' dir='ltr'>Rabirii</span> <span class='ocrx_word' id='word_1_836' title='bbox 1327 1631 1442 1661; x_wconf 90' lang='lat' dir='ltr'>nomine,</span> <span class='ocrx_word' id='word_1_837' title='bbox 1456 1630 1579 1656; x_wconf 83' lang='lat' dir='ltr'>citantur.</span> <span class='ocrx_word' id='word_1_838' title='bbox 1620 1630 1653 1656; x_wconf 71' lang='lat' dir='ltr'>At</span> <span class='ocrx_word' id='word_1_839' title='bbox 1664 1638 1709 1656; x_wconf 76' lang='lat' dir='ltr'>oc-</span> 
     </span>
     <span class='ocr_line' id='line_1_110' title="bbox 909 1667 1708 1702; baseline 0.001 -9"><span class='ocrx_word' id='word_1_840' title='bbox 909 1667 1155 1694; x_wconf 86' lang='lat' dir='ltr'>ciditSaturninum</span> <span class='ocrx_word' id='word_1_841' title='bbox 1168 1667 1303 1694; x_wconf 81' lang='lat' dir='ltr'>Rabirius.</span> <span class='ocrx_word' id='word_1_842' title='bbox 1326 1668 1431 1694; x_wconf 83' lang='lat' dir='ltr'>Utinam</span> <span class='ocrx_word' id='word_1_843' title='bbox 1445 1667 1564 1694; x_wconf 79' lang='lat' dir='ltr'>fecisset!</span> <span class='ocrx_word' id='word_1_844' title='bbox 1579 1676 1630 1694; x_wconf 90' lang='lat' dir='ltr'>non</span> <span class='ocrx_word' id='word_1_845' title='bbox 1641 1676 1708 1702; x_wconf 89' lang='lat' dir='ltr'>sup-</span> 
     </span>
     <span class='ocr_line' id='line_1_111' title="bbox 910 1704 1708 1740; baseline 0 -9"><span class='ocrx_word' id='word_1_846' title='bbox 910 1704 1022 1740; x_wconf 76' lang='lat' dir='ltr'>plicium</span> <span class='ocrx_word' id='word_1_847' title='bbox 1035 1705 1203 1740; x_wconf 81' lang='lat' dir='ltr'>deprecarer,</span> <span class='ocrx_word' id='word_1_848' title='bbox 1221 1705 1268 1731; x_wconf 88' lang='lat' dir='ltr'>sed</span> <span class='ocrx_word' id='word_1_849' title='bbox 1286 1706 1434 1740; x_wconf 87' lang='lat' dir='ltr'>praemium</span> <span class='ocrx_word' id='word_1_850' title='bbox 1447 1705 1621 1740; x_wconf 85' lang='lat' dir='ltr'>postularem.</span> <span class='ocrx_word' id='word_1_851' title='bbox 1662 1705 1708 1732; x_wconf 83' lang='lat' dir='ltr'>Et-</span> 
     </span>
     <span class='ocr_line' id='line_1_112' title="bbox 909 1742 1709 1777; baseline 0 -8"><span class='ocrx_word' id='word_1_852' title='bbox 909 1743 991 1774; x_wconf 87' lang='lat' dir='ltr'>enim,</span> <span class='ocrx_word' id='word_1_853' title='bbox 1005 1743 1027 1769; x_wconf 90' lang='lat' dir='ltr'>si</span> <span class='ocrx_word' id='word_1_854' title='bbox 1040 1742 1164 1774; x_wconf 81' lang='lat' dir='ltr'>Scaevae,</span> <span class='ocrx_word' id='word_1_855' title='bbox 1177 1752 1255 1769; x_wconf 85' lang='lat' dir='ltr'>servo</span> <span class='ocrx_word' id='word_1_856' title='bbox 1266 1742 1297 1775; x_wconf 91' lang='lat' dir='ltr'>Q.</span> <span class='ocrx_word' id='word_1_857' title='bbox 1310 1743 1441 1774; x_wconf 87' lang='lat' dir='ltr'>Crotonis,</span> <span class='ocrx_word' id='word_1_858' title='bbox 1454 1743 1501 1777; x_wconf 90' lang='lat' dir='ltr'>qui</span> <span class='ocrx_word' id='word_1_859' title='bbox 1513 1742 1610 1769; x_wconf 87' lang='lat' dir='ltr'>occidit</span> <span class='ocrx_word' id='word_1_860' title='bbox 1622 1743 1648 1769; x_wconf 92' lang='lat' dir='ltr'>L.</span> <span class='ocrx_word' id='word_1_861' title='bbox 1661 1742 1709 1769; x_wconf 86' lang='lat' dir='ltr'>Sa-</span> 
     </span>
     <span class='ocr_line' id='line_1_113' title="bbox 911 1780 1709 1816; baseline 0.001 -10"><span class='ocrx_word' id='word_1_862' title='bbox 911 1781 1060 1811; x_wconf 89' lang='lat' dir='ltr'>turninum,</span> <span class='ocrx_word' id='word_1_863' title='bbox 1070 1780 1177 1807; x_wconf 86' lang='lat' dir='ltr'>libertas</span> <span class='ocrx_word' id='word_1_864' title='bbox 1189 1780 1249 1807; x_wconf 81' lang='lat' dir='ltr'>data</span> <span class='ocrx_word' id='word_1_865' title='bbox 1261 1784 1313 1807; x_wconf 81' lang='lat' dir='ltr'>est:</span> <span class='ocrx_word' id='word_1_866' title='bbox 1327 1781 1399 1816; x_wconf 88' lang='lat' dir='ltr'>quod</span> <span class='ocrx_word' id='word_1_867' title='bbox 1411 1781 1621 1815; x_wconf 87' lang='lat' dir='ltr'>equitiRomano</span> <span class='ocrx_word' id='word_1_868' title='bbox 1633 1789 1709 1815; x_wconf 88' lang='lat' dir='ltr'>prac-</span> 
     </span>
     <span class='ocr_line' id='line_1_114' title="bbox 910 1817 1706 1853; baseline 0.003 -9"><span class='ocrx_word' id='word_1_869' title='bbox 910 1819 995 1844; x_wconf 92' lang='lat' dir='ltr'>mium</span> <span class='ocrx_word' id='word_1_870' title='bbox 1007 1818 1064 1844; x_wconf 89' lang='lat' dir='ltr'>dari</span> <span class='ocrx_word' id='word_1_871' title='bbox 1077 1826 1124 1853; x_wconf 87' lang='lat' dir='ltr'>par</span> <span class='ocrx_word' id='word_1_872' title='bbox 1136 1817 1250 1845; x_wconf 75' lang='lat' dir='ltr'>suisset?</span> <span class='ocrx_word' id='word_1_873' title='bbox 1261 1822 1295 1849; x_wconf 90' lang='lat' dir='ltr'>et,</span> <span class='ocrx_word' id='word_1_874' title='bbox 1309 1819 1331 1845; x_wconf 91' lang='lat' dir='ltr'>si</span> <span class='ocrx_word' id='word_1_875' title='bbox 1344 1818 1372 1845; x_wconf 92' lang='lat' dir='ltr'>C.</span> <span class='ocrx_word' id='word_1_876' title='bbox 1387 1819 1495 1849; x_wconf 82' lang='lat' dir='ltr'>Marius,</span> <span class='ocrx_word' id='word_1_877' title='bbox 1509 1818 1581 1853; x_wconf 89' lang='lat' dir='ltr'>quod</span> <span class='ocrx_word' id='word_1_878' title='bbox 1594 1818 1706 1846; x_wconf 73' lang='lat' dir='ltr'>fistulas.</span> 
     </span>
     <span class='ocr_line' id='line_1_115' title="bbox 910 1855 1710 1891; baseline 0 -9"><span class='ocrx_word' id='word_1_879' title='bbox 910 1856 1011 1891; x_wconf 87' lang='lat' dir='ltr'>quibus</span> <span class='ocrx_word' id='word_1_880' title='bbox 1022 1864 1090 1891; x_wconf 86' lang='lat' dir='ltr'>aqua</span> <span class='ocrx_word' id='word_1_881' title='bbox 1102 1855 1325 1891; x_wconf 87' lang='lat' dir='ltr'>suppeditabatur</span> <span class='ocrx_word' id='word_1_882' title='bbox 1336 1856 1405 1883; x_wconf 81' lang='lat' dir='ltr'>Iovis</span> <span class='ocrx_word' id='word_1_883' title='bbox 1412 1856 1513 1891; x_wconf 84' lang='lat' dir='ltr'>Optimi</span> <span class='ocrx_word' id='word_1_884' title='bbox 1521 1856 1630 1882; x_wconf 85' lang='lat' dir='ltr'>Maximi</span> <span class='ocrx_word' id='word_1_885' title='bbox 1642 1860 1710 1882; x_wconf 89' lang='lat' dir='ltr'>tem-</span> 
     </span>
     <span class='ocr_line' id='line_1_116' title="bbox 911 1893 1711 1929; baseline 0.001 -10"><span class='ocrx_word' id='word_1_886' title='bbox 911 1893 963 1928; x_wconf 90' lang='lat' dir='ltr'>plis</span> <span class='ocrx_word' id='word_1_887' title='bbox 975 1902 1004 1920; x_wconf 92' lang='lat' dir='ltr'>ac</span> <span class='ocrx_word' id='word_1_888' title='bbox 1015 1893 1139 1925; x_wconf 80' lang='lat' dir='ltr'>sedibus,</span> <span class='ocrx_word' id='word_1_889' title='bbox 1159 1893 1274 1928; x_wconf 85' lang='lat' dir='ltr'>praecidi</span> <span class='ocrx_word' id='word_1_890' title='bbox 1287 1895 1442 1929; x_wconf 83' lang='lat' dir='ltr'>imperarat,</span> <span class='ocrx_word' id='word_1_891' title='bbox 1455 1894 1528 1929; x_wconf 88' lang='lat' dir='ltr'>quod</span> <span class='ocrx_word' id='word_1_892' title='bbox 1541 1894 1568 1920; x_wconf 92' lang='lat' dir='ltr'>in</span> <span class='ocrx_word' id='word_1_893' title='bbox 1579 1893 1650 1920; x_wconf 88' lang='lat' dir='ltr'>clivo</span> <span class='ocrx_word' id='word_1_894' title='bbox 1661 1894 1711 1920; x_wconf 87' lang='lat' dir='ltr'>Ca—</span> 
     </span>
     <span class='ocr_line' id='line_1_117' title="bbox 910 1931 1373 1966; baseline 0 -8"><span class='ocrx_word' id='word_1_895' title='bbox 910 1931 1023 1966; x_wconf 90' lang='lat' dir='ltr'>pitolino</span> <span class='ocrx_word' id='word_1_896' title='bbox 1033 1931 1216 1966; x_wconf 85' lang='lat' dir='ltr'>improborum</span> <span class='ocrx_word' id='word_1_897' title='bbox 1229 1931 1331 1958; x_wconf 87' lang='lat' dir='ltr'>civium</span> <span class='ocrx_word' id='word_1_898' title='bbox 1342 1931 1373 1944; x_wconf 67' lang='lat'>¹¹*</span> 
     </span>
     <span class='ocr_line' id='line_1_118' title="bbox 1178 1970 1443 2003; baseline 0 -8"><span class='ocrx_word' id='word_1_899' title='bbox 1178 1970 1274 1995; x_wconf 79' lang='lat' dir='ltr'>Desunt</span> <span class='ocrx_word' id='word_1_900' title='bbox 1288 1978 1338 1995; x_wconf 82' lang='grc' dir='ltr'>ηοιι</span> <span class='ocrx_word' id='word_1_901' title='bbox 1349 1978 1443 2003; x_wconf 83' lang='lat' dir='ltr'>pauca.</span> 
     </span>
    </p>

    <p class='ocr_par' dir='ltr' id='par_1_15' title="bbox 910 2005 1711 2190">
     <span class='ocr_line' id='line_1_119' title="bbox 966 2005 1710 2042; baseline -0.001 -10"><span class='ocrx_word' id='word_1_902' title='bbox 966 2006 1025 2032; x_wconf 88' lang='lat' dir='ltr'>XII.</span> <span class='ocrx_word' id='word_1_903' title='bbox 1039 2007 1081 2032; x_wconf 73' lang='lat'>32.</span> <span class='ocrx_word' id='word_1_904' title='bbox 1095 2005 1143 2020; x_wconf 60' lang='lat'>”³¹</span> <span class='ocrx_word' id='word_1_905' title='bbox 1156 2011 1220 2033; x_wconf 85' lang='lat' dir='ltr'>aret.</span> <span class='ocrx_word' id='word_1_906' title='bbox 1247 2007 1338 2042; x_wconf 85' lang='lat' dir='ltr'>Itaque</span> <span class='ocrx_word' id='word_1_907' title='bbox 1350 2015 1401 2033; x_wconf 89' lang='lat' dir='ltr'>non</span> <span class='ocrx_word' id='word_1_908' title='bbox 1414 2011 1523 2033; x_wconf 81' lang='lat' dir='ltr'>senatus</span> <span class='ocrx_word' id='word_1_909' title='bbox 1535 2006 1561 2032; x_wconf 87' lang='lat' dir='ltr'>in</span> <span class='ocrx_word' id='word_1_910' title='bbox 1574 2014 1603 2032; x_wconf 82' lang='lat' dir='ltr'>ea</span> <span class='ocrx_word' id='word_1_911' title='bbox 1615 2014 1710 2031; x_wconf 81' lang='lat' dir='ltr'>caussa</span> 
     </span>
     <span class='ocr_line' id='line_1_120' title="bbox 910 2043 1711 2080; baseline -0.001 -10"><span class='ocrx_word' id='word_1_912' title='bbox 910 2043 1106 2079; x_wconf 85' lang='lat' dir='ltr'>cognoscenda,</span> <span class='ocrx_word' id='word_1_913' title='bbox 1125 2052 1167 2070; x_wconf 87' lang='lat' dir='ltr'>me</span> <span class='ocrx_word' id='word_1_914' title='bbox 1179 2048 1286 2080; x_wconf 85' lang='lat' dir='ltr'>agente,</span> <span class='ocrx_word' id='word_1_915' title='bbox 1304 2044 1459 2080; x_wconf 76' lang='lat' dir='ltr'>‹lilIgentior</span> <span class='ocrx_word' id='word_1_916' title='bbox 1470 2048 1515 2070; x_wconf 89' lang='lat' dir='ltr'>aut</span> <span class='ocrx_word' id='word_1_917' title='bbox 1527 2043 1711 2070; x_wconf 84' lang='lat' dir='ltr'>inclementior</span> 
     </span>
     <span class='ocr_line' id='line_1_121' title="bbox 912 2080 1710 2117; baseline -0.001 -10"><span class='ocrx_word' id='word_1_918' title='bbox 912 2081 975 2113; x_wconf 88' lang='lat' dir='ltr'>l&#39;uit,</span> <span class='ocrx_word' id='word_1_919' title='bbox 992 2090 1073 2116; x_wconf 88' lang='lat' dir='ltr'>quam</span> <span class='ocrx_word' id='word_1_920' title='bbox 1086 2090 1134 2108; x_wconf 73' lang='lat' dir='ltr'>vos</span> <span class='ocrx_word' id='word_1_921' title='bbox 1148 2082 1280 2113; x_wconf 83' lang='lat' dir='ltr'>universi,</span> <span class='ocrx_word' id='word_1_922' title='bbox 1297 2090 1385 2117; x_wconf 85' lang='lat' dir='ltr'>quum</span> <span class='ocrx_word' id='word_1_923' title='bbox 1400 2081 1472 2108; x_wconf 83' lang='lat' dir='ltr'>orbis</span> <span class='ocrx_word' id='word_1_924' title='bbox 1485 2085 1568 2107; x_wconf 87' lang='lat' dir='ltr'>terrae</span> <span class='ocrx_word' id='word_1_925' title='bbox 1579 2080 1710 2107; x_wconf 84' lang='lat' dir='ltr'>distribu-</span> 
     </span>
     <span class='ocr_line' id='line_1_122' title="bbox 912 2118 1708 2155; baseline -0.003 -10"><span class='ocrx_word' id='word_1_926' title='bbox 912 2118 1010 2145; x_wconf 88' lang='lat' dir='ltr'>tionem</span> <span class='ocrx_word' id='word_1_927' title='bbox 1027 2123 1106 2154; x_wconf 89' lang='lat' dir='ltr'>atquc</span> <span class='ocrx_word' id='word_1_928' title='bbox 1122 2118 1200 2146; x_wconf 86' lang='lat' dir='ltr'>illum</span> <span class='ocrx_word' id='word_1_929' title='bbox 1213 2120 1303 2154; x_wconf 86' lang='lat' dir='ltr'>ipsum</span> <span class='ocrx_word' id='word_1_930' title='bbox 1315 2128 1411 2155; x_wconf 81' lang='lat' dir='ltr'>agrum</span> <span class='ocrx_word' id='word_1_931' title='bbox 1423 2119 1587 2154; x_wconf 82' lang='lat' dir='ltr'>Campanum</span> <span class='ocrx_word' id='word_1_932' title='bbox 1601 2118 1708 2147; x_wconf 80' lang='lat' dir='ltr'>animis,</span> 
     </span>
     <span class='ocr_line' id='line_1_123' title="bbox 911 2156 1379 2190; baseline 0.002 -8"><span class='ocrx_word' id='word_1_933' title='bbox 911 2156 1047 2187; x_wconf 87' lang='lat' dir='ltr'>manibus,</span> <span class='ocrx_word' id='word_1_934' title='bbox 1063 2156 1174 2183; x_wconf 80' lang='lat' dir='ltr'>vocibus</span> <span class='ocrx_word' id='word_1_935' title='bbox 1186 2159 1379 2190; x_wconf 73' lang='lat' dir='ltr'>repudim-isn&#39;s.</span> 
     </span>
    </p>

    <p class='ocr_par' dir='ltr' id='par_1_16' title="bbox 909 2192 1710 2522">
     <span class='ocr_line' id='line_1_124' title="bbox 967 2192 1708 2230; baseline -0.004 -10"><span class='ocrx_word' id='word_1_936' title='bbox 967 2195 1008 2220; x_wconf 82' lang='lat'>33.</span> <span class='ocrx_word' id='word_1_937' title='bbox 1021 2193 1094 2220; x_wconf 82' lang='lat' dir='ltr'>Idem</span> <span class='ocrx_word' id='word_1_938' title='bbox 1106 2202 1164 2230; x_wconf 80' lang='lat' dir='ltr'>ege,</span> <span class='ocrx_word' id='word_1_939' title='bbox 1177 2193 1249 2229; x_wconf 91' lang='lat' dir='ltr'>quod</span> <span class='ocrx_word' id='word_1_940' title='bbox 1262 2194 1349 2229; x_wconf 88' lang='lat' dir='ltr'>is,qui</span> <span class='ocrx_word' id='word_1_941' title='bbox 1362 2198 1453 2220; x_wconf 80' lang='lat' dir='ltr'>auctor</span> <span class='ocrx_word' id='word_1_942' title='bbox 1464 2193 1546 2219; x_wconf 81' lang='lat' dir='ltr'>liuius</span> <span class='ocrx_word' id='word_1_943' title='bbox 1558 2192 1651 2219; x_wconf 89' lang='lat' dir='ltr'>iudicii</span> <span class='ocrx_word' id='word_1_944' title='bbox 1663 2198 1708 2223; x_wconf 72' lang='lat' dir='ltr'>esi,</span> 
     </span>
     <span class='ocr_line' id='line_1_125' title="bbox 910 2230 1708 2266; baseline -0.003 -9"><span class='ocrx_word' id='word_1_945' title='bbox 910 2230 1005 2263; x_wconf 84' lang='lat' dir='ltr'>clamo,</span> <span class='ocrx_word' id='word_1_946' title='bbox 1029 2231 1162 2266; x_wconf 87' lang='lat' dir='ltr'>praedico,</span> <span class='ocrx_word' id='word_1_947' title='bbox 1184 2231 1328 2258; x_wconf 86' lang='lat' dir='ltr'>denuntio:</span> <span class='ocrx_word' id='word_1_948' title='bbox 1353 2231 1445 2257; x_wconf 88' lang='lat' dir='ltr'>nullus</span> <span class='ocrx_word' id='word_1_949' title='bbox 1463 2235 1503 2257; x_wconf 83' lang='lat' dir='ltr'>est</span> <span class='ocrx_word' id='word_1_950' title='bbox 1519 2230 1640 2265; x_wconf 86' lang='lat' dir='ltr'>reliquus</span> <span class='ocrx_word' id='word_1_951' title='bbox 1653 2238 1708 2259; x_wconf 79' lang='lat' dir='ltr'>rex,</span> 
     </span>
     <span class='ocr_line' id='line_1_126' title="bbox 912 2267 1709 2304; baseline -0.004 -9"><span class='ocrx_word' id='word_1_952' title='bbox 912 2268 985 2295; x_wconf 92' lang='lat' dir='ltr'>nulla</span> <span class='ocrx_word' id='word_1_953' title='bbox 996 2277 1077 2304; x_wconf 85' lang='lat' dir='ltr'>gens,</span> <span class='ocrx_word' id='word_1_954' title='bbox 1093 2268 1166 2295; x_wconf 88' lang='lat' dir='ltr'>nulla</span> <span class='ocrx_word' id='word_1_955' title='bbox 1179 2268 1264 2300; x_wconf 86' lang='lat' dir='ltr'>natio,</span> <span class='ocrx_word' id='word_1_956' title='bbox 1277 2277 1358 2303; x_wconf 84' lang='lat' dir='ltr'>quam</span> <span class='ocrx_word' id='word_1_957' title='bbox 1372 2268 1579 2303; x_wconf 76' lang='lat' dir='ltr'>pertimescatis:</span> <span class='ocrx_word' id='word_1_958' title='bbox 1604 2267 1709 2293; x_wconf 87' lang='lat' dir='ltr'>nullum</span> 
     </span>
     <span class='ocr_line' id='line_1_127' title="bbox 911 2305 1710 2340; baseline -0.004 -8"><span class='ocrx_word' id='word_1_959' title='bbox 911 2306 1098 2337; x_wconf 85' lang='lat' dir='ltr'>adventitium,</span> <span class='ocrx_word' id='word_1_960' title='bbox 1107 2305 1213 2332; x_wconf 89' lang='lat' dir='ltr'>nullum</span> <span class='ocrx_word' id='word_1_961' title='bbox 1225 2310 1382 2332; x_wconf 82' lang='lat' dir='ltr'>extraneum</span> <span class='ocrx_word' id='word_1_962' title='bbox 1395 2305 1495 2332; x_wconf 85' lang='lat' dir='ltr'>malum</span> <span class='ocrx_word' id='word_1_963' title='bbox 1508 2310 1556 2335; x_wconf 85' lang='lat' dir='ltr'>est,</span> <span class='ocrx_word' id='word_1_964' title='bbox 1565 2307 1636 2340; x_wconf 77' lang='lat' dir='ltr'>quod</span> <span class='ocrx_word' id='word_1_965' title='bbox 1647 2307 1710 2330; x_wconf 80' lang='lat' dir='ltr'>insi-</span> 
     </span>
     <span class='ocr_line' id='line_1_128' title="bbox 912 2341 1710 2376; baseline -0.003 -7"><span class='ocrx_word' id='word_1_966' title='bbox 912 2352 993 2370; x_wconf 86' lang='lat' dir='ltr'>nuare</span> <span class='ocrx_word' id='word_1_967' title='bbox 1005 2343 1031 2369; x_wconf 89' lang='lat' dir='ltr'>iu</span> <span class='ocrx_word' id='word_1_968' title='bbox 1044 2343 1111 2369; x_wconf 78' lang='lat' dir='ltr'>lianc</span> <span class='ocrx_word' id='word_1_969' title='bbox 1122 2345 1305 2376; x_wconf 74' lang='lat' dir='ltr'>rempublicam</span> <span class='ocrx_word' id='word_1_970' title='bbox 1315 2344 1409 2376; x_wconf 78' lang='lat' dir='ltr'>possit:</span> <span class='ocrx_word' id='word_1_971' title='bbox 1423 2343 1446 2369; x_wconf 89' lang='lat' dir='ltr'>si</span> <span class='ocrx_word' id='word_1_972' title='bbox 1459 2343 1631 2369; x_wconf 76' lang='lat' dir='ltr'>immortalem</span> <span class='ocrx_word' id='word_1_973' title='bbox 1643 2341 1710 2368; x_wconf 78' lang='lat' dir='ltr'>lianc</span> 
     </span>
     <span class='ocr_line' id='line_1_129' title="bbox 910 2380 1709 2414; baseline -0.004 -7"><span class='ocrx_word' id='word_1_974' title='bbox 910 2381 1042 2407; x_wconf 85' lang='lat' dir='ltr'>civitatem</span> <span class='ocrx_word' id='word_1_975' title='bbox 1053 2390 1106 2406; x_wconf 77' lang='lat' dir='ltr'>esso</span> <span class='ocrx_word' id='word_1_976' title='bbox 1117 2380 1209 2411; x_wconf 87' lang='lat' dir='ltr'>vultis,</span> <span class='ocrx_word' id='word_1_977' title='bbox 1222 2381 1246 2406; x_wconf 90' lang='lat' dir='ltr'>si</span> <span class='ocrx_word' id='word_1_978' title='bbox 1258 2385 1389 2407; x_wconf 82' lang='lat' dir='ltr'>aeternum</span> <span class='ocrx_word' id='word_1_979' title='bbox 1400 2381 1555 2414; x_wconf 80' lang='lat' dir='ltr'>imperium,</span> <span class='ocrx_word' id='word_1_980' title='bbox 1563 2380 1586 2405; x_wconf 81' lang='lat' dir='ltr'>si</span> <span class='ocrx_word' id='word_1_981' title='bbox 1597 2381 1709 2414; x_wconf 67' lang='lat' dir='ltr'>gloriam</span> 
     </span>
     <span class='ocr_line' id='line_1_130' title="bbox 910 2416 1710 2452; baseline -0.001 -9"><span class='ocrx_word' id='word_1_982' title='bbox 910 2418 1100 2452; x_wconf 85' lang='lat' dir='ltr'>sempiternam</span> <span class='ocrx_word' id='word_1_983' title='bbox 1114 2426 1228 2448; x_wconf 69' lang='lat' dir='ltr'>numero,</span> <span class='ocrx_word' id='word_1_984' title='bbox 1247 2418 1325 2444; x_wconf 86' lang='lat' dir='ltr'>nobis</span> <span class='ocrx_word' id='word_1_985' title='bbox 1337 2427 1350 2444; x_wconf 86' lang='lat' dir='ltr'>n</span> <span class='ocrx_word' id='word_1_986' title='bbox 1363 2418 1460 2444; x_wconf 79' lang='lat' dir='ltr'>nostris</span> <span class='ocrx_word' id='word_1_987' title='bbox 1476 2416 1678 2450; x_wconf 79' lang='lat' dir='ltr'>cupiditatibus,</span> <span class='ocrx_word' id='word_1_988' title='bbox 1696 2425 1710 2442; x_wconf 86' lang='lat' dir='ltr'>a</span> 
     </span>
     <span class='ocr_line' id='line_1_131' title="bbox 911 2455 1708 2489; baseline -0.004 -8"><span class='ocrx_word' id='word_1_989' title='bbox 911 2455 1067 2481; x_wconf 79' lang='lat' dir='ltr'>turbulentis</span> <span class='ocrx_word' id='word_1_990' title='bbox 1084 2455 1239 2481; x_wconf 83' lang='lat' dir='ltr'>hominibus</span> <span class='ocrx_word' id='word_1_991' title='bbox 1254 2460 1331 2489; x_wconf 72' lang='lat' dir='ltr'>atquo</span> <span class='ocrx_word' id='word_1_992' title='bbox 1346 2463 1472 2481; x_wconf 83' lang='lat' dir='ltr'>novarum</span> <span class='ocrx_word' id='word_1_993' title='bbox 1490 2463 1578 2480; x_wconf 86' lang='lat' dir='ltr'>rerum</span> <span class='ocrx_word' id='word_1_994' title='bbox 1599 2456 1708 2487; x_wconf 76' lang='lat' dir='ltr'>cupidis,</span> 
     </span>
     <span class='ocr_line' id='line_1_132' title="bbox 909 2491 1707 2522; baseline -0.001 -4"><span class='ocrx_word' id='word_1_995' title='bbox 909 2494 942 2518; x_wconf 77' lang='lat' dir='ltr'>ab</span> <span class='ocrx_word' id='word_1_996' title='bbox 954 2495 1080 2518; x_wconf 77' lang='lat' dir='ltr'>inteslinis</span> <span class='ocrx_word' id='word_1_997' title='bbox 1091 2494 1175 2522; x_wconf 78' lang='lat' dir='ltr'>malis,</span> <span class='ocrx_word' id='word_1_998' title='bbox 1184 2501 1197 2518; x_wconf 83' lang='lat' dir='ltr'>a</span> <span class='ocrx_word' id='word_1_999' title='bbox 1208 2492 1362 2518; x_wconf 76' lang='lat' dir='ltr'>domesticis</span> <span class='ocrx_word' id='word_1_1000' title='bbox 1372 2494 1488 2518; x_wconf 74' lang='lat' dir='ltr'>consiliis</span> <span class='ocrx_word' id='word_1_1001' title='bbox 1497 2496 1537 2518; x_wconf 84' lang='lat' dir='ltr'>est</span> <span class='ocrx_word' id='word_1_1002' title='bbox 1547 2491 1707 2518; x_wconf 69' lang='lat' dir='ltr'>eux-endum.</span> 
     </span>
    </p>

    <p class='ocr_par' dir='ltr' id='par_1_17' title="bbox 909 2528 1709 2753">
     <span class='ocr_line' id='line_1_133' title="bbox 965 2528 1709 2564; baseline -0.001 -9"><span class='ocrx_word' id='word_1_1003' title='bbox 965 2531 1006 2556; x_wconf 75' lang='lat' dir='ltr'>at.</span> <span class='ocrx_word' id='word_1_1004' title='bbox 1030 2530 1107 2556; x_wconf 81' lang='lat' dir='ltr'>llisco</span> <span class='ocrx_word' id='word_1_1005' title='bbox 1122 2534 1210 2556; x_wconf 85' lang='lat' dir='ltr'>autem</span> <span class='ocrx_word' id='word_1_1006' title='bbox 1228 2532 1308 2556; x_wconf 80' lang='lat' dir='ltr'>malis</span> <span class='ocrx_word' id='word_1_1007' title='bbox 1322 2538 1446 2563; x_wconf 74' lang='lat' dir='ltr'>muynum</span> <span class='ocrx_word' id='word_1_1008' title='bbox 1464 2529 1624 2564; x_wconf 82' lang='lat' dir='ltr'>praesidinm</span> <span class='ocrx_word' id='word_1_1009' title='bbox 1635 2528 1709 2554; x_wconf 71' lang='lat' dir='ltr'>vobis</span> 
     </span>
     <span class='ocr_line' id='line_1_134' title="bbox 911 2566 1708 2602; baseline -0.001 -9"><span class='ocrx_word' id='word_1_1010' title='bbox 911 2567 1024 2594; x_wconf 79' lang='lat' dir='ltr'>maiores</span> <span class='ocrx_word' id='word_1_1011' title='bbox 1036 2570 1119 2593; x_wconf 77' lang='lat' dir='ltr'>vestri</span> <span class='ocrx_word' id='word_1_1012' title='bbox 1129 2567 1310 2602; x_wconf 71' lang='lat' dir='ltr'>reliquerunt,</span> <span class='ocrx_word' id='word_1_1013' title='bbox 1330 2575 1415 2593; x_wconf 79' lang='lat' dir='ltr'>vorem</span> <span class='ocrx_word' id='word_1_1014' title='bbox 1428 2567 1501 2593; x_wconf 84' lang='lat' dir='ltr'>illam</span> <span class='ocrx_word' id='word_1_1015' title='bbox 1513 2566 1647 2597; x_wconf 79' lang='lat' dir='ltr'>consulis,</span> <span class='ocrx_word' id='word_1_1016' title='bbox 1660 2567 1708 2601; x_wconf 90' lang='lat' dir='ltr'>qui</span> 
     </span>
     <span class='ocr_line' id='line_1_135' title="bbox 910 2604 1708 2638; baseline -0.004 -7"><span class='ocrx_word' id='word_1_1017' title='bbox 910 2606 1093 2638; x_wconf 70' lang='lat' dir='ltr'>rempublicam</span> <span class='ocrx_word' id='word_1_1018' title='bbox 1103 2604 1205 2631; x_wconf 78' lang='lat' dir='ltr'>salvam</span> <span class='ocrx_word' id='word_1_1019' title='bbox 1218 2613 1277 2631; x_wconf 83' lang='lat' dir='ltr'>esso</span> <span class='ocrx_word' id='word_1_1020' title='bbox 1288 2606 1351 2631; x_wconf 72' lang='lat' dir='ltr'>vuli.</span> <span class='ocrx_word' id='word_1_1021' title='bbox 1386 2605 1452 2631; x_wconf 82' lang='lat' dir='ltr'>lluic</span> <span class='ocrx_word' id='word_1_1022' title='bbox 1465 2605 1521 2631; x_wconf 83' lang='lat' dir='ltr'>voci</span> <span class='ocrx_word' id='word_1_1023' title='bbox 1535 2604 1626 2633; x_wconf 73' lang='lat' dir='ltr'>faveto,</span> <span class='ocrx_word' id='word_1_1024' title='bbox 1644 2605 1708 2635; x_wconf 76' lang='lat' dir='ltr'>(hii-</span> 
     </span>
     <span class='ocr_line' id='line_1_136' title="bbox 910 2642 1707 2676; baseline -0.004 -7"><span class='ocrx_word' id='word_1_1025' title='bbox 910 2645 984 2673; x_wconf 79' lang='lat' dir='ltr'>ri1‹·s,</span> <span class='ocrx_word' id='word_1_1026' title='bbox 1002 2651 1080 2676; x_wconf 72' lang='lat' dir='ltr'>nequa</span> <span class='ocrx_word' id='word_1_1027' title='bbox 1095 2647 1180 2669; x_wconf 76' lang='lat' dir='ltr'>vestro</span> <span class='ocrx_word' id='word_1_1028' title='bbox 1195 2642 1296 2669; x_wconf 77' lang='lat' dir='ltr'>iudicio</span> <span class='ocrx_word' id='word_1_1029' title='bbox 1310 2642 1470 2669; x_wconf 71' lang='lat' dir='ltr'>abstuleritis</span> <span class='ocrx_word' id='word_1_1030' title='bbox 1486 2642 1553 2668; x_wconf 82' lang='lat' dir='ltr'>milii</span> <span class='ocrx_word' id='word_1_1031' title='bbox 1571 2642 1707 2675; x_wconf 75' lang='lat' dir='ltr'>rempubli-</span> 
     </span>
     <span class='ocr_line' id='line_1_137' title="bbox 910 2678 1705 2715; baseline -0.004 -9"><span class='ocrx_word' id='word_1_1032' title='bbox 910 2688 978 2711; x_wconf 78' lang='lat' dir='ltr'>cam,</span> <span class='ocrx_word' id='word_1_1033' title='bbox 1010 2688 1098 2715; x_wconf 83' lang='lat' dir='ltr'>neque</span> <span class='ocrx_word' id='word_1_1034' title='bbox 1123 2680 1275 2714; x_wconf 76' lang='lat' dir='ltr'>eripueritis</span> <span class='ocrx_word' id='word_1_1035' title='bbox 1296 2681 1452 2713; x_wconf 68' lang='lat' dir='ltr'>reipublicae</span> <span class='ocrx_word' id='word_1_1036' title='bbox 1472 2688 1548 2715; x_wconf 85' lang='lat' dir='ltr'>spem</span> <span class='ocrx_word' id='word_1_1037' title='bbox 1571 2678 1705 2705; x_wconf 80' lang='lat' dir='ltr'>libertatis.</span> 
     </span>
     <span class='ocr_line' id='line_1_138' title="bbox 909 2716 1344 2753; baseline 0 -10"><span class='ocrx_word' id='word_1_1038' title='bbox 909 2726 982 2751; x_wconf 82' lang='lat' dir='ltr'>spem</span> <span class='ocrx_word' id='word_1_1039' title='bbox 993 2716 1098 2749; x_wconf 86' lang='lat' dir='ltr'>salutis,</span> <span class='ocrx_word' id='word_1_1040' title='bbox 1112 2725 1188 2753; x_wconf 76' lang='lat' dir='ltr'>spem</span> <span class='ocrx_word' id='word_1_1041' title='bbox 1200 2718 1344 2752; x_wconf 74' lang='lat' dir='ltr'>diynitatis.</span> 
     </span>
    </p>
   </div>
   <div class='ocr_carea' id='block_1_10' title="bbox 880 257 886 1369">
    <p class='ocr_par' dir='ltr' id='par_1_18' title="bbox 880 257 886 1369">
     <span class='ocr_line' id='line_1_139' title="bbox 880 257 886 1369; baseline 0 0"><span class='ocrx_word' id='word_1_1042' title='bbox 880 257 886 1369; x_wconf 95' lang='lat' dir='ltr'> </span> 
     </span>
    </p>
   </div>
  </div>
 </body>
</html>
