1941 3052
235 153 282 178 ⁶2⁴5
805 154 837 178 02
882 152 915 178 Μ,
950 152 979 178 Τ,

236 223 260 247 in
283 222 353 252 luce,
382 222 464 256 posita
488 222 603 247 laets-tur.
647 222 714 247 Lau<
738 222 817 247 icitur
838 223 927 248 iudicii
950 223 1023 248 toui-

236 260 370 294 mouiiqin·
398 260 476 284 nostri
499 259 636 284 tribus-ndu
665 259 742 283 itruto
765 264 813 284 est.
859 262 900 284 ³⁴3.
926 260 1025 290 Quam-

234 297 324 322 obrem
344 296 384 321 bis
401 297 500 325 verbis,
525 300 610 329 patres
630 296 786 329 conscripti,
808 296 1024 322 senatusconsul-

235 338 290 359 tum
309 333 458 358 faciendum
474 341 581 357 censeo:
604 342 637 361 oi·
646 341 680 357 1:11
698 333 726 357 l).
746 333 854 362 Brutus,
874 334 1022 367 imperator,

233 370 325 396 consui
342 370 496 403 ‹tosiqnnms
514 369 675 403 provinciam
688 369 801 395 Galliam
817 370 842 395 in
859 375 966 396 senatus
979 379 1025 405 po-
1046 374 1047 379 ¹

235 408 344 442 puliquo
360 407 467 432 Romani
482 410 607 440 potestate
618 411 716 432 teneat:
729 415 869 441 quumque
880 409 1024 433 exercitum

234 449 334 470 tnntum
350 449 400 470 tam
415 444 485 469 brevi
499 448 628 478 tempore.
650 452 755 469 summo
766 445 855 470 studio
866 445 1025 479 municipio-

234 490 290 507 rum
303 481 520 515 ‹·oloni.·irumquc
533 481 683 515 provinciae
694 481 794 507 Galliae
803 502 808 511 ,
826 482 925 516 optime
941 482 973 507 de
985 491 1025 508 re·
1045 510 1047 514 y

234 518 338 553 publica
351 518 458 543 meritae
471 519 663 553 merentisque,
675 519 875 553 conscripserit,
889 527 1025 554 compara-

233 557 277 581 rit:
301 555 326 580 id
347 564 408 580 cum
430 559 498 581 recte
513 560 538 581 ct
552 555 644 581 ordino
659 564 746 591 exque
762 556 898 590 republica
914 556 1022 582 fecisse:

232 593 313 627 idque
325 593 350 618 D.
367 593 439 618 Bruti
457 593 714 627 praestantissimum
732 594 856 619 meritum
875 594 899 619 in
916 601 1025 628 rempu-

232 630 327 656 blicam
343 630 446 655 senatui
463 630 614 665 populoque
628 631 743 656 Romano
757 635 862 665 gratum
878 640 938 656 csse
949 636 974 656 et
986 630 1024 656 [ο-

231 676 271 693 re:
303 667 392 701 itaque
412 672 532 693 senatum
558 667 742 702 populumque
765 669 911 694 Itomanum
932 668 1024 694 existi-

231 713 310 734 mare,
324 705 353 730 D.
368 705 448 735 Bruti,
465 705 640 739 imperatoris,
652 705 769 731 consulis
781 705 921 741 designati,
934 714 1021 740 opera,

230 741 353 772 consilio,
380 742 476 768 virtute
498 742 703 777 incredibilique
723 743 824 771 studio.
847 748 872 769 et
892 751 1022 769 consensu

231 779 381 814 provinciae
407 779 508 805 Galliae
536 780 698 814 reipublicae
722 780 882 806 difficillimo
906 785 1022 815 tempore

229 824 289 843 esse
299 816 473 842 subventum.
510 818 550 842 37.
574 817 640 843 Iluic
655 821 726 843 tanto
737 818 830 843 merito
840 818 922 848 Bruti,
937 822 1022 852 patres

229 854 384 888 conscripti,
408 858 532 889 tantoque
549 855 575 880 in
590 854 782 889 rempublicam
800 855 940 885 beneficio,
961 855 1022 889 quis

229 895 269 917 est
281 895 369 917 tantus
382 891 477 921 bonos,
494 892 541 926 qui
555 900 604 917 non
616 891 762 918 debeatur-⁵?
782 893 847 918 Nam
860 892 882 918 si
895 893 929 918 M.
942 892 1023 918 Anto-

214 956 218 964 Ι
230 929 274 954 nio
285 929 415 963 patuisset
426 929 524 959 Gallia,
538 929 574 959 si,
587 930 723 964 oppressis
736 930 904 964 municipiis,
917 933 942 955 et
953 929 1023 955 colo·

229 966 282 992 niis
299 966 448 1000 imparatis,
470 967 496 992 in
518 966 591 992 illam
613 966 734 992 ultimam
752 967 865 993 Galliam
888 971 1022 1001 penetrare
1043 992 1044 1000 ἵ

229 1003 372 1037 potuisset:
384 1008 501 1038 quantus
512 1003 674 1038 reipublicae
687 1008 767 1030 terror
776 1004 959 1038 impenderet?
970 1005 1023 1030 Du-
1043 1010 1044 1015 ¹

229 1040 335 1071 bitarct,
353 1041 443 1071 credo,
462 1041 540 1068 bomo
555 1042 756 1067 amentissimus
767 1046 845 1076 atque
857 1042 884 1068 in
895 1042 1021 1068 omnibus

228 1077 348 1104 consiliis
360 1087 485 1113 praeceps
497 1083 522 1105 et
532 1078 641 1109 devius.
665 1088 716 1105 non
732 1079 818 1105 solum
830 1087 891 1105 cum
903 1079 1021 1105 exercitu

227 1123 286 1145 suo,
298 1115 344 1141 sed
356 1116 435 1142 etiam
446 1124 507 1142 cum
519 1117 589 1142 omni
601 1117 764 1143 immanitate
776 1116 909 1142 barbariae
921 1116 1021 1142 bellum

227 1152 325 1179 inferre
347 1153 436 1179 nobis:
465 1158 493 1180 ut
512 1154 570 1179 eius
593 1153 707 1179 furorem
729 1162 761 1180 ne
782 1153 891 1188 Alpium
910 1154 1020 1188 quidem

227 1198 305 1216 muro
315 1190 438 1216 cohibere
449 1199 599 1225 possemus.
634 1191 702 1217 Haec
714 1192 796 1226 igitur
808 1191 927 1217 habenda
938 1192 1021 1226 gratia

227 1231 266 1253 est
278 1228 306 1253 D.
315 1228 403 1258 Bruto,
412 1228 460 1263 qui
471 1228 558 1257 illum,
573 1228 691 1254 nondum
703 1229 856 1263 interposita
868 1229 1021 1255 auctoritate

227 1269 326 1295 vestra,
349 1274 398 1291 suo
413 1265 525 1291 consilio
541 1270 620 1300 atque
636 1266 748 1296 iudicio,
772 1274 823 1292 non
840 1270 869 1292 ut
883 1265 1020 1292 consulem

227 1303 338 1336 recepit,
358 1302 406 1328 sed
422 1307 450 1328 ut
467 1302 568 1329 bostem
584 1303 668 1329 arcuit
681 1303 780 1333 Gallia,
799 1311 881 1338 seque
892 1303 1017 1333 obsideri,

225 1347 306 1373 quam
323 1339 391 1365 hanc
405 1340 499 1365 urbem
516 1340 620 1366 maluit.
661 1341 761 1367 Habeat
777 1349 839 1375 ergo
856 1341 937 1366 buius
957 1341 1020 1366 tanti

226 1376 287 1402 facti
316 1381 424 1412 tamque
448 1376 575 1412 praeclari
599 1377 704 1404 decreto
728 1382 817 1404 restro
837 1378 1019 1404 testimonium

225 1414 434 1448 sempiternum:
457 1414 611 1450 Galliaque,
633 1423 702 1450 quae
717 1423 824 1450 semper
839 1415 971 1449 praesidet
982 1419 1019 1441 at-

224 1459 277 1486 que
288 1451 420 1486 praesedit
431 1451 494 1478 huic
505 1452 616 1487 imperio
629 1451 797 1487 libertatique
807 1453 952 1483 communi,
965 1461 1021 1479 me-

225 1489 274 1514 rito
286 1496 400 1523 vereque
413 1488 547 1520 laudetur,
565 1489 637 1524 quod
653 1498 682 1516 se
693 1498 811 1525 suasque
822 1491 893 1516 vires
905 1498 956 1516 non
968 1495 1020 1516 tra-

224 1525 300 1553 didit.
314 1526 359 1552 sed
371 1527 497 1561 opposuit
507 1527 630 1553 Antonio.

279 1563 347 1589 XIV.
370 1565 411 1589 38.
428 1564 515 1599 Atque
526 1565 606 1590 etiam
618 1564 653 1590 M.
667 1563 767 1599 Lepido
778 1572 826 1599 pro
835 1565 893 1590 eius
904 1565 1019 1600 egregiis

225 1600 251 1626 in
267 1600 460 1635 rempublicam
481 1602 584 1628 meritis
605 1601 785 1628 decernendos
807 1601 919 1628 honores
937 1610 1018 1637 quam

224 1637 406 1672 amplissimos
420 1647 524 1665 censeo.
551 1638 663 1674 Semper
673 1638 718 1665 ille
729 1638 860 1673 populum
871 1639 1018 1665 Romanum

225 1674 337 1701 liberum
359 1675 455 1706 voluit,
479 1676 683 1711 maximumque
700 1675 810 1711 signum
826 1675 873 1702 illo
887 1676 931 1702 die
946 1676 1019 1702 dedit

223 1711 368 1738 voluntatis
379 1717 404 1739 et
415 1712 508 1739 iudicii
520 1714 572 1744 sui,
585 1721 684 1748 quum,
699 1713 812 1739 Antonio
823 1712 943 1739 diadema
955 1713 1020 1739 Cae-

223 1749 276 1775 sari
291 1749 457 1784 imponente,
481 1758 509 1776 se
519 1751 615 1777 avertit
624 1751 782 1786 gemituque
793 1755 818 1776 et
830 1751 961 1777 maestitia
972 1750 1019 1777 de-

223 1786 346 1817 claravit,
368 1791 499 1821 quantum
521 1788 628 1814 haberet
648 1787 739 1814 odium
760 1788 912 1814 servitutis:
937 1796 1017 1823 quam

223 1823 354 1858 populum
379 1824 526 1851 Romanum
556 1825 670 1851 liberum
695 1829 817 1859 cuperet:
849 1833 930 1860 quam
960 1825 1015 1855 illa,

223 1869 292 1895 quae
309 1861 416 1892 tulerat,
436 1866 585 1897 temporum
598 1863 683 1898 magis
695 1862 865 1892 necessitate,
882 1870 964 1897 quarn
976 1863 1018 1888 iu-

222 1898 294 1924 dicio
313 1898 428 1925 tulisset.
467 1899 570 1931 Quanta
591 1907 653 1925 vero
667 1900 691 1925 is
707 1899 886 1925 moderatione
902 1907 968 1926 usus
984 1900 1018 1926 sit

222 1936 250 1962 in
263 1935 310 1961 illo
324 1940 442 1970 tempore
457 1937 586 1968 civitatis,
608 1936 681 1971 quod
697 1940 757 1971 post
772 1941 881 1962 mortem
898 1936 1017 1963 Caesaris

222 1977 393 1999 consecutum
405 1977 454 2003 est,
467 1974 529 2008 quis
540 1978 661 2000 nostrum
672 1973 795 2000 oblivisci
807 1973 909 2008 potest?
923 1974 1016 2009 Magna

222 2009 300 2036 haec:
320 2010 367 2036 sed
383 2010 415 2036 ad
429 2011 525 2037 maiora
537 2016 659 2046 properat
670 2012 760 2038 oratio.
802 2013 843 2037 39.
864 2011 934 2044 Quid
945 2013 1016 2038 enim

221 2047 247 2081 (ο
260 2047 298 2073 dii
319 2047 508 2082 immortalesl)
528 2048 713 2075 admirabilius
733 2049 860 2075 omnibus
879 2049 1014 2084 gentibus,

221 2084 288 2119 quid
303 2085 419 2119 optatius
434 2085 533 2120 populo
544 2086 662 2112 Romano
677 2085 795 2112 accidere
808 2086 905 2120 potuit,
923 2095 1014 2121 quam,

221 2130 307 2156 quum
322 2122 424 2148 bellum
440 2122 520 2149 civile
535 2124 683 2149 maximum
695 2127 778 2154 esset,
795 2123 874 2149 cuius
884 2123 949 2150 belli
959 2125 1017 2150 exi-

222 2163 279 2185 tum
293 2167 386 2185 omnes
402 2161 571 2191 timeremus,
589 2161 718 2195 sapientia
732 2161 812 2187 etiam
829 2161 856 2187 id
869 2162 958 2195 potius
970 2170 1017 2187 ex-

222 2196 336 2231 stingui,
353 2205 434 2231 quam
450 2198 531 2223 armis
547 2202 572 2224 et
589 2197 656 2224 ferro
667 2206 722 2224 rem
736 2199 764 2224 in
775 2198 919 2225 discrimen
930 2198 1014 2225 addu-
1037 2231 1038 2234 Ἴ

221 2233 296 2259 cere?
305 2233 381 2266 Quod
392 2235 414 2260 si
426 2235 518 2261 eadem
530 2235 595 2261 ratio
601 2235 721 2262 Caesaris
734 2235 829 2262 fuisset
840 2236 867 2262 in
878 2235 924 2262 illo
934 2240 1016 2262 taetro

220 2271 372 2306 miseroque
379 2271 461 2298 bello:
475 2273 627 2299 utomittam
636 2278 745 2307 pati-ern,
754 2273 821 2299 duos
829 2272 876 2299 Cn.
884 2273 1012 2308 Pompeii,

221 2309 321 2334 summi
332 2313 357 2335 et
367 2309 513 2345 singularis
524 2310 584 2340 viri,
598 2310 666 2336 filios
678 2310 826 2337 incolumes
838 2310 1012 2337 haberemus:

220 2345 320 2379 quibus
335 2350 404 2372 certe
418 2347 502 2381 pietas
518 2346 606 2373 fraudi
620 2355 679 2373 esse
695 2356 747 2374 non
765 2347 868 2374 debuit.
907 2348 1014 2374 Utinam

220 2390 312 2408 omnes
323 2383 358 2409 M.
372 2383 489 2418 Lepidus
504 2393 611 2411 servare
620 2385 766 2420 potuisset!
787 2385 919 2411 facturum
930 2384 1014 2412 fuisse

220 2419 363 2446 declaravit
374 2421 401 2446 in
412 2429 451 2452 eo,
459 2421 532 2456 quod
543 2423 637 2456 potuit.
645 2431 731 2456 quum
738 2422 849 2449 Sextum
855 2423 1013 2457 Pompeium

221 2457 336 2483 restituit
346 2458 460 2489 civitati,
483 2460 631 2485 maximum
642 2464 828 2486 ornamentum
839 2459 1011 2494 reipublicae,

220 2491 400 2520 clarissimum
417 2500 621 2522 monumentum
635 2496 792 2522 clementiae
802 2505 876 2523 suae.
917 2497 1013 2523 Gravis

1015 153 1287 179 tssttztitinx‘ts

1134 223 1189 248 XV,
1211 224 1295 254 Quam
1310 223 1344 248 ob
1354 231 1475 249 «nussam
1489 225 1584 250 inuam
1597 229 1675 259 atque
1688 234 1823 257 magnam,
1840 232 1866 251 et

1076 260 1147 295 quod
1170 257 1426 294 periculosissimum
1445 261 1523 286 civile
1543 262 1643 288 bellum
1665 264 1866 297 maximumque

1078 297 1240 323 humanitate
1251 301 1276 322 ct
1287 298 1414 331 sapientia
1422 306 1469 323 sua
1481 298 1515 324 M.
1529 299 1645 333 Lepidus
1656 299 1687 325 ad
1698 308 1789 334 pacem
1803 309 1866 326 con·

1076 334 1246 368 conbamque
1265 335 1406 364 convertit,
1432 337 1690 362 senatusconsultum
1714 337 1756 363 lii-⁵
1777 337 1866 362 verinis

1076 380 1171 397 censeo
1184 372 1414 405 pem-ribendum:
1428 381 1505 402 ocris
1516 373 1572 398 ΒΜ.
1581 374 1689 408 Lepido,
1698 375 1864 409 imperatore,

1077 409 1199 442 pontifice
1211 409 1338 437 maximo,
1355 417 1546 443 saepenumero
1560 411 1709 444 respublica
1725 417 1749 436 et
1766 412 1832 437 bene
1842 416 1867 437 et

1078 446 1188 471 sotir-iio·-
1202 450 1275 481 gesta
1292 446 1338 475 sit.
1361 446 1531 481 populusque
1547 447 1679 474 numanus
1697 449 1864 477 intellexerit.

1076 483 1099 508 ci
1115 483 1280 509 dominatum
1302 484 1404 518 regium
1421 484 1536 510 maxime
1551 484 1706 519 displicere:
1727 494 1867 520 quumque

1076 521 1134 545 vius
1145 529 1232 554 opera,
1247 521 1351 547 virtute.
1364 521 1483 549 consitio.
1498 521 1681 556 singularique
1691 522 1829 549 clementia
1842 528 1868 548 et

1077 558 1281 583 mansuetudine
1297 557 1397 584 bellurn
1413 559 1615 584 acerbissimum
1632 559 1711 585 civile
1725 560 1760 585 sit
1771 561 1867 586 restin-

1052 602 1053 619 1
1075 600 1162 620 ctum:
1179 596 1219 621 M.
1233 595 1384 630 Sextusque
1396 595 1547 630 Pompeius.
1561 596 1640 622 Cnaei
1653 596 1863 632 fitius,Magnus.

1036 2251 1045 2278 ’1

1035 2358 1044 2392 11

1035 2399 1043 2415 ll

1042 2418 1043 2428 l

1035 2429 1043 2469 Ι1

1035 2465 1036 2472 ,

1034 2476 1043 2516 <l

1035 2517 1043 2528 ,i

221 2528 266 2554 illa
283 2529 386 2556 fortuna
402 2533 494 2567 populi
510 2533 642 2564 Romani,'
656 2542 736 2569 grave
754 2533 848 2559 fatum.
888 2534 1014 2568 Pompeio
1034 2529 1043 2567 {³

221 2566 292 2592 enim
308 2572 394 2601 patre,
416 2570 488 2603 quod
503 2570 607 2605 imperii
623 2570 716 2605 populi
727 2571 838 2596 Romani
850 2570 940 2597 lumen
952 2571 1011 2602 fuit,
1034 2578 1036 2591 ²

221 2603 364 2634 exstincto,
377 2605 534 2634 interfectus
543 2612 583 2634 est
594 2608 676 2642 patris
687 2607 844 2633 simillimus
856 2607 938 2634 iilius.
969 2609 1010 2634 40.

222 2639 275 2666 Sed
286 2642 373 2667 omnia
384 2642 450 2669 mihi
461 2644 586 2670 videntur
594 2644 705 2671 deorum
715 2644 1013 2672 immortaliumiudicio

222 2678 336 2712 expiata,
350 2678 412 2705 Sex.
426 2679 551 2715 Pompeio
562 2681 725 2717 reipublicae
734 2686 898 2708 conservato.

1044 2138 1046 2147 ›
1067 2125 1119 2151 diis
1135 2125 1345 2160 hominibusque
1363 2125 1524 2160 gratissima.

1077 632 1158 657 liuius
1168 632 1269 657 ordinis
1281 633 1433 658 auctoritate
1445 634 1477 658 ab
1487 634 1567 659 armis
1581 633 1746 663 discesserit,
1764 639 1813 660 eta
1829 634 1863 660 M.

1076 669 1188 704 Lepido.
1209 670 1378 703 imperatore,
1392 670 1514 704 pontifice
1525 671 1655 701 maximo,
1674 679 1779 696 summa
1790 680 1867 697 sena-

1075 711 1118 732 tus
1131 706 1276 741 populique
1289 707 1397 733 Romani
1410 707 1543 733 voluntate
1554 708 1654 734 civitati
1666 709 1805 734 restitutus
1816 709 1864 734 sit:

1075 748 1196 770 senatum
1214 744 1397 778 populumque
1411 745 1558 771 Romanum
1575 754 1622 779 pro
1637 746 1761 771 maximis
1783 745 1867 780 pluri-

1076 782 1180 816 misque
1196 782 1221 807 in
1239 782 1430 815 rempublicam
1448 782 1482 807 M.
1499 783 1590 816 Lepidi
1606 783 1721 813 meritis,
1743 792 1865 818 magnam

1074 828 1149 853 spem
1166 819 1191 844 in
1207 819 1266 844 eius
1282 820 1392 849 virtute,
1413 820 1579 850 auctoritate,
1602 819 1725 846 felicitate
1740 828 1866 854 reponere

1074 856 1133 886 otii,
1152 857 1236 890 pacis,
1254 857 1421 886 concordiae,
1436 857 1579 883 libertatis:
1596 858 1709 892 eiusque
1721 858 1747 883 in
1758 866 1867 892 rempu-

1075 893 1170 919 blicam
1192 894 1344 919 nicritorum
1366 899 1486 919 senatum
1512 894 1697 929 populumque
1719 895 1865 921 Romanum

1074 939 1217 956 memorem
1231 930 1380 965 tore,eiqu‹=
1391 936 1504 957 statuam
1517 936 1666 966 equestrem
1680 932 1825 958 inauratam
1839 932 1864 958 in

1074 969 1175 998 rostris,
1188 972 1233 993 aut
1244 976 1298 1003 quo
1309 968 1361 993 alio
1373 968 1428 994 loco
1438 969 1464 995 in
1477 968 1533 994 l'oro
1543 968 1616 999 velit,
1629 968 1754 995 eximius
1764 969 1865 995 ordinis

1074 1005 1201 1031 sententia
1218 1006 1298 1031 statui
1315 1005 1425 1040 placere.
1465 1006 1516 1038 Qui
1534 1006 1630 1036 honos,
1647 1011 1734 1041 patres
1749 1007 1866 1032 conscri-

1075 1043 1126 1077 pti,
1145 1043 1210 1068 mihi
1223 1043 1357 1069 maximus
1370 1043 1474 1069 videtur
1486 1044 1602 1077 primum
1611 1064 1617 1074 ,
1634 1044 1698 1078 quia
1711 1044 1798 1069 iustus
1809 1048 1862 1069 est:

1074 1088 1125 1106 non
1140 1081 1211 1106 enim
1228 1080 1314 1106 solum
1330 1079 1408 1106 datur
1423 1086 1528 1115 propter
1543 1089 1618 1115 spem
1635 1085 1784 1115 temporum
1804 1080 1866 1107 reti-

1073 1125 1201 1151 quorum,
1223 1117 1270 1143 sed
1285 1125 1332 1152 pro
1347 1117 1522 1152 amplissimis
1541 1118 1643 1143 meritis
1663 1118 1796 1144 redditur:
1817 1126 1866 1144 nec

1073 1163 1135 1181 vero
1145 1155 1270 1189 cuiquam
1283 1163 1427 1189 possumus
1437 1163 1643 1182 commemorare
1654 1155 1725 1182 hunc
1739 1155 1864 1182 honorem

1073 1200 1086 1218 a
1097 1196 1190 1218 senatu
1204 1192 1334 1218 tributum
1346 1192 1444 1218 iudicio
1455 1197 1563 1218 senatus
1575 1192 1662 1219 soluto
1672 1197 1697 1218 et
1709 1192 1800 1219 libero.

1127 1229 1196 1255 xvi.
1213 1231 1253 1255 4⁶2.
1270 1229 1352 1255 Venio
1363 1229 1396 1255 ad
1407 1229 1435 1256 C.
1448 1229 1600 1260 Caesarem.
1615 1235 1702 1264 patres
1711 1230 1862 1265 conscripti,

1073 1268 1119 1301 qui
1132 1267 1182 1292 nisi
1196 1266 1299 1297 fuisset,
1311 1266 1374 1301 quis
1387 1271 1505 1293 nostrum
1517 1275 1576 1293 esse
1587 1267 1736 1302 potuisset?
1750 1267 1865 1294 Advola-

1073 1304 1117 1330 bat
1126 1304 1158 1330 ad
1171 1304 1267 1331 Urbem
1279 1313 1293 1330 a
1305 1304 1446 1331 Brundisio
1457 1304 1536 1331 homo
1552 1305 1805 1339 impotentissimus,
1823 1313 1865 1331 ar-

1072 1341 1138 1367 dens
1152 1341 1224 1372 odio,
1238 1342 1327 1368 animo
1339 1341 1428 1368 hostili
1439 1343 1466 1368 in
1478 1350 1570 1368 omnes
1582 1342 1677 1372 bonos,
1690 1351 1751 1368 cum
1763 1342 1865 1368 exerci-

1073 1383 1110 1410 tu,
1125 1379 1266 1405 Antonius.
1306 1378 1376 1411 Quid
1393 1379 1474 1405 huius
1485 1379 1610 1405 audaciae
1621 1384 1646 1405 et
1659 1379 1752 1406 sceleri
1764 1383 1865 1414 poterat

1072 1416 1189 1451 opponi?
1201 1416 1325 1443 Nondum
1338 1416 1407 1442 ullos
1417 1416 1499 1443 duces
1511 1416 1684 1447 habebamus,
1697 1425 1748 1443 non
1758 1417 1862 1451 copias:

1073 1454 1178 1480 nullum
1189 1458 1244 1480 erat
1254 1453 1395 1480 consilium
1408 1453 1557 1488 publicum,
1575 1453 1647 1480 nulla
1660 1454 1782 1480 libertas:
1798 1453 1865 1480 dan-

1071 1491 1120 1517 dae
1130 1491 1246 1517 cervices
1257 1495 1331 1517 erant
1341 1491 1491 1517 crudelitati
1502 1491 1629 1517 nefariae:
1647 1490 1737 1527 sugam
1752 1499 1865 1526 quaere-

1071 1528 1167 1554 bamus
1188 1537 1294 1559 omnes,
1316 1536 1385 1563 quae
1404 1529 1463 1563 ipsa
1479 1529 1581 1555 exitum
1596 1537 1648 1555 non
1666 1528 1790 1555 habebat.
1821 1529 1862 1555 43.

1071 1565 1137 1598 Quis
1148 1570 1203 1592 tum
1217 1565 1306 1596 nobis,
1322 1566 1385 1600 quis
1397 1565 1496 1600 populo
1507 1566 1625 1592 Romano
1633 1565 1730 1592 obtulit
1742 1565 1813 1592 hunc
1822 1565 1864 1592 di-

1070 1603 1163 1629 vinum
1175 1602 1368 1629 adolescentem
1379 1602 1461 1629 deus?
1468 1603 1524 1638 qui,
1536 1611 1621 1638 quum
1632 1603 1719 1629 omnia
1731 1602 1765 1629 ad
1775 1603 1864 1638 perni-

1069 1640 1138 1666 ciem
1148 1645 1264 1666 nostram
1277 1639 1402 1675 pestifero
1412 1639 1452 1666 illi
1462 1641 1516 1666 civi
1527 1645 1659 1675 paterent,
1672 1640 1775 1670 subito,
1787 1648 1864 1674 prae—

1070 1681 1109 1703 ter
1119 1685 1194 1712 spem
1206 1677 1326 1703 omnium
1334 1697 1340 1707 ,
1357 1681 1479 1707 exortus,
1496 1678 1572 1712 prius
1582 1676 1694 1703 confecit
1705 1677 1860 1707 exercitum.

1069 1723 1150 1749 quem
1168 1714 1251 1741 furori
1267 1714 1302 1740 M.
1318 1714 1426 1740 Antonii
1440 1719 1596 1749 opponeret,
1618 1722 1700 1749 quam
1715 1715 1863 1749 quisquam

1070 1751 1119 1778 hoc
1133 1760 1195 1778 eum
1206 1752 1320 1787 cogitare
1331 1751 1522 1786 suspicaretur.
1553 1751 1641 1787 Magni
1653 1751 1766 1778 honores
1777 1751 1863 1778 habiti

1070 1789 1118 1815 Cn.
1130 1789 1264 1823 Pompeio,
1277 1797 1362 1823 quum
1373 1793 1444 1814 esset
1454 1788 1622 1819 adolescens,
1635 1793 1660 1814 et
1670 1789 1781 1823 quidem
1792 1789 1860 1815 iure.

1069 1826 1276 1852 Subvenitenim
1285 1825 1459 1861 reipublicae:
1473 1826 1520 1852 sed
1531 1831 1613 1852 aetate
1624 1825 1708 1852 multo
1718 1825 1859 1857 robustior,

1069 1868 1094 1889 et
1105 1863 1221 1890 militum
1232 1863 1327 1889 ducem
1343 1864 1529 1898 quaerentium
1545 1863 1635 1890 studio
1651 1864 1777 1898 paratior,
1794 1867 1820 1889 et
1833 1863 1861 1889 in

1069 1900 1120 1927 alio
1133 1909 1231 1936 genere
1246 1900 1320 1927 belli.
1360 1901 1418 1927 Non
1433 1901 1505 1927 enim
1520 1900 1646 1927 omnibus
1662 1900 1752 1927 Sullae
1767 1908 1861 1927 caussa

1067 1943 1150 1974 grata.
1190 1937 1308 1964 Declarat
1322 1937 1467 1964 multitudo
1480 1938 1702 1973 proscriptorum,
1725 1942 1762 1964 tot
1771 1938 1862 1964 muni·

1068 1976 1199 2010 cipiorum
1219 1976 1352 2002 maximae
1371 1974 1544 2002 calamitates.
1584 1976 1626 2002 44.
1648 1975 1743 2002 Caesar
1761 1979 1859 2006 autem,

1068 2013 1145 2039 annis
1156 2012 1249 2039 multis
1262 2013 1360 2042 minor,
1378 2017 1529 2043 veteranos,
1541 2013 1680 2048 cupientes
1690 2013 1743 2039 iam
1755 2012 1862 2047 requie-

1045 2060 1046 2064 *
1068 2058 1150 2081 scere,
1163 2051 1289 2077 armavit:
1306 2058 1363 2076 eam
1374 2049 1532 2084 complexus
1542 2055 1583 2076 est
1592 2058 1724 2079 0811558111,
1737 2057 1806 2085 quae
1817 2057 1861 2076 es-
1903 2074 1905 2076 ,

1068 2092 1108 2114 set
1122 2088 1240 2117 senatui,
1257 2095 1327 2122 quae
1342 2087 1454 2122 populo,
1471 2095 1540 2122 quae
1549 2092 1660 2113 cunctae
1670 2087 1774 2117 Italiae,
1791 2094 1861 2121 quae

1564 2124 1598 2150 Et
1611 2124 1755 2159 Pompeius
1774 2123 1808 2150 ad
1827 2124 1859 2150 L.

1067 2162 1158 2188 Sullae
1178 2163 1326 2188 maximum
1346 2162 1490 2196 imperium
1513 2162 1693 2196 victoremque
1713 2161 1859 2188 exercitum

1066 2199 1192 2226 accessit:
1214 2199 1309 2226 Caesar
1323 2207 1352 2225 se
1366 2199 1399 2225 ad
1415 2199 1549 2225 neminem
1565 2199 1701 2225 adiunxit:
1716 2199 1775 2233 ipse
1785 2198 1860 2233 prin-

1044 2242 1045 2252 *
1065 2245 1128 2271 ceps
1143 2237 1275 2263 exercitus
1290 2236 1403 2263 faciendi
1418 2241 1443 2263 et
1458 2235 1585 2271 praesidii
1604 2235 1775 2270 comparandi
1797 2234 1857 2261 fuit.

1066 2274 1112 2300 Ille
1127 2274 1155 2300 in
1166 2273 1377 2300 adversariorum
1390 2274 1511 2308 partibus
1522 2281 1614 2309 agrum
1626 2273 1752 2299 Picenum
1765 2271 1860 2299 habuit.

1065 2311 1219 2338 inimicum:
1237 2311 1281 2337 hic
1293 2319 1328 2337 ex
1338 2311 1446 2337 Antonii
1461 2311 1566 2340 amicis.
1581 2310 1628 2336 sed
1638 2309 1810 2336 amicioribus
1825 2309 1859 2335 Ii-

1064 2349 1186 2378 bertatis.
1203 2353 1293 2375 eontra
1302 2348 1449 2375 Antonium
1459 2347 1573 2374 confecit
1585 2347 1742 2373 exercitum.
1782 2346 1858 2372 Illius

1065 2386 1162 2420 opibus
1175 2385 1250 2412 Sulla
1265 2386 1398 2421 regnavit:
1415 2385 1497 2412 huius
1511 2383 1643 2419 praesidio
1652 2383 1760 2410 Antonii
1770 2383 1858 2410 domi-

1066 2428 1142 2449 natus
1162 2431 1308 2458 oppressus
1328 2427 1377 2449 est.
1422 2424 1462 2449 45.
1489 2422 1587 2448 Demus
1606 2421 1689 2456 igitur
1712 2421 1857 2455 imperium

1065 2460 1184 2486 Caesari:
1205 2461 1264 2486 sine
1283 2468 1337 2495 quo
1355 2468 1397 2486 res
1416 2459 1539 2486 militaris
1558 2457 1750 2489 administrari,
1772 2457 1856 2484 teneri

1064 2498 1205 2528 exercitus,
1218 2497 1319 2523 bellum
1330 2497 1387 2533 geri
1398 2505 1449 2523 non
1463 2499 1558 2531 potest.
1587 2495 1628 2522 Sit
1638 2503 1686 2530 pro
1696 2499 1814 2530 praetore
1824 2503 1857 2521 eo

1063 2535 1130 2566 iure,
1143 2543 1198 2569 quo
1207 2535 1255 2569 qui
1265 2535 1375 2569 optimo.
1404 2533 1456 2565 Qui
1467 2533 1559 2563 honos,
1571 2540 1736 2568 quamquam
1747 2536 1789 2558 est
1798 2540 1856 2558 ma-

1063 2580 1134 2607 gnus
1147 2571 1194 2598 illa
1205 2576 1301 2602 aetate,
1323 2575 1410 2597 tamen
1422 2570 1456 2596 ad
1465 2570 1650 2596 necessitatem
1660 2577 1749 2596 rerum
1759 2576 1856 2604 geren—

1063 2609 1172 2640 darum,
1197 2617 1250 2635 non
1265 2608 1353 2635 solum
1367 2607 1400 2634 ad
1414 2607 1570 2643 dignitatem
1585 2606 1662 2633 valet.
1701 2607 1792 2641 ltaque
1807 2605 1854 2632 illa

1063 2654 1224 2682 quaeramus
1231 2667 1237 2677 ,
1249 2654 1318 2681 quae
1328 2645 1376 2671 vix
1385 2644 1512 2671 hodierno
1520 2644 1564 2670 die
1573 2651 1778 2678 consequemur.

1118 2683 1199 2710 XVII.
1219 2683 1272 2710 Sed
1286 2690 1366 2717 saepe
1374 2689 1452 2717 spero
1463 2681 1518 2708 fore
1529 2681 1611 2708 huius
1621 2680 1796 2708 adolescentis
1809 2687 1855 2706 or-
