1941 3052
281 142 309 166 ΟΞ).
816 144 836 166 2.

873 141 1078 166 ΙῚιζΙῐΙιΤΙ

1114 141 1362 168 ,tuct‘t'ottls

278 212 348 236 nisse
361 211 463 245 poterit.
486 213 527 236 28.
544 211 613 237 tirno
626 210 823 236 disolutis-anun
838 216 862 236 ot
875 211 1065 245 perse-estissim·
1094 225 1095 243 ι
1119 213 1180 240 niat,
1196 221 1264 246 quae
1279 213 1354 238 tacite
1367 214 1499 239 contemni
1515 219 1593 248 atque
1609 215 1683 240 vitari
1695 215 1752 240 sine
1763 216 1904 249 reprehen-

1094 271 1095 283 ,
1118 249 1199 278 sione
1226 250 1276 275 nisi
1299 250 1420 284 exempla
1444 251 1593 280 sulm-cero
1619 252 1766 284 intelliwre
1787 253 1904 279 dilucide

277 253 316 273 est
335 253 481 281 argument-¹
484 249 554 273 ntioe
557 258 578 278 ;,ι
600 257 643 282 qu:
639 258 667 272 ιι·
683 249 708 273 in
723 249 843 282 quinqua·
859 253 944 282 partes
958 253 997 273 est
1011 248 1067 273 ‹lis-

278 286 384 315 tributzn
399 286 576 319 proposition(-
580 295 613 314 ιιι,
632 296 642 311 ι·
644 286 729 311 'itione
733 295 766 315 ιιι
784 286 892 310 ritionis
906 286 1023 310 contirm
1025 286 1067 310 iti-

277 332 362 352 onem.
379 323 585 352 exornationem,
601 322 821 356 complexionem.
858 323 1003 355 l'ropositio
1017 327 1063 351 est,

279 369 324 394 per
337 368 417 394 quam
432 359 598 385 ostendimus
612 360 775 389 snnnnatim,
791 359 857 393 quid
869 360 911 389 sit,
925 359 995 393 quod
1008 368 1067 393 pro-

279 398 338 422 bari·
355 397 488 422 volumus.
512 397 585 422 ltatio
599 402 638 422 est
648 405 748 426 caussa,
761 405 829 431 quae
839 396 1009 426 demonstrat,
1023 405 1067 421 ve-

278 443 336 460 rum
360 443 418 458 ess(-
442 434 476 464 id,
501 434 572 468 quod
597 434 768 464 intendimus,
795 433 867 459 brevi
891 433 1064 459 subiectione.

278 472 395 497 Rationis
413 471 577 496 contirniatio
595 475 634 496 est
648 480 686 500 ea,
702 479 771 504 quae
786 470 909 504 pluribus
924 479 1067 504 argumen-

278 509 311 534 tis
325 509 472 534 corroborat
488 508 601 533 breviter
615 508 760 542 expositam
773 508 908 533 rationein.
926 508 1068 533 Exornatio

277 550 325 576 est,
346 555 397 580 qua
419 546 518 570 utimur
537 545 572 570 rei
593 545 769 570 honestandae
788 549 813 571 et
826 544 1067 578 collocupletandae

278 592 380 613 caussa,
400 583 551 608 ‹·ontirmata
571 583 806 615 argumentatione.
848 582 1002 616 Complexio
1016 587 1064 612 est,

278 629 346 654 quae
364 619 497 645 concludit
512 619 634 650 breviter,
655 619 783 652 colligens
799 624 884 654 partes
899 624 1068 653 argumenta-

279 657 366 682 tionis.
405 657 475 682 MX.
493 657 568 682 llisce
584 657 665 689 igitur
678 657 798 691 quinque
813 657 932 691 partibus
949 662 975 682 ut
990 657 1067 683 abso-

279 694 410 720 lutissime
425 699 539 724 utamur,
558 694 605 719 hoc
621 694 697 719 modo
712 694 883 719 tractabimus
898 699 1067 727 argunwnta-

278 732 385 757 tionem.
410 732 536 757 Caussam
551 731 722 757 ostendemus
737 731 806 757 Ulixi
822 731 913 762 fuisse,
929 728 1011 765 quare
1026 732 1067 757 in-

278 768 408 794 terfecerit
421 769 540 797 Aiacem3
558 769 694 795 inimicum
710 769 781 794 enim
795 769 952 794 acerrimum
968 768 1000 794 de
1011 777 1067 794 me-

277 806 321 831 dio
341 806 430 832 tollere
449 806 560 836 volebat,
582 814 595 832 a
613 815 667 840 quo
685 806 736 831 sibi
752 814 802 831 non
818 806 913 831 iniuria
928 814 1064 831 summum

278 843 426 877 periculum
447 844 588 869 metuebat.
624 843 739 873 Videbat,
762 843 807 869 illo
829 843 955 870 incolumi
979 852 1006 869 sc
1025 844 1067 869 in-

277 880 408 906 columem
424 889 473 906 nou
490 880 623 912 futurum,
639 881 761 914 sperabat
775 881 849 907 illius
864 885 945 907 morte
956 890 983 907 se
994 881 1067 907 salu-

278 922 329 944 tem
344 918 395 943 sibi
410 927 574 952 comparare:
591 922 771 948 consueverat,
788 919 810 944 si
825 918 882 944 iure
893 927 944 944 non
956 922 1063 952 poterat,

277 956 372 989 quavis
396 955 492 981 iniuria
517 956 625 981 inimico
647 955 759 981 exitium
782 956 936 986 machinari,
961 956 1004 981 cui
1028 956 1065 981 rei

278 1001 348 1018 mors
367 993 475 1027 indigna
495 992 642 1018 Palamedis
661 993 842 1018 testimonium
861 993 914 1019 dat.
954 992 1024 1029 Ergo
1041 997 1067 1018 et

277 1035 364 1055 metus
387 1030 498 1064 periculi
522 1030 688 1061 hortabatur,
708 1038 769 1056 eum
792 1030 951 1061 interimere,
976 1039 990 1056 a
1012 1039 1067 1065 quo

276 1067 440 1101 supplicium
457 1067 607 1098 verebatur,
627 1072 653 1093 et
665 1067 830 1094 consuetudo
844 1067 969 1102 peccandi
985 1067 1068 1093 male-
1087 1074 1088 1087 ι

277 1104 329 1130 ficii
343 1104 507 1138 suscipiendi
522 1105 673 1131 removebat
686 1104 888 1131 dubitationem.
911 1106 952 1131 29.
967 1105 1067 1131 Omnes

276 1142 346 1168 enim
366 1150 449 1176 quum
470 1142 578 1168 minima
598 1146 702 1176 peccata
720 1150 781 1167 cum
795 1150 889 1168 caussa
904 1143 1064 1177 suscipiunt,
1087 1174 1088 1179 1

277 1183 334 1205 tum
357 1188 418 1205 vero
441 1179 494 1210 illa,
518 1188 586 1213 quae
606 1179 690 1205 multo
712 1180 827 1205 maxima
846 1184 909 1206 sunt
927 1179 1064 1210 maleficia,
1087 1186 1088 1205 1

276 1216 366 1251 aliquo
383 1221 453 1243 certo
467 1217 645 1243 emolumento
663 1216 764 1242 inducti
779 1217 914 1259 suscipere
927 1221 1065 1243 conantur.

277 1253 305 1280 Si
320 1253 417 1280 multos
432 1254 558 1280 induxit*
552 1263 578 1280 m
593 1258 729 1289 peccatum
742 1255 869 1288 pecuniae
879 1263 949 1297 spes,
962 1255 984 1280 si
995 1263 1068 1280 com-

277 1290 367 1334 plures
381 1291 479 1317 scelere
493 1300 522 1317 se
535 1292 781 1317 contaminaverunt
794 1292 900 1333 imperii
910 1292 1064 1326 cupiditate,

276 1329 298 1354 si
313 1328 391 1354 multi
407 1328 463 1355 leve
477 1329 665 1363 compendium
684 1328 776 1354 fraude
790 1329 906 1355 maxima
919 1334 1068 1355 commuta-

276 1370 351 1392 runt:
367 1366 410 1391 cui
426 1366 524 1392 mirum
538 1366 681 1396 videbitur,
698 1366 779 1392 istum
794 1375 807 1391 a
822 1366 951 1392 maleficio
962 1371 1068 1400 propter

276 1403 430 1429 acerrimam
445 1403 614 1429 formidinem
630 1401 701 1439 [sibi]
718 1412 769 1429 non
784 1403 963 1438 temperasse?
974 1404 1066 1430 Virum
1087 1414 1089 1430 ι

276 1440 460 1471 fortissimum,
474 1441 892 1476 integerrimum,inimicitiarum
903 1449 1068 1475 persequen-

276 1478 421 1509 tissimum,
438 1478 535 1504 iniuria
550 1478 711 1508 lacessitum,
727 1478 765 1503 ira
780 1478 972 1504 exsuscitatum
987 1478 1066 1504 homo

276 1515 399 1546 timidus,
425 1523 535 1546 nocens,
559 1516 682 1541 conscius
705 1515 747 1540 sui
771 1516 879 1549 peccati,
908 1515 1064 1546 insidiosus,
1088 1526 1089 1547 g

275 1553 415 1579 inimicum
438 1552 599 1578 incolumem
622 1561 680 1578 esse
702 1552 801 1584 noluit3
829 1553 872 1579 cui
893 1552 999 1578 tandem
1017 1552 1067 1579 hoc

276 1590 374 1616 mirum
398 1589 550 1615 videbitur?
575 1590 641 1616 Nam
663 1598 749 1624 quum
772 1589 840 1615 seras
863 1589 962 1616 bestias
976 1590 1067 1616 videa-

276 1636 337 1653 mus
355 1626 453 1653 alacres
473 1631 497 1653 et
511 1631 609 1653 erectas
623 1627 727 1658 vadere,
744 1630 773 1652 ut
787 1626 861 1653 alteri
875 1627 975 1653 bestiae
989 1635 1067 1653 noce-

275 1669 332 1690 ant:
349 1673 400 1690 non
415 1668 454 1690 est
467 1664 622 1690 incredibile
633 1664 791 1699 putandum,
803 1664 882 1690 istius
892 1673 1000 1699 quoque
1010 1665 1067 1690 ani·
1087 1666 1089 1693 ἔ

275 1711 350 1728 mum
369 1701 464 1733 ferum,
484 1701 619 1728 crudelem
638 1706 717 1736 atque
731 1701 908 1727 inhumanum
923 1701 1020 1736 cupide
1034 1701 1067 1727 ad

275 1739 377 1765 inimici
401 1739 544 1773 perniciem
567 1738 729 1773 prosectum;
757 1739 912 1772 praesertim
935 1747 1020 1773 quum
1039 1739 1066 1764 in
1088 1759 1089 1771 ,

276 1777 368 1803 bestiis
387 1776 488 1802 nullam
507 1784 593 1811 neque
612 1776 708 1802 bonam
727 1784 813 1810 neque
828 1776 923 1802 malam
939 1776 1066 1802 rationem
1087 1790 1088 1793 =

276 1813 424 1844 videamus,
441 1814 468 1840 in
482 1814 533 1839 isto
547 1813 676 1848 plurimas
691 1818 715 1839 et
729 1813 860 1847 pessimas
871 1814 984 1839 rationes
995 1822 1067 1839 sem-

275 1860 322 1886 per
336 1850 419 1876 fuisse
434 1851 625 1886 intelligamus.
661 1853 701 1877 30.
722 1851 750 1876 Si
768 1858 830 1886 ergo
845 1850 980 1884 pollicitus
993 1859 1064 1881 sum,

275 1897 318 1914 me
332 1888 457 1914 daturum
471 1897 602 1919 caussam,
619 1897 671 1923 qua
685 1888 811 1914 inductus
825 1887 916 1914 Ulixes
927 1888 1067 1914 accesserit

276 1925 308 1951 ad
327 1925 497 1956 maleficium,
516 1930 540 1951 et
566 1926 589 1952 si
603 1926 804 1952 inimicitiarum
819 1925 973 1951 acerrimam
987 1925 1067 1951 ratio-

276 1971 337 1989 nem
351 1967 375 1988 et
389 1962 500 1997 periculi
511 1967 611 1989 metum
622 1964 803 1989 intercessisse
813 1962 1001 1993 demonstravi,
1014 1971 1067 1988 non
1087 1973 1089 1988 ι

276 2004 316 2026 est
329 1999 452 2031 dubium,
461 2001 527 2034 quin
540 2000 695 2026 confiteatur
704 2008 826 2026 caussam
837 1999 960 2026 maleficii
970 1999 1064 2026 fuisse.

275 2037 345 2072 Ergo
359 2037 557 2063 absolutissima
568 2042 607 2063 est
616 2037 809 2073 argumentatio
823 2046 860 2068 ea,
869 2046 937 2072 quae
947 2037 1067 2072 exquin-

275 2083 329 2109 que
344 2075 464 2108 partibus
478 2079 592 2107 constat3
616 2075 663 2101 sed
677 2083 706 2101 ea
721 2084 772 2101 non
787 2083 892 2109 semper
905 2083 1013 2100 necesse
1027 2078 1067 2100 est

277 2112 324 2137 uti.
359 2112 426 2137 Tum
445 2113 516 2137 enim
529 2111 712 2146 complexione
726 2111 956 2146 supersedendum
971 2116 1019 2142 est,
1043 2112 1067 2137 si
1087 2131 1088 2136 ,

276 2158 318 2175 res
340 2148 429 2174 brevis
452 2153 500 2180 est,
524 2154 554 2175 ut
577 2148 653 2175 facile
671 2150 798 2175 memoria
811 2149 1064 2183 coniprehendatur3

276 2191 333 2212 tum
347 2186 482 2212 exornatio
496 2186 726 2220 praetermittenda
740 2191 788 2217 est,
804 2187 827 2213 si
842 2195 936 2221 parum
948 2185 1066 2220 locuples

276 2223 309 2249 ad
331 2222 547 2257 amplificandum
570 2228 595 2249 et
617 2224 799 2250 exornandum
817 2232 859 2250 res
874 2223 979 2249 videtur
997 2232 1064 2249 esse.

276 2261 323 2287 Sin
338 2265 363 2286 et
377 2261 466 2286 brevis
480 2261 529 2286 erit
543 2261 743 2296 argumentatio,
760 2265 785 2287 et
799 2270 840 2287 res
855 2261 943 2286 tenuis
957 2265 1002 2286 aut
1015 2260 1067 2286 hu-
1087 2257 1089 2264 ¹

277 2298 356 2328 milis.
382 2301 439 2323 tum
461 2302 486 2324 et
508 2298 676 2324 exornatione
699 2302 724 2324 et
741 2298 924 2332 complexione
942 2306 1067 2332 superse-

275 2335 394 2361 dendum
408 2339 457 2361 est.
478 2336 507 2361 In
521 2336 593 2361 omni
607 2336 834 2370 argumentatione
847 2335 880 2361 de
890 2335 996 2361 duabus
1006 2343 1067 2369 par·
1086 2339 1088 2345 ¹

276 2373 349 2398 tibus
363 2373 504 2407 postremis
518 2372 591 2403 haec,
604 2381 685 2407 quam
699 2373 820 2407 exposui,
837 2372 902 2398 ratio
916 2377 955 2398 est
966 2372 1067 2398 haben-

275 2409 319 2435 da.
343 2409 413 2444 Ergo
426 2409 592 2444 amplissima
606 2414 645 2435 est
658 2410 850 2445 argumentatio
863 2410 1068 2444 quinqueparti-

276 2451 314 2479 ta3
343 2446 501 2474 brevissima
516 2452 555 2473 est
569 2447 711 2481 tripartita;
736 2447 886 2477 mediocris,
903 2446 1008 2473 sublata
1021 2450 1067 2473 aut

275 2484 445 2510 exornatione
458 2488 504 2510 aut
515 2484 708 2518 complexione,
724 2484 924 2519 quadripartita.

332 2520 393 2547 XX.
410 2522 450 2546 34.
470 2521 526 2547 Duo
538 2530 635 2556 genera
649 2526 712 2547 sunt
726 2522 883 2548 vitiosarum
897 2525 1067 2556 argumenta-

276 2558 393 2584 tionum:
421 2566 515 2588 unum,
535 2558 608 2593 quod
626 2559 659 2585 ab
673 2558 824 2584 adversario
842 2558 1000 2593 reprehendi
1019 2567 1068 2593 po-

276 2599 335 2625 test,
351 2595 433 2629 idque
447 2596 560 2629 pertinet
573 2596 605 2622 ad
618 2604 755 2622 caussam:
768 2595 890 2627 alterum,
901 2595 983 2630 quod,
1000 2599 1067 2621 tam-

276 2632 326 2658 etsi
344 2632 513 2667 nugatorium
531 2637 583 2663 est,
604 2637 691 2659 tamen
710 2642 761 2659 non
779 2632 882 2668 indiget
899 2632 1068 2667 reprehensi·
1087 2631 1095 2669 ᾗ

275 2669 344 2696 onis.
366 2669 438 2701 Quae
452 2669 513 2700 sint,
530 2678 598 2705 quae
611 2670 817 2705 reprehensione
830 2669 960 2696 confutari
970 2678 1067 2696 conve—
1087 2687 1089 2697 .

1094 301 1095 306 ι
1118 294 1168 311 non
1184 287 1290 320 [niteris.

1322 287 1389 312 llaec
1402 288 1517 321 cognitio
1532 289 1685 314 vitiosarum
1700 291 1905 320 argumentatio-

1119 331 1182 348 num
1197 323 1331 357 duplicem
1348 325 1485 350 utilitatem
1500 325 1597 351 afferet.
1621 326 1684 351 Nam
1699 331 1724 351 et
1736 327 1816 352 vitare
1827 327 1853 352 in
1865 336 1905 353 ar—

1118 361 1314 391 gumentatione
1329 362 1422 387 vitium
1438 362 1598 392 admonebit,
1614 367 1638 388 et
1652 363 1685 388 ab
1699 363 1758 388 aliis
1773 372 1823 389 non
1839 364 1905 389 vita-

1094 420 1095 423 ,
1119 401 1174 422 tum
1189 398 1325 423 commode
1340 399 1530 432 reprebendi-re
1544 399 1657 425 docebit.
1679 400 1808 432 Quoniam
1825 401 1906 433 igitur

1118 434 1292 465 ostendimus,
1319 436 1458 469 perse-ctam
1482 441 1507 461 ιί
1529 436 1633 470 plenam
1652 438 1905 470 argumentationem

1118 480 1150 496 ex
1164 472 1284 506 quinque
1300 473 1419 506 partibus
1433 478 1560 501 constare,
1575 474 1600 499 in
1613 482 1772 509 unaquaque
1784 480 1856 508 parte
1866 484 1906 501 ar-

1118 510 1324 540 gumontationis
1338 518 1406 544 (piae
1421 511 1483 535 vitia
1500 511 1603 536 vitanda
1618 512 1679 541 sint,
1695 512 1904 542 consideremus,

1120 550 1147 570 ut
1161 550 1186 571 et
1200 546 1250 580 ipsi
1266 547 1298 572 ab
1314 547 1355 572 bis
1371 547 1441 573 vitiis
1457 547 1585 577 rect-dere,
1602 553 1626 573 et
1640 549 1851 575 adversariorum
1866 558 1907 575 ai·-

1117 584 1328 615 ‚rgumcntationes
1348 584 1395 609 hac
1410 585 1591 618 praeceptione
1607 585 1632 611 in
1646 586 1772 611 omnibus
1787 587 1907 620 partibus

1119 624 1216 645 tentare
1230 625 1253 646 et
1268 621 1301 646 ab
1315 621 1402 655 aliqua
1419 627 1489 655 parti:
1505 621 1659 648 labefactare
1678 623 1822 657 possimus.
1864 625 1905 650 32.

1119 657 1255 691 Expositio
1279 659 1371 684 vitiosa
1394 664 1442 689 est,
1467 667 1551 693 quum
1571 660 1604 685 ab
1621 659 1710 694 aliqua
1725 665 1769 686 aut
1783 668 1796 685 a
1809 661 1907 687 maiore

1119 698 1190 728 parte
1205 695 1235 720 nd
1250 704 1342 720 ornnes
1355 695 1488 722 confertur
1503 696 1537 726 id.
1554 697 1625 731 quod
1640 706 1691 723 non
1706 698 1854 723 necessario
1867 702 1907 724 est

1117 731 1243 757 omnibus
1261 732 1431 763 attributum
1461 738 1489 759 ut
1506 734 1528 759 si
1547 734 1608 768 quis
1624 734 1672 759 hoc
1687 734 1764 760 modo
1777 740 1904 768 exponat:

1117 768 1224 799 Omnes,
1241 770 1287 803 qui
1303 770 1328 795 in
1344 775 1496 804 paupertate
1510 775 1580 800 sunt
1601 771 1703 797 malunt
1718 771 1847 798 maleficio
1860 780 1907 806 pa-

1118 814 1174 831 rare
1188 806 1304 836 diuitias.
1321 815 1401 841 (μιῑιιιι
1416 807 1502 833 ofticio
1517 813 1696 842 paupertatem
1711 809 1788 834 tueri.
1805 809 1906 844 Siquis

1118 842 1167 868 hoc
1185 843 1263 869 modo
1276 845 1428 877 exposuerit
1442 845 1705 879 argumentationem,
1726 850 1755 871 ut
1769 854 1819 872 non
1833 851 1907 872 curet

1117 888 1252 922 quaerere,
1277 880 1365 915 qualis
1388 882 1452 907 ratio
1474 886 1518 908 aut
1544 883 1651 908 rationis
1673 882 1836 909 confirmatio
1861 884 1904 912 sit.

1118 917 1202 951 ipsam
1230 917 1306 943 facile
1333 919 1558 953 reprehendemus
1586 920 1791 954 expositionem,
1819 928 1905 954 quum

1117 954 1297 986 ostendemus,
1314 955 1350 985 id,
1366 956 1438 990 quod
1452 956 1479 982 in
1494 956 1584 991 aliquo
1597 965 1712 991 paupere
1727 957 1848 991 improbo
1860 958 1904 987 sit,

1118 992 1144 1017 in
1159 1000 1251 1018 omnes
1265 1001 1396 1027 pauperes
1411 993 1477 1019 salso
1491 998 1515 1019 et
1529 994 1625 1020 iniuria
1639 993 1761 1020 conferri.
1786 996 1826 1020 33.
1842 995 1906 1020 Item

1118 1029 1212 1055 vitiosa
1238 1031 1370 1064 expositio
1395 1035 1442 1061 est,
1472 1039 1556 1065 quum
1572 1031 1607 1061 id,
1635 1031 1707 1065 quod
1726 1039 1783 1057 raro
1797 1031 1834 1062 fit,
1850 1032 1906 1058 lieri

1117 1067 1225 1093 omnino
1239 1072 1359 1102 negatur,
1376 1067 1425 1094 hoc
1436 1068 1526 1094 modo:
1544 1069 1626 1094 Nemo
1640 1073 1724 1102 potest
1735 1077 1788 1095 uno
1799 1073 1906 1103 aspectu

1119 1112 1204 1138 neque
1224 1105 1384 1139 praeteriens
1402 1106 1429 1131 in
1443 1114 1558 1131 amorem
1573 1106 1698 1131 incidere.
1733 1106 1799 1132 Nam
1821 1114 1906 1141 quum

1119 1150 1250 1167 nonnemo
1263 1142 1399 1168 devenerit
1413 1143 1439 1168 in
1453 1151 1568 1169 amorem
1584 1151 1637 1168 uno
1650 1147 1768 1177 aspectu.
1784 1148 1809 1169 et
1822 1152 1906 1178 quum

1118 1178 1162 1204 ille
1177 1179 1310 1205 neminem
1325 1179 1422 1206 dixerit
1435 1181 1550 1210 omnino,
1568 1180 1634 1206 nihil
1647 1180 1724 1206 refert
1734 1189 1792 1206 raro
1801 1180 1828 1206 id
1840 1180 1905 1210 fieri,

1088 1222 1089 1246 j
1117 1215 1263 1242 dummodo
1281 1216 1424 1251 aliquando
1443 1217 1498 1243 lieri
1513 1222 1557 1243 aut
1572 1226 1649 1252 posse
1663 1217 1719 1243 fieri
1733 1217 1906 1253 intelligatur.

1095 1270 1096 1275 .
1118 1253 1192 1279 xxi.
1216 1254 1279 1279 Item
1303 1255 1397 1281 vitiosa
1420 1255 1550 1289 expositio
1571 1259 1618 1285 est,
1644 1263 1729 1289 quum
1751 1263 1844 1281 omnes
1866 1263 1908 1281 res

1095 1467 1096 1471 ,
1119 1440 1243 1466 heredem
1257 1445 1413 1467 testamento
1426 1449 1458 1467 ex
1473 1445 1545 1475 parte
1559 1440 1663 1466 fecerat.

1117 1290 1284 1316 ostendimus
1306 1300 1354 1317 nos
1375 1291 1514 1327 collegisse
1537 1297 1562 1318 et
1580 1291 1696 1326 aliquam
1716 1300 1770 1317 rem
1785 1292 1907 1318 idoneam

1118 1328 1301 1361 praeterimus,
1318 1328 1367 1355 hoc
1381 1329 1471 1355 modo:
1487 1329 1617 1361 Quoniam
1628 1329 1709 1364 igitur
1720 1328 1853 1355 hominem
1863 1337 1909 1355 oe-

1117 1365 1204 1390 cisum
1226 1370 1328 1391 constat
1348 1374 1416 1397 esse,
1441 1375 1548 1392 necesse
1566 1371 1605 1392 est
1631 1371 1676 1392 aut
1701 1375 1715 1392 a
1729 1366 1908 1400 praedonibus

1118 1407 1163 1428 aut
1181 1403 1214 1429 ab
1231 1403 1348 1429 inimicis
1366 1404 1484 1429 occisum
1511 1412 1569 1429 esse
1590 1408 1635 1429 aut
1649 1403 1696 1429 abs
1711 1408 1743 1434 te,
1767 1412 1848 1438 quem
1862 1403 1908 1430 ille

1702 1441 1848 1467 Praedones
1861 1439 1909 1467 illo

1095 1504 1096 1507 ,
1119 1477 1175 1503 loco
1189 1486 1336 1512 numquam
1351 1483 1414 1504 sunt
1427 1479 1492 1511 visi:
1508 1478 1648 1504 inimicum
1663 1477 1767 1504 nullum
1778 1477 1906 1504 habebat:

1118 1514 1287 1549 relinquitur,
1315 1516 1339 1541 si
1352 1524 1439 1550 neque
1453 1524 1466 1541 a
1481 1515 1660 1550 praedonibus
1674 1523 1760 1549 neque
1774 1514 1807 1541 ab
1817 1515 1909 1541 iuimi-

1118 1553 1156 1578 cis
1170 1553 1275 1578 occisus
1289 1556 1337 1583 est,
1353 1553 1480 1587 quoniam
1494 1552 1567 1578 alteri
1583 1561 1634 1579 non
1648 1556 1730 1582 erant,
1747 1551 1842 1578 alteros
1856 1560 1908 1578 non

1088 1583 1096 1627 Ι
1118 1589 1240 1619 habebat,
1257 1593 1286 1615 ut
1299 1590 1347 1615 abs
1361 1594 1386 1615 te
1399 1590 1433 1616 sit
1447 1590 1632 1624 interemptus.
1660 1590 1725 1615 Nam
1739 1589 1766 1615 in
1781 1589 1909 1616 huiuscoe

1119 1626 1190 1652 modi
1217 1627 1381 1661 expositione
1408 1627 1612 1661 reprehensione
1642 1631 1762 1657 utemur,
1789 1627 1813 1652 si
1839 1635 1908 1661 quos

1119 1668 1221 1698 praeter
1238 1672 1291 1695 ρος,
1307 1672 1375 1698 quos
1388 1664 1434 1690 ille
1448 1664 1553 1695 dixerit,
1570 1664 1688 1698 potuisse
1702 1663 1838 1698 suscipere
1852 1672 1909 1690 ma-

1119 1701 1234 1727 leficium
1249 1701 1458 1734 ostenderimus;
1484 1701 1557 1727 velut
1570 1702 1598 1727 in
1612 1701 1661 1728 hoc
1675 1700 1806 1735 exemplo,
1822 1709 1907 1736 quum

1117 1738 1215 1764 dixerit
1228 1747 1336 1764 necesse
1350 1747 1417 1770 esse,
1434 1743 1479 1765 aut
1492 1747 1507 1764 a
1520 1738 1699 1773 praedonibus
1713 1743 1758 1764 aut
1770 1738 1804 1764 ab
1817 1738 1909 1764 inimi-

1117 1776 1155 1801 cis
1169 1780 1215 1802 aut
1228 1784 1242 1801 a
1256 1776 1332 1802 nobis
1346 1777 1464 1802 occisum
1478 1784 1545 1807 esse,
1573 1775 1694 1802 dicemus
1708 1776 1828 1810 potuisse
1842 1775 1882 1801 vel
1893 1784 1907 1802 a

1118 1812 1218 1839 familia
1241 1813 1283 1839 vel
1298 1822 1311 1839 a
1324 1813 1500 1839 coheredibus
1515 1813 1621 1839 nostris.
1659 1812 1749 1845 Quum
1767 1812 1816 1838 hoc
1830 1812 1908 1839 modo

1117 1850 1225 1876 illorum
1239 1850 1420 1876 collectionem
1434 1850 1684 1881 disturbmerimus,
1697 1850 1774 1876 nobis
1789 1849 1907 1876 latiorem

1118 1886 1205 1914 locuni
1219 1887 1380 1914 defendendi
1393 1887 1586 1923 relinquemus.
1607 1887 1678 1923 Ergo
1691 1887 1740 1913 hoc
1749 1895 1858 1922 quoque
1867 1887 1909 1913 vi-

1118 1925 1228 1951 tandum
1247 1930 1287 1951 est
1304 1926 1332 1951 in
1350 1925 1524 1960 expositione,
1543 1934 1575 1951 ne
1589 1924 1705 1960 quando,
1720 1933 1806 1959 quum
1819 1925 1907 1950 omnia

1117 1962 1257 1997 collegisse
1279 1962 1426 1993 videamur,
1451 1962 1569 1997 aliquam
1585 1962 1708 1988 idoneam
1726 1966 1827 1996 partem
1845 1961 1908 1987 reli-

1117 2000 1266 2034 querimus.
1301 2001 1342 2026 34.
1362 2001 1427 2026 Item
1442 2000 1536 2026 vitiosa
1550 1999 1681 2034 expositio
1694 2003 1742 2029 est,
1763 2007 1831 2033 quae
1844 2007 1908 2025 con—

1117 2041 1169 2063 stat
1182 2045 1216 2063 ex
1229 2036 1294 2063 falsa
1309 2037 1520 2069 enumeratione,
1548 2041 1577 2062 ut
1595 2037 1626 2067 si,
1643 2044 1728 2071 quum
1743 2035 1820 2070 plura
1833 2040 1905 2067 sunt,

1117 2074 1241 2108 pauciora
1254 2074 1384 2105 dicamus,
1400 2074 1449 2100 hoc
1463 2073 1554 2100 modo:
1570 2074 1641 2100 Duae
1655 2082 1696 2099 res
1710 2078 1781 2104 sunt,
1793 2072 1905 2104 iudices,

1117 2120 1185 2146 quae
1203 2111 1325 2138 homines
1343 2112 1376 2137 ad
1394 2111 1553 2137 maleficium
1572 2110 1723 2152 impellunt,
1749 2110 1869 2136 luxuries
1882 2114 1908 2137 et

1117 2149 1236 2174 avaritia.
1268 2148 1338 2180 Quid
1353 2148 1443 2175 amor?
1460 2149 1564 2182 inquiet
1576 2148 1726 2202 quispiam:
1741 2147 1808 2182 quid
1821 2147 1908 2173 ambi-

1118 2185 1172 2212 tio?
1193 2185 1260 2220 quid
1277 2185 1388 2221 religio?
1409 2185 1475 2220 quid
1490 2190 1576 2211 metus
1592 2184 1701 2211 mortis'?
1721 2184 1808 2219 quid
1801 2184 1908 2219 imperii

1117 2222 1268 2257 cupiditas‘2
1293 2223 1359 2258 quid
1377 2222 1493 2257 denique
1511 2222 1561 2248 alia
1580 2220 1730 2257 permulta?
1759 2222 1823 2248 Item
1841 2221 1908 2248 falsa

1117 2261 1282 2286 enumeratio
1299 2265 1347 2291 est,
1375 2269 1461 2294 quum
1480 2260 1603 2294 pauciora
1620 2263 1691 2289 sunt,
1712 2263 1737 2284 et
1751 2258 1828 2293 plura
1840 2258 1908 2285 dici-

1117 2306 1187 2329 mus,
1204 2297 1253 2323 hoc
1267 2281 1357 2323 modo:
1374 2297 1438 2323 Tres
1452 2306 1494 2323 res
1507 2301 1578 2327 sunt,
1594 2304 1662 2331 quae
1676 2296 1798 2322 homines
1807 2295 1908 2322 soltici-

1117 2338 1181 2365 tant,
1197 2339 1293 2365 metus,
1309 2334 1451 2369 cupiditas,
1468 2333 1614 2369 aegritudo.
1653 2332 1723 2359 Satis
1736 2333 1808 2359 enim
1822 2332 1909 2359 fuerat

1117 2371 1218 2398 dixisse
1233 2376 1333 2398 metum
1345 2376 1370 2397 et
1380 2371 1566 2406 cupiditatem,
1577 2370 1702 2405 quoniam
1713 2369 1908 2405 aegritudinem

1117 2417 1179 2434 cum
1193 2413 1305 2443 utraque
1318 2417 1346 2435 re
1359 2409 1525 2435 coniunctam
1544 2416 1602 2433 esse
1616 2416 1723 2433 necesse
1737 2412 1786 2434 est.
1819 2407 1905 2433 xxu.

1117 2447 1182 2472 Item
1196 2446 1290 2472 vitiosa
1305 2446 1436 2480 expositio
1449 2450 1496 2476 est,
1508 2453 1577 2479 quae
1591 2445 1705 2470 nimium
1720 2443 1798 2480 longe
1810 2444 1908 2479 repeti-
1936 2454 1937 2457 ¹

1118 2487 1169 2514 tur,
1186 2483 1235 2509 hoc
1248 2483 1339 2509 modo:
1356 2482 1482 2509 Omnium
1497 2481 1627 2508 malorum
1641 2481 1754 2507 stultitia
1764 2486 1804 2508 est
1813 2486 1904 2512 mater,

1117 2529 1185 2555 quae
1206 2519 1278 2556 [prae
1291 2518 1395 2556 ceteris]
1412 2520 1478 2554 parit
1492 2520 1636 2545 immensas
1650 2518 1820 2553 cupiditates.
1853 2519 1908 2545 Im-

1094 2563 1095 2566 ’
1117 2566 1224 2583 mensae
1250 2566 1328 2599 porro
1353 2557 1511 2592 cupiditates
1533 2556 1651 2582 inanitae
1673 2560 1699 2581 et
1719 2555 1907 2582 immoderatae

1117 2599 1189 2620 sunt.
1205 2595 1258 2620 Hae
1272 2595 1379 2629 pariunt
1391 2594 1538 2620 aiaritiam
1553 2593 1670 2619 Avaritia
1683 2601 1761 2627 porro
1770 2593 1906 2619 hominem
1939 2615 1941 2620 ,

1117 2631 1150 2657 ad
1163 2632 1279 2666 quodvis
1294 2631 1454 2657 maleficium
1467 2629 1591 2673 impellit.
1606 2631 1691 2665 Igitur
1703 2630 1813 2656 avaritia
1825 2629 1908 2656 indu-

1117 2669 1152 2695 cti
1175 2669 1319 2695 adxersarii
1341 2668 1424 2695 nostri
1445 2668 1495 2694 hoc
1516 2668 1544 2694 in
1562 2676 1592 2694 se
1608 2667 1712 2694 facinus
1729 2667 1904 2694 admiserunt.

1939 2579 1941 2608 A

1939 2677 1941 2699 l

1940 2728 1941 2740 ι
