1941 3052
218 111 232 122 x

453 135 500 162 IN
531 135 732 163 VERREM
764 136 864 163 ACT.

70 206 119 232 hoc
137 215 150 231 a
170 206 246 232 vobis
264 206 381 241 populus
399 206 535 233 Romanus
553 210 700 241 exspectat,
725 215 812 241 neque
834 215 864 233 eo

70 248 156 279 potest
169 252 227 269 esse
241 248 393 275 contentus,
414 244 437 270 si
450 244 642 270 condemnatus
656 245 691 270 sit
703 245 739 274 is,
756 245 803 278 qui
818 244 864 270 ad—

70 289 128 307 esse
143 280 270 312 noluerit,
291 285 315 307 et
329 282 352 307 si
366 280 445 307 fortes
460 281 563 307 fueritis
577 282 605 307 in
623 290 666 312 eo,
686 290 767 316 quem
787 290 864 308 nemo

70 319 104 344 sit
118 327 200 344 ausus
214 318 364 344 defendere.
406 319 490 344 Immo
508 327 571 345 vero
589 318 670 349 adsit,
692 319 862 353 respondeat:

70 357 184 382 summis
202 356 311 390 opibus,
332 364 438 382 summo
454 356 543 382 studio
557 356 801 390 potentissimorum
817 356 865 381 ho-

70 393 174 419 minum
188 392 357 419 defendatur:
374 398 454 419 certet
468 402 525 419 mea
536 393 673 428 diligentia
683 402 744 419 cum
757 393 863 419 illorum

70 430 191 456 omnium
205 430 362 464 cupiditate,
384 435 470 456 vestra
489 431 626 465 integritas
644 439 706 456 cum
724 431 803 456 istius
818 439 865 464 pe-

69 468 161 499 cunia,
181 468 290 494 testium
305 468 450 494 constantia
464 476 525 493 cum
540 468 614 493 illius
629 472 798 502 patronorum
814 468 865 493 mi-

70 505 111 530 nis
126 509 205 540 atque
219 505 344 539 potentia.
384 505 451 531 Tum
466 505 575 531 demum
590 504 634 530 illa
650 505 717 530 vieta
732 504 865 530 videbun-

70 546 126 573 tur,
151 551 236 577 quum
260 542 287 568 in
310 543 504 568 contentionem
527 546 714 576 certamenque
733 542 862 567 venerint.

71 580 94 606 4.
115 579 219 605 Absens
234 580 257 606 si
271 580 320 606 iste
335 584 405 605 esset
418 579 571 609 damnatus,
593 588 644 605 non
663 583 716 604 tam
736 579 793 613 ipse
812 579 863 604 sibi

69 616 252 648 consuluisse,
273 626 353 652 quam
372 617 502 643 invidisse
516 620 618 642 vestrae
634 615 705 641 laudi
720 616 863 641 videretur.

70 654 101 680 11.
117 654 209 689 Neque
220 654 292 680 enim
306 654 379 680 salus
394 654 448 680 ulla
462 653 623 688 reipublicae
638 653 721 679 maior
735 653 784 678 boc
798 657 865 678 tem-

70 699 133 725 pore
146 692 256 726 reperiri
271 696 364 726 potest,
381 700 461 726 quam
476 690 607 725 populum
621 691 771 716 Romanum
786 690 865 716 intel-

71 728 160 763 ligere,
177 728 318 764 diligenter
331 729 434 754 reiectis
449 728 481 753 ab
495 732 646 753 accusatore
660 727 804 757 iudicibus,
821 736 865 753 so-

70 766 137 797 cios,
160 765 244 801 leges,
266 765 459 800 rempublicam
478 765 609 791 senatorio
622 764 734 791 consilio
748 765 864 790 maxime

70 812 148 837 posse
161 803 282 829 defendi:
298 811 385 838 neque
397 807 466 828 tanta
478 802 591 828 fortunis
602 803 722 828 omnium
734 802 864 836 pernicies

70 844 155 874 potest
173 839 323 871 accidere*,
344 849 425 874 quam
443 840 567 874 opinione
585 839 678 874 populi
692 840 803 865 Romani
823 848 865 865 ra-

69 877 168 903 tionem
182 878 310 908 veritatis,
326 878 493 912 integritatis,
511 876 584 907 fidei,
602 877 751 912 religionis,
768 877 801 902 ab
816 877 864 902 hoc

68 914 161 941 oidine
179 915 336 941 abiudicari.
376 916 401 941 5.
425 915 516 949 Itaque
535 915 601 940 mihi
620 915 724 944 videor,
750 914 861 956 iudices,

69 960 119 985 maj
114 961 206 983 .:,nam
228 957 252 978 et
266 953 382 978 maxime
396 961 501 987 aegram
516 956 540 977 et
555 960 635 994 prope
650 951 797 986 depositam
813 952 864 977 rei-

68 974 191 1024 publicae
205 993 306 1024 partem
321 990 485 1023 suscepisse:
503 998 588 1024 neque
603 990 629 1015 in
641 998 671 1015 eo
683 989 767 1024 magis
779 997 861 1019 meae,

68 1035 149 1069 quam
168 1031 270 1053 vestrae
290 1026 361 1052 laudi
380 1027 624 1061 existimationique
647 1027 772 1052 servisse.
812 1027 864 1052 Ac-

68 1065 137 1090 cessi
151 1064 222 1090 enim
237 1064 270 1090 ad
282 1064 412 1090 invidiam
426 1064 588 1090 iudiciorum
603 1063 742 1089 levandam
758 1064 864 1098 vitupe—

68 1101 251 1136 rationemque
270 1101 427 1127 tollendam:
449 1106 490 1131 ut,
511 1110 597 1136 quum
616 1101 680 1127 baec
699 1109 740 1127 res
755 1110 802 1135 pro
817 1110 863 1127 vo-

69 1138 169 1165 luntate
183 1139 276 1174 populi
286 1139 398 1165 Romani
413 1143 482 1165 esset
496 1138 622 1169 iudicata,
639 1138 729 1173 aliqua
743 1147 776 1165 ex
790 1143 863 1173 parte

68 1184 126 1202 mea
144 1176 283 1212 diligentia
300 1177 443 1203 constituta
457 1177 597 1202 auctoritas
612 1176 772 1202 iudiciorum
788 1176 864 1202 vide-

67 1217 153 1240 retur:
174 1218 315 1248 postremo,
332 1218 362 1240 ut
375 1218 446 1240 esset
459 1213 508 1240 hoc
521 1214 679 1244 iudicatum,
697 1218 725 1239 ut
740 1213 800 1239 sinis
814 1213 864 1239 ali-

67 1251 175 1285 quando
193 1251 347 1278 iudiciariae
365 1251 559 1278 controversiae.
581 1252 796 1277 constitueretur.
837 1253 861 1277 6.

66 1287 172 1314 Etenim
187 1289 244 1315 sine
262 1288 357 1320 dubio,
378 1288 494 1319 iudices,
514 1289 543 1315 in
561 1288 611 1315 hac
628 1297 722 1314 caussa
737 1297 766 1314 ea
780 1296 822 1314 res
836 1289 863 1314 in

67 1325 211 1352 discrimen
226 1326 377 1352 adducitur.
415 1327 487 1352 Reus
501 1330 541 1352 est
554 1326 626 1352 enim
641 1326 861 1352 nocentissimus:

67 1363 114 1397 qui
130 1363 153 1389 si
167 1363 367 1394 condemnatur,
384 1363 507 1389 desinent
521 1363 642 1389 homines
654 1363 750 1394 dicere,
768 1363 810 1389 bis
822 1364 864 1389 iu—

67 1400 145 1427 diciis
160 1401 301 1436 pecuniam
316 1400 464 1435 plurimum
478 1409 570 1435 posse:
587 1401 629 1426 sin
644 1400 801 1431 absolvitur,
817 1400 864 1426 de-

67 1438 189 1464 sinemus
203 1447 251 1464 nos
265 1438 298 1464 de
312 1438 420 1464 iudiciis
432 1437 621 1464 transferendis
631 1446 763 1464 recusare.
785 1438 864 1464 Tam-

67 1476 116 1502 etsi
135 1475 168 1501 de
186 1475 353 1502 absolutione
370 1476 450 1502 istius
469 1484 556 1510 neque
575 1475 633 1509 ipse
647 1476 699 1501 iam
714 1479 803 1510 sperat
817 1483 863 1501 nec

67 1513 185 1548 populus
199 1513 335 1539 Romanus
354 1514 463 1539 metuit:
484 1513 517 1538 de
535 1512 702 1547 impudentia
722 1512 861 1548 singulari

67 1550 139 1585 quod
153 1549 235 1581 adest,
252 1550 324 1585 quod
339 1550 487 1585 respondet,
504 1554 567 1576 sunt
578 1550 625 1584 qui
637 1534 782 1576 mirentur-⁰:
797 1550 863 1576 mihi

67 1596 115 1622 pro
127 1592 212 1614 cetera
226 1587 284 1614 eius
298 1587 407 1614 audacia
422 1592 502 1622 atque
516 1588 629 1613 amentia
644 1595 676 1613 ne
690 1587 739 1613 hoc
753 1587 863 1629 quidem

68 1625 219 1651 mirandum
235 1624 349 1651 videtur.
390 1624 473 1651 Multa
492 1624 563 1650 enim
578 1629 603 1650 et
616 1625 643 1650 in
658 1624 721 1650 deos
735 1629 761 1650 et
774 1625 801 1650 in
816 1624 864 1650 ho-

67 1662 153 1689 mines
167 1663 249 1697 impie
263 1662 417 1697 nefarieque
430 1662 577 1688 commisit:
602 1670 717 1696 quorum
732 1661 863 1688 scelerum

68 1700 160 1734 poenis
175 1700 289 1736 agitatur
302 1704 328 1726 et
341 1708 354 1726 3
369 1704 456 1726 mente
470 1698 636 1734 consilioque
650 1699 802 1726 deducitur.

122 1737 165 1763 111.
181 1737 206 1763 7.
222 1737 313 1773 Agunt
326 1745 387 1763 eum
403 1737 574 1772 praecipitem
587 1744 687 1771 poenae
700 1737 802 1763 civium
812 1736 865 1763 Ro-

67 1783 220 1806 manorum,
245 1783 313 1810 quos
332 1775 428 1809 partim
448 1775 535 1800 securi
554 1774 699 1809 percussit,
720 1774 816 1808 partim
836 1774 864 1800 in

67 1811 184 1838 vinculis
199 1812 310 1843 necavit,
327 1812 424 1847 partim
438 1811 611 1846 implorantes
625 1811 684 1838 iura
699 1811 828 1837 libertatis
839 1815 864 1837 et

67 1849 182 1876 civitatis
200 1849 227 1876 in
245 1857 351 1875 crucem
371 1848 490 1875 sustulit.
530 1849 649 1884 Rapiunt
666 1857 728 1875 eum
747 1848 780 1875 ad
798 1857 865 1883 sup—

67 1886 178 1922 plicium
193 1886 230 1913 dii
245 1887 337 1922 patrii:
354 1886 426 1922 quod
439 1887 490 1912 iste
503 1894 575 1912 unus
589 1886 716 1912 inventus
731 1890 779 1917 est,
791 1886 840 1921 qui
850 1894 864 1912 e

67 1923 209 1959 complexu
228 1928 367 1959 parentum
382 1924 505 1959 abreptos
519 1923 588 1950 filios
602 1923 635 1949 ad
650 1931 741 1950 necem
755 1923 865 1950 duceret

67 1965 93 1988 et
110 1965 232 1996 parentes
250 1961 366 1996 pretium
385 1969 433 1996 pro
450 1960 588 1996 sepultura
604 1960 718 1987 liberum
732 1965 862 1996 posceret.

66 1998 219 2034 Religiones
237 2006 299 2025 vero
325 1999 554 2033 caerimoniaeque
578 1998 701 2024 omnium
727 2006 864 2025 sacrorum

68 2035 245 2071 fanorumque
258 2035 371 2062 violatae
384 2035 582 2070 simulacraque
595 2035 716 2067 deorum,
732 2043 801 2070 quae
811 2044 864 2062 non

67 2072 147 2100 modo
160 2081 194 2100 ex
207 2073 265 2099 suis
278 2072 386 2107 templis
400 2072 487 2099 ablata
500 2076 572 2104 sunt,
588 2072 636 2099 sed
650 2073 728 2099 etiam
739 2073 827 2099 iacent
837 2073 864 2100 in

67 2110 193 2142 tenebris,
210 2110 243 2137 ab
256 2110 309 2136 isto
322 2114 424 2136 retrusa
438 2114 518 2145 atque
532 2110 630 2141 abdita,
646 2110 791 2137 consistere
805 2111 864 2137 eius

67 2148 188 2174 animum
207 2147 265 2174 sine
283 2146 371 2174 furore
389 2151 469 2182 atque
487 2148 602 2174 amentia
621 2155 672 2174 non
694 2148 796 2174 sinunt.
837 2149 862 2174 8.

67 2185 161 2220 Neque
178 2185 229 2212 iste
247 2184 313 2211 mihi
332 2184 439 2211 videtur
456 2193 485 2211 se
503 2184 535 2211 ad
553 2184 750 2211 damnationem
772 2184 864 2212 offerre

67 2221 166 2255 solum,
186 2230 274 2258 neque
292 2222 341 2248 hoc
359 2222 483 2248 avaritiae
497 2222 631 2257 supplicio
644 2222 795 2254 communi,
815 2223 864 2258 qui

68 2267 97 2287 se
110 2263 148 2287 tot
160 2259 306 2287 sceleribus
321 2259 505 2290 obstrinxerit,
521 2263 661 2286 contentus
675 2268 747 2286 esse:
767 2261 865 2295 singu-

68 2296 150 2324 larem
168 2297 312 2333 quamdam
331 2305 443 2331 poenam
461 2297 541 2323 istius
563 2297 688 2323 immanis
711 2301 790 2332 atque
813 2298 865 2323 im-

68 2339 181 2370 portuna
199 2339 291 2361 natura
309 2334 452 2360 desiderat.
492 2334 550 2360 Non
567 2334 595 2360 id
613 2333 701 2360 solum
715 2335 862 2369 quaeritur,

69 2376 107 2404 ut,
123 2372 174 2399 isto
187 2371 319 2402 damnato.
336 2371 404 2398 bona
418 2371 592 2398 restituantur
606 2371 648 2402 iis,
663 2372 765 2406 quibus
775 2376 864 2407 erepta

69 2413 145 2436 sunt:
165 2409 213 2436 sed
226 2413 252 2436 et
265 2408 407 2444 religiones
421 2408 532 2435 deorum
547 2409 738 2435 immortalium
753 2410 864 2444 expian-

69 2446 119 2473 dae
140 2451 167 2473 et
187 2446 288 2473 civium
306 2446 485 2472 Romanorum
507 2446 641 2472 cruciatus
663 2446 864 2481 multorumque

69 2483 251 2511 innocentium
273 2483 384 2519 sanguis
407 2483 485 2510 istius
507 2483 642 2518 supplicio
671 2482 786 2510 luendus
813 2488 862 2510 est.

69 2521 95 2547 9.
113 2520 171 2548 Non
186 2521 256 2548 enim
271 2519 371 2552 furem,
392 2520 439 2547 sed
453 2525 614 2556 ereptorem:
634 2528 686 2547 non
701 2520 861 2552 adulterum,

70 2557 117 2584 sed
134 2561 344 2594 expugnatorem
362 2557 521 2593 pudicitiae:
550 2566 602 2584 non
621 2557 796 2594 sacrilegum,
816 2558 864 2584 sed

70 2594 173 2622 hostem
186 2603 322 2622 sacrorum
336 2594 564 2631 religionumque:
591 2603 641 2621 non
656 2595 796 2627 sicarium,
816 2595 864 2621 sed

70 2632 288 2659 crudelissimum
301 2632 451 2659 carnificem
465 2633 566 2659 civium
580 2633 767 2668 sociorumque
781 2633 808 2659 in
819 2641 865 2659 ve—

70 2673 155 2696 strum
169 2669 300 2697 iudicium
314 2669 492 2697 adduximus:
508 2674 538 2697 ut
551 2678 600 2706 ego
615 2669 686 2696 hunc
697 2679 780 2697 unum
792 2671 865 2697 eius-

899 137 929 162 11.
964 137 1050 162 LlB.
1086 137 1105 162 1.
1136 136 1190 163 CA
1205 137 1233 162 P.
1259 139 1266 162 l
1292 152 1327 156 ——
1349 138 1373 162 ὅ.
1658 140 1707 166 ΞΠ

915 206 987 233 modi
1002 215 1077 233 reum
1092 211 1150 242 post
1164 207 1304 233 hominum
1319 208 1472 234 memoriam
1489 207 1572 234 fuisse
1586 209 1707 240 arbitrer,

915 245 959 270 cui
973 244 1093 271 damnari
1107 244 1253 279 expediret.

971 282 1014 308 IV.
1030 282 1096 308 Nam
1108 283 1170 317 quis
1183 282 1233 308 hoc
1244 290 1295 308 non
1305 280 1438 317 intelligit,
1453 282 1543 313 istum,
1556 282 1709 310 absolutum

916 319 968 344 diis
982 319 1193 354 hominibusque
1206 319 1312 349 invitis,
1329 324 1416 345 tamen
1430 327 1463 345 ex
1477 320 1601 346 manibus
1616 321 1709 355 populi

916 356 1027 382 Romani
1046 357 1112 391 eripi
1131 356 1205 382 nullo
1223 356 1301 383 modo
1319 356 1416 391 posse‘?
1441 356 1506 389 Quis
1522 357 1570 383 hoc
1584 366 1636 383 non
1652 367 1711 392 per-

916 394 1004 427 spicit,
1021 394 1153 427 praeclare
1168 394 1307 420 nobiscum
1323 398 1411 420 actum
1425 394 1470 425 iri,
1492 395 1514 420 si
1529 394 1646 429 populus
1660 396 1712 421 Ro-

917 439 1012 456 manus
1026 431 1105 457 istius
1120 432 1202 457 unius
1216 431 1350 466 supplicio
1364 436 1503 458 contentus
1517 431 1598 458 fuerit
1611 441 1640 458 ac
1659 441 1711 458 non

916 468 954 493 sic
969 469 1101 499 statuerit,
1123 477 1174 494 non
1193 469 1274 494 istum
1295 469 1382 494 maius
1400 469 1428 495 in
1442 478 1501 494 sese
1515 469 1604 495 scelus
1618 478 1712 496 conce-

917 505 1001 539 pisse.
1021 513 1106 540 quum
1122 505 1180 531 fana
1194 506 1326 540 spoliarit,
1345 514 1430 540 quum
1449 511 1486 532 tot
1499 506 1620 533 homines
1635 507 1712 533 inno-

916 547 1005 567 eentes
1019 543 1126 573 necarit,
1143 551 1228 577 quum
1243 543 1314 569 cives
1326 544 1458 569 Romanos
1473 549 1563 575 morte,
1580 545 1709 575 cruciatu,

916 588 993 605 cruce
1007 579 1133 612 affecerit:
1147 589 1233 614 quum
1248 580 1411 614 praedonum
1423 581 1504 607 duces
1515 586 1619 616 accepta
1630 590 1712 616 pecu-

916 617 958 642 nia
973 617 1118 647 dimiserit,
1135 626 1216 652 quam
1231 626 1284 648 eos,
1301 618 1323 643 si
1337 618 1384 652 qui
1399 618 1480 644 istum
1496 623 1540 649 tot,
1556 619 1645 649 tantis,
1658 624 1711 645 tam

917 653 1024 679 nefariis
1041 654 1187 680 sceleribus
1206 659 1359 689 coopertum
1378 656 1457 681 iurati
1473 656 1601 682 sententia
1616 665 1664 682 sua
1679 656 1713 682 li-

916 690 1050 716 berarint?
1073 693 1112 717 ⁴0.
1124 692 1182 718 Non
1193 697 1240 722 est,
1254 701 1305 718 non
1317 697 1356 718 est
1366 693 1393 718 in
1406 692 1455 718 hoc
1468 693 1574 719 homine
1584 694 1711 728 cuiquam

916 728 1042 762 peccandi
1057 728 1140 759 locus,
1156 729 1272 755 iudices:
1294 738 1345 755 non
1360 729 1383 755 is
1397 734 1436 755 est
1450 738 1520 759 reus
1537 739 1589 756 non
1603 730 1631 756 id
1645 736 1712 756 tem-

916 773 980 799 pus,
1005 773 1057 791 non
1076 765 1103 791 id
1121 766 1277 797 consilium,
1302 766 1402 800 (metuo
1420 775 1452 792 ne
1465 767 1531 801 quid
1546 769 1712 803 arrogantius

916 802 987 837 apud
1006 802 1071 829 tales
1090 803 1161 829 viros
1180 803 1271 829 videar
1288 803 1397 838 dicere,)
1416 812 1447 829 ne
1465 809 1535 830 actor
1548 805 1658 846 quidem
1673 810 1713 831 est

915 840 948 871 is,
964 840 1008 866 cui
1022 848 1084 866 reus
1099 845 1151 866 tam
1166 849 1273 871 nocens,
1290 845 1342 866 tam
1357 841 1486 883 perditus,
1504 846 1556 867 tam
1570 842 1656 868 victus
1667 847 1712 868 aut

916 861 1018 903 occulte
1032 878 1132 912 surripi
1147 883 1193 904 aut
1205 879 1317 912 impune
1331 879 1398 913 eripi
1413 880 1506 913 possit.
1548 879 1594 904 llis
1609 888 1656 914 ego
1672 880 1713 905 iu-

915 914 1022 940 dicibus
1036 924 1088 941 non
1102 915 1220 949 probabo
1234 916 1262 942 C.
1275 916 1383 942 Verrem
1397 921 1485 942 contra
1500 915 1572 951 leges
1586 917 1712 950 pecunias

915 951 1038 986 cepisse?
1052 952 1230 979 Sustinebunt
1244 953 1309 979 tales
1324 954 1374 979 viri
1389 962 1418 979 se
1432 958 1469 979 tot
1483 954 1659 983 senatoribus,
1677 958 1711 979 tot

916 989 1053 1024 equitibus
1064 990 1199 1021 Romanis,
1216 995 1252 1016 tot
1264 991 1426 1021 civitatibus,
1443 995 1481 1017 tot
1495 990 1650 1016 hominibus
1666 991 1712 1017 ho-

915 1027 1077 1053 nestissimis
1092 1036 1125 1053 ex
1138 1032 1191 1053 tam
1207 1027 1305 1054 illustri
1324 1029 1474 1062 provincia,
1495 1032 1532 1054 tot
1551 1027 1712 1063 populorum

915 1065 1135 1100 privatorumque
1154 1065 1247 1091 litteris
1265 1074 1317 1091 non
1331 1065 1495 1091 credidisse?
1520 1070 1605 1091 tantae
1619 1065 1712 1100 populi

915 1102 1026 1128 Romani
1041 1102 1171 1128 voluntati
1186 1102 1333 1129 restitisse?
1370 1104 1410 1128 ll.
1426 1103 1590 1129 Sustineant.
1627 1104 1713 1138 Repe-

915 1139 1029 1170 riemus,
1046 1140 1069 1166 si
1084 1140 1166 1166 istum
1178 1140 1272 1166 vivum
1287 1140 1319 1166 ad
1334 1140 1408 1166 aliud
1422 1140 1553 1166 iudicium
1568 1140 1713 1175 perducere

915 1177 1071 1211 poterimus,
1088 1177 1189 1212 quibus
1203 1178 1357 1212 probemus,
1374 1178 1456 1204 istum
1471 1178 1498 1204 in
1512 1182 1655 1212 quaestura
1666 1186 1714 1212 pe-

916 1215 1022 1240 cuniam
1037 1214 1173 1249 publicam
1189 1215 1236 1241 Cn.
1254 1215 1366 1241 Carboni
1380 1215 1484 1241 consuli
1499 1215 1585 1241 datam
1601 1216 1713 1241 avertis-

916 1259 958 1277 se:
986 1252 1087 1286 quibus
1110 1252 1334 1287 persuadeamus,
1358 1253 1441 1279 istum
1466 1252 1552 1279 alieno
1574 1253 1680 1279 nomine
1699 1261 1712 1278 a

915 1289 1103 1323 quaestoribus
1121 1290 1245 1321 urbanis,
1266 1290 1337 1325 quod
1353 1290 1439 1325 priore
1453 1291 1554 1316 actione
1568 1290 1710 1319 didicistis,

915 1327 1057 1361 pecuniam
1071 1327 1225 1353 abstulisse.
1252 1328 1345 1358 Erunt,
1360 1328 1408 1362 qui
1422 1332 1447 1354 et
1461 1328 1487 1353 in
1502 1336 1533 1354 eo
1545 1336 1653 1362 quoque
1664 1336 1712 1353 au-

915 1363 1017 1389 daciam
1037 1364 1095 1390 eius
1113 1364 1320 1399 reprehendant,
1346 1364 1418 1399 quod
1437 1364 1538 1399 aliquot
1557 1365 1712 1391 nominibus

915 1401 947 1427 de
961 1402 1059 1436 capite,
1080 1406 1211 1436 quantum
1226 1402 1397 1428 commodum
1412 1401 1504 1433 fuerit,
1526 1401 1651 1428 frumenti
1666 1402 1713 1427 de-

915 1439 1023 1464 cumani
1037 1439 1189 1465 detraxerit.
1211 1439 1297 1465 Erunt
1310 1440 1389 1465 etiam
1405 1439 1523 1470 fortasse,
1540 1439 1651 1469 iudices,
1664 1440 1711 1474 qui

916 1475 993 1501 illum
1012 1476 1071 1501 eius
1089 1476 1242 1510 peculatum
1258 1476 1299 1502 vel
1314 1477 1441 1502 acerrime
1454 1476 1646 1502 vindicandum
1662 1485 1712 1511 pu-

917 1517 980 1544 tent,
996 1513 1069 1548 quod
1082 1514 1132 1539 iste
1146 1513 1307 1540 M.Marcelli
1322 1518 1346 1539 et
1360 1513 1513 1540 P.Africani
1528 1518 1710 1543 monumenta,

916 1558 986 1585 quae
1000 1551 1107 1577 nomine
1117 1566 1154 1570 —
1164 1550 1281 1581 illorum,
1298 1559 1325 1577 re
1340 1560 1400 1577 vera
1411 1551 1549 1585 —populi
1562 1551 1672 1577 Romani
1687 1556 1712 1576 et

916 1592 989 1614 erant
1007 1592 1033 1614 et
1053 1588 1232 1619 habebantur,
1253 1596 1286 1614 ex
1304 1588 1373 1614 fanis
1391 1588 1615 1624 religiosissimis,
1636 1593 1661 1614 et
1679 1596 1712 1614 ex

916 1625 1030 1651 urbibus
1053 1625 1186 1652 sociorum
1210 1630 1290 1660 atque
1313 1626 1459 1652 amicorum
1479 1634 1530 1652 non
1549 1625 1712 1651 dubitaverit

915 1661 1028 1688 auferre.
1051 1662 1082 1689 V.
1096 1664 1136 1689 ⁴2.
1151 1663 1297 1689 Emerserit
1310 1671 1343 1689 ex
1357 1663 1495 1697 peculatus
1506 1664 1585 1689 etiam
1596 1662 1708 1689 iudicio:

916 1699 1060 1726 meditetur
1072 1699 1106 1726 de
1119 1699 1236 1726 ducibus
1251 1700 1378 1731 hostium,
1394 1709 1462 1735 quos
1477 1705 1582 1734 accepta
1597 1701 1710 1735 pecunia

917 1736 1052 1763 liberavit:
1077 1737 1179 1768 videat,
1200 1737 1267 1772 quid
1285 1737 1318 1764 de
1337 1737 1392 1763 illis
1411 1738 1581 1772 respondeat,
1602 1746 1670 1772 quos
1684 1738 1711 1763 in

915 1782 1007 1800 eorum
1023 1773 1110 1801 locum
1125 1774 1248 1801 subditos
1262 1774 1334 1801 domi
1349 1783 1413 1801 suae
1428 1775 1586 1801 reservavit:
1603 1780 1713 1809 quaerat

916 1820 968 1838 non
987 1811 1089 1843 solum,
1113 1812 1342 1847 quemadmodum
1361 1817 1450 1839 nostro
1472 1813 1591 1843 crimini,
1618 1820 1711 1838 verum

915 1850 995 1875 etiam
1009 1857 1063 1884 quo
1077 1854 1152 1885 pacto
1166 1858 1231 1876 suae
1244 1849 1404 1876 confessioni
1419 1850 1503 1884 possit
1517 1849 1630 1875 mederi:
1657 1858 1713 1875 me-

916 1887 1036 1918 minerit,
1057 1895 1086 1913 se
1105 1888 1191 1922 priore
1214 1888 1328 1918 actione,
1353 1887 1467 1913 clamore
1490 1886 1583 1922 populi
1602 1887 1712 1913 Romani

916 1923 1013 1950 infesto
1024 1928 1103 1959 atque
1116 1925 1226 1951 inimico
1240 1925 1394 1955 excitatum,
1410 1924 1563 1951 confessum
1578 1932 1645 1956 esse,
1661 1924 1712 1950 du-

915 1969 959 1988 ces
978 1970 991 1988 a
1010 1970 1039 1988 se
1056 1961 1220 1997 praedonum
1239 1962 1326 1988 securi
1350 1970 1401 1988 non
1423 1970 1482 1988 esse
1504 1970 1658 1997 percussos:
1684 1970 1712 1987 sc

915 1999 969 2025 iam
989 2003 1046 2025 tum
1065 2008 1123 2025 csse
1142 2000 1271 2031 veritum,
1297 2008 1329 2025 ne
1347 2000 1399 2025 sibi
1417 2000 1523 2026 crimini
1542 1999 1649 2025 daretur
1667 2008 1711 2024 eos

916 2036 950 2062 ab
968 2044 996 2062 se
1015 2037 1127 2071 pecunia
1148 2036 1282 2063 liberatos.
1324 2037 1447 2063 Fateatur
1466 2036 1506 2068 id,
1530 2036 1602 2072 quod
1622 2037 1711 2072 negari

916 2082 968 2100 non
987 2078 1085 2109 potest,
1105 2082 1134 2100 se
1152 2074 1286 2109 privatum
1302 2074 1437 2100 bominem
1452 2073 1616 2109 praedonum
1631 2074 1712 2100 duces

916 2112 991 2138 vivos
1010 2115 1089 2146 atque
1107 2111 1255 2138 incolumes
1273 2111 1345 2137 domi
1364 2120 1441 2142 suae,
1471 2116 1642 2146 posteaquam
1662 2111 1712 2136 llo--

915 2157 986 2175 mam
1005 2149 1125 2180 redierit,
1146 2149 1300 2183 usquedum
1320 2157 1366 2183 per
1384 2157 1426 2175 me
1446 2148 1562 2175 licuerit.
1583 2149 1710 2174 tenuisse.

916 2186 978 2217 Hoc,
994 2186 1022 2212 in
1036 2185 1082 2212 illo
1096 2186 1242 2212 maiestatis
1258 2186 1358 2212 iudicio
1371 2187 1393 2212 si
1408 2186 1514 2212 licuisse
1526 2186 1576 2211 sibi
1589 2185 1712 2211 ostende-

916 2224 962 2254 rit,
982 2231 1032 2259 ego
1049 2224 1199 2258 oportuisse
1217 2223 1370 2249 concedam.
1411 2224 1450 2249 Ex
1466 2223 1514 2249 boc
1528 2231 1636 2257 quoque
1650 2231 1712 2248 evn-

916 2261 992 2286 serit:
1019 2261 1170 2295 proficiscar
1183 2268 1222 2291 co,
1238 2268 1292 2295 quo
1307 2268 1349 2286 me
1363 2260 1521 2295 iampridem
1538 2265 1611 2286 vocat
1627 2268 1711 2294 popu—

917 2297 959 2323 lus
974 2298 1118 2324 Romanus,
1151 2299 1190 2324 ⁴3.
1207 2298 1242 2323 De
1257 2298 1314 2323 iure
1329 2298 1399 2323 enim
1416 2297 1542 2323 libertatis
1557 2302 1581 2322 et
1595 2298 1711 2322 civitatis

915 2343 996 2361 suum
1012 2339 1087 2369 putat
1100 2343 1159 2361 esse
1173 2335 1314 2363 iudicium,
1331 2339 1355 2360 et
1371 2339 1438 2360 recte
1450 2339 1533 2369 putat.
1557 2334 1711 2369 Confringat

892 2400 894 2407 ,
916 2373 965 2398 iste
975 2380 1038 2398 sane
1049 2373 1075 2398 vi
1085 2381 1132 2398 sua
1143 2371 1252 2398 consilia
1263 2372 1401 2401 senatoria,
1410 2372 1579 2406 qurwstiones
1589 2372 1709 2398 oninium

893 2434 894 2437 ,
916 2414 1083 2444 perrumpat,
1100 2409 1185 2435 evolet
1199 2417 1231 2435 cx
1247 2413 1332 2435 vestra
1347 2409 1499 2435 severitate:
1521 2409 1587 2434 milii
1601 2408 1708 2438 credite,

916 2447 1073 2472 arctioribus
1091 2446 1162 2481 apud
1182 2446 1311 2480 populum
1327 2446 1474 2472 Romanum
1491 2445 1593 2481 laqueis
1608 2446 1710 2472 tenebi-

917 2488 967 2509 tur.
991 2483 1085 2509 Credet
1099 2484 1131 2509 iis
1146 2483 1284 2518 equitibus
1299 2484 1423 2509 Romanis
1436 2483 1553 2518 populus
1563 2483 1708 2514 Romanus,

915 2521 961 2556 qui
977 2520 1009 2547 nd
1025 2529 1071 2546 vos
1083 2525 1156 2546 antea
1171 2520 1291 2555 producti
1304 2525 1392 2550 testes,
1408 2521 1475 2555 ipsis
1487 2521 1707 2555 inspectantibus,

915 2558 948 2583 ab
962 2559 1013 2584 isto
1026 2558 1112 2584 civem
1128 2558 1286 2589 Romanum,
1302 2558 1349 2592 qui
1363 2558 1512 2594 cognitores
1527 2558 1647 2584 homines
1663 2558 1709 2584 bo—

916 2599 1004 2621 nos-tos
1018 2595 1099 2626 daret,
1116 2595 1252 2621 sublatum
1267 2603 1325 2621 esse
1339 2595 1366 2621 in
1380 2603 1485 2621 crucem
1499 2595 1634 2621 dixerunt.
1668 2597 1707 2621 Η.

916 2632 1029 2659 Credent
1042 2641 1134 2658 omncs
1149 2641 1164 2657 v
1179 2637 1203 2658 et
1216 2640 1274 2658 xxx·
1284 2632 1370 2658 tribus
1385 2633 1485 2659 bomini
1499 2633 1660 2668 gravissimo
1670 2638 1709 2659 nt-

915 2678 969 2705 que
987 2670 1156 2696 ornatissimo
1175 2670 1208 2695 M.
1230 2670 1327 2701 Annio.
1352 2670 1399 2705 qui
1419 2679 1447 2696 se
1467 2674 1603 2705 praesente
1621 2671 1707 2696 civem
