1941 3052
273 119 603 147 EPISTOLARUM
634 119 686 145 AD
715 117 945 145 DIVERSOS
976 118 1056 144 LIB.
1079 118 1161 144 XIII.
1193 118 1254 144 ΕΡ.
1276 120 1308 144 58
1329 119 1427 144 -69,
1624 119 1674 144 ’775

34 196 156 227 acceptas
170 199 184 217 a
200 190 362 222 maioribus,
379 190 536 217 confirmare
548 191 644 225 poterit
653 194 679 216 et
689 189 829 216 beneficiis

34 231 92 256 suis
102 228 231 264 obligare.
263 228 316 254 Hoc
327 229 355 254 in
366 236 463 263 genere
474 228 497 254 si
509 236 570 253 eum
583 227 720 254 adiuveris
731 236 762 253 eo
772 232 830 253 stu—-

34 267 93 298 dio,
111 275 165 302 quo
180 265 336 292 ostendisti:
367 265 440 300 apud
451 266 542 299 ipsum
553 264 768 300 praeclarissime
782 273 831 299 po-

35 304 136 336 sueris;
168 303 216 329 sed
228 302 297 329 mihi
307 302 387 329 etiam
397 303 583 338 gratissimum
595 302 700 328 feceris.

89 373 158 393 va.
178 372 255 392 ARG.
279 372 352 396 Petit,
368 376 392 392 ut
402 372 474 392 Silius
485 372 581 399 IIispani
590 371 648 392 adsit
658 371 681 391 in
691 371 832 398 pactionibus

35 416 81 430 eum
92 407 223 429 civitatibus
233 407 260 427 :Ie
270 407 381 434 scriptura
390 405 542 427 consu-iendis.

234 445 262 465 (in
273 444 346 464 cna-in,
357 444 414 464 nuru,
428 442 520 460 ,unm-no
531 449 577 460 cust.
589 442 645 462 τοι.)

137 488 173 515 M.
195 488 225 514 T.
248 487 277 515 C.
308 486 336 514 S.
358 487 389 513 D.
410 487 440 513 P.
461 484 565 512 SILIO
585 483 720 511 PROPR.

93 528 115 552 I.
138 522 212 552 Cum
228 526 257 552 P.
280 525 403 551 Terentio
413 524 545 558 Hispone,
563 523 611 557 qui
621 530 715 556 operas
728 521 754 547 in
766 521 834 547 scri-

36 568 114 599 ptura
128 572 176 598 pro
187 563 316 598 magistro
327 561 380 592 dat,
395 561 463 587 mihi
473 568 579 587 summa
591 558 759 585 familiaritas
770 567 834 584 con-

36 600 206 635 suetudoque
231 604 284 631 est,
313 598 452 633 multaque
479 602 506 624 et
529 605 626 632 magna
641 597 712 622 inter
727 604 775 622 nos
794 595 834 621 of-

37 638 96 664 ficia
107 639 182 673 paria
193 642 219 664 et
229 641 323 663 mutua
334 635 515 663 intercedunt.
546 635 612 660 Eius
624 642 730 660 summa
738 633 835 659 existi-

36 676 119 702 matio
134 676 223 711 agitur
235 675 262 701 in
273 683 318 705 eo,
336 678 366 700 ut
380 673 517 708 pactiones
536 680 599 698 cum
615 670 774 697 civitatibus
792 679 836 696 re-

37 713 122 748 liquis
132 712 264 739 conficiat.
295 712 352 737 Non
365 719 407 736 me
419 709 552 744 praeterit,
562 717 609 735 nos
616 717 673 734 eam
682 716 737 733 rem
745 708 836 742 Ephe-

36 751 60 777 si
76 754 200 785 expertos
215 757 287 780 esse,
306 756 394 783 neque
409 747 442 773 ab
453 747 580 782 Ephesiis
592 745 648 772 ullo
659 745 738 771 ruodo
749 745 836 779 impe-

36 792 106 815 trare
121 787 250 822 potuisse.
285 785 338 812 Sed
349 785 486 820 quoniam,
499 782 728 818 quemadmodum
743 791 836 808 omnes

37 825 202 855 existimant,
216 828 242 849 et
252 831 302 858 ego
316 822 447 857 intelligo,
461 826 504 847 tua
516 829 601 856 quum
610 829 715 846 summa
724 821 837 855 integri-

39 867 104 892 tate,
123 867 179 889 tum
191 860 324 896 singulari
335 859 502 886 humanitate
514 863 539 884 et
551 857 760 884 mansuetudine
771 866 836 884 con-

37 904 146 926 secutus
161 907 203 929 es,
217 902 259 929 ut,
277 897 465 923 libentissimis
477 896 600 926 Graecis,
614 900 691 926 nutu,
704 895 777 930 quod
790 904 836 921 ve-

38 936 84 967 lis,
99 943 276 970 consequare:
298 939 360 970 peto
370 943 384 961 a
396 938 420 960 te
433 934 460 960 in
472 933 600 969 maiorem
614 932 733 963 modum,
748 937 777 959 ut
788 933 836 959 ho-

37 974 110 1000 noris
133 974 187 1000 mei
208 981 304 999 caussa
325 972 375 998 hac
395 970 474 998 laude
496 971 642 1005 Hisponem
663 969 735 996 affici
754 970 832 996 velis.

36 1011 174 1038 Praeterea
190 1019 253 1037 cum
268 1009 350 1036 sociis
366 1009 516 1043 scripturae
532 1008 602 1034 mihi
620 1017 726 1034 summa
741 1016 836 1034 neces-

38 1091 78 1113 tas
91 1086 217 1112 universa
230 1085 257 1111 in
271 1093 330 1111 mea
343 1083 394 1110 [ide
405 1089 454 1115 est,
468 1083 515 1110 sed
527 1084 607 1110 etiam
618 1082 835 1118 quodplerisque

40 1124 121 1150 sociis
132 1127 191 1150 utor
201 1122 424 1150 familiarissime.
455 1122 492 1148 Ita
504 1125 529 1147 et
540 1121 685 1155 Hisponem
692 1129 782 1146 meum
790 1129 837 1155 per

38 1169 81 1187 me
96 1161 200 1187 ornaris
215 1164 242 1186 et
256 1160 410 1186 societatem
426 1159 493 1185 mihi
505 1159 716 1185 coniunctiorem
729 1157 834 1189 feceris,

38 1203 122 1234 tuque
132 1199 190 1233 ipse
202 1202 272 1224 etex
283 1197 365 1224 huius
372 1196 542 1223 observantia
549 1196 699 1232 gratissimi
707 1196 833 1227 hominis,

39 1240 110 1262 etex
120 1236 254 1262 sociorum
265 1235 359 1270 gratia,
373 1234 513 1261 hominum
524 1233 766 1268 amplissimorum,
781 1242 837 1259 ma—

39 1273 145 1300 ximum
161 1272 278 1299 fructum
296 1273 400 1307 capies,
417 1276 442 1298 et
458 1280 499 1297 me
510 1279 618 1297 summo
632 1270 762 1297 beneficio
774 1271 838 1297 affe-

39 1311 119 1337 ceris.
154 1310 199 1337 Sic
210 1310 283 1336 enim
295 1309 377 1336 velim
389 1309 543 1339 existimes,
561 1317 595 1334 ex
606 1312 657 1334 tota
670 1313 713 1334 tua
727 1308 838 1342 provin—

40 1348 80 1374 cia
96 1348 225 1382 omnique
237 1347 288 1374 isto
300 1347 426 1382 imperio,
443 1346 511 1373 nihil
523 1354 594 1377 esse,
612 1345 686 1381 quod
697 1346 838 1381 mibigra-

40 1385 94 1412 tius
106 1385 192 1411 facere
203 1385 302 1420 possis.

95 1454 176 1475 vat.
192 1454 209 1474 A
217 1454 269 1475 RG.
288 1453 407 1474 Servilium
424 1457 498 1478 rogat,
508 1457 532 1473 ut
543 1453 660 1474 Caecinam
671 1452 694 1472 in
705 1452 838 1478 colligendis

42 1489 155 1510 Asiaticae
165 1489 324 1514 negotiationis
335 1488 438 1515 reliquiis
449 1488 544 1508 adiuvet.

267 1526 356 1548 (cmm-u
368 1526 400 1543 ΙΗΔ
411 1526 485 1548 Lepido
496 1533 541 1543 runs.
554 1527 608 1545 708.)

100 1570 135 1596 Μ.
157 1570 188 1596 T.
213 1569 242 1597 C.
268 1569 296 1596 S.
317 1569 349 1596 D.
379 1569 409 1595 P.
431 1567 619 1595 SERVILIO
639 1567 776 1595 PROPR.

99 1609 121 1634 t.
145 1603 182 1634 Λ.
204 1607 360 1638 Caecinam,
378 1607 495 1633 maxime
511 1607 650 1641 proprium
662 1606 788 1632 clientem
801 1605 840 1632 sa-

41 1644 132 1671 miliae
143 1649 256 1676 vestrae,
270 1653 322 1671 non
334 1643 550 1671 commendarem
563 1644 622 1673 tibi,
635 1652 721 1678 quum
728 1644 836 1675 scirem,

41 1691 94 1717 qua
113 1681 164 1708 fide
180 1682 208 1708 in
224 1686 297 1713 tuos,
315 1690 368 1717 qua
383 1681 524 1708 clementia
542 1682 568 1707 in
583 1680 752 1707 calamitosos
769 1680 839 1707 sole—

41 1727 84 1746 res
94 1727 166 1751 esse,
180 1719 287 1746 nisime
299 1724 324 1746 et
334 1719 417 1754 patris
428 1719 501 1749 eius,
515 1727 569 1754 quo
583 1727 644 1744 sum
657 1718 839 1745 familiarissi-

43 1765 85 1784 me
101 1765 181 1788 usus,
199 1757 336 1788 memoria,
354 1760 380 1783 et
391 1756 473 1783 huius
489 1756 594 1783 fortuna
609 1756 644 1782 ita
660 1760 792 1787 moveret,
810 1760 840 1782 ut

43 1794 174 1826 hominis,
192 1794 320 1820 omnibus
333 1802 438 1820 mecum
451 1793 549 1820 studiis
559 1793 712 1829 officiisque
724 1794 840 1820 coniun-

42 1831 170 1862 ctissimi,
189 1840 296 1858 movere
311 1831 436 1858 debebat.
471 1831 492 1858 Α
509 1836 533 1857 te
545 1831 595 1857 hoc
605 1832 679 1857 omni
691 1831 839 1857 contentio-

43 1877 76 1895 ne
87 1873 157 1904 peto,
171 1869 223 1900 sic,
236 1873 266 1895 ut
277 1869 376 1895 maiore
386 1877 463 1899 cura,
480 1869 580 1895 maiore
595 1869 679 1894 animi
692 1868 781 1895 labore
791 1876 840 1903 pe-

43 1911 98 1933 tere
110 1914 161 1932 non
173 1906 290 1940 possim,
317 1910 346 1932 ut
361 1906 393 1932 ad
409 1914 452 1936 ea,
471 1914 539 1940 quae
555 1910 600 1932 tua
616 1910 710 1940 sponte
720 1906 779 1932 sine
791 1914 840 1932 cu-

44 1944 171 1978 iusquam
186 1943 418 1970 commendatione
434 1943 533 1969 faceres
550 1943 576 1969 in
590 1943 726 1969 hominem
736 1947 838 1970 tantum

44 1985 70 2008 et
93 1980 186 2011 talem,
211 1979 412 2010 calamitosum,
435 1980 553 2015 aliquem
575 1979 685 2006 afferant
698 1980 839 2007 cumulum

43 2026 119 2044 meae
131 2017 242 2049 litterae,
255 2026 309 2052 quo
319 2017 469 2044 studiosius
480 2025 552 2048 eum,
565 2017 786 2052 quibuscumque
799 2026 841 2043 re-

43 2055 96 2082 bus
108 2055 210 2090 possis,
231 2055 318 2081 iuves.
349 2056 374 2081 2.
390 2054 467 2087 Quod
484 2055 507 2080 si
523 2055 620 2081 Romae
634 2053 746 2085 fuisses,
759 2055 839 2081 etiam

44 2092 159 2120 salutern
170 2092 202 2119 A.
224 2092 353 2119 Caecinae
365 2100 486 2118 essemus
498 2092 537 2127 (ut
547 2092 639 2126 opinio
651 2100 709 2118 mea
721 2091 779 2127 sert)
794 2100 842 2127 per

45 2134 70 2157 te
81 2129 229 2157 consecuti.
261 2130 297 2155 De
308 2138 361 2164 qua
373 2134 459 2155 tamen
473 2137 597 2165 magnam
609 2137 685 2163 spem
697 2129 838 2160 habemus,

45 2166 107 2194 freti
118 2167 260 2193 clementia
271 2166 389 2202 collegae
401 2167 449 2193 tui.
472 2167 558 2197 Nunc,
572 2175 667 2201 quum,
677 2171 749 2193 tuam
763 2167 842 2193 iusti-

45 2205 109 2232 tiam
135 2208 258 2235 secutus,
281 2204 448 2231 tutissimum
471 2204 524 2230 sibi
546 2208 652 2238 portum
673 2205 840 2238 provinciam

0 2239 3 2244 ⁷
46 2242 125 2269 istam
136 2250 195 2268 esse
206 2241 297 2273 duxit,
320 2242 400 2267 etiam
412 2246 492 2276 atque
506 2241 586 2267 etiam
598 2246 622 2268 te
629 2246 839 2276 rogontqueoro,

0 2277 4 2281 '
45 2283 76 2306 ut
89 2287 151 2306 eum
161 2283 187 2305 et
198 2279 224 2305 in
237 2278 361 2314 reliquiis
373 2279 471 2305 veteris
483 2279 670 2313 negotiationis
681 2278 841 2314 colligendis

46 2317 124 2344 iuves
139 2320 165 2343 et
182 2317 278 2343 ceteris
295 2316 376 2343 rebus
392 2320 465 2352 tegas
481 2320 560 2351 atque
576 2320 675 2342 tueare.
705 2317 757 2342 Iloc
773 2316 842 2342 mihi

47 2354 150 2391 gratius
164 2353 250 2380 facere
262 2354 331 2380 nihil
343 2359 428 2388 potes.

100 2423 191 2445 vall,
210 2423 288 2445 ARG.
304 2406 444 2444 commemini
457 2423 580 2443 Amin-nem
593 2422 755 2443 Laodicen-em.

229 2461 317 2484 (noman,
327 2461 406 2479 Cuuaurv
417 2460 450 2477 ΙΙΙ,
463 2460 536 2482 Lepido
547 2466 593 2477 cun.
607 2460 661 2479 70⁸.)

72 2519 73 2522 =
107 2503 144 2531 M.
166 2503 197 2530 Τ.
218 2503 248 2531 C.
270 2503 299 2530 S.
321 2504 351 2530 D.
382 2503 411 2530 Ρ.
434 2501 622 2529 SERVILIO
640 2502 773 2529 PROPR.

105 2550 130 2576 t.
159 2544 206 2576 Ex
229 2550 367 2584 provincia
388 2557 446 2575 mea
467 2548 618 2578 Ciliciensi,
640 2548 685 2574 cui
705 2549 758 2574 seis
776 2550 844 2583 τρεῖς

49 2584 184 2620 διοικήσεις
194 2585 325 2613 Asiaticas
341 2587 482 2613 attributas
495 2585 591 2615 fuisse.
606 2584 680 2611 nullo
691 2594 751 2611 sum
765 2585 843 2611 fumi-

50 2620 143 2650 Iiarius
158 2632 238 2655 usuS,
251 2632 333 2659 quam
349 2624 487 2653 Androne..
502 2623 652 2649 Artemonis
665 2622 732 2653 ΙίΙιο,
747 2623 843 2649 Laodi-

50 2661 137 2691 censi,
155 2668 272 2696 eumque
284 2660 366 2688 habui
383 2662 409 2687 in
426 2669 455 2687 cn
471 2660 579 2686 civitate
593 2668 679 2695 quum
697 2660 840 2696 hospitem,

38 1048 127 1075 situdo
139 1053 187 1079 est,
201 1057 253 1074 non
264 1047 352 1074 solum
363 1046 398 1073 ob
409 1055 468 1072 eam
479 1054 615 1077 caussam,
628 1045 701 1080 quod
713 1054 742 1071 ea
750 1046 836 1072 socie-
857 1045 859 1048 '

880 193 938 215 tum
954 189 1126 215 vehementer
1140 188 1174 215 ad
1189 197 1264 215 meae
1274 189 1345 215 vitae
1356 189 1485 215 rationem
1497 193 1522 215 et
1532 194 1677 215 consuetu—

881 226 973 252 dinem
988 226 1229 253 accommodatum.
1268 225 1354 258 Quem
1369 225 1481 261 quidem
1497 226 1581 252 multo
1596 227 1676 252 etiam

881 263 968 298 pluris
979 269 1083 298 postea,
1097 272 1178 298 quam
1189 264 1306 295 decessi,
1321 263 1406 290 facere
1416 264 1505 298 coepi,
1518 263 1591 298 quod
1606 263 1678 289 mul-

882 302 916 327 tis
932 301 1013 327 rebus
1028 305 1155 335 expertus
1169 310 1230 327 sum
1242 306 1347 336 gratum
1358 301 1495 327 hominem
1507 302 1614 336 meique
1622 309 1678 326 me-

883 347 995 364 morem.
1020 339 1111 373 Itaque
1123 347 1185 364 eum
1196 339 1294 364 Romae
1307 338 1485 364 libentissime
1497 338 1564 364 vidi.
1586 338 1643 363 Non
1654 343 1678 363 te

884 376 955 401 enim
968 375 1046 411 sugit,
1062 376 1110 410 qui
1123 375 1249 410 plurimis
1261 376 1288 401 in
1300 376 1349 401 ista
1361 376 1500 410 provincia
1512 375 1628 411 benigne
1641 374 1679 400 Ie-

884 413 959 443 cisti,
973 421 1054 447 quam
1066 413 1144 439 multi
1155 413 1224 448 grati
1236 413 1413 447 reperiantur.
1440 415 1465 439 2.
1478 414 1547 439 Haec
1558 417 1679 447 propter-

885 458 915 476 ea
929 451 1040 484 scripsi,
1058 455 1088 476 ut
1102 454 1128 476 et
1142 459 1184 476 me
1201 459 1253 476 non
1269 450 1328 476 sine
1341 459 1437 476 caussa
1448 450 1567 476 laborare
1579 449 1680 476 intelli—

884 495 962 522 geres
978 492 1003 514 et
1018 492 1046 513 tu
1063 488 1121 522 ipse
1136 496 1198 513 eum
1213 487 1328 523 dignum
1343 487 1460 522 hospitio
1475 492 1520 514 tuo
1535 487 1678 513 iudicares.

886 525 992 551 Feceris
1012 525 1096 560 igitur
1116 525 1184 550 mihi
1205 526 1406 560 gratissimum,
1429 525 1452 551 si
1472 525 1497 551 ei
1525 524 1678 555 declararis,

886 562 980 596 quanti
996 571 1038 588 me
1053 561 1148 588 facias:
1172 561 1199 588 id
1215 567 1267 593 est,
1285 563 1309 588 si
1325 563 1458 596 receperis
1473 571 1536 588 eum
1551 563 1580 588 in
1600 561 1680 588 fidem

887 604 960 626 tuam
977 604 1015 630 et,
1033 599 1253 634 quibuscumque
1269 599 1350 625 rebus
1366 599 1475 626 honeste
1487 608 1517 626 ac
1527 600 1585 626 sine
1598 598 1681 625 mole-

887 637 937 663 stia
949 641 993 663 tua
1004 637 1112 671 poteris,
1127 636 1274 663 adiuveris.
1306 637 1359 663 Hoc
1370 637 1438 663 mihi
1449 637 1499 663 erit
1510 637 1682 663 vehementer

887 678 1007 710 gratum:
1022 673 1105 709 idque
1116 679 1145 700 ut
1155 673 1247 705 facias,
1261 679 1285 700 te
1296 674 1377 700 etiam
1387 679 1466 709 atque
1477 675 1557 700 etiam
1569 682 1642 709 rogo.

942 743 1044 763 vaul.
1063 743 1081 763 Α
1090 743 1140 763 RG.
1159 741 1252 763 servilii
1270 743 1357 763 litteras
1368 743 1413 763 sibi
1423 743 1486 763 {latu
1497 750 1546 764 ene
1557 743 1648 768 nen-ibit,
1659 748 1680 763 ιιι

888 778 914 798 de
925 778 1052 805 provinciae
1062 781 1121 798 stum
1132 777 1223 802 scribat,
1234 778 1303 805 petit3
1314 777 1389 798 officia
1398 785 1439 798 uun
1448 777 1566 805 promittit.

1069 816 1156 835 (nomae,
1167 816 1245 832 fut->arc
1255 815 1289 832 ΙΙΙ.
1300 815 1373 837 Lepido
1384 822 1430 832 mss,
1442 815 1497 837 708.)

925 858 960 885 M.
983 859 1013 885 T.
1035 858 1064 885 C.
1088 858 1115 884 S.
1138 858 1168 884 D.
1190 858 1220 884 P.
1243 857 1430 884 SERVILIO
1460 857 1645 884 ISAURICO

1107 894 1217 921 PROC.
1244 894 1463 922 COLLEGAE.

945 939 967 964 I.
990 933 1090 964 Gratae
1105 937 1174 963 mihi
1191 937 1364 963 vehementer
1375 941 1435 963 tuae
1447 936 1549 963 litterae
1560 935 1680 962 fuerunt:

888 983 922 1001 ex
931 975 1033 1009 quibus
1044 975 1159 1011 cognovi
1169 983 1266 1001 cursus
1278 975 1480 1009 navigationum
1491 978 1608 1000 tuarum.
1643 974 1684 1000 si-

887 1012 1035 1048 gnificabas
1050 1013 1123 1039 enim
1136 1012 1292 1038 memoriam
1304 1016 1378 1038 tuam
1389 1016 1494 1038 nostrae
1505 1011 1684 1037 necessitudi-

888 1050 939 1081 nis,
953 1059 1007 1085 qua
1020 1050 1087 1076 mihi
1099 1050 1167 1076 nihil
1179 1054 1280 1084 poterat
1290 1058 1350 1075 esse
1361 1049 1519 1075 iucundius.
1554 1048 1630 1081 Quod
1643 1057 1684 1074 re-

889 1087 995 1122 liquum
1009 1093 1062 1119 est,
1082 1087 1166 1114 multo
1177 1088 1256 1113 etiam
1271 1088 1322 1113 erit
1332 1087 1448 1123 gratius,
1465 1087 1488 1113 si
1500 1086 1533 1113 ad
1545 1095 1587 1112 me
1598 1086 1631 1112 de
1643 1095 1685 1112 re-

888 1124 1012 1160 publica,
1029 1125 1057 1152 id
1072 1130 1113 1152 est
1127 1125 1160 1151 de
1176 1130 1245 1151 statu
1258 1125 1427 1160 provinciae,
1445 1124 1477 1150 de
1489 1124 1620 1150 institutis
1632 1124 1685 1150 tuis

889 1162 1058 1189 familiariter
1073 1163 1186 1189 scribes.
1227 1162 1300 1195 Quae
1311 1171 1478 1197 quamquam
1490 1170 1524 1188 ex
1535 1161 1627 1187 multis
1638 1170 1685 1195 pro

889 1205 934 1227 tua
945 1200 1064 1227 claritate
1075 1200 1197 1231 audiam,
1215 1205 1303 1227 tamen
1315 1199 1493 1226 libentissime
1505 1208 1538 1225 ex
1550 1199 1603 1225 tuis
1616 1198 1686 1224 litte-

889 1239 927 1264 ris
937 1247 1108 1274 cognoscam.
1148 1240 1174 1265 2.
1195 1238 1252 1273 Ego
1266 1237 1298 1264 ad
1310 1242 1344 1268 te,
1358 1236 1391 1263 de
1403 1236 1568 1271 reipublicae
1579 1244 1684 1262 summa

889 1276 956 1311 quid
971 1276 1099 1306 sentiam,
1117 1284 1169 1302 non
1181 1284 1260 1310 saepe
1271 1275 1402 1305 scribam,
1417 1279 1524 1309 propter
1534 1273 1684 1308 periculum

889 1313 1023 1340 eiusmodi
1041 1313 1199 1339 litterarum.
1240 1312 1311 1344 Quid
1332 1317 1426 1348 agatur
1446 1316 1548 1341 autem,
1569 1311 1685 1337 scribam

889 1351 1009 1385 saepius.
1040 1350 1153 1385 Sperare
1164 1355 1252 1377 tamen
1266 1349 1367 1380 videor,
1380 1349 1496 1378 Caesari,
1509 1347 1627 1384 collegae
1640 1356 1686 1374 no-

889 1394 953 1419 stro,
966 1388 1021 1414 sore
1032 1396 1111 1414 curae
1123 1392 1148 1414 et
1159 1396 1232 1419 esse,
1246 1393 1275 1414 ut
1287 1387 1434 1413 habeamus
1446 1386 1565 1421 aliquam
1577 1394 1686 1420 rempu-

890 1426 1003 1457 blicam,
1020 1425 1099 1451 cuius
1114 1425 1236 1452 consiliis
1253 1425 1343 1460 magni
1360 1424 1492 1450 referebat
1506 1427 1531 1450 te
1546 1424 1684 1449 interesse.

891 1463 942 1490 Sed
960 1464 982 1489 si
999 1463 1048 1489 tibi
1063 1462 1157 1489 utilius
1173 1467 1226 1493 est,
1245 1462 1271 1488 id
1288 1464 1326 1488 e'st
1344 1461 1502 1497 gloriosius.
1520 1461 1598 1487 Asiae
1610 1468 1687 1495 prae-

890 1510 949 1527 esse
963 1505 989 1527 et
1005 1501 1083 1527 istam
1099 1504 1200 1534 partem
1213 1499 1378 1534 reipublicae
1391 1498 1459 1525 male
1470 1498 1590 1524 affectam
1602 1498 1683 1524 tueri:

891 1539 958 1565 mihi
970 1546 1078 1573 quoque
1091 1537 1171 1569 idem,
1180 1537 1252 1572 quod
1264 1537 1313 1564 tibi
1323 1542 1349 1563 et
1361 1536 1433 1563 laudi
1445 1541 1505 1563 tuae
1516 1535 1686 1570 profuturum

890 1581 943 1607 est,
961 1576 1078 1610 optatius
1094 1574 1174 1601 debet
1188 1583 1258 1601 esse.
1299 1576 1324 1601 3.
1346 1574 1416 1610 Ego,
1433 1582 1502 1608 quae
1514 1573 1547 1599 ad
1559 1578 1631 1599 tuam
1645 1572 1686 1598 di-

890 1614 1019 1650 gnitatem
1031 1613 1165 1647 pertinere
1176 1612 1334 1643 arbitrabor=
1351 1620 1458 1637 summo
1469 1610 1559 1637 studio
1570 1610 1687 1646 diligen-

891 1652 981 1686 tiaque
993 1650 1106 1681 curabo,
1126 1650 1153 1676 in
1164 1650 1315 1685 primisque
1327 1649 1422 1676 tuebor
1432 1648 1506 1675 omni
1516 1648 1686 1674 observantia

890 1689 1073 1715 clarissimum
1086 1688 1189 1719 virum,
1207 1692 1309 1722 patrem
1321 1692 1411 1719 tuum;
1430 1685 1502 1721 quod
1517 1690 1542 1711 et
1553 1694 1600 1720 pro
1612 1690 1687 1710 vetu-

890 1731 957 1753 state
973 1725 1197 1756 necessitudinis,
1220 1729 1245 1751 et
1260 1733 1307 1759 pro
1322 1724 1460 1750 beneficiis
1473 1723 1583 1752 vestris,
1601 1728 1625 1748 et
1641 1731 1687 1756 pro

891 1764 1021 1800 dignitate
1034 1763 1121 1798 ipsius
1133 1762 1219 1789 facere
1230 1761 1325 1788 debeo.

944 1833 1028 1854 LXIX.
1046 1834 1064 1853 A
1072 1834 1123 1853 Ru.
1140 1833 1218 1857 Rogat.
1228 1835 1253 1852 ut.
1263 1831 1363 1851 Curtium
1374 1831 1397 1850 in
1408 1831 1469 1850 tidem
1481 1829 1580 1856 recipiat,

1077 1870 1165 1891 (linui-w,
1177 1870 1256 1887 Cannu*
1267 1869 1300 1885 III.
1311 1868 1384 1890 Lepi-lu
1394 1874 1439 1885 eun.
1452 1868 1505 1889 70⁸.)

914 1913 950 1940 M.
973 1913 1003 1939 T.
1025 1913 1055 1940 C.
1078 1913 1106 1940 S.
1128 1913 1159 1939 D.
1182 1913 1210 1939 Ρ.
1235 1909 1422 1939 SERVILIO
1441 1910 1663 1937 COLLEGAE.

949 1953 971 1977 I.
994 1946 1030 1977 C.
1043 1950 1152 1977 Curtius
1163 1950 1284 1981 Mithres,
1297 1954 1338 1975 est
1350 1948 1394 1974 ille
1405 1948 1526 1983 quidem,
1541 1952 1569 1973 ut
1579 1948 1642 1976 scis,
1658 1947 1688 1972 li-

892 1988 984 2015 bertus
1000 1988 1134 2018 Postumi,
1153 1987 1359 2014 familiarissimi
1376 1987 1442 2012 mei:
1465 1985 1513 2011 sed
1530 1993 1571 2010 me
1587 1984 1649 2011 colit
1665 1990 1690 2010 et

892 2025 1018 2052 observat
1033 2034 1118 2061 aeque
1134 2030 1213 2060 atque
1230 2025 1307 2050 illum
1324 2025 1414 2058 ipsum
1435 2028 1575 2058 patronum
1597 2030 1687 2048 suum.

894 2063 972 2097 Apud
991 2071 1054 2089 eum
1075 2071 1124 2098 ego
1145 2063 1184 2088 sic
1200 2062 1301 2096 Ephesi
1319 2061 1371 2092 fui,
1393 2061 1618 2095 quotiescumque
1640 2058 1686 2086 sui.

894 2105 1030 2134 tamquam
1046 2100 1119 2126 domi
1137 2108 1224 2125 meae.-
1249 2098 1386 2133 multaque
1402 2097 1570 2127 acciderunt,
1589 2097 1615 2122 ιιι
1627 2096 1689 2130 qui-

893 2138 945 2163 bus
955 2142 980 2163 et
992 2137 1206 2163 benevolentiam
1217 2137 1277 2162 eius
1287 2144 1349 2171 erga
1361 2144 1403 2161 me
1414 2135 1551 2169 experirer
1561 2139 1586 2160 et
1598 2133 1687 2159 Iidem.

893 2176 984 2209 Itaque
995 2175 1019 2200 si
1030 2174 1098 2209 quid
1109 2179 1154 2200 uut
1165 2174 1246 2203 mihi,
1264 2178 1309 2199 aut
1326 2181 1445 2198 meorum
1458 2172 1576 2206 cuipiam
1589 2171 1614 2196 in
1627 2171 1688 2196 Asia

892 2216 1015 2245 opusvst,
1024 2212 1056 2237 ad
1070 2211 1142 2237 hunc
1152 2211 1270 2236 scribere
1280 2210 1408 2236 consuevi
1418 2230 1422 2239 ,
1438 2209 1519 2234 buius
1530 2216 1614 2243 quum
1625 2216 1689 2241 ope-

893 2258 921 2275 ra
932 2254 956 2274 et
967 2249 1028 2278 tide,
1041 2253 1098 2275 tum
1109 2248 1189 2274 domo
1200 2253 1224 2273 et
1236 2256 1262 2273 re
1275 2247 1323 2277 uti,
1338 2251 1474 2281 tamquam
1487 2254 1554 2271 men.
1578 2246 1644 2271 IInee
1656 2244 1688 2270 uu

895 2291 918 2312 te
929 2295 960 2312 eo
972 2285 1097 2320 pluribus
1108 2286 1214 2319 scripsi,
1230 2290 1257 2310 ut
1270 2283 1443 2317 iutelligeres,
1452 2291 1494 2309 me
1506 2292 1556 2308 nou
1570 2282 1689 2314 vulgari-

864 2353 865 2360 *
894 2329 945 2353 ter,
965 2332 1012 2349 nec
1023 2323 1179 2352 ambitioso,
1197 2321 1244 2347 scd
1257 2326 1285 2347 ut
1296 2330 1344 2355 pro
1356 2321 1463 2346 homine
1475 2320 1570 2345 intimo
1581 2329 1610 2345 nc
1622 2319 1688 2344 mihi

895 2361 1094 2395 pernecessario
1109 2360 1237 2385 scribere.
1278 2360 1303 2384 2.
1326 2359 1388 2384 I'eto
1400 2357 1482 2391 igitur
1494 2366 1506 2382 a
1519 2362 1556 2386 te,
1575 2362 1602 2382 ιιι
1621 2357 1646 2381 ιιι
1659 2365 1688 2381 en

864 2404 866 2428 ¹,
894 2398 1073 2424 controversia
1083 2418 1088 2426 ,
1111 2406 1191 2431 quum
1209 2396 1287 2422 butu-1
1299 2395 1332 2421 {Ie
1345 2394 1427 2421 [undo
1437 2403 1499 2419 cum
1511 2394 1627 2428 «pindum
1639 2394 1689 2419 (10-

864 2434 866 2440 ’
896 2435 1030 2470 IopIiouio,
1044 2439 1068 2460 ct
1081 2435 1106 2460 in
1118 2435 1213 2460 ceteris
1226 2433 1315 2462 rebus,
1329 2436 1460 2467 quantuni
1472 2431 1538 2457 Iides
1550 2436 1592 2457 tun
1605 2431 1688 2466 putic-

895 2477 946 2502 tur,
960 2476 1146 2506 quantumque
1159 2477 1203 2497 tuo
1214 2470 1354 2497 commodo
1366 2469 1477 2504 poteris.
1493 2473 1630 2495 {autumet
1642 2468 1689 2494 lio-

895 2511 967 2535 noris
979 2510 1031 2535 mei
1042 2517 1138 2535 caussa
1149 2508 1317 2535 commodes:
1339 2507 1402 2537 etsi,
1421 2511 1449 2532 ut
1460 2507 1519 2532 eius
1531 2505 1687 2532 modestiam

893 2547 1022 2582 cognovi,
1039 2547 1130 2582 gravis
1147 2546 1195 2572 tibi
1208 2545 1281 2571 nullu
1294 2545 1319 2570 in
1332 2554 1359 2571 re
1369 2545 1429 2570 erit.
1470 2544 1498 2569 Si
1511 2548 1536 2570 et
1547 2551 1604 2569 men
1615 2551 1688 2568 com-

895 2584 1064 2610 mendatione
1079 2588 1105 2610 et
1119 2592 1167 2609 sun
1184 2583 1315 2618 probitate
1330 2586 1470 2608 assecutus
1485 2581 1548 2611 erit,
1566 2581 1604 2606 uti
1616 2579 1648 2606 de
1660 2588 1688 2605 se

895 2622 962 2648 bene
973 2621 1126 2652 existimem
1144 2621 1234 2647 omnin
1250 2628 1278 2646 se
1294 2619 1420 2654 adeptum
1433 2618 1615 2644 arbitrabitur.
1657 2617 1689 2643 Ut

896 2659 978 2695 igitur
992 2667 1054 2685 eum
1070 2659 1185 2694 recipias
1201 2659 1227 2684 iu
1243 2657 1336 2688 Iidem,
1360 2656 1512 2690 habeasque
1529 2656 1555 2681 in
1578 2663 1689 2681 numero
