1941 3052
796 152 836 176 26.
872 150 905 176 M.

231 154 278 180 362

230 232 438 258 nonnumquam¹
457 223 564 248 linum-tn
578 232 606 247 me
621 221 749 256 prnlmlnili
765 223 878 250 nomine.
896 222 963 247 bono
978 223 1017 247 vi-

229 261 346 286 roiudici
358 270 428 286 error
439 260 526 287 oluiri.
544 259 663 292 improbo
675 258 784 283 sau-ultas
795 259 861 285 «turi.
879 263 915 287 ut.
931 267 1015 292 qutun

228 298 314 323 acin-nn
332 306 466 331 perperam
487 296 620 324 indii-orit,
643 300 733 321 tentem
754 300 839 320 tumen
854 300 899 320 aut
914 295 1017 321 tabulas

229 340 336 360 niu-utus
350 344 407 359 esst.-
424 334 550 359 videatur.
584 333 610 358 ln
623 333 678 358 iure
691 332 756 358 nihil
769 337 807 357 est
819 332 960 360 eiusmodi.
977 341 1017 358 re·

228 376 403 405 vupvrutorcs.
422 380 471 395 nou
489 369 591 395 talmlne
608 369 696 398 saluae.
714 378 764 395 nou
777 370 850 394 tentis
862 369 1014 403 improbus:
1038 383 1039 387 =

227 408 342 442 ‹lc-nique
358 408 436 433 niuniu
452 408 514 435 ista,
533 414 601 440 quae
619 406 770 432 dominatur
784 406 810 432 in
824 406 943 436 civitate.
971 415 1017 440 po-
1038 430 1039 437 ,

229 450 319 471 tentia.
340 445 365 470 iu
382 444 429 469 lm«-
443 443 498 468 solo
512 452 608 475 genere
626 443 753 477 quiescit:
773 443 839 477 quid
859 448 931 476 agat,
950 452 1017 478 quo-

228 481 305 507 modo
319 481 486 513 aggrediatur
501 480 624 509 iudicem,
641 489 693 514 qua
704 480 819 515 denique
830 480 945 513 digitum
957 489 1017 515 pro-
1038 471 1039 507 l

229 518 301 546 serat.
319 527 369 543 nou
385 517 471 543 hahet.
494 518 535 542 72.
553 517 620 543 Illud
635 518 706 543 onim
722 522 806 552 potest
819 517 871 543 «lici
888 518 968 544 iudici
984 518 1017 543 ab

227 555 315 589 aliquo
335 564 384 580 non
404 559 455 580 tam
476 554 624 580 verecundo
644 554 763 585 homine,
787 564 868 589 (piam
887 556 1014 589 gratioso:

229 592 314 617 ludica
335 592 382 617 boc
401 591 497 617 fuctum
516 600 587 621 esse,
611 597 656 618 aut
675 601 821 626 numquam
841 601 899 618 csse
918 592 1015 618 factum

228 629 266 654 vel
282 629 439 662 cogitatuum
459 628 536 655 crede
551 629 613 655 huic
628 630 701 660 testi;
723 629 769 655 lias
783 630 925 663 comproba
940 630 1017 655 tabu-

227 666 264 691 las
273 676 277 691 ;
287 666 434 691 —liocuon
444 670 541 700 potest:
555 666 603 693 Cui
612 666 684 692 lilius
693 672 805 701 agnatus
816 667 859 696 sit.
868 667 926 692 cius
938 671 1017 693 testa—

226 708 344 729 mentum
361 712 410 729 non
425 712 483 729 esse
498 707 620 738 ruptum,
638 704 737 736 iudica:
761 704 834 738 quod
849 704 945 730 mulier
959 705 1016 730 sine

226 745 310 766 tutore
324 745 428 766 auctore
443 741 605 775 promiserit.
622 741 722 767 deberi.
758 742 814 767 Non
829 746 868 767 est
881 741 970 767 aditus
983 741 1015 767 ad
1037 728 1039 776 l

226 777 380 803 huiusmodi
395 786 436 803 res
451 786 536 812 neque
548 779 677 812 potentiae
689 779 849 813 cuiusquam
860 787 945 813 neque
957 788 1016 812 gra-

1044 308 1047 390 ἐ

940 150 970 176 Τ.
1005 149 1281 176 CICERONIS

1038 221 1048 244 'l
1068 221 1208 255 gredienti.
1223 230 1285 247 cum
1299 227 1397 248 armata
1412 222 1584 248 multitudine
1601 223 1698 249 obvius
1716 222 1812 252 fueris.
1831 228 1858 250 et

1070 259 1103 284 ita
1124 258 1271 284 venientem
1291 259 1434 293 repuleris.
1457 259 1570 292 fugaris,
1591 260 1729 286 averteris:
1751 268 1801 287 non
1816 269 1856 286 ne-

1069 295 1174 320 stituea.
1214 295 1282 321 Tum
1301 297 1447 322 statueritis
1467 296 1520 323 vim
1540 297 1566 323 in
1584 296 1663 323 caede
1681 296 1768 323 mlum
1787 306 1855 327 ease,

1070 341 1120 358 non
1135 333 1213 358 etiam
1230 333 1256 358 in
1271 333 1372 358 animo:
1389 333 1440 359 nini
1450 342 1527 359 cruor
1537 339 1668 368 appareat.
1686 335 1740 360 vim
1752 343 1803 361 non
1814 343 1857 361 ea-

1069 378 1097 394 ne
1112 368 1219 395 factam:
1241 370 1338 396 iniuria
1351 370 1403 396 dici
1417 379 1478 396 eum
1492 371 1624 397 deiectum
1639 379 1712 400 ease.
1731 372 1778 406 qui
1798 380 1857 406 pro-

1071 406 1172 432 hibitus
1186 407 1234 437 sit;
1259 407 1310 433 nisi
1324 416 1357 433 ex
1371 416 1402 433 eo
1416 408 1480 437 loco.
1497 408 1542 433 ubi
1559 409 1700 442 vestigium
1715 409 1858 443 improne-

1070 444 1115 473 rit.
1136 443 1214 469 dciici
1234 444 1366 470 neminem
1386 453 1473 479 posse.
1513 445 1555 471 77.
1576 446 1643 471 Iuris
1658 445 1739 479 igitur
1752 446 1858 472 retineri

1069 481 1236 511 sententiam,
1253 486 1278 507 ct
1292 482 1450 516 aequitatem
1466 481 1611 516 plurimum
1628 482 1714 508 valere
1727 487 1856 517 oportere.

1070 516 1124 553 [an]
1140 518 1220 544 verbo
1233 527 1262 544 ac
1278 518 1362 544 littera
1377 519 1419 545 iua
1432 528 1510 545 omne
1525 520 1654 554 torqueri:
1681 528 1727 545 vos
1741 521 1856 550 statuite.

1069 560 1274 589 recuperatores,
1292 561 1380 582 utrum
1397 556 1489 582 utilius
1502 565 1561 582 ease
1576 556 1705 582 videatur.
1736 556 1789 583 noc
1803 557 1860 584 loco

1070 593 1254 626 percommode
1273 593 1380 622 accidit.
1400 593 1471 628 quod
1491 602 1541 620 non
1560 593 1634 619 adeat
1652 594 1688 624 ia.
1707 594 1755 628 qui
1770 594 1860 628 paullo

1068 634 1128 655 ante
1146 630 1219 656 ass'uit
1237 634 1262 656 et
1279 630 1373 656 adesse
1392 631 1468 657 nobis
1488 630 1639 665 frequenter
1657 632 1684 657 in
1702 630 1752 657 bae
1763 639 1857 657 cauaaa

1068 666 1135 693 solet
1149 667 1189 693 vir
1202 668 1399 698 ornatissimus.
1415 668 1444 694 C.
1460 668 1609 703 Aquillius:
1625 667 1696 702 (nam
1710 668 1769 703 ipao
1783 676 1859 703 prae-

1068 709 1143 730 sente
1160 704 1193 730 de
1212 705 1308 731 virtute
1326 706 1385 731 cius
1399 710 1425 731 et
1438 705 1577 739 prudentia
1592 705 1713 731 timidius
1731 705 1856 735 dicerem,

1068 741 1140 776 quod
1154 746 1179 768 et
1193 743 1250 776 ipse
1265 742 1364 776 pudore
1377 743 1495 777 quodam
1509 742 1658 768 afficeretur
1667 751 1700 768 ex
1710 751 1759 769 aua
1770 742 1856 773 laude,

1067 783 1093 805 et
1111 787 1152 805 me
1170 779 1267 805 similia
1286 781 1351 806 ratio
1369 780 1478 814 pudoris
1491 788 1505 805 a
1521 780 1666 814 praesentia
1681 779 1759 806 laude
1772 779 1859 806 tarda-

225 814 288 841 tiae:
312 814 442 850 denique,
462 824 516 850 quo
534 816 620 841 maius
636 815 684 842 lioc
697 817 870 851 sanctiusque
886 816 1014 845 videatur.
1044 818 1046 849 l
1068 817 1128 850 ret.)
1141 817 1220 842 cuius
1233 817 1390 847 auctoritati.
1405 817 1506 843 dictum
1517 822 1565 847 est.
1582 817 1615 843 ab
1626 816 1670 843 illa
1679 825 1783 846 caussa.
1795 825 1858 843 con-

225 860 257 877 ne
272 852 355 886 pretio
367 852 477 886 quidem
491 853 624 887 corrumpi
640 852 721 879 iudex
735 853 761 879 in
776 853 907 879 eiusmodi
922 862 1015 879 caussa

226 894 319 923 potest.
360 890 401 915 73.
423 890 472 915 Iste
492 894 578 916 vester
597 891 683 920 testis,
703 891 750 925 qui
769 899 851 916 aursus
865 895 904 916 cst
917 891 1013 919 dicere.

225 935 344 952 venisse
361 936 462 952 vinea·
477 935 548 958 eum,
569 927 602 953 de
615 936 682 962 quo,
703 936 735 953 nc
749 928 827 953 cuius
842 929 877 954 rei
892 937 1016 963 arguere-

225 1001 354 1030 iudicare.
375 1001 466 1027 deberi
482 1002 537 1027 viro
551 1001 652 1031 dotem.
673 1011 753 1036 quam
769 1003 866 1028 mulier
881 1002 954 1028 nullo
968 1012 1016 1028 au·

224 1042 292 1064 ctore
307 1038 428 1064 dixisset.
469 1038 491 1064 Ο
509 1048 563 1065 rem
580 1039 753 1073 praeclaram,
775 1040 905 1074 vobisque
917 1040 952 1065 ob
967 1040 1015 1066 hoc

209 1075 402 1106 'retinendam,
427 1077 636 1110 recuperatores!
671 1076 763 1103 xxvi.
791 1076 866 1108 Quod
885 1078 956 1103 euim
976 1083 1016 1103 cst

223 1113 266 1138 ius
280 1112 377 1139 civile‘?
394 1113 465 1148 quod
481 1122 566 1148 neque
581 1112 676 1140 inflecti
690 1114 783 1149 gratia.
800 1123 886 1149 neque
901 1114 1016 1149 perfrin-

223 1150 250 1185 gi
264 1150 393 1184 potentia,
411 1159 496 1185 neque
510 1150 651 1177 adulterari
666 1151 777 1185 pecunia
793 1152 889 1186 possit:
905 1152 977 1186 quod
991 1152 1014 1178 si

224 1195 274 1214 non
290 1187 368 1213 modo
380 1196 551 1222 oppressum,
567 1188 615 1214 sed
629 1188 706 1214 etiam
721 1188 856 1215 desertum
870 1194 915 1216 aut
930 1189 1016 1225 negli-

222 1225 329 1259 gentius
340 1229 504 1251 asservatum
516 1226 572 1256 erit¹
591 1225 656 1251 nihil
669 1230 717 1256 est.
734 1226 806 1261 quod
816 1227 961 1262 quisquam
973 1235 1015 1253 se-

222 1270 251 1287 se
267 1261 362 1287 habere
376 1267 491 1293 certum,
512 1267 557 1288 aut
571 1271 585 1289 a
600 1267 672 1297 patre
686 1268 871 1298 accepturum.
893 1269 939 1291 aut
952 1264 1015 1291 reli-

222 1303 328 1325 cturum
344 1298 434 1325 liberis
448 1300 598 1326 arbitretur.
633 1301 674 1327 74.
694 1300 765 1333 Quid
779 1302 849 1327 enim
865 1301 956 1333 refert,
972 1310 1016 1328 ae-

222 1336 269 1362 des
283 1341 328 1362 aut
342 1336 455 1363 fundum
475 1337 595 1364 relictum
610 1347 623 1364 a
643 1343 728 1372 patre.
749 1343 795 1365 aut
812 1338 901 1373 aliqua
915 1340 1014 1365 ratione

222 1373 318 1400 babere
336 1373 403 1400 bene
422 1379 540 1408 partum,
565 1375 588 1401 si
606 1376 737 1401 incertum
752 1376 800 1406 sit,
825 1385 907 1411 quae,
928 1385 1014 1411 quum

221 1411 308 1437 onmia
324 1415 366 1436 tua
382 1411 439 1438 iure
453 1412 577 1446 mancipii
592 1413 654 1442 sint.
671 1421 700 1438 ea
715 1413 836 1447 possisne
847 1413 978 1440 retinere?
991 1414 1014 1440 si
1035 1421 1036 1429 ¹

222 1456 314 1482 parum
329 1449 364 1474 sit
376 1449 571 1475 communitum
586 1449 647 1476 ius?
668 1450 690 1476 si
704 1450 777 1477 civili
791 1459 821 1477 ac
835 1451 941 1485 publica
957 1451 1014 1487 lege
1035 1480 1036 1484 ,

221 1490 309 1511 contra
324 1485 438 1513 alicuius
452 1487 565 1522 gratiam
580 1487 662 1513 teneri
678 1496 728 1514 non
744 1488 848 1522 potest?
872 1488 956 1520 Quid,
972 1489 1014 1515 in-
1035 1487 1036 1506 l

220 1531 314 1557 quam.
332 1523 451 1557 prodest,
468 1523 582 1550 fundum
599 1525 708 1556 habere,
724 1526 757 1556 si,
773 1534 842 1560 quae
856 1526 1014 1553 decentissi-
1034 1523 1035 1549 l

221 1568 262 1586 me
275 1559 407 1595 descripta
421 1570 434 1587 a
449 1561 595 1588 maioribus
608 1563 666 1588 iura
681 1562 784 1594 finium,
801 1564 1011 1598 possessionum,
1034 1559 1036 1593 f

221 1605 350 1632 aquarum
368 1599 549 1634 itinerumque
567 1603 643 1630 sunt,
669 1599 732 1626 haec
751 1601 900 1635 perturbari
923 1601 1012 1636 aliqua
1034 1598 1036 1630 ξ

221 1635 319 1661 ratione
332 1637 544 1671 commutarique
559 1636 689 1671 possunt?
714 1637 779 1663 Mihi
793 1637 906 1669 credite,
930 1639 1014 1665 maior

221 1672 351 1699 hereditas
366 1674 439 1699 venit
457 1674 503 1699 uni
520 1674 618 1708 cuique
636 1679 755 1700 vestrum
774 1675 802 1701 in
820 1675 916 1701 iisdem
935 1675 1012 1702 bonis

220 1717 234 1735 a
248 1709 305 1735 iure
319 1714 370 1736 eta
386 1710 504 1745 legibus,
528 1719 610 1745 quam
628 1711 661 1737 ab
679 1711 726 1742 iis,
751 1720 765 1738 a
779 1712 880 1747 quibus
894 1712 939 1739 illa
955 1713 1012 1747 ipsa

220 1746 287 1772 bona
306 1746 396 1773 relicta
409 1752 481 1774 sunt.
523 1748 588 1774 Nam
603 1753 632 1774 ut
647 1749 784 1783 perveniat
796 1749 830 1775 ad
844 1758 886 1775 me
900 1749 1010 1781 fundus,

220 1787 375 1810 testamento
393 1783 507 1811 alicuius
527 1786 582 1812 lieri
600 1790 699 1820 potest:
727 1790 756 1812 ut
774 1787 916 1817 retineam,
939 1787 1012 1821 quod
1032 1781 1035 1818 l

220 1829 310 1846 meum
326 1820 423 1847 sactum
439 1822 486 1852 sit,
507 1823 565 1849 sine
579 1823 636 1849 iure
650 1823 723 1850 civili
738 1832 790 1850 non
805 1828 899 1858 potest.
940 1825 1012 1851 Fun·
1032 1833 1034 1859 ῃ

219 1857 270 1884 dus
288 1866 302 1884 a
322 1863 393 1892 patre
408 1859 522 1893 relinqui
538 1864 637 1894 potest:
661 1865 687 1886 at
705 1862 835 1896 usucapio
853 1861 942 1892 fundi,
963 1862 1012 1888 hoc
1032 1875 1034 1896 ᾗ

219 1899 268 1925 est.
285 1894 345 1921 finis
359 1895 549 1923 sollicitudinis
564 1906 594 1923 ac
607 1897 719 1932 periculi
731 1897 828 1928 litium,
845 1907 896 1925 non
910 1907 924 1925 a
939 1903 1011 1933 patre

221 1931 395 1967 relinquitur,
415 1933 462 1959 sed
476 1942 489 1959 a
505 1933 620 1969 legibus.
654 1934 746 1969 Aquae
763 1935 870 1966 ductus,
887 1936 1009 1967 haustus,

219 1969 277 1999 iter.
293 1974 377 2001 actus,
393 1980 406 1996 a
422 1975 509 2005 patre:
529 1971 576 1998 sed
590 1976 644 1998 rata
657 1973 798 1998 auctoritas
813 1973 907 1999 harum
922 1982 1010 2000 rerum

219 2007 339 2033 omnium
357 2016 371 2033 a
391 2008 447 2034 iure
465 2008 537 2034 civili
552 2009 678 2035 sumitur.
718 2010 760 2036 75.
779 2009 945 2045 Quapropter
959 2019 1010 2037 non

220 2044 309 2070 minus
323 2044 465 2080 diligenter
479 2054 517 2076 ea,
530 2054 599 2080 quae
609 2055 623 2072 a
638 2047 783 2073 maioribus
797 2048 946 2082 accepistis,
960 2057 1011 2083 pu-

219 2080 287 2107 blica
301 2082 457 2116 patrimonia
476 2083 555 2113 iuris,
575 2092 656 2118 quam
672 2085 789 2118 privatae
802 2085 839 2111 rei
855 2090 956 2111 vestrae
970 2094 1011 2112 re-

219 2118 302 2145 tinere
315 2118 431 2146 debetis:
458 2128 509 2146 non
523 2120 624 2150 solum,
644 2121 716 2155 quod
731 2121 796 2148 haec
809 2122 867 2148 iure
880 2122 954 2149 civili
968 2131 1011 2149 se-
1031 2118 1033 2158 l

219 2159 262 2189 pta
275 2160 346 2187 sunt,
363 2156 410 2182 sed
425 2157 512 2187 etiam,
528 2157 601 2192 quod
616 2158 806 2192 patrimonium
817 2160 898 2186 unius
909 2160 1011 2186 incom-

218 2192 297 2219 modo
313 2192 470 2224 dimittitur.
495 2195 538 2220 ius
557 2195 641 2222 amitti
661 2204 713 2222 non
733 2200 819 2230 potest
836 2197 894 2223 sine
913 2206 1011 2232 magno

217 2230 384 2257 incommodo
398 2231 522 2258 civitatis.

273 2267 381 2294 XXVII.
397 2269 425 2295 In
440 2269 488 2295 hac
501 2269 560 2304 ipsa
573 2277 680 2301 caussa,
696 2275 908 2305 recuperatores,
923 2271 946 2297 si
960 2271 1010 2298 hoc

219 2312 265 2330 nos
283 2313 334 2331 non
352 2305 547 2337 obtinebimus,
572 2307 611 2338 vi,
636 2308 743 2334 armatis
763 2307 919 2334 hominibus
937 2308 1011 2335 deie-

217 2346 289 2368 ctum
303 2350 362 2368 esse
375 2351 446 2374 eum,
462 2352 544 2378 quem
558 2345 594 2375 vi,
610 2345 718 2371 armatis
731 2344 888 2371 hominibus
898 2344 1009 2380 pulsum

218 2377 395 2414 fugatumque
413 2388 471 2406 esse
488 2385 603 2407 constet:
632 2381 743 2408 Caecina
759 2390 816 2408 rem
830 2391 882 2409 non
896 2383 1006 2414 amittet,

218 2423 298 2449 quam
312 2416 398 2451 ipsam
412 2417 500 2444 animo
515 2417 583 2449 sorti,
599 2419 622 2444 si
637 2423 743 2453 tempus
755 2420 790 2445 ita
801 2419 889 2451 terret,
904 2421 1010 2447 amitte-

219 2456 269 2484 ret,
294 2453 321 2479 in
341 2455 536 2487 possessionem
556 2456 582 2482 in
601 2456 749 2490 praesentia
768 2465 820 2483 non
842 2457 1006 2488 restituetur,

217 2489 259 2514 76.
280 2489 346 2516 nihil
364 2491 495 2525 amplius:
520 2492 612 2527 populi
628 2493 741 2519 Romani
758 2502 866 2525 caussa,
891 2494 1008 2520 civitatis

218 2525 270 2556 ius.
287 2526 363 2558 bona,
381 2527 499 2554 fortunae
513 2530 750 2565 possessionesque
759 2531 787 2556 in
796 2530 911 2557 dubium
922 2531 1009 2558 incer—

218 2566 329 2597 tumque
342 2565 549 2598 revocabuntur;
574 2571 662 2593 vestra
679 2567 834 2594 auctoritate
846 2567 896 2594 hoc
909 2568 1009 2594 consti-

219 2603 316 2630 tuetur,
332 2600 381 2626 hoc
395 2602 602 2635 praescribetur:
618 2604 728 2638 quicum
743 2609 772 2630 tu
782 2604 891 2639 posthac
901 2605 935 2631 de
945 2613 1009 2640 pos-

217 2637 336 2663 sessione
350 2638 501 2670 contendes,
518 2648 593 2671 eum,
609 2641 632 2666 si
646 2641 797 2675 ingressum
812 2641 890 2668 modo
903 2641 1008 2668 deiece-

218 2673 267 2704 ris,
289 2673 316 2700 in
334 2674 472 2709 praedium
492 2677 615 2703 restituas
633 2677 777 2712 oportebit,
801 2678 844 2704 sin
862 2683 951 2705 autem
964 2679 1008 2706 in—

1037 956 1045 983 ¹
1066 929 1268 954 commemorari
1292 928 1390 955 velitis.

225 968 268 989 tur
281 964 403 998 quidem.
425 964 491 990 scire
506 965 648 999 potuisset.
669 965 726 999 ipse
746 973 892 999 numquam
907 965 1016 991 auderet
1044 986 1045 995 ,

1066 853 1124 879 cedi
1140 854 1253 879 nimium
1269 863 1321 880 non
1335 859 1464 889 oportere.
1506 855 1562 881 Non
1577 862 1680 884 vereor.
1696 854 1729 880 de
1742 854 1786 880 tali
1802 854 1858 881 viro

1067 899 1099 916 ne
1115 890 1175 925 plus
1189 891 1289 921 dicam.
1305 900 1385 926 quam
1401 901 1448 918 vos
1461 896 1505 917 aut
1518 892 1652 921 sentiatis.
1668 896 1714 917 aut
1726 891 1797 926 apud
1812 899 1859 918 vos

1430 930 1472 955 78.
1496 929 1661 963 Quapropter
1689 929 1738 955 luoc
1759 929 1856 959 dicam.

1068 974 1215 1000 numquam
1235 966 1294 992 eius
1313 966 1494 992 auctoritatem
1513 967 1627 992 nimium
1653 965 1752 996 valere.
1779 966 1858 992 cuius

1068 1002 1235 1037 prudentiam
1247 1003 1364 1037 populus
1375 1003 1508 1029 Romanus
1523 1003 1549 1029 in
1562 1002 1688 1033 cavendo,
1705 1012 1757 1029 non
1771 1004 1798 1029 in
1811 1002 1859 1029 de-

1066 1039 1190 1074 cipiendo
1200 1041 1377 1074 perspexerit:
1393 1041 1440 1075 qui
1455 1041 1522 1067 iuris
1535 1040 1624 1067 civilis
1638 1040 1764 1066 rationem
1780 1049 1859 1067 num-

1066 1086 1147 1112 quam
1165 1077 1198 1103 ab
1216 1078 1349 1112 aequitate
1366 1078 1526 1104 seiunxerit:
1551 1078 1599 1112 qui
1619 1082 1656 1104 tot
1676 1086 1760 1104 annos
1783 1078 1859 1113 inge-

1044 1129 1045 1133 «
1067 1115 1155 1145 nium,
1178 1114 1308 1145 laborem,
1329 1114 1408 1141 fldem
1426 1124 1503 1141 suam
1523 1114 1621 1150 populo
1634 1115 1752 1141 Romano
1769 1123 1859 1149 prom-

1042 1313 1044 1326 l

1042 1357 1044 1369 l

1042 1382 1044 1399 l

1042 1409 1043 1420 l

1040 1754 1041 1758 ¹
1063 1750 1172 1776 stituere
1190 1758 1237 1776 vos
1255 1749 1353 1775 dicitis.

1067 1157 1137 1186 ptam
1153 1152 1356 1187 expositamque
1375 1152 1538 1187 praebuerit:
1561 1153 1609 1187 qui
1628 1152 1663 1178 ita
1678 1153 1766 1178 iustus
1779 1156 1859 1178 estet

1067 1190 1153 1215 bouus
1172 1190 1224 1219 vir.
1246 1194 1274 1216 ιιι
1293 1194 1399 1221 natura,
1419 1198 1471 1216 non
1489 1189 1631 1224 disciplina
1645 1189 1785 1216 consultus
1798 1198 1858 1215 esse

1067 1226 1202 1253 videatur:
1226 1227 1262 1253 ita
1281 1227 1382 1262 peritus
1399 1236 1430 1253 ac
1447 1227 1578 1262 prudens.
1605 1231 1634 1253 ut
1650 1235 1684 1253 ex
1701 1227 1759 1252 iure
1771 1226 1855 1256 civili.

1067 1272 1118 1290 non
1136 1264 1246 1290 scientia
1264 1263 1352 1291 solum
1370 1264 1515 1300 quaedam.
1540 1273 1633 1290 verum
1652 1264 1731 1290 etiam
1753 1263 1858 1290 bonitas

1067 1306 1124 1327 nata
1139 1302 1274 1328 videatur:
1294 1302 1373 1328 cuius
1387 1307 1488 1328 tantum
1502 1306 1543 1328 est
1556 1301 1703 1337 ingenium,
1719 1301 1754 1327 ita
1768 1309 1858 1336 prom-

1067 1343 1110 1373 pta
1125 1338 1205 1370 fides.
1231 1343 1273 1370 ιιι,
1297 1339 1430 1374 quidquid
1445 1338 1507 1366 inde
1521 1339 1641 1369 haurias.
1662 1346 1760 1373 purum
1776 1338 1859 1373 liqui-

1065 1376 1185 1411 dumque
1203 1380 1228 1402 te
1247 1376 1353 1402 haurire
1371 1377 1480 1403 sentias.
1518 1377 1562 1402 79.
1585 1375 1671 1408 Quare
1685 1384 1856 1411 permagnam

1065 1414 1139 1440 initis
1153 1422 1167 1439 a
1182 1413 1259 1440 nobis
1271 1414 1397 1449 gratiam,
1417 1422 1503 1449 quum
1521 1422 1582 1440 eum
1601 1418 1734 1440 auctorem
1753 1417 1857 1440 nostrae

1065 1450 1229 1477 defensionis
1243 1459 1303 1477 esse
1316 1451 1414 1478 dicitis.
1455 1451 1523 1478 Illud
1537 1456 1626 1477 autem
1640 1451 1733 1481 miror.
1748 1459 1797 1477 cur
1810 1459 1858 1477 vos

1065 1488 1167 1523 aliquid
1181 1493 1272 1515 contra
1286 1497 1328 1515 me
1341 1489 1440 1515 sentire
1457 1488 1564 1518 dicatis.
1583 1496 1670 1523 quum
1687 1496 1750 1514 eum
1767 1492 1858 1514 aucto-

1065 1534 1121 1552 rem
1135 1534 1182 1552 vos
1197 1534 1244 1560 pro
1257 1534 1300 1552 me
1313 1525 1467 1560 appelletis,
1485 1531 1604 1552 nostrum
1620 1525 1772 1552 nominetis.
1806 1525 1858 1551 Ve-

1065 1568 1214 1589 rumtamen
1228 1563 1294 1598 quid
1304 1564 1341 1589 ait
1351 1564 1400 1590 iste
1410 1568 1499 1590 noster
1508 1567 1612 1589 auctor:
1627 1562 1762 1593 omnibus.
1777 1562 1857 1598 quid-

1064 1600 1131 1636 quid
1145 1600 1234 1626 verbis
1249 1605 1337 1627 actum
1352 1601 1608 1635 pronuntiatumque
1621 1600 1665 1626 sit.

1119 1637 1240 1664 XXVIII.
1260 1637 1379 1664 Conveni
1393 1646 1442 1673 ego
1454 1646 1489 1664 ex
1501 1638 1552 1664 isto
1564 1645 1660 1672 genere
1673 1635 1855 1663 consultorum

1034 1674 1035 1695 l
1063 1683 1116 1702 non
1131 1675 1278 1705 neminem,
1294 1679 1324 1701 ut
1336 1675 1442 1709 opinor.
1459 1675 1541 1701 istum
1555 1675 1659 1709 ipsum.
1679 1682 1733 1709 quo
1747 1682 1795 1700 nos
1807 1682 1856 1700 au—

1063 1717 1134 1739 ctore
1148 1720 1202 1738 rern
1217 1713 1296 1738 istam
1310 1720 1401 1747 agere,
1421 1716 1448 1738 et
1464 1711 1647 1738 defensionem
1665 1719 1775 1737 caussae
1791 1719 1855 1737 con-

1393 1748 1445 1781 Qui
1458 1757 1543 1784 quum
1557 1749 1635 1775 istam
1649 1748 1855 1783 disputationem

1063 1795 1168 1813 mecum
1189 1787 1328 1822 ingressus
1346 1791 1428 1817 esset.
1449 1795 1500 1813 non
1521 1794 1598 1821 posse
1618 1785 1736 1820 probari,
1759 1793 1856 1820 quem-

1062 1833 1144 1859 quam
1158 1832 1216 1850 esse
1230 1824 1376 1854 deiectum.
1393 1824 1446 1850 nisi
1459 1832 1492 1850 ex
1505 1832 1537 1850 eo
1552 1823 1619 1853 loco,
1636 1823 1663 1849 in
1676 1830 1731 1858 quo
1744 1821 1853 1849 fuisset:

1063 1870 1119 1888 rem
1133 1865 1159 1887 et
1172 1862 1329 1887 sententiani
1345 1861 1478 1887 interdicti
1491 1869 1597 1887 mecum
1613 1859 1697 1886 facere
1707 1859 1853 1886 fatebatur:

1063 1898 1145 1925 verbo
1158 1907 1200 1925 me
1213 1898 1320 1925 excludi
1334 1898 1451 1924 dicebat:
1467 1906 1481 1924 a
1497 1898 1577 1924 verbo
1589 1902 1678 1924 autem
1691 1905 1770 1932 posse
1783 1905 1856 1923 rece-

1062 1936 1090 1962 di
1104 1944 1156 1962 non
1170 1935 1356 1962 arbitrabatur.
1378 1937 1420 1961 80.
1435 1934 1526 1968 Quum
1538 1934 1670 1969 exemplis
1684 1938 1771 1960 uterer
1784 1933 1856 1960 mul-

1063 1973 1109 2004 tis,
1130 1973 1209 1999 etiam
1224 1973 1269 1999 illa
1283 1973 1392 1999 materia
1406 1973 1560 2008 aequitatis,
1580 1980 1595 1998 a
1608 1971 1691 1998 verbo
1703 1975 1730 1998 et
1741 1971 1775 1998 ab
1788 1971 1855 1998 scri-

1062 2015 1107 2045 pto
1121 2010 1244 2045 plurimis
1258 2019 1338 2045 saepe
1351 2011 1378 2036 in
1393 2010 1472 2036 rebus
1486 2010 1529 2036 ius
1543 2014 1569 2036 et
1581 2009 1660 2044 aequi
1678 2009 1796 2044 bonique
1813 2016 1855 2035 ra-

1063 2049 1162 2074 tionem
1177 2056 1235 2074 esse
1248 2048 1406 2078 seiunctam,
1421 2055 1582 2082 semperque
1595 2046 1623 2073 id
1637 2045 1755 2072 valuisse
1769 2045 1855 2080 pluri-

1062 2094 1146 2115 mum,
1162 2084 1233 2120 quod
1247 2085 1274 2111 in
1289 2093 1317 2111 se
1330 2085 1494 2111 auctoritatis
1508 2084 1645 2110 habuisset
1659 2083 1854 2118 aequitatisque

1062 2122 1224 2157 plurimum:
1240 2121 1391 2149 consolatus
1405 2126 1446 2148 est
1458 2130 1501 2148 me
1514 2126 1541 2148 et
1552 2120 1676 2151 ostendit,
1691 2120 1720 2146 in
1734 2120 1783 2147 bac
1794 2120 1854 2154 ipsa

1060 2168 1155 2186 caussa
1170 2159 1236 2185 nihil
1251 2167 1324 2190 esse,
1344 2159 1417 2194 quod
1435 2158 1595 2185 laborarem:
1620 2166 1682 2184 nam
1700 2157 1780 2184 verba
1794 2157 1853 2191 ipsa

1060 2197 1214 2231 sponsionis
1227 2196 1313 2223 facere
1326 2205 1446 2227 mecum,
1465 2196 1490 2222 si
1503 2195 1600 2222 vellem
1613 2194 1756 2230 diligenter
1768 2198 1855 2220 atten-

1060 2234 1132 2260 dere.
1171 2233 1306 2266 Quonam,
1321 2234 1444 2268 inquam,
1461 2232 1558 2259 modo‘?
1581 2248 1614 2252 —
1634 2231 1703 2264 Quia
1715 2236 1795 2262 certe.
1810 2232 1854 2257 in-

1060 2272 1132 2306 quit,
1151 2271 1271 2298 deiectus
1290 2275 1330 2298 est
1343 2271 1455 2298 Caecina
1472 2270 1499 2296 vi
1513 2269 1668 2296 hominibus
1681 2268 1790 2294 armatis
1803 2268 1853 2294 ali—

1060 2316 1114 2343 quo
1128 2316 1162 2334 ex
1176 2308 1244 2340 loco;
1259 2309 1283 2334 si
1297 2317 1350 2334 non
1364 2316 1398 2334 ex
1410 2316 1441 2334 eo
1455 2307 1518 2337 loco.
1534 2315 1615 2342 quem
1625 2306 1652 2332 in
1663 2305 1751 2332 locum
1760 2305 1854 2332 venire

1059 2345 1153 2377 voluit,
1169 2350 1195 2371 at
1204 2354 1238 2372 ex
1247 2353 1278 2372 eo
1287 2350 1365 2376 certe,
1382 2345 1452 2371 unde
1463 2344 1542 2379 fugit.
1555 2358 1593 2363 --
1605 2342 1675 2375 Quid
1686 2341 1762 2369 tum?
1773 2342 1853 2368 Prae-

1060 2387 1108 2413 tor,
1123 2382 1224 2417 inquit,
1240 2382 1386 2413 interdixit,
1403 2386 1440 2413 ut,
1457 2381 1527 2408 unde
1539 2380 1658 2406 deiectus
1671 2384 1750 2410 esset,
1765 2387 1797 2406 eo
1809 2387 1853 2406 re-

1059 2420 1226 2451 stitueretur,
1243 2419 1294 2446 boc
1306 2424 1359 2450 est,
1375 2419 1541 2454 quicumque
1555 2418 1578 2444 is
1594 2417 1667 2444 locus
1680 2421 1763 2447 esset,
1778 2415 1851 2443 unde

1058 2457 1178 2483 deiectus
1191 2461 1271 2483 esset.
1292 2456 1425 2483 Aebutius
1438 2459 1537 2485 autem,
1551 2455 1599 2490 qui
1611 2453 1708 2480 fatetur
1716 2453 1808 2488 aliquo
1816 2461 1852 2495 ex

1060 2494 1116 2520 loco
1129 2494 1262 2520 deiectum
1275 2501 1335 2520 esse
1349 2493 1502 2523 Caecinam,
1518 2492 1556 2522 is,
1571 2500 1626 2526 quo
1639 2491 1717 2518 modo
1729 2499 1759 2517 se
1772 2495 1850 2517 resu-

1059 2531 1143 2557 tuisse
1157 2531 1239 2561 dixit,
1255 2538 1364 2557 necesse
1376 2534 1417 2556 est
1429 2528 1498 2555 male
1512 2528 1603 2555 fecerit
1615 2528 1798 2563 sponsionem.
1812 2542 1850 2547 —·

1058 2569 1100 2594 81.
1115 2567 1186 2600 Quid
1199 2572 1248 2598 est,
1265 2566 1344 2594 Piso?
1355 2566 1442 2602 placet
1454 2566 1504 2592 tibi
1513 2574 1633 2602 pugnare
1643 2564 1751 2591 verbis?
1763 2564 1850 2600 placet

1057 2613 1181 2631 caussam
1194 2605 1262 2631 iuris
1274 2609 1300 2631 et
1309 2604 1459 2639 aequitatiS,
1474 2607 1509 2634 et,
1525 2611 1576 2630 non
1586 2607 1690 2629 nostrae
1701 2602 1850 2637 possessio-

1059 2642 1112 2672 nis,
1132 2642 1180 2668 sed
1197 2642 1306 2668 omnino
1323 2641 1525 2676 possessionum
1538 2640 1672 2670 omnium,
1687 2638 1848 2665 constituere

1058 2679 1085 2705 iu
1099 2677 1198 2705 verbo?
1222 2678 1292 2714 Ego,
1307 2677 1375 2714 quid
1387 2677 1454 2704 mibi
1469 2676 1616 2708 videretur,
1631 2676 1699 2711 quid
1712 2684 1726 2702 a
1740 2675 1849 2702 maiori—
