1941 3052
346 123 678 150 EPISTOLARUM
707 125 760 150 AD
790 124 995 151 ATTICUM
1027 125 1107 151 LIB.
1131 125 1198 151 XII.
1221 125 1281 150 ΕΡ.
1307 127 1335 151 43
1356 127 1453 151 -53,
1673 129 1720 152 91ῑί

82 200 158 220 tuum
174 194 269 220 sentio.
310 193 504 225 Quamobrem,
518 199 547 221 ut
557 199 616 221 ante
628 194 660 221 ad
673 199 696 221 te
707 195 814 229 scripsi,
831 200 877 221 aut

83 240 132 267 ego
143 230 176 257 ad
188 236 212 257 te
224 235 303 261 totus,
316 236 361 257 aut
373 236 401 257 tu
412 231 445 257 ad
458 240 509 262 me,
525 240 611 266 quum
624 232 724 259 licebit.

134 299 218 321 XLIX.
243 301 272 323 (Iu
283 302 401 323 TuscuIano,
411 303 488 320 Caesare.-
500 303 533 320 IV.
544 310 581 320 rus.
592 310 607 321 s.
617 304 660 321 coll.
672 303 728 324 709.)

265 344 433 371 CICERO
463 344 634 372 ATTICO
666 346 693 372 S.

139 384 163 408 I.
184 377 270 413 Heri,
288 390 340 408 non
352 382 436 409 multo
448 387 520 417 post,
535 391 617 418 quam
628 388 655 410 tu
668 393 682 410 a
694 392 736 409 me
747 383 877 409 discessi-

80 420 129 450 sti,
142 424 220 454 puto,
233 419 346 454 quidam
357 419 463 450 urbani,
477 425 506 446 ut
517 420 687 451 videbantur,
701 420 734 447 ad
745 429 788 446 me
800 429 876 446 man-

81 456 141 483 data
153 461 179 483 et
191 456 292 483 litteras
304 456 451 483 attulerunt
462 466 477 483 a
490 457 519 483 C.
536 458 619 484 Mario
630 458 659 484 C.
672 458 702 484 F.
715 457 745 484 C.
758 459 790 484 N.
805 457 876 484 Mul-

82 494 116 520 tis
132 494 224 520 verbis
240 502 319 530 agere
335 503 442 520 mecum
457 503 506 529 per
516 496 712 530 cognationem,
726 503 795 530 quae
807 495 875 521 mihi

81 540 175 558 secum
186 536 265 562 esset,
281 540 329 566 per
340 540 403 558 eum
413 532 538 563 Marium,
552 541 633 567 quem
639 533 820 567 scripsissem,
828 541 876 566 per

80 568 263 603 eloquentiam
283 570 314 595 L.
338 569 437 599 Crassi,
462 570 504 595 avi
525 570 582 601 sui,
599 574 629 596 ut
643 578 672 595 se
687 569 873 596 defenderem!
905 591 906 611 ἶ

663 607 810 641 Rescripsi,
828 615 876 641 pa-
905 618 906 624 ¹

81 649 156 670 trono
168 643 208 670 illi
222 643 290 670 nihil
302 652 370 678 opus
377 652 445 675 esse,
455 645 582 678 quoniam
589 644 719 674 Caesaris,
729 644 875 678 propinqui
905 646 906 653 ¹

81 682 154 711 cius,
170 682 258 707 omnis
270 686 386 716 potestas
397 686 480 711 esset,
494 682 547 707 viri
557 682 661 716 optimi,
675 686 701 708 et
712 681 830 707 hominis
843 680 876 706 li—
904 692 906 695 .

905 717 906 727 ¹
928 723 1030 749 tamen,
1044 719 1108 753 quia
1118 723 1207 745 tecum
1219 718 1292 753 loqui
1304 719 1406 745 videor.

81 615 261 641 caussamque
279 615 356 632 suam
372 606 441 632 mihi
455 607 623 641 perscripsit.

83 717 260 744 heralissimi:
284 726 327 744 me
337 722 425 744 tamen
437 718 463 744 ei
474 717 622 744 fauturum.
656 718 678 745 Ο
689 719 821 752 tempora!
837 717 876 744 so-

82 764 122 786 re,
145 764 231 790 quum
247 755 353 781 dubitet
367 755 476 781 Curtius
497 755 667 782 consulatum
684 755 793 790 petere?
823 755 875 781 Sed

83 793 148 818 haec
168 792 308 818 hactenus.
350 793 374 819 Ξ.
390 793 426 818 De
441 793 552 823 Tirone,
570 793 639 818 mihi
655 801 735 818 curae
749 797 799 819 est.
822 792 876 818 Sed

83 831 135 856 iam
146 830 245 860 sciam,
263 829 331 864 quid
342 834 411 864 agat.
451 829 514 856 Heri
525 830 599 856 enim
610 830 682 860 misi,
696 831 744 864 qui
756 829 873 856 videret:

81 867 125 893 cui
137 867 217 893 etiam
229 866 262 893 ad
273 871 297 892 te
309 865 410 892 litteras
424 866 496 893 dedi.
531 866 679 902 Epistolam
690 867 723 893 ad
735 866 875 893 Caesarem

81 904 131 930 tibi
142 905 216 930 misi.
256 903 330 930 Horti
341 911 422 938 quam
435 905 462 930 in
474 903 546 930 diem
557 904 702 939 proscripti
713 905 776 935 sint,
793 903 876 930 velim

80 941 113 967 ad
125 949 167 967 me
178 940 292 967 scribas.

134 1011 157 1030 L.
186 1013 215 1034 (In
226 1012 341 1030 Tuscula-nn.
352 1011 431 1028 cmm-e
440 1011 475 1029 lv.
485 1018 522 1028 cns.
533 1018 547 1029 s.
558 1012 602 1030 coll.
614 1013 669 1033 70¹³.)

266 1045 434 1073 CICERO
463 1046 632 1074 ATTICO
663 1047 691 1073 S.

136 1079 175 1110 Ut
190 1092 232 1110 me
244 1083 344 1110 levarat
354 1089 417 1110 tuus
428 1083 569 1115 adventus,
578 1085 617 1110 sic
623 1084 762 1111 discessus
768 1083 875 1112 afflixit.

79 1122 181 1154 Quare,
204 1130 290 1156 quum
310 1121 424 1156 poteris,
447 1121 475 1147 id
491 1126 544 1152 est,
565 1130 652 1156 quum
667 1121 743 1148 Sexti
757 1123 875 1149 auctioni

79 1167 188 1193 operam
199 1158 316 1189 dederis,
331 1159 435 1184 revises
446 1167 504 1185 nos.
536 1159 583 1185 Vel
595 1168 667 1186 unus
679 1159 738 1186 dies
749 1159 876 1187 mihierit

80 1196 168 1229 utilis,
191 1196 258 1231 quid
270 1195 368 1227 dicam,
381 1195 493 1231 gratus?
513 1196 573 1231 Ipse
583 1197 695 1223 Romam
706 1197 837 1228 venirem,
846 1202 876 1224 ut

79 1242 133 1259 una
153 1242 290 1265 essemus,
312 1233 337 1259 si
357 1234 423 1260 satis
438 1233 584 1260 consilium
599 1234 718 1270 quadam
733 1234 766 1261 de
782 1243 811 1261 re
826 1235 875 1261 ha-

80 1271 181 1297 berem.

131 1340 167 1361 LI.
196 1342 227 1365 (In
237 1342 353 1363 Tusculano,
363 1342 441 1360 Caesare
452 1342 485 1361 Iv.
496 1348 533 1360 coa.
544 1349 559 1361 s.
570 1343 614 1361 coll·
626 1345 682 1364 709.)

262 1385 429 1412 CICERO
458 1384 628 1412 ATTICO
660 1385 687 1412 S.

136 1431 159 1456 I.
182 1425 316 1457 Tironem
330 1430 417 1457 habeo
432 1431 526 1462 citius,
539 1439 621 1466 quam
633 1431 754 1458 verebar.
795 1431 874 1459 Venit

78 1467 158 1493 etiam
169 1467 275 1494 Nicias:
300 1473 327 1495 et
340 1467 478 1495 Valerium
489 1468 568 1495 hodie
580 1468 725 1495 audiebam
736 1477 795 1495 esse
807 1477 874 1496 ven-

78 1509 180 1531 turum.
220 1504 352 1537 Quamvis
364 1505 442 1531 multi
453 1506 517 1537 sint,
531 1506 618 1542 magis
629 1511 717 1533 tamen
729 1514 774 1533 ero
787 1506 870 1538 solus,

76 1550 159 1577 quam
170 1542 194 1568 si
206 1550 277 1568 unus
291 1551 374 1569 esses.
397 1542 450 1569 Sed
462 1547 587 1578 exspecto
599 1549 633 1574 te,
646 1552 660 1570 a
670 1543 808 1570 Peducaeo
820 1544 874 1570 uti-

76 1587 140 1614 que.
171 1579 211 1605 Tu
222 1584 311 1606 autem
323 1580 461 1616 significas
473 1580 577 1615 aliquid
589 1582 669 1607 etiam
681 1586 750 1608 ante.
772 1581 873 1609 Verum

76 1615 106 1643 id
117 1616 238 1651 quidem,
252 1622 282 1644 ut
292 1618 402 1652 poteris.
442 1618 479 1644 De
490 1617 617 1654 Virgilio,
631 1623 660 1645 ut
670 1619 778 1645 scribis.
819 1619 873 1645 Hoc

77 1658 167 1680 tamen
187 1653 270 1680 velim
281 1655 359 1686 scire,
376 1654 485 1689 quando
496 1655 594 1682 auctio.
636 1657 662 1683 2.
678 1655 828 1691 Epistolam
839 1656 872 1683 ad

76 1690 218 1718 Caesarem
238 1692 323 1723 mitti,
342 1692 422 1719 video
437 1692 487 1719 tibi
502 1691 618 1727 placere.
658 1692 731 1726 Quid
745 1693 874 1728 quaeris‘?

77 1728 146 1754 mihi
161 1737 270 1764 quoque
286 1729 336 1756 hoc
352 1729 425 1756 idem
437 1730 554 1756 maxime
565 1730 681 1765 placuit,
694 1735 720 1757 et
731 1739 762 1757 eo
773 1732 870 1767 magis,

75 1765 149 1801 quod
161 1765 229 1792 nihil
240 1767 319 1793 estin
329 1775 370 1798 ea,
383 1767 437 1793 nisi
447 1768 543 1802 optimi
554 1768 636 1801 civis;
659 1767 707 1794 sed
719 1769 753 1795 ita
765 1769 869 1803 optimi,

75 1807 106 1830 ut
126 1807 254 1838 tempora,
276 1803 378 1839 quibus
399 1812 492 1839 parere
511 1813 605 1832 omnes
628 1806 754 1832 πολιτικοί
768 1807 872 1841 praeci-

76 1840 164 1874 piunt.
206 1840 259 1868 Sed
279 1842 347 1873 scis,
365 1842 401 1868 ita
416 1842 494 1868 nobis
509 1850 570 1869 esse.
586 1843 690 1874 visum,
708 1847 738 1869 ut
752 1843 797 1870 isti
811 1849 872 1870 ante

77 1877 205 1913 legerent.
246 1878 286 1904 Tu
302 1879 386 1914 igitur
401 1879 429 1905 id
440 1879 559 1906 curabis.
599 1880 667 1911 Sed,
681 1881 735 1907 nisi
746 1880 825 1916 plane
837 1881 872 1907 iis

76 1914 213 1950 intelliges
223 1914 338 1950 placere,
352 1916 482 1942 mittenda
494 1925 546 1943 non
557 1921 607 1943 est.
639 1917 668 1944 Id
679 1922 769 1944 autem
779 1922 871 1945 utrum

75 1951 116 1978 illi
128 1953 254 1984 sentiant,
267 1961 336 1979 anne
345 1953 484 1984 simulent,
498 1958 527 1980 tu
539 1953 685 1990 intelliges,
706 1955 774 1982 Mihi
785 1956 873 1982 simu-

77 1988 139 2015 latio
153 1997 201 2024 pro
212 1989 397 2024 repudiatione
408 1989 498 2017 fuerit.
523 1993 607 2018 Τοῦτο
621 1992 648 2018 δὲ
657 1991 773 2028 μηλώσῃ.
795 1995 820 2019 3.
836 1993 873 2020 De

75 2026 206 2053 Caerellia
222 2027 289 2062 quid
306 2027 355 2054 tibi
366 2026 493 2062 placeret,
506 2028 568 2055 Tiro
579 2028 648 2054 mihi
659 2030 790 2056 narravit:
823 2030 872 2056 de-

75 2063 153 2095 bere,
171 2072 224 2090 non
239 2072 299 2091 esse
310 2064 452 2100 dignitatis
466 2073 554 2092 meae:
587 2067 810 2101 perscriptionem
821 2067 871 2094 tibi

75 2100 195 2136 placere,

131 2140 178 2165 hoc
187 2141 305 2169 metuere,
318 2140 429 2165 alterum
439 2141 467 2166 in
477 2144 545 2166 motu
554 2148 606 2166 non
614 2142 715 2173 periere.

74 2175 127 2202 Sed
138 2180 164 2203 et
174 2176 249 2207 haee,
261 2180 287 2202 et
298 2175 382 2202 multa
393 2175 444 2203 alia
455 2184 555 2203 coram.
595 2176 760 2205 Sustinenda
771 2182 869 2210 tamen,

74 2214 99 2240 si
111 2213 160 2240 tibi
172 2213 318 2243 videbitur.
332 2213 430 2240 solutio
441 2218 482 2240 est
492 2214 610 2241 nominis
624 2215 793 2247 Caerelliani,
804 2215 871 2243 dum

75 2255 101 2277 et
111 2250 145 2278 de
156 2251 261 2278 Metone
271 2250 340 2277 etde
352 2250 465 2278 Faberio
475 2251 604 2278 sciamus.

127 2320 175 2341 Lu.
197 2322 227 2345 (In
237 2321 353 2344 'ru-culmo,
362 2322 440 2339 eac-nn-
451 2322 483 2340 IV.
493 2329 531 2341 cua.
542 2329 556 2340 a.
567 2323 612 2341 coll.
622 2325 677 2344 709.)

261 2364 429 2392 CICERO
458 2365 626 2392 ATTICO
655 2365 684 2393 S.

131 2403 154 2428 I.
175 2397 212 2428 L.
229 2401 350 2429 Tullium
366 2403 521 2430 Montanum
535 2403 615 2434 nosti,
631 2404 679 2439 qui
690 2412 753 2430 cum
763 2403 871 2430 Cicero-

74 2446 107 2465 ne
121 2438 257 2474 prol'ectus
267 2444 318 2467 est.
353 2440 395 2466 Ab
405 2440 465 2466 eius
475 2440 576 2467 sororis
586 2441 645 2467 viro
656 2440 757 2468 litteras
767 2442 868 2476 accepi,

73 2476 230 2503 Montanum
251 2476 348 2504 Planco
368 2477 476 2508 debere,
498 2477 572 2512 quod
583 2486 662 2512 praes
673 2486 721 2513 pro
737 2478 870 2505 FlnmInio

73 2513 123 2544 sit,
144 2513 208 2540 II-S
219 2521 291 2541 xxv:
322 2515 356 2541 de
370 2523 400 2541 ea
413 2523 440 2541 re
451 2515 542 2541 nescio
553 2514 619 2550 quid
632 2519 656 2542 te
667 2523 681 2541 a
693 2515 816 2542 Montano
828 2524 870 2542 ro-

73 2555 178 2586 gatum.
217 2550 286 2578 Sane
298 2552 390 2583 velim,
403 2553 462 2579 sive
477 2552 591 2578 Plancus
602 2557 643 2579 est
653 2552 798 2588 rogandus,
810 2553 869 2579 sive

73 2595 128 2622 qua
148 2595 175 2614 re
195 2592 270 2622 potes
286 2588 364 2616 illum
381 2590 488 2621 iuvare,
514 2590 601 2616 iuves.
642 2590 759 2616 Pertinet
772 2589 806 2616 ad
822 2598 870 2616 no-

74 2629 161 2656 strum
181 2624 312 2653 officium.
353 2627 383 2653 Si
404 2635 446 2653 res
465 2627 513 2654 tibi
533 2626 598 2653 l'orto
614 2627 700 2654 notior
715 2631 768 2658 est,
786 2635 869 2662 quam

74 2661 154 2694 mihi,
166 2667 213 2689 aut
222 2663 246 2690 si
257 2663 384 2692 Plancum
397 2664 546 2700 rogandum
557 2668 651 2700 putus:
665 2664 770 2691 scribas
782 2664 815 2691 ad
826 2672 870 2692 me

890 321 895 325 ·
928 306 1072 333 Clodianos
1088 307 1190 333 efficias
1206 316 1315 333 necesse
1332 312 1380 334 est.

930 195 1022 226 velim,
1036 200 1074 226 ut,
1088 195 1154 230 quid
1166 196 1204 221 rei
1217 196 1259 226 sit,
1273 196 1375 230 etquid
1387 195 1546 232 rogandum,
1560 198 1654 222 sciam.
1698 200 1719 223 2.

927 233 962 258 De
984 232 1097 267 epistola
1114 232 1147 258 ad
1163 232 1302 259 Caesarem
1317 233 1384 267 quid
1395 234 1496 268 egeris,
1510 240 1645 268 exspecto.
1687 235 1722 260 De

928 269 1002 299 Silio,
1017 278 1070 296 non
1083 270 1117 296 ita
1129 278 1192 296 sane
1204 269 1303 296 laboro.
1336 271 1374 296 Tu
1387 272 1422 296 mi
1435 276 1480 296 aut
1491 270 1665 305 Scapulanos,
1678 278 1724 298 aut

1422 307 1475 334 Sed
1492 309 1582 335 nescio
1598 309 1665 343 quid
1681 310 1724 335 vi-

927 343 1000 369 deris
1032 344 1158 370 dubitare
1192 344 1225 370 de
1259 344 1364 371 Clodia:
1397 350 1501 376 utrum,
1538 346 1646 380 quando
1678 355 1724 372 ve—

928 382 992 411 niat,
1016 390 1050 407 an
1069 382 1159 407 sintne
1170 381 1297 407 venales?
1317 382 1370 408 Sed
1386 382 1452 417 quid
1469 387 1521 413 est,
1540 383 1613 417 quod
1632 383 1721 410 audio.

927 418 1099 452 Spintherem
1112 418 1379 446 fecissedivortium'?
1399 422 1423 445 3.
1439 419 1724 455 DelinguaLatinasc-

927 456 1026 481 curies
1037 456 1130 486 animi,
1145 456 1228 486 dices,
1242 457 1290 490 qui
1301 456 1363 483 talia
1377 457 1540 483 conscribis:
1576 458 1725 494 sindygmqn

927 497 1003 519 sunt:
1027 502 1130 519 minore
1142 493 1231 520 labore
1243 493 1322 526 fiunt;
1345 494 1427 520 verba
1438 499 1541 521 tantum
1551 494 1643 522 affero:
1662 496 1724 529 qui—

928 530 980 556 bus
991 530 1109 556 abundo.

977 599 1035 619 LIII.
1058 602 1087 622 (In
1098 601 1302 621 Tus...1..110,(';·m.c
1314 602 1345 619 iv.

1117 644 1284 671 CICERO
1313 645 1481 671 ATTICO
1511 645 1538 671 S.

983 676 1058 716 Ego,
1075 682 1125 707 etsi
1136 681 1204 707 nihil
1218 682 1316 712 habeo,
1329 682 1402 716 quod
1414 682 1447 708 ad
1459 688 1482 708 te
1495 682 1620 713 scribam,
1635 684 1724 709 scribo

1448 720 1495 745 Hic
1508 720 1648 746 nobiscum
1661 726 1723 746 sunt

928 756 1018 781 Nicias
1038 760 1064 781 et
1083 755 1216 782 Valerius.
1258 756 1340 782 Hodie
1357 762 1415 782 tuas
1432 756 1532 783 litteras
1549 758 1724 791 exspectaba-

929 801 990 818 mus
1006 793 1162 819 matutinas.
1202 793 1288 819 Erunt
1304 793 1415 820 sortasse
1426 794 1523 820 alterae
1535 795 1724 828 postmeridia—

928 838 991 860 nae,
1014 830 1068 856 nisi
1080 834 1104 856 te
1119 830 1270 864 Epiroticae
1285 830 1387 857 litterae
1403 831 1563 865 impedient,
1590 840 1658 865 quas
1674 840 1724 867 ego

929 875 980 893 non
1002 867 1153 902 interpello.
1194 868 1258 893 Misi
1278 867 1311 893 ad
1327 873 1351 894 te
1366 868 1493 902 epistolas
1509 867 1542 894 ad
1558 869 1724 894 Marcianum

928 909 954 930 et
969 903 1003 930 ad
1014 904 1180 931 Montanum.
1221 905 1273 930 Eas
1287 905 1315 930 in
1326 905 1453 932 eumdem
1467 905 1628 932 fasciculum
1641 906 1723 932 velim

928 941 1022 973 addas,
1037 942 1090 968 nisi
1101 941 1167 969 forte
1179 942 1232 968 iam
1243 941 1353 969 dedisti.

1357 608 1394 619 rus.
1405 609 1419 619 s.
1431 602 1473 619 coll.
1487 604 1540 623 ‘0⁹.)

1216 1052 1441 1071 -ςοωῠ-

1301 1257 1356 1282 102.

1039 1319 1161 1349 LIBER
1195 1320 1385 1349 DECIMUS
1420 1319 1612 1349 TERTIUS.

978 1448 1056 1469 ARG.
1072 1447 1183 1473 Exiguum
1201 1451 1288 1475 tempus
1302 1452 1384 1469 mutum
1397 1447 1441 1469 fuit
1457 1455 1469 1469 a
1483 1448 1568 1470 litteris
1583 1449 1643 1470 inter
1658 1450 1724 1471 liuius

924 1481 979 1503 libri
994 1482 1103 1510 epistolas
1118 1487 1139 1503 et
1152 1483 1285 1510 superioris.
1309 1483 1411 1510 Scriptae
1427 1487 1498 1503 autern
1509 1489 1529 1504 ez
1541 1484 1582 1504 liae
1592 1489 1655 1508 sunt.
1668 1486 1723 1506 Cae-

925 1524 982 1542 sare,
998 1521 1023 1538 ut
1036 1517 1129 1542 sigonio
1143 1518 1239 1543 xidetur,
1255 1525 1300 1539 tua.
1312 1521 1347 1539 IV.
1360 1525 1377 1538 ι.
1389 1518 1440 1539 cull.
1452 1519 1571 1545 eodemque
1580 1519 1603 1539 in
1614 1519 1724 1547 Hispania

925 1555 1002 1573 contra
1015 1552 1119 1580 Pompeii
1132 1552 1217 1574 libero·
1232 1553 1313 1574 belluni
1324 1557 1414 1579 gerente
1425 1557 1445 1574 et
1456 1559 1507 1581 post
1517 1553 1598 1574 bellun·
1610 1555 1723 1578 redeunte.

925 1591 1008 1615 septem
1020 1587 1067 1608 fere
1077 1587 1184 1609 mentium
1195 1588 1277 1615 spatio.
1296 1589 1352 1610 Nam
1363 1588 1457 1608 aestatis
1467 1588 1542 1613 initi-1,
1553 1593 1578 1609 ut
1589 1596 1617 1609 ex
1627 1589 1724 1616 epi-toln

924 1623 996 1650 prima
1013 1622 1140 1648 colligitur,
1161 1623 1231 1644 scribi
1245 1626 1337 1650 coeptae
1351 1627 1415 1648 aunt.
1435 1623 1511 1650 itaque
1525 1630 1538 1644 a
1552 1623 1662 1644 Knlenai-
1678 1625 1725 1645 sere

924 1658 1008 1679 Iuniis:
1033 1660 1055 1678 et
1064 1665 1139 1679 meme
1150 1658 1267 1679 Decembri
1276 1658 1398 1679 :Ie-ierunt.
1423 1659 1522 1685 Namque
1532 1658 1606 1679 tertiis
1617 1659 1723 1680 Saturna-

925 1693 994 1718 libus,
1011 1700 1066 1720 quae
1076 1693 1165 1714 fuerant
1175 1697 1226 1714 XII.
1237 1693 1288 1714 Kal.
1299 1693 1408 1718 Ianuarii.
1420 1693 1477 1721 apud
1488 1695 1517 1715 M.
1529 1694 1631 1715 Tullium
1641 1696 1725 1716 Caesar

924 1728 1033 1753 caenavit,
1047 1731 1072 1749 ut
1083 1728 1150 1749 estin
1159 1728 1239 1749 ultima
1249 1728 1316 1750 huius
1327 1728 1380 1749 libri
1390 1728 1494 1756 epistola,
1506 1736 1634 1756 quamquam
1644 1730 1724 1750 ultima

924 1763 1012 1784 videtur
1027 1770 1076 1785 ene
1086 1767 1164 1788 XLII..
1175 1763 1199 1784 in
1209 1770 1252 1791 qua
1262 1763 1340 1785 Cicero
1351 1764 1377 1784 :Ie
1387 1771 1427 1784 auo
1438 1764 1475 1784 «tie
1485 1764 1556 1784 natali
1567 1765 1620 1790 agit.
1631 1765 1669 1791 qui
1680 1765 1723 1785 fuit

925 1802 963 1819 III.
983 1799 1042 1820 Non.
1061 1799 1108 1820 Ian.
1141 1801 1297 1824 Argumentum
1316 1798 1405 1819 illarum
1422 1803 1456 1819 eat
1471 1799 1601 1826 multiplea:
1617 1800 1643 1820 de
1658 1800 1724 1820 caede

923 1833 1026 1855 Marcelli
1044 1837 1072 1855 X.
1087 1837 1137 1855 XII.
1151 1834 1178 1854 de
1188 1833 1305 1855 Ciceroni·
1321 1837 1343 1854 et
1353 1833 1466 1855 Publiliam
1477 1833 1573 1854 divortio
1585 1837 1686 1855 XXXIV.
1697 1835 1724 1855 Ile

924 1868 992 1889 Urbis
1003 1868 1115 1896 pomoerio
1127 1869 1232 1890 Caesari·
1243 1869 1377 1890 auctoritate
1388 1870 1415 1889 ab
1426 1869 1560 1890 Athenien-i
1571 1870 1662 1896 quodam
1674 1876 1723 1897 pru-

924 1904 969 1925 lato
988 1908 1078 1925 XXXV.
1095 1911 1127 1931 aq.
1141 1904 1168 1925 de
1185 1907 1260 1925 statua
1274 1903 1378 1925 Cat-saria
1393 1903 1416 1924 in
1432 1910 1510 1931 pompa
1526 1904 1626 1925 Cin-enai
1638 1909 1724 1929 gratam

924 1942 1000 1960 XLIV.
1015 1939 1043 1960 de
1053 1939 1193 1966 profectione
1202 1939 1307 1960 Cae-aria
1317 1942 1382 1960 XLV.
1392 1942 1418 1960 L.
1447 1939 1560 1963 Trebatii,
1572 1939 1653 1963 Curtii,
1665 1939 1722 1959 Tor-

923 1974 993 2001 quati.
1005 1973 1183 1996 DolabellaeIX.
1198 1974 1308 1996 varroni·
1314 1977 1335 1995 et
1342 1973 1459 2002 capitoni·
1466 1977 1572 1995 XXXIII.
1585 1973 1647 1994 Bruti
1654 1974 1679 1994 ad
1686 1974 1722 1994 cI-

923 2016 1025 2030 ceranem
1036 2013 1076 2030 III.
1088 2009 1168 2030 VII-de
1174 2009 1223 2031 eiua
1229 2009 1253 2030 in
1259 2015 1363 2030 aean-ore
1372 2012 1463 2030 XXXV.
1474 2012 1580 2030 XXXIX.
1591 2009 1723 2030 deeiuniem

923 2047 946 2064 et
955 2043 1051 2065 Porciae
1062 2043 1148 2071 nuptiia
1160 2048 1198 2065 IX.
1222 2048 1256 2065 xx
1264 2047 1292 2065 11.
1320 2044 1347 2064 de
1361 2043 1490 2065 laudatione
1504 2043 1598 2065 Porciae
1608 2047 1721 2065 XXXIII.

922 2082 1022 2100 XLVIII.
1029 2079 1088 2103 dass.
1095 2078 1138 2099 lilii
1144 2077 1322 2100 luxuriaXXXI.
1330 2078 1455 2100 maledicti·
1462 2082 1573 2100 XXXVII.
1582 2078 1665 2100 lineri·
1672 2086 1722 2099 cnu-

923 2113 1050 2134 cumdio-i·
1056 2116 1181 2135 XXXVIII.
1189 2121 1221 2140 aq.
1229 2114 1256 2134 de
1262 2113 1311 2134 eiua
1317 2113 1450 2141 adpatrunm
1457 2113 1674 2141 profectionexxxx
1683 2117 1722 2133 III.

923 2152 969 2170 XL.
981 2149 1076 2169 adventu
1086 2152 1123 2169 LI.
1135 2155 1168 2175 aq.
1179 2149 1207 2169 de
1216 2149 1245 2170 M.
1255 2148 1298 2169 fiIfl
1308 2148 1463 2169 elever-atione
1469 2150 1593 2173 Corcyraea
1605 2152 1683 2169 XXIV.
1696 2148 1723 2168 Ile

922 2182 1038 2204 Ciceroni·
1053 2183 1135 2203 itinere
1145 2183 1169 2203 in
1179 2183 1260 2204 Urbem
1271 2186 1356 2204 XXIII.
1367 2186 1435 2204 XXV.
1447 2191 1480 2210 aq.
1492 2186 1596 2204 XXXIX.
1611 2186 1677 2204 XLII.
1689 2190 1721 2209 ιι..

923 2222 1010 2239 XLVII.
1029 2218 1056 2238 do
1065 2217 1136 2238 Attici
1148 2218 1174 2238 ad
1190 2217 1319 2239 Ciceronem
1333 2217 1473 2245 profectione
1483 2221 1566 2238 XXXI.
1578 2218 1604 2237 ιΙι·
1615 2217 1686 2237 horti·
1696 2217 1721 2237 ml

923 2253 1081 2274 annuendum
1099 2252 1193 2273 Tulliae
1212 2252 1287 2273 sanum
1306 2253 1405 2273 emendi-
1421 2257 1436 2273 I.
1455 2257 1492 2274 III.
1510 2256 1560 2273 XII.
1578 2255 1631 2272 XXI
1642 2256 1656 2272 I.
1674 2259 1720 2278 sqq.

923 2291 1007 2309 XXXI.
1023 2295 1055 2314 aq.
1071 2288 1099 2308 «Ie
1113 2287 1203 2308 Aniene
1217 2287 1346 2308 ulem-Iino
1359 2290 1410 2308 XII.
1428 2294 1474 2315 ιψ..
1491 2291 1527 2309 LI.
1539 2287 1566 2307 tle
1576 2286 1624 2307 eiu·
1635 2286 1661 2306 ιιΙ
1672 2293 1721 2313 ψο-

922 2323 1014 2344 cundo·
1031 2322 1096 2344 ludo·
1110 2323 1221 2344 Romanoa
1235 2322 1364 2343 accen-tune
1378 2325 1453 2343 XLIv.
1465 2322 1492 2343 de
1501 2321 1599 2343 eiu-dem
1610 2321 1720 2348 apuu-all-

923 2359 963 2379 bua
972 2361 1032 2379 XXI.
1044 2358 1071 2378 de
1081 2357 1251 2382 hereditatibus.
1259 2360 1283 2378 ut
1294 2356 1435 2377 Herenniana
1446 2360 1480 2378 I'I.
1488 2356 1596 2377 elmi-n-
1609 2359 1720 2377 XXXIII.

924 2397 987 2414 XLV.
1012 2392 1134 2414 Brinniana
1146 2396 1196 2413 XII.
1225 2391 1357 2413 Babulliana
1370 2395 1466 2413 XLVIII.
1477 2392 1505 2412 ‹le
1512 2392 1578 2412 rebua
1588 2391 1721 2415 argentarii·

923 2432 995 2450 XXII.
1013 2435 1045 2455 aq.
1061 2429 1088 2448 :lu
1105 2427 1199 2455 pecunia
1213 2429 1239 2451 Q.
1257 2427 1321 2447 fratri
1331 2425 1453 2451 deleganda
1466 2429 1539 2447 XLVI.
1570 2425 1664 2452 Reliqua
1675 2426 1722 2446 fero

922 2466 973 2484 nunt
988 2463 1015 2484 de
1025 2462 1120 2483 Iinnrin:
1139 2463 1167 2482 de
1180 2461 1276 2490 epi-tola
1287 2462 1313 2481 ad
1324 2462 1440 2483 Cae-arem
1452 2465 1506 2482 XX!
1515 2465 1529 2482 I.
1542 2469 1588 2488 ιαμ..
1602 2464 1682 2482 XXXI.
1695 2461 1719 2481 l..

922 2506 954 2525 ιι..
975 2498 1001 2518 ml
1017 2497 1114 2518 Hirtium
1129 2501 1191 2519 XXI.
1207 2498 1234 2518 da
1249 2496 1334 2517 linari·
1350 2496 1420 2517 Anici
1436 2496 1462 2517 aa
1474 2496 1521 2517 eir.
1532 2500 1553 2517 et
1562 2496 1655 2517 Tullio·
1667 2500 1682 2517 I.
1693 2497 1721 2516 de

923 2536 949 2558 η.
961 2532 1078 2554 ciceroni·
1089 2531 1194 2560 epi-tou·
1204 2535 1276 2553 XXX.
1287 2532 1314 2552 ὼ·
1321 2531 1425 2553 canaria
1435 2531 1531 2558 cpi-tola
1542 2534 1613 2552 XXII.
1621 2531 1720 2551 tlt-libri·

922 2567 1053 2590 Dicaearchi
1068 2571 1151 2589 XXXI.
1168 2575 1216 2595 ιφ..
1228 2570 1332 2589 XXXIX.
1358 2566 1453 2588 Phae-Iri
1465 2569 1569 2587 XXXIX.
1579 2566 1606 2587 ιΙι·
1616 2565 1720 2587 Panaetii

921 2603 979 2624 lituro
1005 2603 1050 2626 ηιρὶ
1060 2603 1156 2626 προνοίας
1190 2606 1212 2623 et
1231 2603 1258 2623 «Ie
1273 2602 1370 2630 epitome
1389 2601 1452 2622 uruit
1472 2601 1586 2622 Furniana
1605 2601 1650 2622 nini
1669 2601 1718 2621 mlt-

921 2638 995 2659 tenuti-
1014 2642 1071 2659 I'III.
1086 2638 1114 2659 de
1128 2638 1194 2659 mri-
1209 2637 1350 2659 Aen-Inmiti·
1364 2637 1390 2657 acl
1401 2637 1521 2658 Varronem
1533 2635 1657 2657 “fit-endi·
1669 2639 1718 2657 XII.

921 2681 967 2702 aqq.
984 2674 1011 2695 ιΙο
1025 2673 1132 2695 vocabulo
1142 2672 1222 2695 Ladan
1233 2673 1259 2693 αιΙ
1270 2673 1377 2694 Graecum
1387 2671 1462 2696 ἱκοιῆς
1472 2671 1660 2700 interpretandum
1671 2671 1717 2692 idn·
