<?xml version="1.0" encoding="UTF-8"?>
<!DOCTYPE html PUBLIC "-//W3C//DTD XHTML 1.0 Transitional//EN"
    "http://www.w3.org/TR/xhtml1/DTD/xhtml1-transitional.dtd">
<html xmlns="http://www.w3.org/1999/xhtml" xml:lang="en" lang="en">
 <head>
  <title>
</title>
<meta http-equiv="Content-Type" content="text/html;charset=utf-8" />
  <meta name='ocr-system' content='tesseract 3.04.00' />
  <meta name='ocr-capabilities' content='ocr_page ocr_carea ocr_par ocr_line ocrx_word'/>
</head>
<body>
  <div class='ocr_page' id='page_1' title='image "./operaomniaunovol00ciceuoft_0257.png"; bbox 0 0 1941 3052; ppageno 0'>
   <div class='ocr_carea' id='block_1_1' title="bbox 416 146 1194 180">
    <p class='ocr_par' dir='ltr' id='par_1_1' title="bbox 416 146 1194 180">
     <span class='ocr_line' id='line_1_1' title="bbox 416 146 1194 180; baseline 0.003 -7"><span class='ocrx_word' id='word_1_1' title='bbox 416 146 505 173; x_wconf 88' lang='lat' dir='ltr'>PRO</span> <span class='ocrx_word' id='word_1_2' title='bbox 536 146 568 180; x_wconf 87' lang='lat' dir='ltr'>Q.</span> <span class='ocrx_word' id='word_1_3' title='bbox 602 147 785 174; x_wconf 90' lang='lat' dir='ltr'>ROSCIO</span> <span class='ocrx_word' id='word_1_4' title='bbox 817 147 1063 175; x_wconf 89' lang='lat' dir='ltr'>COMOEDO.</span> <span class='ocrx_word' id='word_1_5' title='bbox 1098 148 1194 175; x_wconf 86' lang='lat' dir='ltr'>CAP.</span> 
     </span>
    </p>
   </div>
   <div class='ocr_carea' id='block_1_2' title="bbox 72 215 873 1786">
    <p class='ocr_par' dir='ltr' id='par_1_2' title="bbox 75 215 873 551">
     <span class='ocr_line' id='line_1_2' title="bbox 77 215 872 251; baseline 0.004 -9"><span class='ocrx_word' id='word_1_6' title='bbox 77 215 182 251; x_wconf 76' lang='lat' dir='ltr'>prima‘?</span> <span class='ocrx_word' id='word_1_7' title='bbox 194 217 261 242; x_wconf 87' lang='lat' dir='ltr'>Nam</span> <span class='ocrx_word' id='word_1_8' title='bbox 275 217 328 242; x_wconf 87' lang='lat' dir='ltr'>iam</span> <span class='ocrx_word' id='word_1_9' title='bbox 343 220 418 242; x_wconf 87' lang='lat' dir='ltr'>antea</span> <span class='ocrx_word' id='word_1_10' title='bbox 432 217 496 243; x_wconf 89' lang='lat' dir='ltr'>H-S</span> <span class='ocrx_word' id='word_1_11' title='bbox 510 226 568 244; x_wconf 74' lang='lat'>1300</span> <span class='ocrx_word' id='word_1_12' title='bbox 582 217 751 245; x_wconf 87' lang='lat' dir='ltr'>dissolverat.</span> <span class='ocrx_word' id='word_1_13' title='bbox 792 219 872 245; x_wconf 85' lang='lat' dir='ltr'>Dein-</span> 
     </span>
     <span class='ocr_line' id='line_1_3' title="bbox 76 253 873 288; baseline 0.004 -9"><span class='ocrx_word' id='word_1_14' title='bbox 76 253 118 284; x_wconf 87' lang='lat' dir='ltr'>de,</span> <span class='ocrx_word' id='word_1_15' title='bbox 134 253 158 280; x_wconf 89' lang='lat' dir='ltr'>si</span> <span class='ocrx_word' id='word_1_16' title='bbox 172 254 224 279; x_wconf 92' lang='lat' dir='ltr'>iam</span> <span class='ocrx_word' id='word_1_17' title='bbox 239 262 399 288; x_wconf 88' lang='lat' dir='ltr'>persuasum</span> <span class='ocrx_word' id='word_1_18' title='bbox 413 259 468 280; x_wconf 90' lang='lat' dir='ltr'>erat</span> <span class='ocrx_word' id='word_1_19' title='bbox 478 254 581 286; x_wconf 88' lang='lat' dir='ltr'>Cluvio,</span> <span class='ocrx_word' id='word_1_20' title='bbox 598 259 628 282; x_wconf 91' lang='lat' dir='ltr'>ut</span> <span class='ocrx_word' id='word_1_21' title='bbox 638 256 808 282; x_wconf 82' lang='lat' dir='ltr'>mentiretur:</span> <span class='ocrx_word' id='word_1_22' title='bbox 825 265 873 282; x_wconf 86' lang='lat' dir='ltr'>cur</span> 
     </span>
     <span class='ocr_line' id='line_1_4' title="bbox 76 290 872 326; baseline 0.004 -10"><span class='ocrx_word' id='word_1_23' title='bbox 76 291 167 325; x_wconf 91' lang='lat' dir='ltr'>potius</span> <span class='ocrx_word' id='word_1_24' title='bbox 185 290 250 317; x_wconf 74' lang='lat' dir='ltr'>n-S</span> <span class='ocrx_word' id='word_1_25' title='bbox 270 299 391 322; x_wconf 66' lang='lat' dir='ltr'>ceriano,</span> <span class='ocrx_word' id='word_1_26' title='bbox 412 300 494 326; x_wconf 88' lang='lat' dir='ltr'>quam</span> <span class='ocrx_word' id='word_1_27' title='bbox 513 300 621 319; x_wconf 78' lang='lat' dir='ltr'>cccmoo</span> <span class='ocrx_word' id='word_1_28' title='bbox 641 301 749 319; x_wconf 58' lang='lat' dir='ltr'>eccm»</span> <span class='ocrx_word' id='word_1_29' title='bbox 764 301 872 320; x_wconf 77' lang='lat' dir='ltr'>ccciooo</span> 
     </span>
     <span class='ocr_line' id='line_1_5' title="bbox 76 327 872 364; baseline 0.004 -11"><span class='ocrx_word' id='word_1_30' title='bbox 76 327 136 354; x_wconf 86' lang='lat' dir='ltr'>data</span> <span class='ocrx_word' id='word_1_31' title='bbox 154 327 222 354; x_wconf 85' lang='lat' dir='ltr'>dixit</span> <span class='ocrx_word' id='word_1_32' title='bbox 236 328 336 354; x_wconf 85' lang='lat' dir='ltr'>Fannio</span> <span class='ocrx_word' id='word_1_33' title='bbox 354 337 367 354; x_wconf 88' lang='lat' dir='ltr'>a</span> <span class='ocrx_word' id='word_1_34' title='bbox 386 328 491 360; x_wconf 80' lang='lat' dir='ltr'>Flavio,</span> <span class='ocrx_word' id='word_1_35' title='bbox 516 338 602 364; x_wconf 92' lang='lat' dir='ltr'>quum</span> <span class='ocrx_word' id='word_1_36' title='bbox 620 339 654 356; x_wconf 84' lang='lat' dir='ltr'>ex</span> <span class='ocrx_word' id='word_1_37' title='bbox 671 330 872 364; x_wconf 81' lang='lat' dir='ltr'>restipulatione</span> 
     </span>
     <span class='ocr_line' id='line_1_6' title="bbox 76 365 873 402; baseline 0.004 -11"><span class='ocrx_word' id='word_1_38' title='bbox 76 373 138 400; x_wconf 86' lang='lat' dir='ltr'>pars</span> <span class='ocrx_word' id='word_1_39' title='bbox 152 365 210 391; x_wconf 87' lang='lat' dir='ltr'>eius</span> <span class='ocrx_word' id='word_1_40' title='bbox 225 365 336 391; x_wconf 90' lang='lat' dir='ltr'>dimidia</span> <span class='ocrx_word' id='word_1_41' title='bbox 350 366 440 392; x_wconf 84' lang='lat' dir='ltr'>Roscii</span> <span class='ocrx_word' id='word_1_42' title='bbox 454 366 543 392; x_wconf 86' lang='lat' dir='ltr'>esset‘?</span> <span class='ocrx_word' id='word_1_43' title='bbox 560 368 614 393; x_wconf 87' lang='lat' dir='ltr'>Iam</span> <span class='ocrx_word' id='word_1_44' title='bbox 629 367 767 402; x_wconf 75' lang='lat' dir='ltr'>intelligis,</span> <span class='ocrx_word' id='word_1_45' title='bbox 783 368 812 394; x_wconf 92' lang='lat' dir='ltr'>C.</span> <span class='ocrx_word' id='word_1_46' title='bbox 828 368 873 394; x_wconf 93' lang='lat' dir='ltr'>Pi—</span> 
     </span>
     <span class='ocr_line' id='line_1_7' title="bbox 77 402 873 439; baseline 0.004 -11"><span class='ocrx_word' id='word_1_47' title='bbox 77 411 119 434; x_wconf 78' lang='lat' dir='ltr'>so,</span> <span class='ocrx_word' id='word_1_48' title='bbox 141 403 195 428; x_wconf 91' lang='lat' dir='ltr'>sibi</span> <span class='ocrx_word' id='word_1_49' title='bbox 213 402 276 433; x_wconf 79' lang='lat' dir='ltr'>soli,</span> <span class='ocrx_word' id='word_1_50' title='bbox 298 403 418 429; x_wconf 82' lang='lat' dir='ltr'>societati</span> <span class='ocrx_word' id='word_1_51' title='bbox 437 403 504 429; x_wconf 92' lang='lat' dir='ltr'>nihil</span> <span class='ocrx_word' id='word_1_52' title='bbox 523 404 649 430; x_wconf 90' lang='lat' dir='ltr'>Roscium</span> <span class='ocrx_word' id='word_1_53' title='bbox 669 405 778 439; x_wconf 88' lang='lat' dir='ltr'>petisse.</span> <span class='ocrx_word' id='word_1_54' title='bbox 819 405 873 431; x_wconf 86' lang='lat' dir='ltr'>Hoc</span> 
     </span>
     <span class='ocr_line' id='line_1_8' title="bbox 76 439 873 476; baseline 0.004 -11"><span class='ocrx_word' id='word_1_55' title='bbox 76 448 162 475; x_wconf 89' lang='lat' dir='ltr'>quum</span> <span class='ocrx_word' id='word_1_56' title='bbox 173 440 254 466; x_wconf 87' lang='lat' dir='ltr'><strong>sentit</strong></span> <span class='ocrx_word' id='word_1_57' title='bbox 264 439 387 466; x_wconf 89' lang='lat' dir='ltr'>Saturius</span> <span class='ocrx_word' id='word_1_58' title='bbox 398 449 457 467; x_wconf 90' lang='lat' dir='ltr'>esse</span> <span class='ocrx_word' id='word_1_59' title='bbox 467 446 598 476; x_wconf 87' lang='lat' dir='ltr'>apertum,</span> <span class='ocrx_word' id='word_1_60' title='bbox 615 442 738 468; x_wconf 87' lang='lat' dir='ltr'>resistere</span> <span class='ocrx_word' id='word_1_61' title='bbox 753 447 777 468; x_wconf 89' lang='lat' dir='ltr'>et</span> <span class='ocrx_word' id='word_1_62' title='bbox 792 451 873 476; x_wconf 90' lang='lat' dir='ltr'>repu-</span> 
     </span>
     <span class='ocr_line' id='line_1_9' title="bbox 75 478 873 513; baseline 0.003 -10"><span class='ocrx_word' id='word_1_63' title='bbox 75 486 157 513; x_wconf 78' lang='lat' dir='ltr'>gnare</span> <span class='ocrx_word' id='word_1_64' title='bbox 175 482 264 504; x_wconf 89' lang='lat' dir='ltr'>contra</span> <span class='ocrx_word' id='word_1_65' title='bbox 282 478 419 504; x_wconf 88' lang='lat' dir='ltr'>veritatem</span> <span class='ocrx_word' id='word_1_66' title='bbox 438 487 490 504; x_wconf 91' lang='lat' dir='ltr'>non</span> <span class='ocrx_word' id='word_1_67' title='bbox 509 478 602 505; x_wconf 89' lang='lat' dir='ltr'>audet:</span> <span class='ocrx_word' id='word_1_68' title='bbox 627 479 699 505; x_wconf 91' lang='lat' dir='ltr'>aliud</span> <span class='ocrx_word' id='word_1_69' title='bbox 722 478 825 505; x_wconf 84' lang='lat' dir='ltr'>fraudis</span> <span class='ocrx_word' id='word_1_70' title='bbox 848 484 873 505; x_wconf 89' lang='lat' dir='ltr'>et</span> 
     </span>
     <span class='ocr_line' id='line_1_10' title="bbox 76 514 795 551; baseline 0.003 -11"><span class='ocrx_word' id='word_1_71' title='bbox 76 514 237 541; x_wconf 87' lang='lat' dir='ltr'>insidiarum</span> <span class='ocrx_word' id='word_1_72' title='bbox 251 515 342 541; x_wconf 89' lang='lat' dir='ltr'>eodem</span> <span class='ocrx_word' id='word_1_73' title='bbox 357 516 471 551; x_wconf 80' lang='lat' dir='ltr'>vestigio</span> <span class='ocrx_word' id='word_1_74' title='bbox 484 515 674 542; x_wconf 85' lang='lat' dir='ltr'>diverticulum</span> <span class='ocrx_word' id='word_1_75' title='bbox 689 517 795 550; x_wconf 86' lang='lat' dir='ltr'>reperit.</span> 
     </span>
    </p>

    <p class='ocr_par' dir='ltr' id='par_1_3' title="bbox 72 552 873 1786">
     <span class='ocr_line' id='line_1_11' title="bbox 133 552 872 587; baseline 0.001 -9"><span class='ocrx_word' id='word_1_76' title='bbox 133 553 174 579; x_wconf 76' lang='lat'>52.</span> <span class='ocrx_word' id='word_1_77' title='bbox 196 552 305 583; x_wconf 85' lang='lat' dir='ltr'>Petisse,</span> <span class='ocrx_word' id='word_1_78' title='bbox 322 552 419 587; x_wconf 89' lang='lat' dir='ltr'>inquit,</span> <span class='ocrx_word' id='word_1_79' title='bbox 436 561 513 578; x_wconf 91' lang='lat' dir='ltr'>suam</span> <span class='ocrx_word' id='word_1_80' title='bbox 527 557 628 587; x_wconf 85' lang='lat' dir='ltr'>partem</span> <span class='ocrx_word' id='word_1_81' title='bbox 642 554 768 579; x_wconf 85' lang='lat' dir='ltr'>Roscium</span> <span class='ocrx_word' id='word_1_82' title='bbox 784 562 796 579; x_wconf 83' lang='lat' dir='ltr'>a</span> <span class='ocrx_word' id='word_1_83' title='bbox 812 553 872 579; x_wconf 87' lang='lat' dir='ltr'>Fla—</span> 
     </span>
     <span class='ocr_line' id='line_1_12' title="bbox 76 589 872 625; baseline 0.001 -10"><span class='ocrx_word' id='word_1_84' title='bbox 76 589 120 616; x_wconf 85' lang='lat' dir='ltr'>vio</span> <span class='ocrx_word' id='word_1_85' title='bbox 138 589 277 616; x_wconf 80' lang='lat' dir='ltr'>confiteor:</span> <span class='ocrx_word' id='word_1_86' title='bbox 298 598 409 616; x_wconf 85' lang='lat' dir='ltr'>vacuam</span> <span class='ocrx_word' id='word_1_87' title='bbox 428 594 454 616; x_wconf 86' lang='lat' dir='ltr'>et</span> <span class='ocrx_word' id='word_1_88' title='bbox 472 590 601 625; x_wconf 75' lang='lat' dir='ltr'>integram</span> <span class='ocrx_word' id='word_1_89' title='bbox 619 590 763 625; x_wconf 80' lang='lat' dir='ltr'>reliquisse</span> <span class='ocrx_word' id='word_1_90' title='bbox 778 591 872 616; x_wconf 90' lang='lat' dir='ltr'>Fannii</span> 
     </span>
     <span class='ocr_line' id='line_1_13' title="bbox 76 627 873 662; baseline 0 -9"><span class='ocrx_word' id='word_1_91' title='bbox 76 627 205 653; x_wconf 87' lang='lat' dir='ltr'>concedo:</span> <span class='ocrx_word' id='word_1_92' title='bbox 225 627 281 658; x_wconf 81' lang='lat' dir='ltr'>sed,</span> <span class='ocrx_word' id='word_1_93' title='bbox 297 627 369 662; x_wconf 88' lang='lat' dir='ltr'>quod</span> <span class='ocrx_word' id='word_1_94' title='bbox 383 627 436 653; x_wconf 87' lang='lat' dir='ltr'>sibi</span> <span class='ocrx_word' id='word_1_95' title='bbox 450 628 546 662; x_wconf 78' lang='lat' dir='ltr'>exegit,</span> <span class='ocrx_word' id='word_1_96' title='bbox 564 627 591 653; x_wconf 93' lang='lat' dir='ltr'>id</span> <span class='ocrx_word' id='word_1_97' title='bbox 605 636 746 653; x_wconf 89' lang='lat' dir='ltr'>commune</span> <span class='ocrx_word' id='word_1_98' title='bbox 761 628 873 653; x_wconf 88' lang='lat' dir='ltr'>societa-</span> 
     </span>
     <span class='ocr_line' id='line_1_14' title="bbox 75 663 871 699; baseline 0 -9"><span class='ocrx_word' id='word_1_99' title='bbox 75 664 111 690; x_wconf 86' lang='lat' dir='ltr'>tis</span> <span class='ocrx_word' id='word_1_100' title='bbox 126 663 226 690; x_wconf 89' lang='lat' dir='ltr'>factum</span> <span class='ocrx_word' id='word_1_101' title='bbox 241 673 300 690; x_wconf 88' lang='lat' dir='ltr'>esse</span> <span class='ocrx_word' id='word_1_102' title='bbox 314 664 452 690; x_wconf 82' lang='lat' dir='ltr'>contendo.</span> <span class='ocrx_word' id='word_1_103' title='bbox 473 664 531 696; x_wconf 92' lang='lat' dir='ltr'>Quo</span> <span class='ocrx_word' id='word_1_104' title='bbox 546 664 613 690; x_wconf 88' lang='lat' dir='ltr'>nihil</span> <span class='ocrx_word' id='word_1_105' title='bbox 627 665 773 699; x_wconf 84' lang='lat' dir='ltr'>captiosius</span> <span class='ocrx_word' id='word_1_106' title='bbox 785 673 871 699; x_wconf 87' lang='lat' dir='ltr'>neque</span> 
     </span>
     <span class='ocr_line' id='line_1_15' title="bbox 75 701 872 737; baseline 0.001 -10"><span class='ocrx_word' id='word_1_107' title='bbox 75 701 216 737; x_wconf 81' lang='lat' dir='ltr'>indignius</span> <span class='ocrx_word' id='word_1_108' title='bbox 231 705 318 736; x_wconf 86' lang='lat' dir='ltr'>potest</span> <span class='ocrx_word' id='word_1_109' title='bbox 331 701 394 727; x_wconf 88' lang='lat' dir='ltr'>dici.</span> <span class='ocrx_word' id='word_1_110' title='bbox 435 701 538 733; x_wconf 78' lang='lat' dir='ltr'>Quaero</span> <span class='ocrx_word' id='word_1_111' title='bbox 552 702 638 733; x_wconf 89' lang='lat' dir='ltr'>enim,</span> <span class='ocrx_word' id='word_1_112' title='bbox 654 703 805 736; x_wconf 82' lang='lat' dir='ltr'>potueritne</span> <span class='ocrx_word' id='word_1_113' title='bbox 820 703 872 728; x_wconf 64' lang='lat'>110-</span> 
     </span>
     <span class='ocr_line' id='line_1_16' title="bbox 76 738 870 773; baseline 0.001 -9"><span class='ocrx_word' id='word_1_114' title='bbox 76 738 150 764; x_wconf 88' lang='lat' dir='ltr'>scius</span> <span class='ocrx_word' id='word_1_115' title='bbox 164 747 198 765; x_wconf 79' lang='lat' dir='ltr'>ex</span> <span class='ocrx_word' id='word_1_116' title='bbox 211 739 334 765; x_wconf 88' lang='lat' dir='ltr'>societate</span> <span class='ocrx_word' id='word_1_117' title='bbox 348 747 425 764; x_wconf 89' lang='lat' dir='ltr'>suam</span> <span class='ocrx_word' id='word_1_118' title='bbox 439 743 540 773; x_wconf 87' lang='lat' dir='ltr'>partem</span> <span class='ocrx_word' id='word_1_119' title='bbox 552 744 648 773; x_wconf 83' lang='lat' dir='ltr'>petere,</span> <span class='ocrx_word' id='word_1_120' title='bbox 666 738 767 765; x_wconf 77' lang='lat' dir='ltr'>necne‘?</span> <span class='ocrx_word' id='word_1_121' title='bbox 780 739 808 765; x_wconf 86' lang='lat' dir='ltr'>Si</span> <span class='ocrx_word' id='word_1_122' title='bbox 820 748 870 765; x_wconf 94' lang='lat' dir='ltr'>non</span> 
     </span>
     <span class='ocr_line' id='line_1_17' title="bbox 76 775 872 811; baseline 0 -9"><span class='ocrx_word' id='word_1_123' title='bbox 76 776 176 810; x_wconf 87' lang='lat' dir='ltr'>potuit:</span> <span class='ocrx_word' id='word_1_124' title='bbox 196 775 422 811; x_wconf 82' lang='lat' dir='ltr'>quemadmodum</span> <span class='ocrx_word' id='word_1_125' title='bbox 437 775 566 802; x_wconf 66' lang='lat' dir='ltr'>abstulit?</span> <span class='ocrx_word' id='word_1_126' title='bbox 583 776 607 802; x_wconf 86' lang='lat' dir='ltr'>si</span> <span class='ocrx_word' id='word_1_127' title='bbox 621 777 720 811; x_wconf 90' lang='lat' dir='ltr'>potuit:</span> <span class='ocrx_word' id='word_1_128' title='bbox 741 777 872 811; x_wconf 86' lang='lat' dir='ltr'>quemad—</span> 
     </span>
     <span class='ocr_line' id='line_1_18' title="bbox 76 812 871 848; baseline 0.001 -9"><span class='ocrx_word' id='word_1_129' title='bbox 76 813 186 840; x_wconf 88' lang='lat' dir='ltr'>modum</span> <span class='ocrx_word' id='word_1_130' title='bbox 200 821 252 839; x_wconf 85' lang='lat' dir='ltr'>non</span> <span class='ocrx_word' id='word_1_131' title='bbox 266 813 319 839; x_wconf 90' lang='lat' dir='ltr'>sibi</span> <span class='ocrx_word' id='word_1_132' title='bbox 333 812 439 848; x_wconf 77' lang='lat' dir='ltr'>exegit?</span> <span class='ocrx_word' id='word_1_133' title='bbox 452 814 518 839; x_wconf 87' lang='lat' dir='ltr'>Nam</span> <span class='ocrx_word' id='word_1_134' title='bbox 533 813 605 848; x_wconf 90' lang='lat' dir='ltr'>quod</span> <span class='ocrx_word' id='word_1_135' title='bbox 615 814 669 839; x_wconf 86' lang='lat' dir='ltr'>sibi</span> <span class='ocrx_word' id='word_1_136' title='bbox 679 814 786 848; x_wconf 83' lang='lat' dir='ltr'>petitur,</span> <span class='ocrx_word' id='word_1_137' title='bbox 802 818 871 840; x_wconf 90' lang='lat' dir='ltr'>certe</span> 
     </span>
     <span class='ocr_line' id='line_1_19' title="bbox 75 850 872 886; baseline 0.001 -10"><span class='ocrx_word' id='word_1_138' title='bbox 75 850 151 876; x_wconf 88' lang='lat' dir='ltr'>alteri</span> <span class='ocrx_word' id='word_1_139' title='bbox 165 859 217 876; x_wconf 89' lang='lat' dir='ltr'>non</span> <span class='ocrx_word' id='word_1_140' title='bbox 231 850 356 886; x_wconf 79' lang='lat' dir='ltr'>exigitur.</span> <span class='ocrx_word' id='word_1_141' title='bbox 393 852 434 876; x_wconf 84' lang='lat'>53.</span> <span class='ocrx_word' id='word_1_142' title='bbox 450 850 491 876; x_wconf 83' lang='lat' dir='ltr'>An</span> <span class='ocrx_word' id='word_1_143' title='bbox 505 851 540 876; x_wconf 87' lang='lat' dir='ltr'>ita</span> <span class='ocrx_word' id='word_1_144' title='bbox 554 850 612 877; x_wconf 81' lang='lat' dir='ltr'>est‘?</span> <span class='ocrx_word' id='word_1_145' title='bbox 625 851 658 881; x_wconf 88' lang='lat' dir='ltr'>si,</span> <span class='ocrx_word' id='word_1_146' title='bbox 675 851 747 886; x_wconf 90' lang='lat' dir='ltr'>quod</span> <span class='ocrx_word' id='word_1_147' title='bbox 762 852 872 878; x_wconf 91' lang='lat' dir='ltr'>univer-</span> 
     </span>
     <span class='ocr_line' id='line_1_20' title="bbox 75 887 870 923; baseline 0.003 -10"><span class='ocrx_word' id='word_1_148' title='bbox 75 896 120 914; x_wconf 89' lang='lat' dir='ltr'>sae</span> <span class='ocrx_word' id='word_1_149' title='bbox 138 887 271 914; x_wconf 86' lang='lat' dir='ltr'>societatis</span> <span class='ocrx_word' id='word_1_150' title='bbox 290 887 400 919; x_wconf 78' lang='lat' dir='ltr'>fuisset,</span> <span class='ocrx_word' id='word_1_151' title='bbox 421 888 546 922; x_wconf 76' lang='lat' dir='ltr'>petisset3</span> <span class='ocrx_word' id='word_1_152' title='bbox 571 888 643 923; x_wconf 91' lang='lat' dir='ltr'>quod</span> <span class='ocrx_word' id='word_1_153' title='bbox 661 892 718 914; x_wconf 91' lang='lat' dir='ltr'>tum</span> <span class='ocrx_word' id='word_1_154' title='bbox 734 889 870 915; x_wconf 88' lang='lat' dir='ltr'>redactum</span> 
     </span>
     <span class='ocr_line' id='line_1_21' title="bbox 75 924 871 961; baseline 0.001 -10"><span class='ocrx_word' id='word_1_155' title='bbox 75 929 154 956; x_wconf 88' lang='lat' dir='ltr'>esset,</span> <span class='ocrx_word' id='word_1_156' title='bbox 171 924 317 960; x_wconf 84' lang='lat' dir='ltr'>aequaliter</span> <span class='ocrx_word' id='word_1_157' title='bbox 330 933 422 951; x_wconf 84' lang='lat' dir='ltr'>omnes</span> <span class='ocrx_word' id='word_1_158' title='bbox 436 926 611 960; x_wconf 77' lang='lat' dir='ltr'>partirentur:</span> <span class='ocrx_word' id='word_1_159' title='bbox 628 935 708 957; x_wconf 88' lang='lat' dir='ltr'>nunc,</span> <span class='ocrx_word' id='word_1_160' title='bbox 724 935 809 961; x_wconf 91' lang='lat' dir='ltr'>quum</span> <span class='ocrx_word' id='word_1_161' title='bbox 824 935 871 961; x_wconf 89' lang='lat' dir='ltr'>pe-</span> 
     </span>
     <span class='ocr_line' id='line_1_22' title="bbox 74 962 870 998; baseline 0.003 -10"><span class='ocrx_word' id='word_1_162' title='bbox 74 963 154 994; x_wconf 86' lang='lat' dir='ltr'>tierit,</span> <span class='ocrx_word' id='word_1_163' title='bbox 171 962 243 997; x_wconf 90' lang='lat' dir='ltr'>quod</span> <span class='ocrx_word' id='word_1_164' title='bbox 257 971 321 988; x_wconf 87' lang='lat' dir='ltr'>suae</span> <span class='ocrx_word' id='word_1_165' title='bbox 332 963 414 997; x_wconf 90' lang='lat' dir='ltr'>partis</span> <span class='ocrx_word' id='word_1_166' title='bbox 425 967 509 995; x_wconf 72' lang='lat' dir='ltr'>esset:</span> <span class='ocrx_word' id='word_1_167' title='bbox 526 972 587 994; x_wconf 85' lang='lat' dir='ltr'>non,</span> <span class='ocrx_word' id='word_1_168' title='bbox 603 963 675 998; x_wconf 89' lang='lat' dir='ltr'>quod</span> <span class='ocrx_word' id='word_1_169' title='bbox 686 964 806 994; x_wconf 87' lang='lat' dir='ltr'>abstulit,</span> <span class='ocrx_word' id='word_1_170' title='bbox 819 964 870 990; x_wconf 86' lang='lat' dir='ltr'>soli</span> 
     </span>
     <span class='ocr_line' id='line_1_23' title="bbox 74 999 870 1036; baseline 0.001 -10"><span class='ocrx_word' id='word_1_171' title='bbox 74 1000 128 1026; x_wconf 85' lang='lat' dir='ltr'>sibi</span> <span class='ocrx_word' id='word_1_172' title='bbox 142 999 249 1036; x_wconf 64' lang='lat' dir='ltr'>exegit?</span> <span class='ocrx_word' id='word_1_173' title='bbox 273 1000 366 1026; x_wconf 91' lang='lat' dir='ltr'>XVIII.</span> <span class='ocrx_word' id='word_1_174' title='bbox 382 1000 453 1032; x_wconf 88' lang='lat' dir='ltr'>Quid</span> <span class='ocrx_word' id='word_1_175' title='bbox 467 1001 577 1027; x_wconf 88' lang='lat' dir='ltr'>interest</span> <span class='ocrx_word' id='word_1_176' title='bbox 591 1001 660 1027; x_wconf 88' lang='lat' dir='ltr'>inter</span> <span class='ocrx_word' id='word_1_177' title='bbox 673 1010 744 1032; x_wconf 85' lang='lat' dir='ltr'>eum,</span> <span class='ocrx_word' id='word_1_178' title='bbox 761 1002 809 1036; x_wconf 91' lang='lat' dir='ltr'>qui</span> <span class='ocrx_word' id='word_1_179' title='bbox 824 1010 870 1036; x_wconf 90' lang='lat' dir='ltr'>per</span> 
     </span>
     <span class='ocr_line' id='line_1_24' title="bbox 75 1037 868 1073; baseline 0.003 -10"><span class='ocrx_word' id='word_1_180' title='bbox 75 1045 104 1064; x_wconf 89' lang='lat' dir='ltr'>se</span> <span class='ocrx_word' id='word_1_181' title='bbox 119 1037 204 1073; x_wconf 83' lang='lat' dir='ltr'>litigat</span> <span class='ocrx_word' id='word_1_182' title='bbox 218 1042 242 1064; x_wconf 91' lang='lat' dir='ltr'>et</span> <span class='ocrx_word' id='word_1_183' title='bbox 256 1038 303 1072; x_wconf 92' lang='lat' dir='ltr'>qui</span> <span class='ocrx_word' id='word_1_184' title='bbox 317 1038 438 1073; x_wconf 82' lang='lat' dir='ltr'>cognitor</span> <span class='ocrx_word' id='word_1_185' title='bbox 451 1042 491 1064; x_wconf 90' lang='lat' dir='ltr'>est</span> <span class='ocrx_word' id='word_1_186' title='bbox 505 1037 602 1064; x_wconf 76' lang='lat' dir='ltr'>datus‘?</span> <span class='ocrx_word' id='word_1_187' title='bbox 623 1037 675 1070; x_wconf 88' lang='lat' dir='ltr'>Qui</span> <span class='ocrx_word' id='word_1_188' title='bbox 690 1047 738 1073; x_wconf 89' lang='lat' dir='ltr'>per</span> <span class='ocrx_word' id='word_1_189' title='bbox 751 1048 780 1065; x_wconf 89' lang='lat' dir='ltr'>se</span> <span class='ocrx_word' id='word_1_190' title='bbox 795 1039 868 1065; x_wconf 90' lang='lat' dir='ltr'>litem</span> 
     </span>
     <span class='ocr_line' id='line_1_25' title="bbox 73 1075 870 1110; baseline 0 -8"><span class='ocrx_word' id='word_1_191' title='bbox 73 1079 248 1106; x_wconf 87' lang='lat' dir='ltr'>contestatur,</span> <span class='ocrx_word' id='word_1_192' title='bbox 269 1075 321 1101; x_wconf 90' lang='lat' dir='ltr'>sibi</span> <span class='ocrx_word' id='word_1_193' title='bbox 337 1075 387 1101; x_wconf 91' lang='lat' dir='ltr'>soli</span> <span class='ocrx_word' id='word_1_194' title='bbox 405 1075 484 1110; x_wconf 89' lang='lat' dir='ltr'>petit:</span> <span class='ocrx_word' id='word_1_195' title='bbox 505 1075 581 1102; x_wconf 87' lang='lat' dir='ltr'>alteri</span> <span class='ocrx_word' id='word_1_196' title='bbox 599 1084 677 1102; x_wconf 89' lang='lat' dir='ltr'>nemo</span> <span class='ocrx_word' id='word_1_197' title='bbox 695 1081 795 1110; x_wconf 86' lang='lat' dir='ltr'>potest,</span> <span class='ocrx_word' id='word_1_198' title='bbox 816 1077 870 1103; x_wconf 93' lang='lat' dir='ltr'>nisi</span> 
     </span>
     <span class='ocr_line' id='line_1_26' title="bbox 73 1112 871 1149; baseline 0.003 -11"><span class='ocrx_word' id='word_1_199' title='bbox 73 1113 121 1148; x_wconf 88' lang='lat' dir='ltr'>qui</span> <span class='ocrx_word' id='word_1_200' title='bbox 135 1113 255 1148; x_wconf 82' lang='lat' dir='ltr'>cognitor</span> <span class='ocrx_word' id='word_1_201' title='bbox 268 1117 308 1138; x_wconf 90' lang='lat' dir='ltr'>est</span> <span class='ocrx_word' id='word_1_202' title='bbox 322 1112 416 1139; x_wconf 86' lang='lat' dir='ltr'>factus.</span> <span class='ocrx_word' id='word_1_203' title='bbox 444 1113 516 1139; x_wconf 87' lang='lat' dir='ltr'>Itane</span> <span class='ocrx_word' id='word_1_204' title='bbox 530 1112 610 1139; x_wconf 74' lang='lat' dir='ltr'>vero‘?</span> <span class='ocrx_word' id='word_1_205' title='bbox 624 1113 749 1149; x_wconf 81' lang='lat' dir='ltr'>Cognitor</span> <span class='ocrx_word' id='word_1_206' title='bbox 763 1114 786 1140; x_wconf 90' lang='lat' dir='ltr'>si</span> <span class='ocrx_word' id='word_1_207' title='bbox 801 1113 871 1140; x_wconf 82' lang='lat' dir='ltr'>fuis-</span> 
     </span>
     <span class='ocr_line' id='line_1_27' title="bbox 73 1149 871 1184; baseline 0.001 -8"><span class='ocrx_word' id='word_1_208' title='bbox 73 1154 114 1176; x_wconf 88' lang='lat' dir='ltr'>set</span> <span class='ocrx_word' id='word_1_209' title='bbox 128 1154 199 1181; x_wconf 88' lang='lat' dir='ltr'>tuus,</span> <span class='ocrx_word' id='word_1_210' title='bbox 216 1149 289 1184; x_wconf 90' lang='lat' dir='ltr'>quod</span> <span class='ocrx_word' id='word_1_211' title='bbox 302 1150 412 1176; x_wconf 88' lang='lat' dir='ltr'>vicisset</span> <span class='ocrx_word' id='word_1_212' title='bbox 425 1150 534 1182; x_wconf 89' lang='lat' dir='ltr'>iudicio,</span> <span class='ocrx_word' id='word_1_213' title='bbox 551 1150 633 1177; x_wconf 81' lang='lat' dir='ltr'>ferres</span> <span class='ocrx_word' id='word_1_214' title='bbox 644 1155 731 1177; x_wconf 87' lang='lat' dir='ltr'>tuum.</span> <span class='ocrx_word' id='word_1_215' title='bbox 755 1151 809 1177; x_wconf 87' lang='lat' dir='ltr'>Suo</span> <span class='ocrx_word' id='word_1_216' title='bbox 823 1160 871 1178; x_wconf 93' lang='lat' dir='ltr'>no-</span> 
     </span>
     <span class='ocr_line' id='line_1_28' title="bbox 73 1187 867 1224; baseline 0.001 -11"><span class='ocrx_word' id='word_1_217' title='bbox 73 1187 146 1213; x_wconf 91' lang='lat' dir='ltr'>mine</span> <span class='ocrx_word' id='word_1_218' title='bbox 168 1187 257 1222; x_wconf 85' lang='lat' dir='ltr'>petiit:</span> <span class='ocrx_word' id='word_1_219' title='bbox 286 1187 358 1222; x_wconf 89' lang='lat' dir='ltr'>quod</span> <span class='ocrx_word' id='word_1_220' title='bbox 380 1187 503 1219; x_wconf 88' lang='lat' dir='ltr'>abstulit,</span> <span class='ocrx_word' id='word_1_221' title='bbox 532 1188 599 1219; x_wconf 85' lang='lat' dir='ltr'>sibi,</span> <span class='ocrx_word' id='word_1_222' title='bbox 627 1197 679 1214; x_wconf 91' lang='lat' dir='ltr'>non</span> <span class='ocrx_word' id='word_1_223' title='bbox 702 1189 751 1214; x_wconf 91' lang='lat' dir='ltr'>tibi</span> <span class='ocrx_word' id='word_1_224' title='bbox 769 1189 867 1224; x_wconf 76' lang='lat' dir='ltr'>exegit.</span> 
     </span>
     <span class='ocr_line' id='line_1_29' title="bbox 73 1224 871 1261; baseline 0.001 -10"><span class='ocrx_word' id='word_1_225' title='bbox 73 1225 115 1251; x_wconf 80' lang='lat'>54.</span> <span class='ocrx_word' id='word_1_226' title='bbox 131 1224 208 1257; x_wconf 87' lang='lat' dir='ltr'>Quod</span> <span class='ocrx_word' id='word_1_227' title='bbox 222 1224 246 1250; x_wconf 90' lang='lat' dir='ltr'>si</span> <span class='ocrx_word' id='word_1_228' title='bbox 259 1225 405 1260; x_wconf 87' lang='lat' dir='ltr'>quisquam</span> <span class='ocrx_word' id='word_1_229' title='bbox 420 1229 509 1260; x_wconf 89' lang='lat' dir='ltr'>petere</span> <span class='ocrx_word' id='word_1_230' title='bbox 522 1230 610 1260; x_wconf 88' lang='lat' dir='ltr'>potest</span> <span class='ocrx_word' id='word_1_231' title='bbox 619 1225 703 1257; x_wconf 89' lang='lat' dir='ltr'>alteri,</span> <span class='ocrx_word' id='word_1_232' title='bbox 719 1226 766 1260; x_wconf 85' lang='lat' dir='ltr'>qui</span> <span class='ocrx_word' id='word_1_233' title='bbox 778 1226 871 1261; x_wconf 79' lang='lat' dir='ltr'>cogni-</span> 
     </span>
     <span class='ocr_line' id='line_1_30' title="bbox 72 1261 869 1299; baseline 0.001 -11"><span class='ocrx_word' id='word_1_234' title='bbox 72 1266 114 1288; x_wconf 89' lang='lat' dir='ltr'>tor</span> <span class='ocrx_word' id='word_1_235' title='bbox 128 1270 179 1288; x_wconf 88' lang='lat' dir='ltr'>non</span> <span class='ocrx_word' id='word_1_236' title='bbox 193 1266 234 1288; x_wconf 93' lang='lat' dir='ltr'>est</span> <span class='ocrx_word' id='word_1_237' title='bbox 247 1261 347 1288; x_wconf 81' lang='lat' dir='ltr'>factus:</span> <span class='ocrx_word' id='word_1_238' title='bbox 363 1271 471 1298; x_wconf 78' lang='lat' dir='ltr'>quaero,</span> <span class='ocrx_word' id='word_1_239' title='bbox 488 1263 554 1297; x_wconf 91' lang='lat' dir='ltr'>quid</span> <span class='ocrx_word' id='word_1_240' title='bbox 569 1263 613 1294; x_wconf 84' lang='lat' dir='ltr'>ita,</span> <span class='ocrx_word' id='word_1_241' title='bbox 629 1272 714 1298; x_wconf 90' lang='lat' dir='ltr'>quum</span> <span class='ocrx_word' id='word_1_242' title='bbox 728 1264 869 1299; x_wconf 80' lang='lat' dir='ltr'>Panurgus</span> 
     </span>
     <span class='ocr_line' id='line_1_31' title="bbox 73 1298 870 1327; baseline 0.001 -1"><span class='ocrx_word' id='word_1_243' title='bbox 73 1303 145 1326; x_wconf 88' lang='lat' dir='ltr'>esset</span> <span class='ocrx_word' id='word_1_244' title='bbox 162 1298 318 1326; x_wconf 83' lang='lat' dir='ltr'>interfectus</span> <span class='ocrx_word' id='word_1_245' title='bbox 337 1303 362 1326; x_wconf 90' lang='lat' dir='ltr'>et</span> <span class='ocrx_word' id='word_1_246' title='bbox 380 1299 413 1326; x_wconf 92' lang='lat' dir='ltr'>lis</span> <span class='ocrx_word' id='word_1_247' title='bbox 433 1304 577 1326; x_wconf 81' lang='lat' dir='ltr'>contestata</span> <span class='ocrx_word' id='word_1_248' title='bbox 595 1309 657 1326; x_wconf 90' lang='lat' dir='ltr'>cum</span> <span class='ocrx_word' id='word_1_249' title='bbox 672 1300 764 1327; x_wconf 84' lang='lat' dir='ltr'>Flavio</span> <span class='ocrx_word' id='word_1_250' title='bbox 778 1301 870 1327; x_wconf 86' lang='lat' dir='ltr'>damni</span> 
     </span>
     <span class='ocr_line' id='line_1_32' title="bbox 72 1337 870 1373; baseline 0.001 -10"><span class='ocrx_word' id='word_1_251' title='bbox 72 1337 172 1363; x_wconf 84' lang='lat' dir='ltr'>iniuria</span> <span class='ocrx_word' id='word_1_252' title='bbox 191 1341 274 1368; x_wconf 88' lang='lat' dir='ltr'>esset,</span> <span class='ocrx_word' id='word_1_253' title='bbox 296 1341 324 1363; x_wconf 91' lang='lat' dir='ltr'>tu</span> <span class='ocrx_word' id='word_1_254' title='bbox 338 1337 366 1364; x_wconf 90' lang='lat' dir='ltr'>in</span> <span class='ocrx_word' id='word_1_255' title='bbox 380 1346 438 1363; x_wconf 87' lang='lat' dir='ltr'>eam</span> <span class='ocrx_word' id='word_1_256' title='bbox 454 1337 526 1363; x_wconf 89' lang='lat' dir='ltr'>litem</span> <span class='ocrx_word' id='word_1_257' title='bbox 541 1338 661 1373; x_wconf 82' lang='lat' dir='ltr'>cognitor</span> <span class='ocrx_word' id='word_1_258' title='bbox 674 1338 763 1364; x_wconf 86' lang='lat' dir='ltr'>Roscii</span> <span class='ocrx_word' id='word_1_259' title='bbox 777 1339 815 1365; x_wconf 90' lang='lat' dir='ltr'>sis</span> <span class='ocrx_word' id='word_1_260' title='bbox 831 1338 870 1364; x_wconf 83' lang='lat' dir='ltr'>fa-</span> 
     </span>
     <span class='ocr_line' id='line_1_33' title="bbox 72 1375 871 1410; baseline 0.001 -10"><span class='ocrx_word' id='word_1_261' title='bbox 72 1378 146 1401; x_wconf 86' lang='lat' dir='ltr'>ctus:</span> <span class='ocrx_word' id='word_1_262' title='bbox 162 1383 247 1409; x_wconf 89' lang='lat' dir='ltr'>quum</span> <span class='ocrx_word' id='word_1_263' title='bbox 262 1375 417 1409; x_wconf 88' lang='lat' dir='ltr'>praesertim</span> <span class='ocrx_word' id='word_1_264' title='bbox 432 1383 465 1400; x_wconf 85' lang='lat' dir='ltr'>ex</span> <span class='ocrx_word' id='word_1_265' title='bbox 479 1379 523 1401; x_wconf 89' lang='lat' dir='ltr'>tua</span> <span class='ocrx_word' id='word_1_266' title='bbox 538 1376 663 1406; x_wconf 83' lang='lat' dir='ltr'>oratione,</span> <span class='ocrx_word' id='word_1_267' title='bbox 680 1375 871 1410; x_wconf 87' lang='lat' dir='ltr'>quodcumque</span> 
     </span>
     <span class='ocr_line' id='line_1_34' title="bbox 72 1411 868 1449; baseline 0.001 -11"><span class='ocrx_word' id='word_1_268' title='bbox 72 1411 122 1438; x_wconf 87' lang='lat' dir='ltr'>tibi</span> <span class='ocrx_word' id='word_1_269' title='bbox 137 1416 249 1446; x_wconf 81' lang='lat' dir='ltr'>peteres,</span> <span class='ocrx_word' id='word_1_270' title='bbox 267 1412 329 1438; x_wconf 89' lang='lat' dir='ltr'>huic</span> <span class='ocrx_word' id='word_1_271' title='bbox 343 1416 460 1446; x_wconf 83' lang='lat' dir='ltr'>peteres:</span> <span class='ocrx_word' id='word_1_272' title='bbox 476 1412 667 1447; x_wconf 90' lang='lat' dir='ltr'>quodcumque</span> <span class='ocrx_word' id='word_1_273' title='bbox 677 1413 725 1438; x_wconf 87' lang='lat' dir='ltr'>tibi</span> <span class='ocrx_word' id='word_1_274' title='bbox 737 1413 868 1449; x_wconf 68' lang='lat' dir='ltr'>exigeres,</span> 
     </span>
     <span class='ocr_line' id='line_1_35' title="bbox 72 1448 869 1482; baseline 0.001 -7"><span class='ocrx_word' id='word_1_275' title='bbox 72 1448 99 1475; x_wconf 94' lang='lat' dir='ltr'>id</span> <span class='ocrx_word' id='word_1_276' title='bbox 114 1449 141 1475; x_wconf 94' lang='lat' dir='ltr'>in</span> <span class='ocrx_word' id='word_1_277' title='bbox 156 1450 309 1475; x_wconf 72' lang='lat' dir='ltr'>societatem</span> <span class='ocrx_word' id='word_1_278' title='bbox 325 1449 461 1475; x_wconf 82' lang='lat' dir='ltr'>recideret.</span> <span class='ocrx_word' id='word_1_279' title='bbox 490 1449 567 1482; x_wconf 91' lang='lat' dir='ltr'>Quod</span> <span class='ocrx_word' id='word_1_280' title='bbox 579 1450 602 1475; x_wconf 91' lang='lat' dir='ltr'>si</span> <span class='ocrx_word' id='word_1_281' title='bbox 613 1450 645 1476; x_wconf 83' lang='lat' dir='ltr'>ad</span> <span class='ocrx_word' id='word_1_282' title='bbox 660 1450 786 1476; x_wconf 87' lang='lat' dir='ltr'>Roscium</span> <span class='ocrx_word' id='word_1_283' title='bbox 802 1449 869 1476; x_wconf 85' lang='lat' dir='ltr'>nihil</span> 
     </span>
     <span class='ocr_line' id='line_1_36' title="bbox 72 1486 869 1521; baseline 0.003 -9"><span class='ocrx_word' id='word_1_284' title='bbox 72 1487 236 1521; x_wconf 86' lang='lat' dir='ltr'>perveniret,</span> <span class='ocrx_word' id='word_1_285' title='bbox 257 1486 329 1521; x_wconf 89' lang='lat' dir='ltr'>quod</span> <span class='ocrx_word' id='word_1_286' title='bbox 344 1491 371 1512; x_wconf 90' lang='lat' dir='ltr'>tu</span> <span class='ocrx_word' id='word_1_287' title='bbox 391 1495 404 1512; x_wconf 92' lang='lat' dir='ltr'>a</span> <span class='ocrx_word' id='word_1_288' title='bbox 419 1487 512 1513; x_wconf 86' lang='lat' dir='ltr'>Flavio</span> <span class='ocrx_word' id='word_1_289' title='bbox 530 1487 704 1518; x_wconf 75' lang='lat' dir='ltr'>abstulisses,</span> <span class='ocrx_word' id='word_1_290' title='bbox 726 1489 777 1514; x_wconf 91' lang='lat' dir='ltr'>nisi</span> <span class='ocrx_word' id='word_1_291' title='bbox 798 1493 822 1514; x_wconf 89' lang='lat' dir='ltr'>te</span> <span class='ocrx_word' id='word_1_292' title='bbox 843 1488 869 1513; x_wconf 90' lang='lat' dir='ltr'>in</span> 
     </span>
     <span class='ocr_line' id='line_1_37' title="bbox 73 1524 869 1559; baseline 0 -9"><span class='ocrx_word' id='word_1_293' title='bbox 73 1532 150 1550; x_wconf 85' lang='lat' dir='ltr'>suam</span> <span class='ocrx_word' id='word_1_294' title='bbox 166 1524 239 1550; x_wconf 88' lang='lat' dir='ltr'>litem</span> <span class='ocrx_word' id='word_1_295' title='bbox 250 1524 369 1550; x_wconf 79' lang='lat' dir='ltr'>dedisset</span> <span class='ocrx_word' id='word_1_296' title='bbox 379 1524 541 1559; x_wconf 85' lang='lat' dir='ltr'>cognitorem</span> <span class='ocrx_word' id='word_1_297' title='bbox 551 1534 555 1557; x_wconf 75' lang='lat'>3</span> <span class='ocrx_word' id='word_1_298' title='bbox 572 1524 605 1550; x_wconf 86' lang='lat' dir='ltr'>ad</span> <span class='ocrx_word' id='word_1_299' title='bbox 616 1529 640 1551; x_wconf 87' lang='lat' dir='ltr'>te</span> <span class='ocrx_word' id='word_1_300' title='bbox 650 1526 791 1559; x_wconf 83' lang='lat' dir='ltr'>pervenire</span> <span class='ocrx_word' id='word_1_301' title='bbox 802 1524 869 1552; x_wconf 83' lang='lat' dir='ltr'>nihil</span> 
     </span>
     <span class='ocr_line' id='line_1_38' title="bbox 72 1561 869 1597; baseline 0 -10"><span class='ocrx_word' id='word_1_302' title='bbox 72 1561 164 1592; x_wconf 87' lang='lat' dir='ltr'>dehet,</span> <span class='ocrx_word' id='word_1_303' title='bbox 185 1561 258 1596; x_wconf 92' lang='lat' dir='ltr'>quod</span> <span class='ocrx_word' id='word_1_304' title='bbox 273 1562 384 1587; x_wconf 82' lang='lat' dir='ltr'>Roscius</span> <span class='ocrx_word' id='word_1_305' title='bbox 403 1570 451 1596; x_wconf 89' lang='lat' dir='ltr'>pro</span> <span class='ocrx_word' id='word_1_306' title='bbox 465 1570 513 1587; x_wconf 91' lang='lat' dir='ltr'>sua</span> <span class='ocrx_word' id='word_1_307' title='bbox 528 1566 602 1596; x_wconf 87' lang='lat' dir='ltr'>parte</span> <span class='ocrx_word' id='word_1_308' title='bbox 616 1563 720 1597; x_wconf 78' lang='lat' dir='ltr'>exegit:</span> <span class='ocrx_word' id='word_1_309' title='bbox 741 1563 869 1597; x_wconf 86' lang='lat' dir='ltr'>quoniam</span> 
     </span>
     <span class='ocr_line' id='line_1_39' title="bbox 72 1599 869 1634; baseline 0.003 -10"><span class='ocrx_word' id='word_1_310' title='bbox 72 1603 135 1625; x_wconf 90' lang='lat' dir='ltr'>tuus</span> <span class='ocrx_word' id='word_1_311' title='bbox 150 1599 269 1634; x_wconf 76' lang='lat' dir='ltr'>cognitor</span> <span class='ocrx_word' id='word_1_312' title='bbox 283 1607 334 1624; x_wconf 90' lang='lat' dir='ltr'>non</span> <span class='ocrx_word' id='word_1_313' title='bbox 350 1603 390 1624; x_wconf 89' lang='lat' dir='ltr'>est</span> <span class='ocrx_word' id='word_1_314' title='bbox 404 1599 500 1625; x_wconf 87' lang='lat' dir='ltr'>factus.</span> <span class='ocrx_word' id='word_1_315' title='bbox 524 1601 566 1625; x_wconf 82' lang='lat'>55.</span> <span class='ocrx_word' id='word_1_316' title='bbox 582 1599 653 1631; x_wconf 90' lang='lat' dir='ltr'>Quid</span> <span class='ocrx_word' id='word_1_317' title='bbox 668 1600 739 1625; x_wconf 89' lang='lat' dir='ltr'>enim</span> <span class='ocrx_word' id='word_1_318' title='bbox 755 1600 818 1626; x_wconf 86' lang='lat' dir='ltr'>huic</span> <span class='ocrx_word' id='word_1_319' title='bbox 832 1600 869 1625; x_wconf 84' lang='lat' dir='ltr'>rei</span> 
     </span>
     <span class='ocr_line' id='line_1_40' title="bbox 72 1636 869 1671; baseline 0.001 -9"><span class='ocrx_word' id='word_1_320' title='bbox 72 1636 232 1671; x_wconf 87' lang='lat' dir='ltr'>respondere</span> <span class='ocrx_word' id='word_1_321' title='bbox 242 1636 351 1670; x_wconf 84' lang='lat' dir='ltr'>poteris,</span> <span class='ocrx_word' id='word_1_322' title='bbox 364 1636 456 1667; x_wconf 86' lang='lat' dir='ltr'>Fanni,</span> <span class='ocrx_word' id='word_1_323' title='bbox 473 1645 558 1671; x_wconf 88' lang='lat' dir='ltr'>quum</span> <span class='ocrx_word' id='word_1_324' title='bbox 570 1637 602 1662; x_wconf 90' lang='lat' dir='ltr'>de</span> <span class='ocrx_word' id='word_1_325' title='bbox 614 1645 662 1662; x_wconf 83' lang='lat' dir='ltr'>sua</span> <span class='ocrx_word' id='word_1_326' title='bbox 673 1642 746 1671; x_wconf 87' lang='lat' dir='ltr'>parte</span> <span class='ocrx_word' id='word_1_327' title='bbox 756 1638 869 1663; x_wconf 80' lang='lat' dir='ltr'>Roscius</span> 
     </span>
     <span class='ocr_line' id='line_1_41' title="bbox 72 1673 869 1709; baseline 0.003 -10"><span class='ocrx_word' id='word_1_328' title='bbox 72 1673 201 1709; x_wconf 75' lang='lat' dir='ltr'>transegit</span> <span class='ocrx_word' id='word_1_329' title='bbox 214 1682 275 1700; x_wconf 91' lang='lat' dir='ltr'>cum</span> <span class='ocrx_word' id='word_1_330' title='bbox 286 1673 386 1705; x_wconf 79' lang='lat' dir='ltr'>Flavio,</span> <span class='ocrx_word' id='word_1_331' title='bbox 404 1674 535 1700; x_wconf 89' lang='lat' dir='ltr'>actionem</span> <span class='ocrx_word' id='word_1_332' title='bbox 550 1674 599 1700; x_wconf 90' lang='lat' dir='ltr'>tibi</span> <span class='ocrx_word' id='word_1_333' title='bbox 613 1679 686 1700; x_wconf 88' lang='lat' dir='ltr'>tuam</span> <span class='ocrx_word' id='word_1_334' title='bbox 701 1674 819 1709; x_wconf 87' lang='lat' dir='ltr'>reliquit,</span> <span class='ocrx_word' id='word_1_335' title='bbox 837 1683 869 1700; x_wconf 86' lang='lat' dir='ltr'>an</span> 
     </span>
     <span class='ocr_line' id='line_1_42' title="bbox 72 1710 869 1746; baseline 0 -8"><span class='ocrx_word' id='word_1_336' title='bbox 72 1710 143 1738; x_wconf 82' lang='lat' dir='ltr'>non‘?</span> <span class='ocrx_word' id='word_1_337' title='bbox 156 1711 185 1737; x_wconf 90' lang='lat' dir='ltr'>Si</span> <span class='ocrx_word' id='word_1_338' title='bbox 200 1719 251 1737; x_wconf 92' lang='lat' dir='ltr'>non</span> <span class='ocrx_word' id='word_1_339' title='bbox 265 1710 382 1746; x_wconf 88' lang='lat' dir='ltr'>reliquit,</span> <span class='ocrx_word' id='word_1_340' title='bbox 398 1711 627 1746; x_wconf 85' lang='lat' dir='ltr'>quemadmodum</span> <span class='ocrx_word' id='word_1_341' title='bbox 642 1711 706 1738; x_wconf 83' lang='lat' dir='ltr'>H-S</span> <span class='ocrx_word' id='word_1_342' title='bbox 717 1720 825 1739; x_wconf 66' lang='lat' dir='ltr'>cecinna</span> <span class='ocrx_word' id='word_1_343' title='bbox 837 1712 869 1738; x_wconf 93' lang='lat' dir='ltr'>ab</span> 
     </span>
     <span class='ocr_line' id='line_1_43' title="bbox 73 1747 866 1786; baseline 0.001 -10"><span class='ocrx_word' id='word_1_344' title='bbox 73 1756 104 1777; x_wconf 84' lang='lat' dir='ltr'>eo</span> <span class='ocrx_word' id='word_1_345' title='bbox 121 1753 212 1785; x_wconf 86' lang='lat' dir='ltr'>postea</span> <span class='ocrx_word' id='word_1_346' title='bbox 231 1747 364 1786; x_wconf 76' lang='lat' dir='ltr'>exegisti?</span> <span class='ocrx_word' id='word_1_347' title='bbox 389 1749 412 1776; x_wconf 89' lang='lat' dir='ltr'>si</span> <span class='ocrx_word' id='word_1_348' title='bbox 431 1748 553 1786; x_wconf 81' lang='lat' dir='ltr'>reliquit,</span> <span class='ocrx_word' id='word_1_349' title='bbox 578 1749 643 1786; x_wconf 89' lang='lat' dir='ltr'>quid</span> <span class='ocrx_word' id='word_1_350' title='bbox 663 1749 695 1776; x_wconf 87' lang='lat' dir='ltr'>ab</span> <span class='ocrx_word' id='word_1_351' title='bbox 714 1749 764 1777; x_wconf 90' lang='lat' dir='ltr'>hoc</span> <span class='ocrx_word' id='word_1_352' title='bbox 788 1750 866 1786; x_wconf 85' lang='lat' dir='ltr'>petis,</span> 
     </span>
    </p>
   </div>
   <div class='ocr_carea' id='block_1_3' title="bbox 898 245 903 1007">
    <p class='ocr_par' dir='ltr' id='par_1_4' title="bbox 898 245 903 1007">
     <span class='ocr_line' id='line_1_44' title="bbox 898 245 903 1007; baseline 0 0"><span class='ocrx_word' id='word_1_353' title='bbox 898 245 903 1007; x_wconf 95' lang='lat' dir='ltr'> </span> 
     </span>
    </p>
   </div>
   <div class='ocr_carea' id='block_1_4' title="bbox 922 150 1720 995">
    <p class='ocr_par' dir='ltr' id='par_1_5' title="bbox 922 150 1720 995">
     <span class='ocr_line' id='line_1_45' title="bbox 1231 150 1717 178; baseline 0.008 -4"><span class='ocrx_word' id='word_1_354' title='bbox 1231 150 1261 175; x_wconf 68' lang='grc'>44</span> <span class='ocrx_word' id='word_1_355' title='bbox 1281 165 1318 168; x_wconf 92' lang='grc'><strong>-</strong></span> <span class='ocrx_word' id='word_1_356' title='bbox 1340 151 1379 176; x_wconf 73' lang='lat'>48.</span> <span class='ocrx_word' id='word_1_357' title='bbox 1668 153 1717 178; x_wconf 71' lang='lat'>⁶233</span> 
     </span>
     <span class='ocr_line' id='line_1_46' title="bbox 923 219 1716 254; baseline 0.004 -10"><span class='ocrx_word' id='word_1_358' title='bbox 923 219 995 254; x_wconf 90' lang='lat' dir='ltr'>quod</span> <span class='ocrx_word' id='word_1_359' title='bbox 1006 227 1053 253; x_wconf 84' lang='lat' dir='ltr'>per</span> <span class='ocrx_word' id='word_1_360' title='bbox 1063 223 1087 245; x_wconf 89' lang='lat' dir='ltr'>te</span> <span class='ocrx_word' id='word_1_361' title='bbox 1098 220 1224 254; x_wconf 88' lang='lat' dir='ltr'>persequi</span> <span class='ocrx_word' id='word_1_362' title='bbox 1236 224 1261 245; x_wconf 90' lang='lat' dir='ltr'>et</span> <span class='ocrx_word' id='word_1_363' title='bbox 1271 224 1360 254; x_wconf 86' lang='lat' dir='ltr'>petere</span> <span class='ocrx_word' id='word_1_364' title='bbox 1374 220 1475 246; x_wconf 78' lang='lat' dir='ltr'>debes‘?</span> <span class='ocrx_word' id='word_1_365' title='bbox 1488 220 1630 247; x_wconf 83' lang='lat' dir='ltr'>Simillima</span> <span class='ocrx_word' id='word_1_366' title='bbox 1646 223 1716 248; x_wconf 86' lang='lat' dir='ltr'>enim</span> 
     </span>
     <span class='ocr_line' id='line_1_47' title="bbox 924 257 1719 291; baseline 0.004 -9"><span class='ocrx_word' id='word_1_367' title='bbox 924 261 948 282; x_wconf 87' lang='lat' dir='ltr'>et</span> <span class='ocrx_word' id='word_1_368' title='bbox 963 257 1079 282; x_wconf 86' lang='lat' dir='ltr'>maxime</span> <span class='ocrx_word' id='word_1_369' title='bbox 1092 257 1198 291; x_wconf 82' lang='lat' dir='ltr'>gemina</span> <span class='ocrx_word' id='word_1_370' title='bbox 1212 257 1324 283; x_wconf 80' lang='lat' dir='ltr'>societas</span> <span class='ocrx_word' id='word_1_371' title='bbox 1338 257 1492 284; x_wconf 89' lang='lat' dir='ltr'>hereditatis</span> <span class='ocrx_word' id='word_1_372' title='bbox 1507 262 1556 284; x_wconf 84' lang='lat' dir='ltr'>est.</span> <span class='ocrx_word' id='word_1_373' title='bbox 1584 258 1719 290; x_wconf 83' lang='lat' dir='ltr'>Quemad-</span> 
     </span>
     <span class='ocr_line' id='line_1_48' title="bbox 924 293 1718 329; baseline 0.004 -10"><span class='ocrx_word' id='word_1_374' title='bbox 924 293 1034 319; x_wconf 88' lang='lat' dir='ltr'>modum</span> <span class='ocrx_word' id='word_1_375' title='bbox 1049 295 1139 320; x_wconf 90' lang='lat' dir='ltr'>socius</span> <span class='ocrx_word' id='word_1_376' title='bbox 1153 294 1180 320; x_wconf 89' lang='lat' dir='ltr'>in</span> <span class='ocrx_word' id='word_1_377' title='bbox 1194 295 1318 320; x_wconf 86' lang='lat' dir='ltr'>societate</span> <span class='ocrx_word' id='word_1_378' title='bbox 1332 294 1411 320; x_wconf 90' lang='lat' dir='ltr'>habet</span> <span class='ocrx_word' id='word_1_379' title='bbox 1421 300 1536 329; x_wconf 88' lang='lat' dir='ltr'>partem:</span> <span class='ocrx_word' id='word_1_380' title='bbox 1553 295 1592 321; x_wconf 92' lang='lat' dir='ltr'>sic</span> <span class='ocrx_word' id='word_1_381' title='bbox 1603 296 1680 321; x_wconf 82' lang='lat' dir='ltr'>heres</span> <span class='ocrx_word' id='word_1_382' title='bbox 1692 298 1718 322; x_wconf 85' lang='lat' dir='ltr'>in</span> 
     </span>
     <span class='ocr_line' id='line_1_49' title="bbox 924 330 1720 366; baseline 0.004 -10"><span class='ocrx_word' id='word_1_383' title='bbox 924 330 1069 356; x_wconf 90' lang='lat' dir='ltr'>hereditate</span> <span class='ocrx_word' id='word_1_384' title='bbox 1083 331 1163 357; x_wconf 89' lang='lat' dir='ltr'>habet</span> <span class='ocrx_word' id='word_1_385' title='bbox 1176 336 1287 366; x_wconf 86' lang='lat' dir='ltr'>partem.</span> <span class='ocrx_word' id='word_1_386' title='bbox 1328 332 1361 358; x_wconf 88' lang='lat' dir='ltr'>Ut</span> <span class='ocrx_word' id='word_1_387' title='bbox 1375 332 1451 358; x_wconf 84' lang='lat' dir='ltr'>heres</span> <span class='ocrx_word' id='word_1_388' title='bbox 1465 332 1519 358; x_wconf 88' lang='lat' dir='ltr'>sibi</span> <span class='ocrx_word' id='word_1_389' title='bbox 1533 332 1592 363; x_wconf 82' lang='lat' dir='ltr'>soli,</span> <span class='ocrx_word' id='word_1_390' title='bbox 1609 342 1660 359; x_wconf 93' lang='lat' dir='ltr'>non</span> <span class='ocrx_word' id='word_1_391' title='bbox 1675 342 1720 359; x_wconf 86' lang='lat' dir='ltr'>co-</span> 
     </span>
     <span class='ocr_line' id='line_1_50' title="bbox 924 368 1717 404; baseline 0.004 -11"><span class='ocrx_word' id='word_1_392' title='bbox 924 368 1070 394; x_wconf 88' lang='lat' dir='ltr'>heredibus</span> <span class='ocrx_word' id='word_1_393' title='bbox 1084 369 1163 402; x_wconf 86' lang='lat' dir='ltr'>petit:</span> <span class='ocrx_word' id='word_1_394' title='bbox 1180 369 1219 394; x_wconf 89' lang='lat' dir='ltr'>sic</span> <span class='ocrx_word' id='word_1_395' title='bbox 1233 369 1322 395; x_wconf 88' lang='lat' dir='ltr'>socius</span> <span class='ocrx_word' id='word_1_396' title='bbox 1337 369 1390 395; x_wconf 89' lang='lat' dir='ltr'>sibi</span> <span class='ocrx_word' id='word_1_397' title='bbox 1404 369 1463 400; x_wconf 87' lang='lat' dir='ltr'>soli,</span> <span class='ocrx_word' id='word_1_398' title='bbox 1481 378 1532 396; x_wconf 89' lang='lat' dir='ltr'>non</span> <span class='ocrx_word' id='word_1_399' title='bbox 1547 370 1627 396; x_wconf 88' lang='lat' dir='ltr'>sociis</span> <span class='ocrx_word' id='word_1_400' title='bbox 1638 371 1717 404; x_wconf 84' lang='lat' dir='ltr'>petit:</span> 
     </span>
     <span class='ocr_line' id='line_1_51' title="bbox 924 405 1720 442; baseline 0.004 -11"><span class='ocrx_word' id='word_1_401' title='bbox 924 410 949 431; x_wconf 83' lang='lat' dir='ltr'>et</span> <span class='ocrx_word' id='word_1_402' title='bbox 962 405 1189 439; x_wconf 89' lang='lat' dir='ltr'>quemadmodum</span> <span class='ocrx_word' id='word_1_403' title='bbox 1204 411 1318 441; x_wconf 88' lang='lat' dir='ltr'>uterque</span> <span class='ocrx_word' id='word_1_404' title='bbox 1332 415 1380 441; x_wconf 88' lang='lat' dir='ltr'>pro</span> <span class='ocrx_word' id='word_1_405' title='bbox 1390 416 1439 432; x_wconf 88' lang='lat' dir='ltr'>sua</span> <span class='ocrx_word' id='word_1_406' title='bbox 1450 411 1524 441; x_wconf 85' lang='lat' dir='ltr'>parte</span> <span class='ocrx_word' id='word_1_407' title='bbox 1533 408 1608 442; x_wconf 84' lang='lat' dir='ltr'>petit,</span> <span class='ocrx_word' id='word_1_408' title='bbox 1622 409 1660 434; x_wconf 91' lang='lat' dir='ltr'>sic</span> <span class='ocrx_word' id='word_1_409' title='bbox 1672 417 1720 442; x_wconf 90' lang='lat' dir='ltr'>pro</span> 
     </span>
     <span class='ocr_line' id='line_1_52' title="bbox 925 442 1720 479; baseline 0.004 -11"><span class='ocrx_word' id='word_1_410' title='bbox 925 451 973 468; x_wconf 84' lang='lat' dir='ltr'>sua</span> <span class='ocrx_word' id='word_1_411' title='bbox 988 447 1061 477; x_wconf 85' lang='lat' dir='ltr'>parte</span> <span class='ocrx_word' id='word_1_412' title='bbox 1075 442 1213 469; x_wconf 87' lang='lat' dir='ltr'>dissolvit:</span> <span class='ocrx_word' id='word_1_413' title='bbox 1238 443 1315 469; x_wconf 88' lang='lat' dir='ltr'>heres</span> <span class='ocrx_word' id='word_1_414' title='bbox 1329 452 1362 470; x_wconf 82' lang='lat' dir='ltr'>ex</span> <span class='ocrx_word' id='word_1_415' title='bbox 1376 453 1424 470; x_wconf 85' lang='lat' dir='ltr'>sua</span> <span class='ocrx_word' id='word_1_416' title='bbox 1438 449 1524 478; x_wconf 85' lang='lat' dir='ltr'>parte,</span> <span class='ocrx_word' id='word_1_417' title='bbox 1546 454 1597 479; x_wconf 87' lang='lat' dir='ltr'>qua</span> <span class='ocrx_word' id='word_1_418' title='bbox 1614 445 1720 471; x_wconf 89' lang='lat' dir='ltr'>heredi-</span> 
     </span>
     <span class='ocr_line' id='line_1_53' title="bbox 925 479 1717 516; baseline 0.005 -11"><span class='ocrx_word' id='word_1_419' title='bbox 925 484 1004 505; x_wconf 80' lang='lat' dir='ltr'>tatem</span> <span class='ocrx_word' id='word_1_420' title='bbox 1020 479 1097 506; x_wconf 88' lang='lat' dir='ltr'>adiit:</span> <span class='ocrx_word' id='word_1_421' title='bbox 1118 481 1207 506; x_wconf 86' lang='lat' dir='ltr'>socius</span> <span class='ocrx_word' id='word_1_422' title='bbox 1222 489 1255 506; x_wconf 78' lang='lat' dir='ltr'>ex</span> <span class='ocrx_word' id='word_1_423' title='bbox 1269 489 1312 512; x_wconf 86' lang='lat' dir='ltr'>ea,</span> <span class='ocrx_word' id='word_1_424' title='bbox 1329 490 1381 516; x_wconf 81' lang='lat' dir='ltr'>qua</span> <span class='ocrx_word' id='word_1_425' title='bbox 1396 482 1547 508; x_wconf 83' lang='lat' dir='ltr'>societatem</span> <span class='ocrx_word' id='word_1_426' title='bbox 1562 483 1634 508; x_wconf 86' lang='lat' dir='ltr'>coiit.</span> <span class='ocrx_word' id='word_1_427' title='bbox 1676 484 1717 509; x_wconf 81' lang='lat'>56.</span> 
     </span>
     <span class='ocr_line' id='line_1_54' title="bbox 923 516 1719 552; baseline 0.005 -10"><span class='ocrx_word' id='word_1_428' title='bbox 923 516 1155 548; x_wconf 86' lang='lat' dir='ltr'>Quemadmodum</span> <span class='ocrx_word' id='word_1_429' title='bbox 1180 526 1256 543; x_wconf 80' lang='lat' dir='ltr'>suam</span> <span class='ocrx_word' id='word_1_430' title='bbox 1281 523 1382 552; x_wconf 83' lang='lat' dir='ltr'>partem</span> <span class='ocrx_word' id='word_1_431' title='bbox 1405 519 1517 545; x_wconf 83' lang='lat' dir='ltr'>Roscius</span> <span class='ocrx_word' id='word_1_432' title='bbox 1540 528 1589 545; x_wconf 88' lang='lat' dir='ltr'>suo</span> <span class='ocrx_word' id='word_1_433' title='bbox 1612 520 1719 546; x_wconf 89' lang='lat' dir='ltr'>nomine</span> 
     </span>
     <span class='ocr_line' id='line_1_55' title="bbox 924 553 1716 591; baseline 0.005 -12"><span class='ocrx_word' id='word_1_434' title='bbox 924 553 1073 580; x_wconf 83' lang='lat' dir='ltr'>condonare</span> <span class='ocrx_word' id='word_1_435' title='bbox 1086 555 1173 588; x_wconf 90' lang='lat' dir='ltr'>potuit</span> <span class='ocrx_word' id='word_1_436' title='bbox 1187 555 1286 585; x_wconf 85' lang='lat' dir='ltr'>Flavio,</span> <span class='ocrx_word' id='word_1_437' title='bbox 1304 560 1333 581; x_wconf 92' lang='lat' dir='ltr'>ut</span> <span class='ocrx_word' id='word_1_438' title='bbox 1346 564 1403 581; x_wconf 87' lang='lat' dir='ltr'>eam</span> <span class='ocrx_word' id='word_1_439' title='bbox 1419 560 1446 582; x_wconf 91' lang='lat' dir='ltr'>tu</span> <span class='ocrx_word' id='word_1_440' title='bbox 1462 565 1513 582; x_wconf 89' lang='lat' dir='ltr'>non</span> <span class='ocrx_word' id='word_1_441' title='bbox 1528 561 1644 591; x_wconf 81' lang='lat' dir='ltr'>peteres:</span> <span class='ocrx_word' id='word_1_442' title='bbox 1669 558 1716 587; x_wconf 77' lang='lat' dir='ltr'>sic,</span> 
     </span>
     <span class='ocr_line' id='line_1_56' title="bbox 923 591 1719 628; baseline 0.005 -12"><span class='ocrx_word' id='word_1_443' title='bbox 923 600 1008 625; x_wconf 91' lang='lat' dir='ltr'>quum</span> <span class='ocrx_word' id='word_1_444' title='bbox 1023 591 1112 626; x_wconf 79' lang='lat' dir='ltr'>exegit</span> <span class='ocrx_word' id='word_1_445' title='bbox 1125 600 1201 617; x_wconf 84' lang='lat' dir='ltr'>suam</span> <span class='ocrx_word' id='word_1_446' title='bbox 1216 597 1317 626; x_wconf 87' lang='lat' dir='ltr'>partem</span> <span class='ocrx_word' id='word_1_447' title='bbox 1329 597 1353 618; x_wconf 83' lang='lat' dir='ltr'>et</span> <span class='ocrx_word' id='word_1_448' title='bbox 1363 593 1411 619; x_wconf 88' lang='lat' dir='ltr'>tibi</span> <span class='ocrx_word' id='word_1_449' title='bbox 1423 593 1551 628; x_wconf 77' lang='lat' dir='ltr'>integram</span> <span class='ocrx_word' id='word_1_450' title='bbox 1564 595 1719 628; x_wconf 82' lang='lat' dir='ltr'>petitionem</span> 
     </span>
     <span class='ocr_line' id='line_1_57' title="bbox 924 628 1720 666; baseline 0.006 -13"><span class='ocrx_word' id='word_1_451' title='bbox 924 628 1045 662; x_wconf 86' lang='lat' dir='ltr'>reliquit,</span> <span class='ocrx_word' id='word_1_452' title='bbox 1067 633 1155 654; x_wconf 87' lang='lat' dir='ltr'>tecum</span> <span class='ocrx_word' id='word_1_453' title='bbox 1169 630 1261 663; x_wconf 88' lang='lat' dir='ltr'>partiri</span> <span class='ocrx_word' id='word_1_454' title='bbox 1276 639 1327 656; x_wconf 91' lang='lat' dir='ltr'>non</span> <span class='ocrx_word' id='word_1_455' title='bbox 1342 630 1433 662; x_wconf 85' lang='lat' dir='ltr'>debet;</span> <span class='ocrx_word' id='word_1_456' title='bbox 1455 631 1507 656; x_wconf 89' lang='lat' dir='ltr'>nisi</span> <span class='ocrx_word' id='word_1_457' title='bbox 1527 631 1592 657; x_wconf 87' lang='lat' dir='ltr'>forte</span> <span class='ocrx_word' id='word_1_458' title='bbox 1611 637 1639 657; x_wconf 87' lang='lat' dir='ltr'>tu</span> <span class='ocrx_word' id='word_1_459' title='bbox 1658 641 1720 666; x_wconf 88' lang='lat' dir='ltr'>per-</span> 
     </span>
     <span class='ocr_line' id='line_1_58' title="bbox 925 666 1718 703; baseline 0.006 -12"><span class='ocrx_word' id='word_1_460' title='bbox 925 674 1001 691; x_wconf 90' lang='lat' dir='ltr'>verso</span> <span class='ocrx_word' id='word_1_461' title='bbox 1024 674 1096 691; x_wconf 87' lang='lat' dir='ltr'>more</span> <span class='ocrx_word' id='word_1_462' title='bbox 1114 666 1187 700; x_wconf 88' lang='lat' dir='ltr'>quod</span> <span class='ocrx_word' id='word_1_463' title='bbox 1205 666 1287 692; x_wconf 89' lang='lat' dir='ltr'>huius</span> <span class='ocrx_word' id='word_1_464' title='bbox 1307 671 1347 692; x_wconf 89' lang='lat' dir='ltr'>est</span> <span class='ocrx_word' id='word_1_465' title='bbox 1365 668 1397 693; x_wconf 82' lang='lat' dir='ltr'>ab</span> <span class='ocrx_word' id='word_1_466' title='bbox 1416 668 1468 693; x_wconf 87' lang='lat' dir='ltr'>alio</span> <span class='ocrx_word' id='word_1_467' title='bbox 1486 673 1643 703; x_wconf 82' lang='lat' dir='ltr'>extorquere</span> <span class='ocrx_word' id='word_1_468' title='bbox 1666 678 1718 696; x_wconf 90' lang='lat' dir='ltr'>non</span> 
     </span>
     <span class='ocr_line' id='line_1_59' title="bbox 924 702 1719 737; baseline 0.004 -8"><span class='ocrx_word' id='word_1_469' title='bbox 924 707 1007 737; x_wconf 83' lang='lat' dir='ltr'>poteS,</span> <span class='ocrx_word' id='word_1_470' title='bbox 1025 702 1088 729; x_wconf 89' lang='lat' dir='ltr'>huic</span> <span class='ocrx_word' id='word_1_471' title='bbox 1102 703 1203 737; x_wconf 86' lang='lat' dir='ltr'>eripere</span> <span class='ocrx_word' id='word_1_472' title='bbox 1217 708 1301 737; x_wconf 87' lang='lat' dir='ltr'>potes.</span> <span class='ocrx_word' id='word_1_473' title='bbox 1338 705 1439 730; x_wconf 78' lang='lat' dir='ltr'>Perstat</span> <span class='ocrx_word' id='word_1_474' title='bbox 1453 705 1480 731; x_wconf 89' lang='lat' dir='ltr'>in</span> <span class='ocrx_word' id='word_1_475' title='bbox 1495 707 1624 732; x_wconf 82' lang='lat' dir='ltr'>sententia</span> <span class='ocrx_word' id='word_1_476' title='bbox 1640 706 1719 733; x_wconf 84' lang='lat' dir='ltr'>Satu-</span> 
     </span>
     <span class='ocr_line' id='line_1_60' title="bbox 924 740 1716 775; baseline 0.006 -10"><span class='ocrx_word' id='word_1_477' title='bbox 924 740 995 765; x_wconf 93' lang='lat' dir='ltr'>rius:</span> <span class='ocrx_word' id='word_1_478' title='bbox 1011 740 1202 775; x_wconf 81' lang='lat' dir='ltr'>quodcumque</span> <span class='ocrx_word' id='word_1_479' title='bbox 1212 741 1264 766; x_wconf 90' lang='lat' dir='ltr'>sibi</span> <span class='ocrx_word' id='word_1_480' title='bbox 1276 746 1347 775; x_wconf 87' lang='lat' dir='ltr'>petat</span> <span class='ocrx_word' id='word_1_481' title='bbox 1357 742 1454 772; x_wconf 77' lang='lat' dir='ltr'>socius,</span> <span class='ocrx_word' id='word_1_482' title='bbox 1468 742 1494 767; x_wconf 88' lang='lat' dir='ltr'>id</span> <span class='ocrx_word' id='word_1_483' title='bbox 1506 744 1638 769; x_wconf 80' lang='lat' dir='ltr'>societatis</span> <span class='ocrx_word' id='word_1_484' title='bbox 1650 744 1716 770; x_wconf 81' lang='lat' dir='ltr'>lieri.</span> 
     </span>
     <span class='ocr_line' id='line_1_61' title="bbox 924 776 1715 813; baseline 0.006 -11"><span class='ocrx_word' id='word_1_485' title='bbox 924 776 1001 808; x_wconf 90' lang='lat' dir='ltr'>Quod</span> <span class='ocrx_word' id='word_1_486' title='bbox 1020 777 1044 803; x_wconf 87' lang='lat' dir='ltr'>si</span> <span class='ocrx_word' id='word_1_487' title='bbox 1062 778 1098 803; x_wconf 88' lang='lat' dir='ltr'>ita</span> <span class='ocrx_word' id='word_1_488' title='bbox 1112 783 1166 803; x_wconf 88' lang='lat' dir='ltr'>est:</span> <span class='ocrx_word' id='word_1_489' title='bbox 1187 786 1240 812; x_wconf 85' lang='lat' dir='ltr'>qua</span> <span class='ocrx_word' id='word_1_490' title='bbox 1258 778 1380 813; x_wconf 90' lang='lat' dir='ltr'>(malum)</span> <span class='ocrx_word' id='word_1_491' title='bbox 1398 779 1510 805; x_wconf 76' lang='lat' dir='ltr'>stultitia</span> <span class='ocrx_word' id='word_1_492' title='bbox 1530 780 1580 806; x_wconf 86' lang='lat' dir='ltr'>suit</span> <span class='ocrx_word' id='word_1_493' title='bbox 1595 781 1715 812; x_wconf 74' lang='lat' dir='ltr'>Roscius.</span> 
     </span>
     <span class='ocr_line' id='line_1_62' title="bbox 923 814 1719 852; baseline 0.006 -13"><span class='ocrx_word' id='word_1_494' title='bbox 923 814 971 849; x_wconf 92' lang='lat' dir='ltr'>qui</span> <span class='ocrx_word' id='word_1_495' title='bbox 985 823 1019 840; x_wconf 80' lang='lat' dir='ltr'>ex</span> <span class='ocrx_word' id='word_1_496' title='bbox 1032 814 1248 848; x_wconf 89' lang='lat' dir='ltr'>iurisperitorum</span> <span class='ocrx_word' id='word_1_497' title='bbox 1262 816 1374 842; x_wconf 92' lang='lat' dir='ltr'>consilio</span> <span class='ocrx_word' id='word_1_498' title='bbox 1388 821 1413 842; x_wconf 87' lang='lat' dir='ltr'>et</span> <span class='ocrx_word' id='word_1_499' title='bbox 1431 817 1584 843; x_wconf 73' lang='lat' dir='ltr'>auctoritate</span> <span class='ocrx_word' id='word_1_500' title='bbox 1603 819 1719 852; x_wconf 81' lang='lat' dir='ltr'>restipu-</span> 
     </span>
     <span class='ocr_line' id='line_1_63' title="bbox 924 851 1718 889; baseline 0.005 -12"><span class='ocrx_word' id='word_1_501' title='bbox 924 851 1022 878; x_wconf 90' lang='lat' dir='ltr'>laretur</span> <span class='ocrx_word' id='word_1_502' title='bbox 1040 860 1054 877; x_wconf 90' lang='lat' dir='ltr'>a</span> <span class='ocrx_word' id='word_1_503' title='bbox 1068 852 1170 878; x_wconf 89' lang='lat' dir='ltr'>Fannio</span> <span class='ocrx_word' id='word_1_504' title='bbox 1188 852 1343 887; x_wconf 77' lang='lat' dir='ltr'>diligenter,</span> <span class='ocrx_word' id='word_1_505' title='bbox 1365 858 1406 883; x_wconf 84' lang='lat' dir='ltr'>ut,</span> <span class='ocrx_word' id='word_1_506' title='bbox 1428 854 1500 888; x_wconf 87' lang='lat' dir='ltr'>quod</span> <span class='ocrx_word' id='word_1_507' title='bbox 1519 855 1542 879; x_wconf 85' lang='lat' dir='ltr'>is</span> <span class='ocrx_word' id='word_1_508' title='bbox 1557 856 1690 889; x_wconf 68' lang='lat' dir='ltr'>exegisset</span> <span class='ocrx_word' id='word_1_509' title='bbox 1705 866 1718 881; x_wconf 86' lang='lat' dir='ltr'>a</span> 
     </span>
     <span class='ocr_line' id='line_1_64' title="bbox 923 889 1717 926; baseline 0.004 -11"><span class='ocrx_word' id='word_1_510' title='bbox 923 889 1028 920; x_wconf 85' lang='lat' dir='ltr'>Flavio,</span> <span class='ocrx_word' id='word_1_511' title='bbox 1045 889 1185 915; x_wconf 90' lang='lat' dir='ltr'>dimidiam</span> <span class='ocrx_word' id='word_1_512' title='bbox 1200 895 1301 924; x_wconf 88' lang='lat' dir='ltr'>partem</span> <span class='ocrx_word' id='word_1_513' title='bbox 1316 890 1369 916; x_wconf 84' lang='lat' dir='ltr'>sibi</span> <span class='ocrx_word' id='word_1_514' title='bbox 1387 890 1560 918; x_wconf 75' lang='lat' dir='ltr'>dissolveret:</span> <span class='ocrx_word' id='word_1_515' title='bbox 1582 893 1717 926; x_wconf 84' lang='lat' dir='ltr'>siquidem</span> 
     </span>
     <span class='ocr_line' id='line_1_65' title="bbox 923 927 1718 961; baseline 0.005 -9"><span class='ocrx_word' id='word_1_516' title='bbox 923 927 981 952; x_wconf 90' lang='lat' dir='ltr'>sine</span> <span class='ocrx_word' id='word_1_517' title='bbox 991 927 1112 953; x_wconf 87' lang='lat' dir='ltr'>cautione</span> <span class='ocrx_word' id='word_1_518' title='bbox 1122 931 1147 952; x_wconf 91' lang='lat' dir='ltr'>et</span> <span class='ocrx_word' id='word_1_519' title='bbox 1158 928 1364 961; x_wconf 87' lang='lat' dir='ltr'>repromissione</span> <span class='ocrx_word' id='word_1_520' title='bbox 1375 928 1551 955; x_wconf 84' lang='lat' dir='ltr'>nihilominus</span> <span class='ocrx_word' id='word_1_521' title='bbox 1563 929 1589 955; x_wconf 93' lang='lat' dir='ltr'>id</span> <span class='ocrx_word' id='word_1_522' title='bbox 1600 930 1718 956; x_wconf 79' lang='lat' dir='ltr'>Fannius</span> 
     </span>
     <span class='ocr_line' id='line_1_66' title="bbox 922 964 1436 995; baseline 0 -5"><span class='ocrx_word' id='word_1_523' title='bbox 922 964 1051 995; x_wconf 84' lang='lat' dir='ltr'>societati,</span> <span class='ocrx_word' id='word_1_524' title='bbox 1068 964 1117 991; x_wconf 87' lang='lat' dir='ltr'>hoc</span> <span class='ocrx_word' id='word_1_525' title='bbox 1131 968 1172 990; x_wconf 88' lang='lat' dir='ltr'>est</span> <span class='ocrx_word' id='word_1_526' title='bbox 1184 965 1288 995; x_wconf 87' lang='lat' dir='ltr'>Roscio,</span> <span class='ocrx_word' id='word_1_527' title='bbox 1305 964 1436 992; x_wconf 75' lang='lat' dir='ltr'>debebat‘.&gt;</span> 
     </span>
    </p>
   </div>
   <div class='ocr_carea' id='block_1_5' title="bbox 1142 1011 1496 1045">
    <p class='ocr_par' dir='ltr' id='par_1_6' title="bbox 1142 1011 1496 1045">
     <span class='ocr_line' id='line_1_67' title="bbox 1142 1011 1496 1045; baseline 0.003 -9"><span class='ocrx_word' id='word_1_528' title='bbox 1142 1011 1328 1037; x_wconf 78' lang='lat' dir='ltr'>Desiderantur</span> <span class='ocrx_word' id='word_1_529' title='bbox 1342 1020 1391 1037; x_wconf 81' lang='lat' dir='ltr'>non</span> <span class='ocrx_word' id='word_1_530' title='bbox 1402 1020 1496 1045; x_wconf 81' lang='lat' dir='ltr'>pauca.</span> 
     </span>
    </p>
   </div>
   <div class='ocr_carea' id='block_1_6' title="bbox 1160 1164 1484 1191">
    <p class='ocr_par' dir='ltr' id='par_1_7' title="bbox 1160 1164 1484 1191">
     <span class='ocr_line' id='line_1_68' title="bbox 1160 1164 1484 1191; baseline -0.003 0"><span class='ocrx_word' id='word_1_531' title='bbox 1160 1164 1484 1191; x_wconf 80' lang='lat' dir='ltr'>COROLLARIUM</span> 
     </span>
    </p>
   </div>
   <div class='ocr_carea' id='block_1_7' title="bbox 977 1225 1663 1304">
    <p class='ocr_par' dir='ltr' id='par_1_8' title="bbox 977 1225 1663 1304">
     <span class='ocr_line' id='line_1_69' title="bbox 977 1225 1663 1261; baseline -0.003 -7"><span class='ocrx_word' id='word_1_532' title='bbox 977 1230 1122 1261; x_wconf 72' lang='lat' dir='ltr'>fraymenta</span> <span class='ocrx_word' id='word_1_533' title='bbox 1136 1227 1262 1253; x_wconf 77' lang='lat' dir='ltr'>orationis</span> <span class='ocrx_word' id='word_1_534' title='bbox 1272 1234 1322 1259; x_wconf 78' lang='lat' dir='ltr'>pro</span> <span class='ocrx_word' id='word_1_535' title='bbox 1337 1226 1426 1251; x_wconf 80' lang='lat' dir='ltr'>Roscio</span> <span class='ocrx_word' id='word_1_536' title='bbox 1442 1225 1563 1251; x_wconf 68' lang='lat' dir='ltr'>comoedo</span> <span class='ocrx_word' id='word_1_537' title='bbox 1578 1228 1663 1252; x_wconf 76' lang='lat' dir='ltr'>codice</span> 
     </span>
     <span class='ocr_line' id='line_1_70' title="bbox 1121 1273 1524 1304; baseline -0.005 -6"><span class='ocrx_word' id='word_1_538' title='bbox 1121 1273 1242 1298; x_wconf 74' lang='lat' dir='ltr'>Vaticano</span> <span class='ocrx_word' id='word_1_539' title='bbox 1257 1274 1361 1304; x_wconf 64' lang='lat' dir='ltr'>prodita</span> <span class='ocrx_word' id='word_1_540' title='bbox 1380 1273 1524 1297; x_wconf 79' lang='lat' dir='ltr'>continens:</span> 
     </span>
    </p>
   </div>
   <div class='ocr_carea' id='block_1_8' title="bbox 922 1342 1716 1542">
    <p class='ocr_par' dir='ltr' id='par_1_9' title="bbox 924 1342 1714 1416">
     <span class='ocr_line' id='line_1_71' title="bbox 924 1342 1714 1378; baseline 0 -9"><span class='ocrx_word' id='word_1_541' title='bbox 924 1345 947 1369; x_wconf 80' lang='lat' dir='ltr'>l.</span> <span class='ocrx_word' id='word_1_542' title='bbox 972 1344 1025 1370; x_wconf 85' lang='lat' dir='ltr'>Hoc</span> <span class='ocrx_word' id='word_1_543' title='bbox 1039 1344 1092 1369; x_wconf 86' lang='lat' dir='ltr'>sibi</span> <span class='ocrx_word' id='word_1_544' title='bbox 1106 1344 1223 1378; x_wconf 84' lang='lat' dir='ltr'>quisque</span> <span class='ocrx_word' id='word_1_545' title='bbox 1238 1346 1374 1377; x_wconf 88' lang='lat' dir='ltr'>proponat,</span> <span class='ocrx_word' id='word_1_546' title='bbox 1391 1350 1445 1376; x_wconf 89' lang='lat' dir='ltr'>quo</span> <span class='ocrx_word' id='word_1_547' title='bbox 1460 1342 1550 1368; x_wconf 86' lang='lat' dir='ltr'>miuus</span> <span class='ocrx_word' id='word_1_548' title='bbox 1565 1342 1661 1368; x_wconf 79' lang='lat' dir='ltr'>fucatis</span> <span class='ocrx_word' id='word_1_549' title='bbox 1675 1352 1714 1369; x_wconf 78' lang='lat' dir='ltr'>ca-</span> 
     </span>
     <span class='ocr_line' id='line_1_72' title="bbox 997 1381 1204 1416; baseline -0.005 -9"><span class='ocrx_word' id='word_1_550' title='bbox 997 1382 1085 1416; x_wconf 85' lang='lat' dir='ltr'>piatur</span> <span class='ocrx_word' id='word_1_551' title='bbox 1099 1381 1204 1407; x_wconf 81' lang='lat' dir='ltr'>officiis.</span> 
     </span>
    </p>

    <p class='ocr_par' dir='ltr' id='par_1_10' title="bbox 922 1425 1287 1453">
     <span class='ocr_line' id='line_1_73' title="bbox 922 1425 1287 1453; baseline -0.005 -1"><span class='ocrx_word' id='word_1_552' title='bbox 922 1428 947 1453; x_wconf 75' lang='lat'>2.</span> <span class='ocrx_word' id='word_1_553' title='bbox 971 1427 1037 1452; x_wconf 84' lang='lat' dir='ltr'>Rara</span> <span class='ocrx_word' id='word_1_554' title='bbox 1052 1435 1094 1453; x_wconf 87' lang='lat' dir='ltr'>res</span> <span class='ocrx_word' id='word_1_555' title='bbox 1109 1431 1149 1453; x_wconf 87' lang='lat' dir='ltr'>est</span> <span class='ocrx_word' id='word_1_556' title='bbox 1162 1425 1287 1452; x_wconf 82' lang='lat' dir='ltr'>amicitia.</span> 
     </span>
    </p>

    <p class='ocr_par' dir='ltr' id='par_1_11' title="bbox 922 1469 1716 1542">
     <span class='ocr_line' id='line_1_74' title="bbox 922 1469 1716 1506; baseline -0.001 -8"><span class='ocrx_word' id='word_1_557' title='bbox 922 1474 947 1498; x_wconf 80' lang='lat'>3.</span> <span class='ocrx_word' id='word_1_558' title='bbox 971 1472 1042 1504; x_wconf 89' lang='lat' dir='ltr'>Quid</span> <span class='ocrx_word' id='word_1_559' title='bbox 1061 1473 1132 1498; x_wconf 90' lang='lat' dir='ltr'>enim</span> <span class='ocrx_word' id='word_1_560' title='bbox 1152 1477 1204 1498; x_wconf 82' lang='lat' dir='ltr'>tam</span> <span class='ocrx_word' id='word_1_561' title='bbox 1223 1469 1339 1505; x_wconf 81' lang='lat' dir='ltr'>simplex</span> <span class='ocrx_word' id='word_1_562' title='bbox 1357 1474 1534 1504; x_wconf 80' lang='lat' dir='ltr'>apertumque</span> <span class='ocrx_word' id='word_1_563' title='bbox 1552 1469 1611 1496; x_wconf 79' lang='lat' dir='ltr'>est‘?</span> <span class='ocrx_word' id='word_1_564' title='bbox 1635 1471 1716 1506; x_wconf 72' lang='lat' dir='ltr'>Atqui</span> 
     </span>
     <span class='ocr_line' id='line_1_75' title="bbox 999 1508 1633 1542; baseline -0.002 -7"><span class='ocrx_word' id='word_1_565' title='bbox 999 1518 1049 1535; x_wconf 95' lang='lat' dir='ltr'>non</span> <span class='ocrx_word' id='word_1_566' title='bbox 1064 1515 1117 1535; x_wconf 87' lang='lat' dir='ltr'>tam</span> <span class='ocrx_word' id='word_1_567' title='bbox 1132 1510 1159 1535; x_wconf 92' lang='lat' dir='ltr'>in</span> <span class='ocrx_word' id='word_1_568' title='bbox 1174 1509 1227 1534; x_wconf 85' lang='lat' dir='ltr'>alto</span> <span class='ocrx_word' id='word_1_569' title='bbox 1242 1508 1304 1533; x_wconf 83' lang='lat' dir='ltr'>latet</span> <span class='ocrx_word' id='word_1_570' title='bbox 1317 1516 1413 1533; x_wconf 87' lang='lat' dir='ltr'>aurum</span> <span class='ocrx_word' id='word_1_571' title='bbox 1428 1512 1633 1542; x_wconf 76' lang='lat' dir='ltr'>argentumque.</span> 
     </span>
    </p>
   </div>
   <div class='ocr_carea' id='block_1_9' title="bbox 924 1553 1718 1702">
    <p class='ocr_par' dir='ltr' id='par_1_12' title="bbox 924 1553 1718 1702">
     <span class='ocr_line' id='line_1_76' title="bbox 924 1553 1718 1589; baseline -0.001 -8"><span class='ocrx_word' id='word_1_572' title='bbox 924 1556 947 1581; x_wconf 70' lang='lat'>4.</span> <span class='ocrx_word' id='word_1_573' title='bbox 972 1555 1055 1581; x_wconf 81' lang='lat' dir='ltr'>Hasce</span> <span class='ocrx_word' id='word_1_574' title='bbox 1068 1556 1107 1581; x_wconf 88' lang='lat' dir='ltr'>ori</span> <span class='ocrx_word' id='word_1_575' title='bbox 1122 1554 1206 1589; x_wconf 71' lang='lat' dir='ltr'>(rulyo</span> <span class='ocrx_word' id='word_1_576' title='bbox 1216 1553 1270 1587; x_wconf 90' lang='lat' dir='ltr'>ore)</span> <span class='ocrx_word' id='word_1_577' title='bbox 1280 1553 1392 1579; x_wconf 81' lang='lat' dir='ltr'>adverso</span> <span class='ocrx_word' id='word_1_578' title='bbox 1402 1553 1473 1578; x_wconf 87' lang='lat' dir='ltr'>inuri</span> <span class='ocrx_word' id='word_1_579' title='bbox 1484 1553 1620 1579; x_wconf 77' lang='lat' dir='ltr'>cicatrices</span> <span class='ocrx_word' id='word_1_580' title='bbox 1631 1562 1660 1580; x_wconf 91' lang='lat' dir='ltr'>ac</span> <span class='ocrx_word' id='word_1_581' title='bbox 1671 1562 1718 1580; x_wconf 90' lang='lat' dir='ltr'>no-</span> 
     </span>
     <span class='ocr_line' id='line_1_77' title="bbox 998 1589 1717 1626; baseline -0.003 -7"><span class='ocrx_word' id='word_1_582' title='bbox 998 1598 1037 1618; x_wconf 84' lang='lat' dir='ltr'>tas</span> <span class='ocrx_word' id='word_1_583' title='bbox 1049 1593 1155 1619; x_wconf 88' lang='lat' dir='ltr'>virtutis</span> <span class='ocrx_word' id='word_1_584' title='bbox 1167 1591 1297 1626; x_wconf 82' lang='lat' dir='ltr'>accipitis.</span> <span class='ocrx_word' id='word_1_585' title='bbox 1310 1599 1342 1616; x_wconf 91' lang='lat' dir='ltr'>ne</span> <span class='ocrx_word' id='word_1_586' title='bbox 1353 1590 1463 1624; x_wconf 81' lang='lat' dir='ltr'>accipiat</span> <span class='ocrx_word' id='word_1_587' title='bbox 1474 1589 1552 1620; x_wconf 80' lang='lat' dir='ltr'>sama,</span> <span class='ocrx_word' id='word_1_588' title='bbox 1568 1591 1640 1624; x_wconf 85' lang='lat' dir='ltr'>quod</span> <span class='ocrx_word' id='word_1_589' title='bbox 1650 1592 1717 1625; x_wconf 79' lang='lat' dir='ltr'>(rul-</span> 
     </span>
     <span class='ocr_line' id='line_1_78' title="bbox 996 1627 1716 1665; baseline -0.003 -9"><span class='ocrx_word' id='word_1_590' title='bbox 996 1639 1040 1663; x_wconf 75' lang='lat'>9⁰³</span> <span class='ocrx_word' id='word_1_591' title='bbox 1053 1630 1125 1665; x_wconf 89' lang='lat' dir='ltr'>quod</span> <span class='ocrx_word' id='word_1_592' title='bbox 1137 1629 1205 1655; x_wconf 84' lang='lat' dir='ltr'>fama</span> <span class='ocrx_word' id='word_1_593' title='bbox 1216 1628 1336 1662; x_wconf 78' lang='lat' dir='ltr'>accipiat)</span> <span class='ocrx_word' id='word_1_594' title='bbox 1344 1627 1435 1653; x_wconf 81' lang='lat' dir='ltr'>vultus</span> <span class='ocrx_word' id='word_1_595' title='bbox 1442 1627 1626 1661; x_wconf 77' lang='lat' dir='ltr'>perhorrescit,</span> <span class='ocrx_word' id='word_1_596' title='bbox 1635 1637 1716 1663; x_wconf 89' lang='lat' dir='ltr'>quem</span> 
     </span>
     <span class='ocr_line' id='line_1_79' title="bbox 997 1665 1678 1702; baseline -0.006 -9"><span class='ocrx_word' id='word_1_597' title='bbox 997 1675 1145 1702; x_wconf 87' lang='lat' dir='ltr'>numquam</span> <span class='ocrx_word' id='word_1_598' title='bbox 1161 1666 1314 1692; x_wconf 80' lang='lat' dir='ltr'>incursione</span> <span class='ocrx_word' id='word_1_599' title='bbox 1330 1665 1447 1690; x_wconf 82' lang='lat' dir='ltr'>hostium</span> <span class='ocrx_word' id='word_1_600' title='bbox 1462 1673 1629 1691; x_wconf 78' lang='lat' dir='ltr'>commovere</span> <span class='ocrx_word' id='word_1_601' title='bbox 1642 1681 1678 1685; x_wconf 89' lang='lat'><strong>—</strong></span> 
     </span>
    </p>
   </div>
   <div class='ocr_carea' id='block_1_10' title="bbox 922 1710 1716 1785">
    <p class='ocr_par' dir='ltr' id='par_1_13' title="bbox 922 1710 1716 1785">
     <span class='ocr_line' id='line_1_80' title="bbox 922 1710 1716 1749; baseline -0.004 -9"><span class='ocrx_word' id='word_1_602' title='bbox 922 1713 947 1740; x_wconf 78' lang='lat'>5.</span> <span class='ocrx_word' id='word_1_603' title='bbox 971 1712 1094 1749; x_wconf 63' lang='lat' dir='ltr'>(Pouerat</span> <span class='ocrx_word' id='word_1_604' title='bbox 1113 1720 1217 1738; x_wconf 87' lang='lat' dir='ltr'>mecum</span> <span class='ocrx_word' id='word_1_605' title='bbox 1237 1715 1325 1737; x_wconf 84' lang='lat' dir='ltr'>autem</span> <span class='ocrx_word' id='word_1_606' title='bbox 1345 1710 1446 1744; x_wconf 87' lang='lat' dir='ltr'>ubique</span> <span class='ocrx_word' id='word_1_607' title='bbox 1460 1710 1574 1736; x_wconf 79' lang='lat' dir='ltr'>inveniri</span> <span class='ocrx_word' id='word_1_608' title='bbox 1590 1711 1647 1737; x_wconf 81' lang='lat' dir='ltr'>sine</span> <span class='ocrx_word' id='word_1_609' title='bbox 1662 1711 1716 1737; x_wconf 83' lang='lat' dir='ltr'>ullo</span> 
     </span>
     <span class='ocr_line' id='line_1_81' title="bbox 994 1748 1470 1785; baseline -0.004 -8"><span class='ocrx_word' id='word_1_610' title='bbox 994 1749 1095 1784; x_wconf 82' lang='lat' dir='ltr'>labore,</span> <span class='ocrx_word' id='word_1_611' title='bbox 1113 1751 1171 1778; x_wconf 86' lang='lat' dir='ltr'>sine</span> <span class='ocrx_word' id='word_1_612' title='bbox 1186 1748 1241 1777; x_wconf 88' lang='lat' dir='ltr'>ulla</span> <span class='ocrx_word' id='word_1_613' title='bbox 1255 1748 1470 1785; x_wconf 75' lang='lat' dir='ltr'>investigatione.</span> 
     </span>
    </p>
   </div>
   <div class='ocr_carea' id='block_1_11' title="bbox 779 2066 1000 2082">
    <p class='ocr_par' dir='ltr' id='par_1_14' title="bbox 779 2066 1000 2082">
     <span class='ocr_line' id='line_1_82' title="bbox 779 2066 1000 2082; baseline 0 -7"><span class='ocrx_word' id='word_1_614' title='bbox 779 2066 1000 2082; x_wconf 32' lang='lat' dir='ltr'>—-&lt;›0÷0‹=-oe</span> 
     </span>
    </p>
   </div>
   <div class='ocr_carea' id='block_1_12' title="bbox 1473 2733 1506 2758">
    <p class='ocr_par' dir='ltr' id='par_1_15' title="bbox 1473 2733 1506 2758">
     <span class='ocr_line' id='line_1_83' title="bbox 1473 2733 1506 2758; baseline -0.03 0"><span class='ocrx_word' id='word_1_615' title='bbox 1473 2733 1506 2758; x_wconf 75' lang='lat'>30</span> 
     </span>
    </p>
   </div>
  </div>
 </body>
</html>
