1941 3052
518 110 569 136 DE
600 109 806 136 OFFlCllS
840 109 918 136 LIB.
950 110 969 135 1.
999 109 1090 136 CAP.
1122 111 1192 135 9——
1217 111 1254 136 l'j.

63 182 131 209 tonis
143 181 216 208 senis
226 179 339 216 epistola
349 184 389 207 est
400 180 433 206 ad
444 181 479 207 M.
493 180 589 212 fllium,
605 181 632 206 in
644 189 696 215 qua
709 180 818 215 scripsit
828 188 856 206 se

62 219 179 249 audisse,
191 227 253 244 eum
265 218 379 244 missum
392 217 491 244 factum
502 226 560 244 esse
572 226 586 244 a
596 218 720 249 consule,
732 226 817 252 quum
830 218 857 243 in

61 255 215 283 Macedonia
231 255 337 283 Persico
353 255 424 282 bello
439 255 517 281 miles
536 260 615 282 esset.
656 256 744 281 Monet
764 255 855 290 igitur,

61 298 92 320 ut
101 298 202 323 caveat,
216 301 249 319 ne
259 292 392 328 praelium
404 293 489 319 ineat:
503 297 582 328 negat
592 292 664 319 enim
678 293 721 319 ius
732 301 800 323 esse,
809 293 856 326 qui

63 329 141 357 miles
151 339 203 356 non
217 331 261 361 sit,
274 339 337 356 cum
349 329 424 357 hoste
435 338 565 365 pugnare.
605 330 663 356 XII.
679 329 813 364 Equidem
825 329 859 355 il—

62 367 108 394 lud
119 368 199 394 etiam
211 367 404 398 animadverto,
412 367 494 402 quod,
503 368 551 402 qui
563 368 670 402 proprio
682 368 789 393 nomine
798 376 858 400 per-

61 407 153 431 duellis
163 410 246 436 esset,
263 405 287 431 is
297 407 374 432 hostis
385 409 537 435 vocaretur,
556 404 662 431 lenitate
675 404 751 430 verbi
762 405 800 430 rei
811 404 859 430 tri-

61 443 162 469 stitiam
174 443 334 478 mitigatam.
367 443 453 469 Hostis
463 443 535 468 enim
547 441 618 477 apud
631 442 744 468 maiores
756 446 858 468 nostros

61 480 85 506 is
96 479 248 511 dicebatur,
265 488 347 515 quem
362 488 433 506 nunc
442 482 605 513 pereqrinum
615 478 743 505 dicimus.
784 478 858 505 Indi-

61 521 121 543 cant
132 516 275 544 duodecim
288 517 406 543 tabulae:
420 521 449 543 ut
466 526 572 544 surus
588 526 654 542 mes
673 525 729 543 cmi
750 525 855 547 ansis,

61 555 190 589 itemque,
208 564 360 582 ADVERSUS
375 563 489 581 EOSTEM
509 563 646 580 AETERNA
665 562 856 581 AUCTOMTAS.

60 591 132 624 Quid
144 591 177 618 ad
189 592 258 618 hanc
269 591 506 618 mansuetudinem
518 590 581 617 addi
592 590 696 626 potest?
706 599 782 621 euni,
796 591 858 625 qui-

60 637 123 655 cum
134 629 331 665 bellumgeras,
340 627 748 663 tammollinomineappellare‘?
758 628 859 660 Quam-

60 675 141 701 quam
154 666 182 692 id
194 675 290 693 nomen
302 666 398 693 durius
410 665 496 692 effecit
508 667 561 692 iam
572 671 703 692 vetustas:
718 666 859 700 aperegri-

61 712 94 730 no
105 705 178 730 enim
190 704 309 735 recessit,
318 709 343 730 et
354 706 461 739 proprie
472 704 499 730 in
510 712 549 734 eo,
562 704 610 738 qui
621 712 692 729 arma
703 707 793 730 contra
806 702 859 728 fei·-

61 746 108 771 ret,
122 742 260 768 remansit.
301 743 342 768 38.
365 741 454 773 Quum
468 749 529 768 vero
540 741 573 767 de
585 741 698 775 imperio
709 739 859 766 decertatur

60 778 186 813 belloque
196 779 335 813 quaeritur
344 778 439 815 gloria,
455 787 565 805 caussas
576 778 685 804 omnino
696 778 808 804 subesse
820 781 859 803 ta-

61 824 123 842 men
133 820 236 850 oportet
247 816 364 848 easdem,
373 815 504 851 quasdixi
512 814 602 850 paullo
614 820 673 841 ante
686 815 769 841 iustas
780 823 860 840 caus—

60 862 104 879 sas
115 861 174 879 esse
185 852 329 880 bellorum.
369 853 420 880 Sed
432 862 462 879 ea
472 853 552 883 bella,
567 853 668 887 quibus
680 853 787 887 imperii
797 860 860 886 pro-

60 891 146 925 posita
157 890 242 925 gloria
254 896 303 922 est,
312 891 403 917 minus
414 891 509 917 acerbe
519 889 636 926 gerenda
648 894 721 916 sunt.
743 890 775 916 Ut
786 890 859 915 enim

59 936 121 954 cum
134 928 189 954 civi
205 927 282 954 aliter
296 927 500 959 contendimus,
517 928 542 954 si
556 933 596 954 est
612 928 754 957 inimicus,
771 926 857 958 aliter,

59 965 83 991 si
95 965 265 1000 competitor,
280 974 342 992 cum
358 965 440 992 altero
456 970 591 992 certamen
606 965 716 991 honoris
732 969 758 991 et
769 964 860 999 digni—

60 1003 122 1029 tatis
133 1007 181 1033 est,
195 1011 257 1029 cum
269 1002 350 1029 altero
362 1003 458 1038 capitis
469 1008 495 1029 et
505 1002 604 1029 famae:
619 1003 658 1029 sic
668 1011 731 1029 cum
742 1001 860 1029 Celtibe-

60 1040 106 1070 ris,
119 1048 182 1066 cum
193 1040 312 1067 Cimbris
322 1040 435 1071 bellum,
448 1045 478 1067 ut
489 1049 551 1067 cum
563 1040 692 1071 inimicis,
705 1040 857 1076 gerebatur,

60 1082 119 1103 uter
130 1082 213 1109 esset,
230 1086 283 1104 non
295 1082 354 1104 uter
364 1078 521 1113 imperaret,
537 1086 600 1104 cum
612 1078 727 1109 Latinis,
739 1077 857 1108 Sabinis,

60 1114 242 1146 Samnitibus,
260 1115 371 1146 Poenis,
387 1115 489 1151 Pyrrho
499 1115 532 1142 de
544 1116 658 1150 imperio
669 1115 858 1142 dimicabatur.

60 1152 141 1178 Poeni
154 1151 304 1188 foedifragi,
317 1152 436 1179 crudelis
448 1152 593 1186 Hannibal,
612 1152 712 1188 reliqui
722 1153 857 1179 iustiores.

59 1189 156 1225 Pyrrhi
167 1189 280 1225 quidem
292 1189 325 1216 de
336 1191 452 1225 captivis
464 1190 608 1217 reddendis
618 1190 664 1217 illa
676 1189 824 1225 praeclara:

97 1227 149 1253 Nec
159 1230 194 1253 mi
204 1236 299 1254 aarum
306 1237 391 1261 posco.
404 1237 449 1254 nec
461 1231 495 1254 mi
504 1231 614 1261 pretium
624 1228 759 1254 dederitis!

96 1264 149 1291 Nec
161 1270 333 1298 cauponantes
344 1267 443 1296 bellum,
456 1268 498 1292 sed
510 1267 694 1299 belligerantes,

95 1304 174 1334 ferro,
186 1311 237 1328 non
247 1312 313 1329 auro
324 1305 403 1330 vitam
415 1312 549 1330 cernamus
559 1306 671 1336 uli-tque.

100 1339 178 1365 Vosne
188 1341 256 1371 velit,
267 1349 303 1366 an
313 1349 351 1366 me
361 1349 478 1374 regnare,
493 1342 555 1367 hera
566 1343 656 1374 quidve
665 1343 732 1374 serat
742 1343 804 1374 fors,

95 1379 190 1403 virtute
199 1380 373 1410 experiamur.
413 1378 445 1404 El
456 1379 501 1404 hoc
512 1380 588 1404 simul
599 1381 686 1411 accipe
697 1380 806 1404 dictum:

96 1422 204 1447 quorum
217 1418 309 1442 virtuli
320 1417 379 1442 belli
388 1418 494 1449 fortuna
502 1418 623 1449 pepercit,

95 1453 240 1478 eorumdem
250 1461 288 1478 me
300 1454 412 1479 libertati
421 1462 529 1486 parcere
542 1458 636 1480 certum
646 1457 694 1479 est:

96 1490 170 1519 dono,
182 1491 274 1519 ducite,
286 1492 375 1523 doque,
389 1491 522 1516 volentiba'
536 1500 591 1517 cam
605 1493 704 1524 magnis
715 1491 761 1516 dis.

59 1525 167 1561 Regalis
181 1535 245 1553 sane
266 1532 292 1553 et
306 1527 389 1563 digna
405 1527 582 1554 Aeacidarum
596 1535 694 1564 genere
715 1527 856 1554 sententia.

59 1562 130 1589 XIII.
153 1565 194 1590 39.
216 1563 303 1599 Atque
324 1565 404 1591 etiam
425 1565 449 1591 si
469 1565 536 1600 quid
552 1565 667 1601 singuli,
691 1564 859 1600 temporibus

59 1599 178 1631 adducti,
188 1601 257 1628 hosti
269 1603 509 1637 promiserunt,est
520 1603 546 1629 in
559 1611 589 1629 eo
601 1604 660 1636 ipso
672 1602 738 1629 fides
751 1611 860 1629 conser-

60 1638 160 1664 vanda:
180 1644 209 1665 ut
224 1639 311 1673 primo
326 1640 426 1666 Punico
440 1639 510 1667 bello
523 1640 644 1676 Regulus
659 1645 753 1675 captus
768 1649 782 1666 a
795 1640 859 1666 Poe-

59 1675 115 1706 nis,
138 1684 224 1710 quum
240 1676 273 1702 de
285 1678 400 1712 captivis
415 1678 613 1704 commutandis
629 1678 740 1704 Romam
759 1678 859 1704 missus

58 1717 142 1744 esset,
161 1713 330 1749 iurassetque
345 1723 374 1741 se
390 1714 555 1742 rediturum:
579 1716 712 1750 primum,
733 1720 761 1742 ut
775 1715 857 1745 venit,

58 1752 179 1786 captivos
201 1751 351 1778 reddendos
372 1753 399 1779 in
420 1757 514 1779 senatu
536 1762 587 1779 non
608 1754 725 1785 censuit;
750 1752 857 1783 deinde,

58 1796 144 1823 quum
157 1789 335 1816 retineretura
342 1790 504 1825 propinquis
516 1795 541 1817 et
552 1790 585 1817 ab
596 1790 742 1821 amicis,ad
754 1789 860 1825 suppli-

59 1826 132 1852 cium
145 1825 232 1852 redire
243 1825 352 1858 maluit,
375 1836 457 1862 quam
473 1827 553 1854 fidem
570 1828 640 1855 hosti
656 1827 745 1854 datam
757 1827 857 1854 fallere.

61 1861 113 1899 [40.
135 1862 260 1890 Secundo
281 1869 371 1890 autem
387 1865 488 1892 Punico
508 1865 594 1897 bello,
617 1870 677 1900 post
691 1866 859 1892 Cannensem

59 1908 194 1936 pugnam,
211 1909 280 1936 quos
294 1900 387 1928 decem
402 1902 535 1929 Hannibal
547 1903 658 1930 Romam
669 1903 792 1930 astrictos
808 1903 861 1929 mi-

59 1938 95 1964 sit
106 1938 280 1964 iureiurando
290 1947 319 1964 se
334 1938 467 1966 redituros
483 1948 556 1971 esse,
574 1941 629 1966 nisi
644 1940 676 1967 de
693 1940 860 1967 redimendis

59 1975 104 2005 iis,
112 1975 160 2010 qui
173 1983 201 2001 ca
207 1975 244 2010 pti
255 1980 339 2007 erant,
349 1976 550 2010 impetrassent:
564 1985 609 2003 eos
619 1986 714 2004 omnes
724 1986 857 2009 censores,

59 2012 148 2048 quoad
160 2013 277 2047 quisque
289 2022 381 2040 eorum
396 2013 478 2045 vixit,
491 2014 539 2049 qui
551 2015 729 2049 peierassent‚
746 2015 775 2041 in
786 2023 861 2041 aera-

60 2050 108 2076 riis
123 2049 305 2085 reliquerunt,
328 2059 377 2077 nec
393 2051 484 2077 minus
502 2051 594 2083 illum,
614 2052 663 2087 qui
683 2051 860 2078 iurisiurandi

61 2086 154 2114 fraude
173 2086 283 2122 culpam
305 2088 454 2115 invenerat.
494 2088 584 2121 Quum
608 2089 680 2115 enim
701 2088 860 2115 Hannibalis

59 2125 197 2160 permissu
208 2125 309 2152 exisset
319 2125 352 2152 de
363 2126 466 2157 castris,
481 2125 560 2153 rediit
570 2125 660 2161 paullo
671 2130 739 2161 post,
747 2125 820 2161 quod
831 2134 860 2152 se

59 2161 175 2189 oblitum
191 2162 283 2189 nescio
297 2162 364 2198 quid
381 2162 491 2190 diceret.
532 2163 633 2190 Deinde
648 2172 774 2199 egressus
790 2172 804 2189 e
815 2172 861 2190 ca-

59 2200 136 2230 stris,
151 2199 325 2226 iureiurando
335 2208 364 2226 se
375 2199 494 2227 solutum
506 2200 631 2236 putabat:
654 2205 680 2228 et
690 2205 746 2227 erat
758 2200 858 2232 verbis,

59 2245 88 2264 re
109 2245 161 2263 non
177 2241 242 2263 erat.
283 2236 396 2273 Semper
410 2243 500 2264 autem
517 2239 543 2264 in
560 2238 625 2269 lide.
647 2237 715 2273 quid
730 2239 857 2269 senseris,

61 2283 113 2301 non
134 2273 202 2309 quid
221 2273 339 2306 dixeris,
371 2275 556 2311 cogitandum.
597 2276 746 2302 Maximum
771 2280 859 2302 autem

59 2311 217 2347 exemplum
233 2315 274 2338 est
289 2312 407 2339 iustitiae
422 2313 448 2338 in
461 2312 564 2339 hostem
575 2321 588 2339 a
601 2313 750 2339 maioribus
762 2313 860 2339 nostris

59 2349 247 2376 constitutum.
269 2348 359 2382 Quum
371 2358 384 2376 a
396 2349 498 2385 Pyrrho
509 2349 620 2386 perfuga
632 2350 737 2377 senatui
752 2354 792 2376 est
801 2349 859 2385 pol-

61 2385 161 2418 licitus,
178 2395 207 2413 se
220 2395 355 2414 venenum
367 2388 423 2423 regi
434 2386 561 2414 daturum
575 2392 673 2414 etcum
685 2392 842 2414 necaturum
853 2397 857 2414 :

59 2428 169 2451 senatus
184 2429 211 2451 et
224 2424 255 2451 C.
268 2423 408 2451 Fabricius
425 2423 566 2460 perfugam
583 2424 683 2462 Pyrrho
698 2424 782 2451 dedit.
823 2425 859 2451 lta

61 2469 94 2488 ne
104 2461 191 2488 hostis
202 2461 328 2497 quidem,
344 2466 369 2488 et
379 2462 495 2496 potentis
507 2467 532 2489 et
544 2461 646 2488 bellum
660 2461 729 2488 ultro
742 2461 859 2489 inferen-

61 2499 108 2529 tis,
132 2499 271 2526 interitum
286 2507 348 2526 cum
365 2498 465 2525 scelere
483 2497 664 2535 approbavit]
706 2500 746 2526 ti.
768 2499 805 2526 Ac
825 2499 858 2525 de

60 2535 167 2562 bellicis
178 2536 289 2571 quidem
300 2536 398 2564 ofliciis
409 2536 474 2563 sutis
488 2536 591 2563 dictum
602 2541 652 2563 cst.

115 2572 319 2601 Meminerimus
330 2578 419 2601 nutem
430 2575 510 2601 etium
521 2573 652 2600 adversus
665 2573 859 2600 infimosiusti-

61 2610 126 2637 tiam
141 2618 201 2638 esse
215 2611 386 2638 servandam.
427 2612 474 2638 Est
488 2616 577 2638 autem
594 2611 684 2638 inlimu
700 2610 818 2638 conditio
833 2616 859 2637 et

61 2647 165 2675 fortuna
176 2656 330 2676 servorum:
343 2649 455 2684 quibus,
469 2658 521 2677 non
533 2648 602 2676 mulo
613 2649 796 2684 praecipiunt,
810 2649 858 2684 qui

1638 115 1702 140 ⁴227

909 183 944 208 ita
961 181 1055 207 iubent
1071 181 1124 211 uti,
1146 185 1176 207 ut
1193 181 1378 213 mercenariis,
1402 189 1510 216 operam
1530 183 1700 218 exigendam,

909 220 977 245 iusta
990 218 1151 253 praebenda.
1195 218 1285 250 Quum
1296 224 1384 245 autem
1396 218 1503 245 duobus
1515 219 1611 251 modis,
1625 220 1652 246 id
1664 227 1704 248 est

909 261 954 282 aut
966 256 992 281 vi
1003 259 1049 281 aut
1061 255 1162 287 fraude,
1176 255 1220 282 fiat
1231 256 1342 282 iniuria:
1357 256 1429 282 fraus
1441 258 1519 291 quasi
1532 257 1700 292 vulpeculae.

910 295 951 319 vis
966 292 1051 319 leonis
1063 292 1181 319 videtur:
1203 298 1349 328 utrumque
1366 293 1473 320 homine
1489 294 1701 322 alienissimum:

909 330 956 356 sed
969 329 1042 356 fraus
1052 330 1114 356 odio
1123 330 1205 365 digna
1218 331 1325 357 maiore.
1353 331 1444 357 Totius
1456 337 1545 358 autem
1557 333 1704 359 iniustitiae

910 367 984 394 nulla
992 367 1131 402 capitalior
1142 372 1190 398 est,
1206 376 1288 403 quam
1300 376 1406 399 eorum,
1419 369 1477 404 qui,
1491 377 1575 404 quum
1587 371 1704 396 maxime

911 404 1014 435 fallunt,
1029 404 1055 431 id
1067 409 1162 440 agunt,
1183 410 1212 431 ut
1228 406 1279 431 viri
1291 405 1353 431 boni
1369 414 1428 432 esse
1444 406 1595 433 videantur.
1612 422 1648 427 -—
1669 408 1704 434 De

910 443 1012 468 iustitia
1023 443 1088 468 satis
1100 442 1202 468 dictum
1213 447 1262 468 est.

965 479 1035 505 xlv.
1058 481 1099 505 42.
1118 480 1258 514 DeincepS,
1272 484 1301 505 ut
1312 484 1366 505 erat
1377 481 1557 514 propositum,
1569 481 1602 507 de
1614 483 1705 514 benefi-

910 519 1003 543 cientia
1014 525 1044 542 ac
1054 516 1087 542 de
1099 518 1252 543 liberalitate
1262 516 1379 543 dicatur:
1395 526 1449 552 qua
1460 518 1571 552 quidem
1584 518 1651 544 nihil
1665 524 1704 545 est

910 559 1019 580 naturae
1036 554 1154 580 hominis
1169 554 1406 580 accommodatius.
1447 554 1499 581 Sed
1512 555 1591 582 babet
1607 555 1704 582 multas

909 591 1056 617 cautiones.
1090 591 1243 617 Videndum
1256 596 1295 618 est
1306 592 1378 617 enim
1390 593 1518 626 primum.
1533 601 1564 619 ne
1575 593 1646 619 obsit
1657 593 1705 619 be-

911 629 1027 663 nignitas
1039 633 1064 655 et
1075 629 1109 654 iis
1120 629 1196 663 ipsis,
1209 628 1310 663 quibus
1322 628 1438 664 benigne
1452 629 1588 656 videbitur
1600 630 1665 661 fieri,
1679 635 1704 656 et

887 663 888 669 ¹
909 667 1018 692 ceteris:
1032 665 1143 696 deinde,
1160 674 1192 692 ne
1205 667 1288 692 maior
1299 666 1451 702 benignitas
1463 668 1510 697 sit,
1526 676 1607 702 quam
1620 667 1705 693 facul-

909 708 988 730 tates:
1003 708 1069 733 tum.
1083 708 1112 729 ut
1123 712 1169 737 pro
1181 703 1310 738 dignitate
1321 705 1420 738 cuique
1432 704 1574 731 tribuatur.
1592 704 1620 730 Id
1632 706 1704 731 enim

910 746 950 767 est
964 741 1081 767 iustitiae
1098 740 1316 771 fundamentum,
1341 741 1373 767 ad
1388 750 1469 775 quani
1487 741 1550 768 haec
1567 741 1703 768 referenda

910 783 974 804 sunt
983 779 1082 804 omnia.
1123 778 1190 804 Nam
1202 783 1227 804 et
1237 779 1285 812 qui
1296 778 1480 813 gratificantur
1490 780 1618 814 cuipiam,
1632 779 1704 814 quod

910 815 982 842 obsit
994 815 1047 846 illi,
1064 816 1107 841 cui
1123 815 1250 849 prodesse
1266 815 1335 841 velle
1351 815 1505 846 videantur,
1524 825 1575 842 non
1592 816 1704 842 benefici

911 861 998 887 neque
1011 852 1148 882 liberales,
1166 852 1213 878 sed
1225 853 1368 886 perniciosi
1379 858 1555 879 assentatores
1567 853 1704 879 iudicandi

911 895 986 916 sunt:
1004 894 1029 916 et
1042 898 1090 924 qul
1101 889 1162 916 aliis
1176 894 1284 920 nocent.
1303 894 1332 916 ut
1343 890 1370 916 in
1381 889 1447 916 alios
1458 890 1582 916 liberales
1594 891 1660 921 sint,
1679 891 1705 916 in

911 927 1005 954 eadem
1016 932 1079 953 sunt
1090 927 1236 957 iniustitia,
1259 931 1288 953 ut
1303 927 1326 953 si
1342 928 1369 953 in
1385 936 1462 953 suam
1478 936 1533 953 rem
1545 927 1631 954 aliena
1643 936 1706 954 con-

912 970 1025 991 vertant.
1067 965 1106 990 43.
1129 964 1196 990 Sunt
1211 969 1299 990 autem
1321 964 1414 994 multi,
1436 969 1462 991 et
1482 965 1593 999 quidem
1613 965 1706 999 cupidi

911 1002 1063 1038 splendoris
1079 1006 1105 1028 et
1119 1001 1233 1037 gloriae,
1256 1002 1303 1036 qui
1323 1002 1442 1036 eripiunt
1456 1002 1529 1033 aliis,
1552 1002 1624 1037 quod
1646 1002 1706 1028 aliis

912 1040 1072 1076 largiantur;
1086 1039 1169 1074 hique
1181 1039 1343 1065 arbitrantur
1353 1047 1381 1065 se
1393 1039 1558 1065 beneficosin
1570 1040 1707 1066 suosami—

911 1087 956 1104 cos
973 1078 1063 1103 visum
1079 1077 1126 1108 iri,
1147 1077 1170 1103 si
1183 1076 1345 1110 locupletent
1356 1085 1400 1103 eos
1411 1085 1583 1112 quacumque
1595 1078 1705 1103 ratione.

912 1115 940 1142 ld
951 1120 1040 1141 autem
1056 1118 1160 1141 tantum
1176 1114 1252 1140 abest
1266 1113 1368 1143 officio,
1392 1119 1420 1140 ut
1435 1113 1503 1140 nihil
1519 1115 1605 1150 magis
1620 1113 1708 1140 officio

911 1153 997 1188 possit
1007 1160 1066 1178 esse
1080 1152 1254 1178 contrarium.
1295 1151 1449 1177 Videndum
1465 1156 1504 1178 est
1520 1152 1615 1187 igitur,
1634 1156 1662 1178 ut
1678 1160 1707 1177 ea

912 1189 1069 1216 liberalitate
1080 1193 1195 1220 utamur,
1204 1197 1273 1223 quae
1285 1189 1369 1223 prosit
1380 1189 1483 1219 amicis,
1493 1194 1584 1215 noceat
1594 1189 1706 1215 nemini.

911 1228 998 1260 Quare
1013 1228 1044 1254 L.
1060 1225 1150 1253 Sullae
1166 1231 1192 1253 et
1206 1226 1236 1253 C.
1251 1226 1373 1252 Caesaris
1389 1227 1564 1260 pecuniarum
1580 1226 1683 1253 tralatio
1694 1235 1707 1251 a

911 1265 990 1292 iustis
1006 1264 1124 1291 dominis
1141 1263 1173 1290 ad
1189 1263 1290 1290 alienos
1307 1272 1357 1289 non
1375 1263 1454 1290 debet
1471 1263 1589 1290 liberalis
1606 1263 1705 1290 videri:

911 1302 980 1330 nihil
992 1303 1064 1328 enim
1078 1300 1196 1331 liberale,
1209 1301 1281 1335 quod
1294 1309 1345 1327 non
1359 1300 1428 1326 idem
1442 1301 1554 1327 iustum.
1595 1302 1636 1327 Η.
1661 1300 1708 1326 ΑΙ-

912 1345 950 1367 ter
966 1339 1040 1366 locus
1056 1343 1111 1366 erat
1126 1339 1273 1369 cautionis,
1296 1346 1329 1364 ne
1348 1338 1501 1374 benignitas
1522 1339 1606 1365 maior
1626 1342 1705 1364 esset.

910 1386 993 1413 quam
1010 1375 1162 1404 facultates:
1179 1375 1266 1411 quod,
1282 1376 1329 1411 qui
1345 1375 1517 1411 benigniores
1533 1375 1627 1402 volunt
1637 1384 1705 1402 esse,

911 1423 992 1450 quam
1005 1423 1046 1440 res
1058 1419 1171 1449 patitur,
1190 1414 1308 1448 primum
1320 1413 1346 1439 in
1362 1422 1392 1439 eo
1405 1418 1528 1447 peccant,
1546 1413 1619 1448 quod
1636 1413 1708 1439 iniu-

912 1453 976 1479 riosi
985 1457 1049 1478 sunt
1064 1452 1090 1478 in
1106 1452 1253 1486 proximos.
1293 1450 1365 1482 Quas
1376 1451 1448 1476 enim
1460 1451 1551 1485 copias
1563 1451 1595 1476 iis
1606 1455 1632 1477 et
1642 1458 1708 1484 sup-

911 1489 1025 1525 peditari
1046 1490 1160 1524 aequius
1176 1493 1216 1515 est
1236 1493 1261 1514 et
1277 1488 1408 1523 relinqui,
1434 1496 1478 1514 eas
1499 1488 1661 1514 transferunt
1675 1487 1708 1513 ad

911 1527 1022 1554 alienos.
1056 1528 1127 1553 Inest
1138 1531 1227 1553 autem
1239 1526 1265 1552 in
1277 1525 1322 1551 tali
1336 1525 1494 1552 liberalitato
1505 1525 1640 1560 cupiditas
1651 1524 1709 1560 ple—

911 1573 1025 1600 rumque
1041 1563 1162 1599 rapiendi
1174 1570 1199 1590 et
1211 1562 1350 1589 auferendi
1363 1571 1410 1597 per
1422 1563 1558 1593 iniuriam,
1573 1568 1601 1589 ut
1611 1562 1644 1589 ad
1657 1562 1708 1588 lar-

910 1602 1040 1639 giendum
1052 1606 1196 1637 suppetant
1206 1601 1307 1635 copiae.
1334 1600 1430 1627 Videre
1441 1601 1521 1627 etiam
1534 1600 1594 1627 licet
1606 1600 1708 1635 pleros-

910 1649 977 1676 que,
995 1648 1047 1666 non
1063 1645 1116 1666 tam
1133 1644 1224 1665 natura
1242 1638 1379 1667 liberales,
1397 1646 1479 1672 quam
1495 1637 1612 1673 quadam
1623 1637 1707 1673 gloria

910 1678 1014 1709 ductOS,
1029 1682 1057 1704 ut
1071 1676 1183 1703 benefici
1196 1675 1346 1706 videantur,
1362 1675 1446 1702 facere
1458 1676 1550 1706 multa,
1567 1684 1636 1710 quae
1648 1684 1708 1709 pro-

912 1716 994 1742 ficisci
1006 1714 1039 1741 ab
1049 1714 1225 1742 ostentatione
1236 1714 1332 1749 magis,
1341 1721 1443 1748 quanta
1451 1712 1586 1739 voluntate
1598 1712 1709 1738 videan-

912 1758 964 1780 tur.
1004 1752 1076 1779 Talis
1093 1757 1180 1779 autem
1197 1751 1335 1777 simulatio
1347 1751 1457 1777 vanitati
1472 1755 1512 1776 est
1531 1751 1706 1779 coniunctior,

910 1799 992 1826 quam
1004 1795 1050 1816 aut
1062 1789 1215 1816 liberalitati
1227 1794 1273 1815 aut
1290 1788 1430 1814 honestati.
1473 1789 1512 1814 55.
1536 1788 1654 1814 Tertium
1669 1792 1708 1812 cst

911 1832 1089 1863 proposttum,
1103 1831 1132 1853 ut
1143 1828 1169 1853 in
1181 1826 1368 1853 beneficientia
1380 1825 1500 1852 delectus
1511 1830 1581 1851 esset
1591 1825 1710 1860 dignita-

912 1867 959 1892 tis:
975 1866 1001 1891 in
1013 1874 1067 1900 quo
1078 1870 1104 1891 et
1115 1872 1202 1891 mores
1213 1864 1272 1890 eius
1284 1868 1362 1889 erunt
1372 1862 1521 1897 spectandi.
1531 1863 1557 1889 in
1569 1871 1649 1897 quom
1662 1862 1709 1887 bc-

912 1902 1038 1929 neficium
1051 1901 1210 1931 conferetur,
1223 1906 1249 1927 ct
1259 1901 1366 1927 unimus
1377 1910 1439 1936 erga
1451 1909 1507 1930 nos.
1521 1905 1546 1926 et
1556 1900 1708 1926 communi-

913 1946 951 1967 tas
962 1949 992 1967 ac
1003 1941 1116 1967 societas
1129 1940 1212 1969 vitae,
1226 1937 1294 1964 etad
1307 1943 1409 1964 nostrus
1425 1937 1552 1964 utilitates
1563 1936 1650 1963 officia
1662 1945 1709 1962 an-

912 1983 936 2004 te
947 1977 1056 2004 collata:
1071 1985 1141 2012 quac
1153 1981 1182 2003 ut
1192 1981 1351 2002 concurrant
1360 1976 1460 2004 omnia.
1473 1974 1590 2009 optabile
1602 1979 1653 2001 est:
1668 1975 1708 2000 sin

913 2016 1018 2046 minus,
1035 2014 1127 2050 plures
1138 2022 1250 2040 caussae
1262 2014 1430 2048 maioresque
1442 2012 1568 2048 ponderis
1585 2011 1646 2046 plus
1663 2011 1709 2037 liu-

913 2052 1024 2078 bebunt.
1066 2052 1123 2078 XV.
1148 2052 1188 2077 66.
1209 2051 1342 2083 Quoniam
1359 2055 1448 2077 nutem
1465 2050 1566 2076 vivitur
1582 2058 1632 2075 non
1647 2057 1708 2074 cum

912 2089 1038 2124 perfectis
1055 2088 1212 2115 bominibus
1228 2087 1362 2122 planeque
1377 2087 1560 2122 sapientibus,
1582 2086 1628 2112 sed
1646 2094 1708 2112 cum

913 2127 955 2157 iis,
969 2127 995 2152 in
1007 2126 1108 2160 quibus
1132 2125 1266 2159 praeclare
1276 2125 1366 2160 agitur
1391 2126 1415 2151 si
1427 2129 1490 2151 sunt
1499 2123 1642 2150 simulacra
1656 2123 1709 2148 vir-

912 2164 989 2190 tutis:
1003 2163 1083 2189 etiam
1096 2163 1145 2188 hoc
1157 2161 1364 2197 intelligendum
1377 2167 1455 2196 puto.
1473 2162 1609 2188 neminem
1621 2160 1709 2186 omni-

913 2209 946 2227 no
957 2209 1015 2226 esse
1026 2199 1230 2235 negligendum.
1247 2200 1273 2225 in
1285 2207 1339 2233 quo
1349 2198 1439 2233 aliqua
1451 2198 1612 2234 significatio
1624 2198 1708 2223 viriu-

913 2238 946 2264 tis
963 2242 1101 2272 apparent:
1124 2235 1266 2262 colendum
1282 2240 1371 2262 autem
1385 2244 1444 2262 csse
1459 2236 1494 2262 itu
1505 2242 1640 2270 quemquo
1653 2242 1709 2259 inu-

914 2275 993 2305 xime.
1017 2279 1046 2301 ut
1065 2274 1182 2309 quisque
1204 2273 1320 2300 maxime
1337 2273 1380 2299 his
1397 2273 1544 2299 virtutibus
1561 2271 1708 2297 lenioribus

912 2313 962 2338 erit
972 2316 1090 2340 ornatus.
1105 2310 1248 2341 modestia,
1263 2310 1451 2344 temperantia,
1466 2309 1514 2335 linc
1528 2310 1597 2343 ipsa.
1610 2308 1643 2334 «le
1654 2317 1707 2343 qun

913 2350 965 2375 iam
979 2348 1061 2375 inulta
1073 2348 1143 2375 dicta
1154 2353 1230 2378 sunt.
1247 2348 1358 2374 iustitia.
1399 2347 1466 2373 Nam
1479 2346 1553 2372 fortis
1565 2346 1672 2372 unimus
1683 2350 1708 2371 et

912 2395 1027 2422 mugnus
1041 2387 1067 2412 in
1085 2386 1193 2412 homim-
1210 2394 1261 2411 non
1279 2384 1395 2419 perrocio
1411 2393 1458 2410 nec
1468 2384 1588 2418 sapit-nto
1602 2382 1708 2409 ferven-

912 2425 962 2450 tior
982 2423 1142 2458 plerumque
1158 2427 1210 2449 cst:
1237 2421 1297 2448 illac
1317 2422 1428 2447 virtutes
1446 2422 1533 2447 virum
1550 2420 1649 2446 bonum
1667 2420 1708 2445 vi—

910 2461 1008 2488 ‹lontur
1019 2461 1108 2496 potius
1119 2460 1258 2495 attingere.
1291 2459 1376 2493 Atque
1389 2458 1454 2484 haec
1467 2458 1492 2484 in
1505 2457 1636 2484 moribus.
1665 2457 1705 2483 Π.

911 2499 946 2525 Dc
962 2497 1148 2525 benovolentia
1167 2502 1269 2526 nutem,
1292 2505 1373 2531 qutun
1390 2496 1507 2531 quisquo
1529 2494 1625 2521 liabent
1644 2502 1706 2529 erga

911 2545 972 2566 uos.
990 2536 1109 2570 primum
1122 2534 1189 2561 illud
1200 2539 1240 2561 cst
1254 2535 1278 2560 in
1289 2533 1391 2563 oslivio.
1415 2538 1443 2559 ut
1458 2533 1482 2558 oi
1499 2532 1647 2567 plurimum
1660 2532 1707 2558 tri-

912 2573 1041 2603 buamus.
1058 2582 1072 2599 n
1086 2581 1140 2607 quo
1151 2571 1299 2607 plurimum
1311 2570 1465 2606 diligimur:
1484 2569 1531 2596 sod
1544 2568 1706 2596 benovolen-

911 2611 974 2637 tium
986 2619 1038 2637 uon
1049 2608 1308 2636 adolescentulorum
1320 2616 1401 2637 more.
1410 2607 1503 2633 ardore
1529 2605 1706 2633 uodumnmo-

910 2649 956 2679 ris.
969 2647 1017 2675 sed
1029 2647 1173 2675 stabilitate
1184 2647 1274 2681 potius
1286 2651 1311 2673 et
1321 2645 1468 2673 constantia
1481 2644 1508 2671 iu
1531 2645 1646 2672 icemus:
1662 2644 1704 2670 sin

1428 2694 1473 2718 15⁴
1491 2692 1500 2701 '
