1941 3052
211 160 255 183 lsst'r
779 157 818 181 tt.

209 227 334 261 vulgaris,
359 226 405 252 ned
430 226 472 252 liic
495 225 636 255 excellens.
661 235 674 251 a
698 225 812 259 propriis
831 225 951 259 personis
969 229 995 251 et

207 264 371 298 temporibus
390 272 506 298 semper,
523 264 545 289 ni
565 267 656 297 rxrteflt,
673 266 763 287 avocat
776 262 992 288 controversiam.

209 302 297 328 Latius
316 302 385 327 euim
404 300 436 327 de.
455 309 558 333 genere.
574 309 653 334 quum
669 299 701 324 de
716 303 787 332 parte
801 299 948 333 disceptare
963 298 995 325 li-

207 343 259 370 cet,
284 343 325 368 ut,
345 337 416 372 quod
437 337 463 363 iu
483 338 607 363 universo
624 337 658 362 nit
673 336 824 370 probatum,
840 335 866 362 id
882 336 907 362 in
923 340 994 370 parte

207 377 241 401 nit
256 375 357 410 probari
379 383 494 401 neeesse.
529 375 569 400 46.
586 374 652 398 llaec
667 373 748 407 igitur
760 373 889 406 quaestio,
906 381 919 398 a
935 381 995 407 pro-

208 413 272 447 priis
287 413 405 447 personis
419 416 444 437 et
458 410 621 444 temporibus
639 410 671 435 ad
691 410 808 435 universi
823 410 928 443 generis
937 418 995 436 ora-

208 451 303 476 tionem
325 449 454 478 traducta,
470 447 618 482 appellatur
636 448 719 474 θέσις.
754 447 781 472 In
801 447 849 473 hac
868 446 995 473 Aristote-

209 487 245 512 len
267 486 458 514 adolescentes,
481 493 530 510 non
549 484 580 509 ad
600 483 818 518 philosophorum
838 492 937 510 morem
957 488 995 510 te-

209 524 293 549 nuiter
304 522 459 551 disserendi,
477 521 522 547 scd
537 521 568 547 ad
583 522 685 555 copiam
698 521 842 550 rhetorum.
856 522 882 547 in
895 525 995 547 utram-

206 569 258 594 que
273 564 385 594 partem,
404 563 431 584 ut
445 559 563 585 ornatius
577 563 602 584 et
616 558 724 584 uberius
738 558 790 584 dici
807 563 903 593 posset,
919 567 995 584 exer-

206 598 272 622 cuit:
296 596 420 631 idemque
440 595 508 622 locos
528 596 576 629 (sic
593 596 663 622 enirn
686 595 810 630 appellat)
824 596 901 630 quasi
916 604 995 628 argu-

207 638 353 660 mentorum
379 638 451 659 notas
474 633 592 663 tradidit,
614 633 683 659 unde
702 633 789 659 omnis
809 633 834 659 in
855 638 995 667 utramque

207 675 305 705 purtem
321 670 466 696 traheretur
476 671 566 696 oratio.
613 670 670 696 XV.
700 671 740 696 47.
757 670 843 696 Facile
858 671 938 703 igitur
953 670 995 695 liic

207 712 301 738 noster,
326 707 387 742 (non
411 707 482 734 enim
505 707 705 734 declamatorem
729 707 846 742 aliquem
870 707 902 733 de
921 707 992 737 ludo,

206 750 250 771 aut
269 744 388 771 rabulum
407 745 439 770 dc
455 744 517 775 soro,
533 745 579 771 sed
594 745 778 771 doctissimum
793 749 818 770 et
833 744 995 779 perfectissi-

206 791 279 808 mum
298 782 473 817 quaerimus.)
487 783 612 817 quoniam
629 782 677 808 loci
692 783 754 808 certi
771 781 917 811 traduntur,
935 790 995 816 pcr-

205 823 292 845 curret
307 827 413 850 omnes‚
435 824 522 846 utetur
536 820 613 854 aptis,
629 820 772 853 generatim
788 819 871 850 di‹:et;
894 828 926 845 ex
940 827 994 853 quo
1014 823 1015 828 ¹

205 861 327 883 emanant
349 857 440 887 etiam,
461 857 508 891 qui
520 865 675 883 corumunes
686 856 854 891 appellantur
866 856 924 882 loci.
942 857 994 882 Nec

207 902 267 920 vero
281 898 369 920 utetur
384 894 565 929 imprudenter
579 894 626 920 hac
639 895 723 929 copia,
739 894 786 920 sed
796 894 883 920 omnia
894 902 995 928 expen-

205 930 248 956 det
265 936 290 957 et
307 931 410 964 seliget.
452 932 507 957 Non
526 932 596 958 enim
616 940 733 966 semper,
759 940 806 957 nec
825 932 850 957 in
867 931 994 957 omnibus

205 969 307 994 caussis
317 977 349 994 ex
357 968 450 994 iisdem
457 969 548 994 eadem
555 974 770 1001 argumentorum
779 973 909 994 momenta
920 973 992 994 sunt.

206 1006 246 1032 68.
257 1005 386 1032 Iudicium
395 1006 618 1039 igituradliibebit
629 1015 675 1032 nec
688 1007 804 1032 inveniet
815 1005 911 1036 solum,
927 1005 993 1040 quid

205 1043 288 1073 dicat.
308 1043 354 1069 sed
373 1044 451 1069 etiam
470 1043 609 1078 expendet.
652 1043 722 1069 Nihil
742 1044 812 1069 enim
827 1048 867 1069 est
882 1042 994 1069 feracius

188 1084 192 1091 ¹
205 1080 328 1115 ingeniis,
345 1080 377 1106 iis
388 1082 550 1115 praesertim,
567 1089 634 1115 quae
644 1080 794 1115 disciplinis
805 1080 909 1107 exculta
919 1085 991 1106 sunt.

204 1117 256 1144 Sed
271 1122 300 1144 ut
313 1122 415 1153 segetes
430 1118 556 1144 secundae
570 1123 594 1144 et
610 1118 704 1144 uberes
723 1126 774 1144 non
789 1117 876 1144 solum
892 1117 991 1153 fruges,

205 1164 296 1181 verum
317 1154 410 1181 herbas
429 1156 506 1182 etiam
525 1155 666 1182 effundunt
685 1156 885 1182 inimicissimas
907 1154 994 1190 frugi-

205 1192 264 1223 bus,
280 1193 319 1218 sic
333 1192 466 1219 interdum
480 1201 513 1219 ex
527 1193 581 1219 illis
593 1193 656 1219 loeis
665 1198 709 1219 aut
722 1193 788 1218 levia
803 1192 934 1227 quaedam
949 1196 993 1218 aut

203 1230 306 1256 caussis
325 1229 408 1256 aliena
431 1234 476 1256 aut
490 1239 542 1256 non
561 1230 636 1256 utilia
649 1231 809 1265 gignuntur;
831 1239 944 1264 quorum
960 1229 993 1255 ab

203 1268 311 1293 oratoris
323 1267 420 1294 iudicio
431 1267 548 1294 delectus
560 1276 673 1302 magnus
683 1267 862 1293 adhibebitur.
873 1268 912 1293 49.
921 1267 994 1293 Alio-

203 1305 249 1338 qui
263 1313 379 1339 quonam
399 1305 477 1331 modo
494 1304 539 1331 ille
558 1305 584 1331 in
604 1305 680 1331 bonis
695 1305 812 1331 haerebit
826 1309 850 1330 et
865 1304 994 1330 habitabit

203 1341 278 1367 suis‘?
295 1346 341 1368 aut
355 1341 455 1368 molliet
468 1342 533 1368 dura
548 1346 593 1368 aut
606 1342 760 1372 occultabit.
777 1350 845 1376 quae
859 1341 926 1367 dilui
942 1350 993 1367 non

204 1383 337 1413 poterunt,
354 1383 432 1413 atque
446 1380 554 1405 omnino
566 1380 710 1414 opprimet,
726 1380 748 1405 si
765 1379 866 1409 licebit,
888 1383 933 1404 aut
947 1378 995 1404 ab-

202 1416 281 1442 ducet
295 1417 397 1442 animos
412 1421 456 1442 aut
470 1416 543 1442 aliud
557 1417 658 1447 ail'eret,
679 1416 751 1451 quod
765 1417 917 1450 oppositum
933 1424 994 1450 pro-

203 1453 318 1480 babilius
333 1454 375 1484 sit,
391 1462 472 1488 quam
486 1453 562 1484 illud,
579 1454 650 1488 quod
665 1454 788 1480 obstabit.
805 1455 846 1479 50.
862 1454 916 1479 Iam
932 1461 994 1479 vero

202 1499 239 1522 ea,
255 1499 323 1525 quae
334 1491 472 1521 invenerit,
488 1499 540 1525 qua
551 1491 688 1526 diligentia
698 1490 854 1517 collocabit?
867 1491 993 1525 quoniam

202 1528 229 1554 id
242 1527 391 1554 secundum
406 1532 459 1554 erat
473 1528 506 1554 de
520 1528 616 1554 tribus.
651 1528 788 1555 Vestibula
803 1529 931 1554 nimirum
946 1527 994 1554 ho-

203 1570 274 1591 nesta
293 1565 435 1600 aditusque
453 1565 485 1591 ad
502 1573 624 1592 caussam
644 1565 721 1592 faciet
739 1565 870 1597 illustres;
894 1573 994 1599 quum—

201 1611 253 1637 que
267 1603 369 1629 animos
387 1603 472 1637 prima
490 1603 659 1637 aggressione
677 1603 858 1637 occupaverit,
875 1602 994 1628 inlirma-

202 1641 239 1666 bit
253 1639 429 1674 excludetque
443 1640 584 1672 contraria;
607 1639 640 1666 de
659 1640 820 1666 firmissimis
839 1639 888 1665 alia
908 1639 993 1673 prima

203 1681 292 1711 ponet,
308 1676 359 1702 alia
376 1681 521 1711 postrema,
541 1676 739 1712 inculcabitque
758 1676 865 1702 leviora.
906 1677 993 1711 Atque

202 1715 228 1740 in
243 1714 336 1748 primis
350 1713 455 1740 duabus
469 1713 574 1740 dicendi
590 1714 709 1748 partibus
724 1713 811 1748 qualis
825 1717 903 1744 esset,
918 1722 994 1739 sum-

202 1751 292 1777 matim
307 1751 476 1785 breviterque
489 1751 693 1786 descripsimus.
727 1751 796 1777 XVI.
813 1750 874 1781 Sed,
891 1755 920 1776 ut
934 1754 992 1776 ante

201 1788 301 1814 dictum
316 1792 363 1818 est,
379 1789 407 1814 in
422 1788 464 1814 his
478 1788 607 1822 partibus,
623 1788 671 1814 etsi
686 1796 781 1823 graves
791 1792 870 1822 atque
881 1796 992 1822 magnae

201 1829 272 1856 sunt,
289 1825 378 1851 minus
392 1830 417 1851 et
430 1826 493 1851 artis
507 1830 547 1851 est
560 1830 585 1851 et
599 1825 705 1851 laboris.
732 1826 773 1851 5⁴.
789 1824 878 1857 Quum
892 1830 990 1856 autem,

200 1862 267 1897 quid
284 1867 310 1888 et
326 1871 380 1897 quo
398 1862 454 1889 loco
475 1862 557 1893 dicat,
581 1863 724 1893 invenerit,
754 1861 822 1888 illud
848 1866 889 1888 est
917 1861 992 1897 longe

202 1900 358 1930 maximum,
376 1899 474 1930 videre,
490 1908 606 1934 quonam
621 1899 708 1926 modo.
739 1899 842 1925 Scitum
856 1903 895 1925 est
909 1899 989 1930 enim,

200 1936 273 1971 quod
287 1936 433 1963 Carneades
452 1941 540 1963 noster
557 1937 644 1963 dicere
662 1936 776 1967 solebat,
797 1936 992 1963 Clitomachum
1013 1943 1015 1955 ἐ

200 1973 292 2000 eadem
306 1973 406 2005 dicere,
423 1973 597 2001 Charmadam
611 1977 699 2000 autem
714 1973 806 2000 eodem
821 1973 900 1999 etiam
915 1973 992 1999 modo

200 2010 296 2037 dicere.
308 2010 384 2043 Quod
395 2011 419 2037 si
432 2011 460 2037 in
474 2010 750 2046 philosophiatantum
764 2011 880 2041 interest,
897 2019 993 2045 quem·
1012 2022 1021 2032 ν

201 2048 344 2074 admodum
363 2048 448 2079 dicas,
469 2048 516 2074 ubi
535 2057 576 2074 res
594 2053 740 2082 spectatur,
761 2057 813 2074 non
831 2047 911 2074 verba
926 2056 993 2082 pen-

200 2085 313 2112 duntur:
339 2085 404 2120 quid
424 2085 528 2112 tandem
547 2086 574 2111 in
592 2086 695 2111 caussis
718 2085 926 2112 existimandum
941 2089 989 2115 est,

200 2123 300 2157 quihus
315 2123 375 2149 totis
390 2122 540 2149 moderatur
548 2122 648 2149 oratio‘?
667 2124 709 2149 52.
721 2122 797 2155 Quod
807 2122 918 2157 quidem
932 2130 989 2158 ego,
1019 2131 1021 2148 π

201 2160 293 2190 Brute,
317 2168 351 2186 ex
368 2161 422 2186 tuis
441 2160 533 2186 litteris
552 2160 711 2190 sentiebam,
733 2168 785 2186 non
804 2164 828 2186 te
847 2159 874 2185 id
891 2160 989 2190 scitari,

200 2197 305 2231 qualem
321 2205 369 2233 ego
382 2197 408 2223 in
428 2197 587 2223 inveniendo
600 2202 625 2223 et
643 2198 669 2223 iu
688 2197 839 2223 collocando
853 2205 991 2222 summum

200 2243 258 2260 esse
271 2239 400 2261 oratorem
415 2234 519 2265 vellem,
532 2234 578 2260 sed
593 2234 620 2260 id
635 2234 701 2260 milri
715 2243 841 2269 quaerere
855 2233 989 2265 videbare,

199 2271 270 2306 quod
284 2280 369 2306 genus
383 2272 469 2306 ipsius
483 2272 607 2298 orationis
617 2272 748 2306 optimum
760 2271 918 2297 iudicarem:
935 2279 991 2297 rem

199 2308 349 2339 difficilem,
366 2309 406 2335 Dii
425 2308 601 2335 immortales!
625 2313 705 2343 atque
722 2309 843 2335 omnium
862 2307 992 2334 difficilli-

201 2354 280 2371 mam.
321 2346 386 2372 Nam
405 2354 491 2380 quum
509 2350 549 2372 est
566 2347 647 2372 oratio
666 2345 754 2372 mollis
772 2350 797 2372 et
815 2350 903 2372 tenera
917 2345 990 2371 etita

201 2381 337 2413 flexibilis,
353 2387 383 2409 ut
396 2387 536 2418 sequatur,
552 2391 723 2418 quocumque
738 2387 874 2418 torqueas,
895 2387 952 2409 tum
966 2386 992 2408 et

201 2424 307 2445 naturae
322 2421 408 2446 variae
426 2425 451 2446 et
469 2419 617 2447 voluntates
636 2420 750 2446 multum
765 2421 834 2446 inter
847 2428 876 2446 se
889 2419 992 2446 distan-

202 2456 235 2482 tia
249 2456 391 2483 effecerunt
403 2466 499 2490 genera
517 2457 632 2484 dicendi.
673 2459 714 2484 53.
730 2457 843 2484 Flumen
858 2456 918 2483 aliis
932 2465 991 2483 ver-

201 2492 293 2519 borum
312 2491 520 2529 volubilitasque
537 2495 609 2521 cordi
628 2499 680 2525 est,
704 2495 752 2529 qui
770 2498 872 2529 ponunt
885 2494 913 2520 in
933 2502 992 2520 ora-

201 2529 279 2555 tionis
292 2530 423 2557 celeritate
437 2531 624 2566 eloquentiam.
650 2532 778 2558 Distincta
791 2531 857 2557 alios
871 2535 896 2557 et
909 2531 992 2557 inter—

201 2571 298 2600 puncta
315 2567 465 2599 intcrvalla,
486 2577 573 2595 morae
591 2569 831 2603 respirationesque
849 2568 988 2594 delectant.

199 2603 270 2635 Quid
284 2608 370 2638 potest
387 2613 445 2631 esse
464 2610 515 2631 tam
534 2605 689 2632 diversum?
709 2610 796 2632 tamen
814 2610 854 2631 est
871 2606 899 2631 in
918 2609 990 2631 utro—

199 2648 253 2674 que
273 2641 375 2675 aliquid
398 2641 540 2668 excellens.
580 2642 722 2669 Elaborant
739 2642 785 2668 alii
802 2642 830 2668 in
845 2641 951 2668 lenitate
965 2645 991 2668 et

200 2677 386 2712 aequabilitate
400 2683 423 2704 ct
438 2687 503 2713 puro
517 2680 592 2714 quasi
605 2679 720 2714 quodam
731 2684 756 2706 et
769 2678 881 2706 candido
893 2687 990 2715 genere

1046 382 1062 407 Β

853 155 887 180 Μ.
923 155 951 180 Τ.
986 154 1259 181 CICERONIS

1045 223 1160 250 dicendi.
1187 224 1253 250 Ecce
1267 223 1350 259 aliqui
1364 223 1506 251 duritatem
1520 230 1546 252 et
1558 227 1724 253 severitatem
1739 235 1835 262 quam-

1045 261 1106 287 dnm
1122 261 1210 287 verbis
1224 265 1249 287 et
1262 261 1387 287 orationis
1400 263 1477 296 quui
1496 264 1653 289 maestitiam
1669 269 1832 299 sequnntur:

1045 297 1171 333 quodque
1186 298 1276 332 paullo
1289 303 1348 324 ante
1361 298 1513 329 divisimus,
1530 305 1559 326 ut
1567 299 1611 326 alii
1621 309 1724 335 graves,
1737 301 1782 328 aiii
1797 306 1835 327 te-

1047 343 1126 365 nues.
1147 335 1191 361 alii
1211 336 1346 369 temperati
1365 335 1463 362 vellent
1485 336 1580 367 videri.
1604 342 1670 372 quot
1686 339 1835 365 orationum

1065 381 1141 398 enera
1155 381 1214 398 ease
1228 372 1356 403 diximus.
1372 372 1480 399 totidem
1493 378 1626 400 oratorum
1637 375 1815 409 reperiuntur.

1102 409 1182 436 xvtt.
1198 410 1239 436 54.
1256 410 1295 439 Et.
1311 410 1437 444 quoniam
1451 411 1524 445 coepi
1539 412 1591 437 iam
1609 411 1772 438 cumulatius
1787 412 1836 439 hoc

1047 455 1146 472 munus
1160 455 1268 480 augere,
1289 455 1370 481 quam
1383 455 1397 472 a
1411 452 1436 472 te
1450 447 1611 482 postulatum
1625 454 1673 478 est,
1690 449 1748 483 (tihi
1764 449 1835 476 enim

1047 488 1147 510 tantum
1162 483 1195 510 de
1207 484 1332 510 orationis
1350 492 1446 517 genere
1463 485 1600 519 quaerenti
1618 486 1741 520 respondi
1756 487 1835 513 etiam

1047 521 1162 547 breviter
1181 521 1214 547 de
1234 520 1394 547 inveniendo
1411 526 1437 547 et
1453 521 1626 556 collocando.)
1643 532 1676 549 ue
1690 532 1761 550 nunc
1773 524 1836 559 qui-

1046 558 1106 584 dem
1124 557 1211 584 solum
1230 558 1263 584 de
1281 559 1406 584 orationis
1425 558 1503 585 modo
1520 558 1620 589 dicam,
1644 559 1692 586 sed
1709 561 1788 587 etiam
1802 561 1835 587 de

1046 596 1169 621 actionis:
1198 596 1232 622 ita
1252 596 1435 630 praetermissa
1455 604 1515 630 pars
1533 596 1606 622 nulla
1624 597 1687 627 erit,
1714 597 1836 632 quando-

1045 633 1155 667 quidem
1178 632 1211 658 de
1235 633 1360 659 memoria
1383 632 1449 659 nihil
1472 638 1512 659 est
1531 633 1579 660 hoc
1602 633 1657 660 loco
1679 633 1833 664 dicendum.

1045 678 1114 704 quae
1127 671 1276 696 communis
1290 675 1330 696 est
1344 669 1488 696 multarum
1503 671 1609 697 artium.
1632 672 1675 697 55.
1685 671 1745 703 Quo
1758 671 1836 698 modo

1045 711 1132 733 autem
1147 707 1263 738 dicatur,
1280 707 1305 733 id
1320 712 1360 733 est
1374 708 1400 733 in
1414 707 1529 737 duobus,
1546 708 1572 734 in
1587 708 1689 743 agendo
1702 713 1727 734 et
1741 709 1767 735 in
1781 708 1835 735 clo-

1045 744 1160 779 quendo.
1183 744 1229 770 Est
1242 745 1313 770 enim
1328 745 1394 771 actio
1407 745 1483 780 quasi
1502 746 1619 779 corporis
1636 746 1767 780 quaedam
1781 746 1836 772 elo-

1045 782 1161 816 quentia,
1177 790 1262 816 quum
1277 786 1377 808 constet
1390 790 1404 807 e
1418 790 1481 808 voce
1494 787 1573 817 atque
1583 788 1665 809 motu.
1688 783 1765 809 Vocis
1775 792 1836 809 mu-

1046 819 1156 845 tationes
1171 819 1279 845 totidem
1293 824 1369 849 sunt.
1385 824 1450 854 quot
1470 820 1632 849 animorum,
1657 821 1704 855 qui
1720 821 1835 846 maxime

1046 864 1108 881 voce
1121 860 1330 882 commoventur.
1353 857 1443 891 Itaque
1457 856 1502 883 ille
1517 856 1656 891 perfectus.
1672 865 1753 892 quem
1768 859 1835 883 iam-

1045 893 1147 919 dudum
1167 898 1253 919 nostra
1273 893 1371 919 indicat
1387 894 1481 924 oratio,
1503 899 1648 929 utcumque
1666 904 1695 920 se
1713 894 1834 921 airu-tum

1014 930 1022 938 ”
1046 930 1128 957 videri
1143 935 1169 956 et
1183 931 1302 956 animum
1317 930 1449 957 audientis
1469 932 1567 957 moveri
1586 931 1668 962 volet,
1683 933 1718 958 ita
1731 937 1834 958 certum

1022 965 1023 971 ¹
1045 968 1117 994 vocis
1141 967 1293 994 admovebit
1314 976 1424 1000 sonum3
1448 967 1481 994 de
1502 977 1557 1003 quo
1575 968 1650 1003 plura
1667 969 1796 998 dicerem.
1812 970 1834 995 si

1022 1002 1023 1007 ¹
1046 1005 1094 1031 hoc
1108 1005 1286 1040 praecipiendi
1308 1009 1415 1040 tempus
1433 1010 1503 1031 esset
1520 1010 1564 1031 aut
1582 1006 1604 1031 si
1619 1010 1648 1032 tu
1663 1006 1711 1032 hoc
1723 1014 1836 1041 quaere-

1045 1051 1096 1069 res.
1137 1042 1254 1068 Dicerem
1272 1043 1351 1068 etiam
1369 1042 1401 1068 de
1419 1047 1509 1078 gestu,
1529 1051 1591 1069 cum
1608 1051 1663 1078 quo
1676 1043 1783 1069 iunctus
1796 1047 1836 1069 est

1046 1079 1150 1110 vultus,
1165 1080 1267 1114 quibus
1281 1080 1407 1106 omnibus
1420 1080 1473 1106 dici
1488 1080 1533 1106 vix
1547 1084 1633 1114 potest
1648 1085 1780 1115 quantum
1794 1081 1835 1107 in-

1046 1117 1119 1143 tersit
1136 1117 1363 1152 quemadmodum
1383 1121 1472 1143 utatur
1488 1122 1584 1144 orator.
1618 1119 1659 1144 56.
1676 1118 1741 1144 Nam
1755 1122 1782 1144 et
1795 1118 1836 1144 in-

1046 1154 1130 1180 fantes
1151 1155 1261 1180 actionis
1283 1154 1412 1189 dignitate
1434 1154 1599 1189 eloquentiae
1621 1163 1699 1189 saepe
1718 1154 1835 1181 trucium

1046 1191 1176 1221 tulerunt,
1198 1196 1223 1217 et
1237 1191 1328 1218 diserti
1342 1191 1507 1218 deformitate
1520 1191 1615 1227 agendi
1629 1192 1706 1218 multi
1721 1191 1835 1218 inientes

1014 1244 1023 1253 η,
1046 1229 1129 1263 putati
1143 1233 1214 1259 sunt,
1231 1233 1260 1254 ut
1275 1229 1325 1255 iam
1341 1237 1392 1255 non
1406 1229 1464 1255 sine
1477 1237 1571 1255 caussa
1585 1229 1774 1255 Demosthenes
1789 1230 1835 1255 tri-

1046 1267 1133 1292 buerit
1155 1271 1181 1292 et
1202 1267 1302 1301 primas
1321 1271 1346 1292 et
1363 1266 1494 1292 secundas
1511 1271 1537 1292 et
1555 1267 1644 1292 tertias
1666 1266 1772 1292 actioni.
1806 1265 1834 1292 Si

1045 1304 1115 1329 enim
1130 1303 1280 1338 eloquentia
1295 1303 1367 1329 nulla
1381 1304 1438 1329 sine
1453 1303 1510 1333 hac,
1527 1303 1591 1330 haec
1605 1308 1693 1329 autem
1708 1303 1766 1330 sine
1779 1303 1835 1330 elo-

1044 1341 1152 1375 quentia
1167 1345 1237 1366 tanta
1251 1345 1303 1371 est,
1325 1345 1395 1366 certe
1410 1340 1557 1375 plurimum
1571 1341 1599 1366 in
1613 1340 1725 1367 dicendo
1738 1345 1833 1375 potest.

1045 1377 1119 1404 Volet
1138 1377 1219 1412 igitur
1236 1377 1294 1408 ille,
1315 1378 1361 1412 qui
1381 1377 1547 1412 eloquentiae
1561 1378 1739 1412 principatum
1753 1382 1832 1413 petet,

1045 1419 1070 1441 et
1083 1419 1204 1441 contenta
1219 1423 1282 1441 voce
1301 1415 1422 1440 atrociter
1439 1415 1539 1445 dicere,
1562 1419 1588 1441 et
1605 1415 1749 1441 summissa
1768 1414 1836 1441 leni-

1045 1457 1095 1483 ter,
1119 1456 1144 1478 et
1157 1451 1280 1478 inclinata
1295 1451 1379 1478 videri
1393 1452 1496 1487 gravis,
1515 1456 1541 1478 et
1555 1451 1650 1478 inflexa
1663 1451 1832 1478 miserabilis.

1044 1491 1086 1515 57.
1102 1490 1166 1516 Mira
1181 1494 1221 1515 cst
1234 1490 1304 1515 enirn
1322 1489 1452 1524 quaedam
1468 1493 1559 1516 natura
1574 1489 1659 1520 vocis,
1678 1490 1757 1516 cuius
1773 1490 1836 1524 qui-

1044 1526 1119 1557 dem,
1139 1535 1154 1552 e
1171 1526 1257 1553 tribus
1275 1526 1384 1552 omnino
1401 1527 1487 1557 sonis,
1508 1525 1618 1557 inflexo,
1639 1531 1728 1556 acuto,
1747 1527 1832 1562 gravi,

1044 1568 1114 1590 tanta
1132 1564 1168 1590 sit
1190 1568 1216 1589 et
1233 1568 1285 1589 tam
1300 1563 1392 1589 suavis
1406 1564 1518 1590 varietas
1532 1563 1645 1598 perfecta
1659 1564 1687 1590 in
1700 1563 1832 1590 cantibus.

1044 1601 1137 1627 xvm.
1152 1601 1199 1627 Est
1216 1605 1304 1626 autern
1327 1601 1407 1626 etiam
1429 1601 1457 1626 in
1475 1600 1587 1627 dicendo
1608 1600 1719 1635 quidam
1741 1606 1834 1627 cantus

1043 1638 1193 1668 obscurior,
1210 1646 1261 1664 non
1276 1637 1319 1663 hic
1332 1645 1347 1663 e
1359 1637 1474 1673 Phrygia
1492 1642 1517 1664 et
1531 1637 1604 1664 Caria
1624 1638 1759 1664 rhetorum
1777 1639 1835 1672 epi-

1045 1675 1121 1711 logus
1136 1683 1218 1709 paene
1231 1675 1378 1705 canticum,
1398 1675 1446 1701 sed
1463 1674 1522 1705 ille.
1545 1683 1626 1709 quem
1640 1675 1772 1710 significat
1785 1675 1835 1701 De-

1044 1712 1195 1738 mosthenes
1207 1711 1391 1742 etAescbines,
1404 1720 1489 1746 quum
1501 1711 1566 1738 alter
1575 1711 1649 1738 alteri
1661 1712 1752 1739 obiicit
1762 1713 1834 1738 vocis

1044 1749 1179 1776 flexiones.
1203 1747 1289 1785 [Dicit]
1305 1748 1381 1783 plura
1395 1749 1474 1775 etiam
1488 1749 1687 1780 Demosthenes,
1701 1749 1834 1784 illumque

1043 1795 1122 1821 saepe
1135 1787 1200 1812 dicit
1213 1794 1276 1812 voce
1289 1785 1362 1812 dulci
1376 1791 1402 1812 et
1410 1785 1480 1812 clara
1491 1785 1584 1812 fuisse.
1606 1787 1648 1813 58.
1659 1787 1688 1813 In
1698 1795 1753 1822 quo
1766 1786 1834 1813 illud

1043 1825 1122 1850 etiam
1135 1823 1280 1850 notandum
1294 1823 1360 1849 mihi
1376 1823 1481 1850 videtur
1494 1823 1528 1850 ad
1537 1823 1658 1850 studium
1672 1832 1835 1859 persequen-

1043 1861 1091 1887 dae
1109 1861 1249 1887 suavitatis
1263 1861 1289 1886 in
1305 1860 1426 1887 vocibus.
1466 1861 1526 1895 Ipsa
1539 1861 1611 1887 enim
1625 1865 1731 1891 natura,
1755 1861 1833 1896 quasi

1044 1898 1224 1925 modularetur
1238 1897 1377 1924 hominum
1391 1897 1548 1929 orationem,
1563 1899 1592 1924 in
1605 1899 1677 1925 omni
1693 1898 1774 1924 verbo
1787 1906 1835 1933 po-

1043 1937 1096 1962 suit
1111 1940 1214 1961 acutam
1230 1943 1329 1965 vocem,
1346 1943 1394 1961 nec
1406 1943 1460 1961 una
1473 1934 1536 1970 plus
1549 1943 1597 1962 nec
1607 1944 1622 1961 a
1632 1940 1765 1970 postrema
1778 1934 1834 1971 syl—

1045 1973 1102 1999 laba
1115 1973 1179 1999 citra
1194 1973 1311 2004 tertiam,
1333 1980 1388 2007 quo
1401 1973 1487 2008 magis
1501 1977 1622 1999 naturam
1635 1972 1732 1999 ducem
1741 1972 1776 1999 ad
1786 1981 1834 1998 au-

1043 2011 1113 2036 rium
1132 2009 1296 2044 voluptatem
1317 2013 1446 2044 sequatur
1468 2009 1609 2036 industria.
1644 2011 1686 2036 59.
1704 2010 1742 2036 Ac
1759 2010 1833 2036 vocis

1042 2047 1152 2082 quidem
1167 2047 1270 2073 bonitas
1287 2046 1401 2081 optanda
1418 2051 1471 2073 est:
1495 2055 1547 2073 non
1562 2051 1602 2073 est
1614 2047 1685 2073 enim
1699 2047 1727 2074 in
1745 2047 1830 2076 nobis.

1020 2094 1021 2099 ¹
1043 2085 1090 2111 sed
1105 2085 1221 2110 tractatio
1235 2088 1313 2118 atque
1328 2092 1394 2110 usus
1407 2084 1435 2110 in
1449 2083 1536 2110 nobis.
1565 2084 1637 2119 Ergo
1650 2083 1696 2110 ille
1709 2084 1833 2118 princeps

1043 2122 1155 2148 variabit
1168 2126 1194 2148 et
1207 2121 1333 2147 mutabit:
1349 2129 1442 2147 omnes
1455 2129 1595 2152 sonorum,
1611 2126 1668 2148 tum
1682 2120 1830 2151 intendens,

1042 2164 1098 2185 tum
1113 2160 1262 2189 remittens,
1282 2162 1457 2193 persequetur
1473 2158 1586 2194 gradus:
1611 2158 1738 2193 idemque
1759 2162 1833 2185 motu

1042 2197 1081 2222 sic
1095 2201 1192 2226 utetur,
1208 2195 1276 2222 nihil
1291 2199 1320 2221 ut
1333 2196 1451 2230 supersit
1464 2196 1491 2222 in
1504 2200 1592 2231 gestu.
1625 2194 1716 2222 Status
1729 2199 1832 2222 erectus

1042 2238 1068 2259 et
1084 2233 1186 2265 celsus,
1208 2241 1283 2259 rarus
1300 2233 1436 2263 incessus,
1461 2241 1509 2259 nec
1526 2233 1561 2259 ita
1579 2232 1688 2268 longus,
1710 2233 1834 2259 excursio

1043 2270 1174 2297 moderata
1189 2278 1273 2304 eaque
1286 2278 1356 2302 rara;
1379 2269 1453 2296 nulla
1467 2269 1577 2296 mollitia
1587 2270 1730 2300 cervicum,
1743 2268 1832 2296 nullae

1042 2308 1161 2343 argutiae
1182 2307 1340 2343 digitorum,
1363 2315 1415 2333 non
1433 2306 1466 2333 ad
1484 2315 1625 2333 numerum
1643 2306 1772 2333 articulus
1788 2315 1833 2333 ca-

1041 2345 1120 2377 dens,
1146 2349 1238 2371 trunco
1260 2344 1345 2379 magis
1369 2348 1422 2370 toto
1439 2352 1468 2370 se
1485 2344 1544 2378 ipse
1561 2342 1701 2370 moderans
1718 2348 1743 2370 et
1760 2343 1832 2370 virili

1043 2382 1153 2408 laterum
1172 2381 1296 2412 flexione,
1317 2381 1418 2407 brachii
1436 2381 1596 2416 proiectione
1612 2380 1640 2406 in
1657 2381 1833 2408 contentioni-

1041 2419 1106 2450 bus,
1122 2419 1298 2445 contractione
1317 2419 1344 2444 in
1362 2418 1491 2444 remissis.
1526 2419 1567 2444 60.
1582 2417 1679 2444 Vultus
1693 2426 1768 2449 vero,
1783 2418 1831 2452 qui

1041 2456 1190 2483 secundum
1213 2464 1304 2482 vocem
1323 2455 1471 2490 plurimum
1488 2458 1586 2489 potest,
1610 2459 1738 2489 quantam
1759 2454 1833 2481 affert

1041 2498 1098 2520 tum
1113 2493 1282 2529 dignitatem,
1303 2497 1360 2518 turn
1380 2492 1560 2518 venustatem!
1585 2492 1613 2518 in
1625 2500 1680 2527 quo
1693 2500 1779 2527 quum
1792 2491 1832 2517 es-

1041 2530 1143 2561 seceris,
1160 2539 1192 2556 ne
1205 2529 1272 2565 quid
1286 2531 1406 2564 ineptum
1418 2533 1464 2554 aut
1477 2528 1632 2555 vultuosum
1643 2529 1686 2560 sit,
1699 2533 1755 2556 tum
1767 2537 1832 2556 ocu—

1042 2567 1128 2594 lorum
1141 2572 1182 2594 est
1193 2566 1325 2602 quaedam
1339 2574 1435 2601 magna
1448 2565 1601 2592 moderatio.
1623 2566 1690 2592 Nam
1703 2570 1733 2592 ut
1742 2567 1831 2602 imago

1040 2609 1080 2631 est
1093 2605 1175 2631 animi
1189 2603 1294 2635 vultus,
1314 2604 1354 2630 sic
1370 2602 1472 2629 indices
1490 2603 1574 2635 oculi;
1595 2611 1711 2638 quorum
1723 2608 1749 2629 et
1762 2602 1830 2629 hila-

1040 2642 1124 2668 ritatis
1139 2646 1164 2667 et
1177 2641 1297 2667 vicissim
1310 2640 1432 2666 tristitiae
1445 2640 1555 2666 modum
1568 2648 1610 2666 res
1624 2640 1706 2675 ipsae,
1722 2639 1755 2666 de
1768 2640 1831 2675 qui-

1040 2678 1092 2705 bus
1105 2683 1205 2714 agetur,
1222 2677 1416 2712 temperabunt.

1929 1850 1941 2393 -fflff-nuren-ua·=um-ss
