1941 3052
218 152 265 176 *218
680 152 717 175 iti.
753 150 775 175 M
823 150 850 174 Τ4

216 220 265 246 mis
289 225 313 245 ct
328 221 452 246 maximi-⁴
475 221 590 249 canusii-3
620 221 657 244 sic
673 220 720 245 linc
740 219 884 244 vcrisimilc
899 227 949 244 nou
965 224 1005 245 est

214 257 274 283 odio
300 257 382 283 fui-w
403 259 502 291 parc-nti
518 258 600 282 lilium
617 258 673 281 siue·
687 257 789 281 t-aussis
804 256 895 281 niuniu
909 261 933 281 ct
949 265 1005 281 ma-

214 296 274 327 guis«
292 300 316 320 ct
337 295 499 320 nvi-vasariis.

215 337 301 357 tamur
314 337 338 357 ct
352 339 520 366 ‹pins-ruimus,
537 339 604 364 quac
620 335 687 355 tanta
704 331 764 356 vitia
781 330 877 355 tuerint
889 331 914 355 in
927 331 1005 355 unico

214 369 276 398 lilio,
301 378 383 403 qunrc
403 369 424 394 in
439 368 504 402 patri
519 367 680 401 displiceret.
722 367 753 392 At
768 368 938 401 perspicuum
954 372 1002 396 cst,

214 406 318 432 nullum
344 406 434 431 fuisse.
460 406 532 430 i‘atcr
555 405 635 436 igitur
652 412 751 432 amens.
768 405 814 437 qui
829 405 927 429 ‹aliz-wi
943 413 1003 430 cum

213 444 270 469 sint·
285 451 386 471 caussa.
415 451 493 476 ‹pu-iu
522 445 676 475 procrearat.
717 441 749 466 Λῑ
777 442 798 466 is
821 441 929 475 quidem
955 441 1005 468 fuit

213 481 332 505 omnium
356 479 596 504 coimmunissimus.
637 478 706 513 Ergo
729 478 795 503 illud
823 479 873 503 iam
901 480 1005 513 perspi-

213 526 292 542 cuum
317 516 430 550 profu-cto
448 520 496 544 cst,
517 516 538 541 si
554 523 639 550 neque
653 524 744 541 amens
759 520 831 549 pater
845 523 931 549 neque
947 525 1005 550 pcr-
1026 539 1027 546 ,

213 554 284 580 (litus
309 554 380 578 tilius
401 552 492 581 sucrit;
516 561 601 586 ncque
619 553 672 578 odii
691 561 812 578 caussam
833 553 898 587 patri
919 562 1005 588 neque
1026 571 1027 581 1

555 589 609 615 XV.
636 591 675 616 H.
697 590 798 618 Nescio,
819 590 915 624 inquit,
936 598 1004 625 qune
1026 587 1027 591 ¹

212 636 304 653 caussa
328 627 380 652 odii
405 627 495 652 fucrit:
520 626 602 652 fuisse
619 627 710 652 odium
726 627 858 658 intelligo:
880 628 943 662 quia
958 636 1005 653 an-
1026 646 1027 656 1

213 590 319 616 sceleris
344 590 397 615 tilio
421 589 513 616 fuisse.

212 670 260 694 tca,
288 673 372 698 quum
395 663 462 689 duos
486 664 554 689 {ilios
579 664 697 693 liaberet,
719 664 794 690 illum
822 664 933 690 :iltcrtun
957 665 1003 699 qui

212 706 332 727 mortuus
350 706 390 727 est
407 710 498 727 secum
513 702 584 727 omni
600 706 716 736 tempori·
732 701 835 727 voh—bat
849 710 915 731 cssc,
934 702 1004 727 bunc

211 739 237 765 in
253 739 359 773 praedia
383 739 479 764 rustica
495 738 630 772 relegarat.
671 738 747 770 Quod
763 739 857 764 Erucio
871 739 1004 765 accidebat

211 776 237 802 in
251 776 318 801 mala
334 776 524 811 nugatoriaque
538 776 712 806 accusatione,
729 776 798 801 idem
815 777 879 802 milii
897 785 946 802 usu
959 786 1004 802 vc-

211 813 249 839 nit
272 814 298 839 in
321 822 413 839 caussa
437 814 545 847 optima.
586 813 640 844 illc,
661 813 794 847 quomodo
812 815 911 840 crimen
931 823 1004 839 com-

211 851 361 877 mentitium
376 851 549 878 continuaret.
567 859 616 876 non
633 851 797 876 inveniebat:
820 860 878 883 ego,
896 860 936 877 res
951 856 1002 877 tam

212 887 283 914 leves
304 896 357 922 qua
380 889 479 913 ratione
498 887 628 913 infirmem
647 897 676 913 ac
695 888 805 917 diluam,
823 889 936 923 rcpcrirc
952 897 1002 914 uon

211 933 329 959 possum.

210 1007 239 1025 ac
250 999 376 1034 supplicii
390 1000 471 1033 gratia
487 999 594 1025 colenda
609 1008 638 1025 ac
653 999 749 1025 tuenda
761 999 919 1026 tradiderat?
932 1000 1002 1032 Quid

210 1036 278 1062 hoc‘?
298 1036 511 1067 l'atrcssamilias,
536 1038 582 1071 qui
607 1036 704 1062 liberos
723 1037 828 1067 liabent,
846 1038 1001 1071 praesertim

203 1073 331 1099 ¹homines
345 1073 419 1100 illius
429 1074 530 1100 ordinis
541 1083 573 1100 ex
584 1074 739 1109 municipiis
751 1075 901 1105 rusticanis,
916 1083 1002 1100 nonne

209 1111 405 1145 optatissimum
428 1111 479 1137 sibi
504 1116 596 1145 putant
621 1120 687 1142 csse,
709 1111 776 1137 tilios
795 1120 858 1137 suos
873 1113 909 1138 rci
926 1112 1002 1138 sami-

210 1147 266 1173 liari
291 1149 406 1174 maxime
429 1149 528 1174 servire
550 1153 574 1174 ct
598 1149 624 1174 in
644 1149 758 1183 praediis
776 1149 894 1175 colendis
907 1158 1001 1183 operae

209 1185 356 1219 plurimum
379 1186 515 1220 studiique
529 1185 703 1212 consumere?
735 1187 775 1212 Η.
796 1186 835 1212 An
850 1186 1001 1212 amandarat

209 1222 280 1249 hunc
294 1223 341 1254 sic,
362 1228 391 1249 ut
405 1228 473 1249 esset
487 1224 513 1249 in
528 1232 590 1259 agro
603 1232 632 1249 ac
647 1223 828 1249 tantummodo
842 1223 956 1250 aleretur
969 1223 1001 1249 ad

209 1259 319 1286 villam?
336 1265 365 1286 ut
378 1261 524 1287 commodis
537 1261 663 1286 omnibus
677 1260 792 1287 careret?
805 1260 893 1292 Quid'?
906 1261 927 1287 si
939 1270 1002 1287 con·
1023 1287 1025 1291 Α

208 1302 259 1323 stat
279 1298 348 1323 liunc
363 1306 414 1324 non
429 1298 506 1324 modo
519 1297 636 1323 colendis
651 1298 766 1333 praediis
781 1298 938 1332 praefuisse,
954 1298 1001 1324 sed
1023 1313 1024 1316 =

1022 1339 1031 1371 τ’
1053 1334 1085 1360 ab
1103 1339 1187 1360 aratm
1209 1335 1418 1365 arcessebantur,
1439 1335 1486 1369 qui
1505 1334 1629 1360 consules
1644 1334 1745 1360 tierent.

208 1380 241 1398 ne
256 1372 319 1398 haec
329 1377 425 1398 attenta
438 1373 489 1398 vita
503 1377 527 1398 et
542 1373 672 1398 rusticana
685 1372 810 1408 relegatio
820 1377 898 1407 atque
910 1381 1001 1398 aman-
1022 1370 1031 1400 <l

1022 1416 1031 1457 {i
1053 1408 1120 1435 tecto
1133 1409 1210 1435 illum
1225 1408 1356 1439 Attilium,
1373 1417 1453 1444 quem
1468 1417 1516 1435 sua
1530 1417 1611 1435 manu
1625 1413 1794 1445 spargentem
1804 1417 1847 1435 se-

208 1335 286 1361 ccrtis
310 1335 400 1361 fundis
427 1339 498 1369 patre
523 1335 584 1361 vivo
603 1334 653 1361 l'rui
672 1335 780 1361 solitum
800 1334 876 1361 esse?
900 1340 1002 1361 tamen-

208 1408 279 1435 datio
301 1409 496 1444 appellabitur?
528 1409 620 1439 Vides,
651 1410 743 1440 Eruci,
772 1414 902 1444 quantum
921 1410 1001 1435 distet

207 1447 401 1482 argumentatio
419 1452 462 1473 tua
481 1447 513 1472 ab
532 1455 559 1473 re
573 1447 630 1481 ipsa
644 1452 723 1481 atque
736 1456 750 1472 a
765 1448 883 1473 veritate.
924 1446 1000 1479 Quod

207 1484 399 1510 consuetudine
422 1489 508 1518 patres
528 1483 635 1515 faciunt,
656 1484 683 1510 id
701 1485 778 1518 quasi
798 1493 897 1510 novum
911 1492 1001 1519 repre-

207 1521 317 1548 hendis:
339 1521 410 1556 quod
435 1521 617 1548 benevolentia
641 1521 680 1552 fit,
706 1521 734 1547 id
752 1521 813 1548 odio
833 1521 930 1548 sactum
949 1522 1001 1547 cri-

206 1559 331 1584 minaris:
353 1558 425 1593 quod
449 1558 556 1585 honoris
579 1567 672 1585 caussa
695 1563 769 1593 pater
790 1558 845 1585 filio
866 1567 916 1585 suo
937 1567 1002 1585 con-

206 1596 295 1626 cessit,
312 1595 339 1622 id
353 1604 414 1622 eum
428 1596 554 1630 supplicii
568 1604 662 1622 caussa
677 1595 772 1622 secisse
785 1595 862 1622 dicis.
891 1597 932 1622 45.
948 1596 1001 1622 Ne-
1029 1601 1031 1622 ὲ

206 1641 260 1668 que
283 1633 346 1659 haec
368 1638 395 1659 tu
415 1642 467 1659 non
485 1633 627 1668 intelligis:
649 1632 696 1659 sed
715 1641 802 1668 usque
819 1641 858 1663 eo.
875 1633 940 1668 quid
959 1642 1001 1659 ar-

206 1678 283 1705 guas,
304 1679 355 1696 non
374 1670 465 1701 habes,
481 1674 511 1696 ut
525 1678 576 1696 non
590 1670 669 1696 modo
683 1670 730 1696 tibi
744 1674 834 1696 contra
848 1678 895 1696 nos
909 1670 1000 1696 dicen-

206 1707 272 1733 dum
287 1712 374 1742 putes,
389 1716 482 1734 verum
496 1708 575 1734 etiam
585 1711 674 1733 contra
688 1715 776 1733 rerum
791 1712 921 1738 naturam,
936 1716 1000 1733 con-

207 1749 299 1778 traque
316 1745 536 1771 consuetudinem
551 1744 690 1770 hominum
704 1749 847 1778 contraque
861 1744 999 1779 opiniones

207 1781 336 1807 omnium.
374 1781 444 1808 XVI.
470 1782 502 1808 At
520 1782 600 1812 enim,
616 1790 701 1817 quum
716 1781 784 1807 duos
798 1781 866 1807 filios
881 1782 997 1812 haberet,

207 1817 319 1844 alterum
333 1827 347 1844 a
361 1827 390 1844 se
404 1827 455 1845 non
469 1819 626 1847 dimittebat.
647 1818 759 1845 alterum
775 1819 829 1844 ruri
844 1827 903 1845 esse
916 1819 1001 1853 patie—
1029 1847 1031 1850 ,

207 1855 294 1882 batur.
334 1855 446 1888 Quaeso.
471 1856 559 1887 Eruci,
583 1861 612 1882 ut
626 1856 675 1882 hoc
688 1856 716 1882 in
730 1856 825 1882 bonam
841 1860 942 1890 partem
957 1865 1000 1882 ac-

206 1893 303 1927 cipias:
337 1901 388 1919 non
410 1894 481 1919 enim
499 1893 675 1928 exprobrandi
694 1901 798 1924 caussa.
818 1892 865 1919 sed
882 1901 1000 1919 commo-

207 1930 287 1956 nendi
301 1931 384 1965 gratia
397 1930 493 1956 dicam.
522 1931 562 1957 46.
582 1930 610 1957 Si
625 1931 672 1956 tibi
688 1929 790 1956 fortuna
806 1938 858 1956 non
872 1929 954 1961 dedit,
970 1935 1000 1956 ut

206 1971 279 2002 patre
302 1972 372 1993 certo
390 1976 533 1998 nascerere,
554 1976 587 1994 ex
600 1975 654 2002 quo
672 1967 820 2003 intelligere
834 1976 935 2002 posses,
951 1968 998 2002 qui

206 2005 312 2030 animus
336 2005 437 2039 patrius
455 2005 482 2031 in
501 2004 598 2031 liberos
619 2009 703 2030 esset:
725 2009 751 2030 at
764 2009 856 2030 natura
870 2009 939 2031 certe
953 2005 1000 2030 de-

206 2041 254 2072 dit,
274 2046 304 2068 ut
321 2041 494 2068 humanitatis
512 2050 563 2068 non
581 2050 675 2076 parum
693 2041 818 2068 haberes:
841 2050 872 2068 eo
889 2042 999 2067 accessit

206 2078 326 2105 studium
349 2079 491 2109 doctrinae,
515 2084 545 2105 ut
567 2087 600 2105 ne
622 2087 636 2105 a
660 2078 753 2105 litteris
771 2078 880 2114 quidem
895 2078 998 2105 alienus

206 2124 289 2141 esses
318 2116 422 2151 Ecquid
437 2115 541 2142 tandem
557 2116 604 2142 tibi
619 2115 732 2147 videtur,
748 2121 778 2142 ut
792 2115 824 2142 ad
838 2116 943 2142 fabulas
953 2125 999 2142 ve-

206 2154 321 2183 niamus,
347 2162 430 2180 senex
451 2153 497 2179 ille
511 2153 676 2180 Caecilianus
690 2154 800 2179 minoris
815 2153 900 2179 facere
914 2153 999 2189 Euty-

206 2190 286 2217 chum
302 2190 387 2216 silium
402 2191 541 2221 rusticum,
556 2199 637 2226 quarn
651 2190 729 2217 illum
743 2190 864 2221 alterum,
885 2190 994 2217 Chaere-

206 2227 336 2254 stratum?
361 2228 440 2263 (nam,
457 2232 487 2254 ut
499 2229 601 2262 opinor,
618 2227 668 2254 hoc
681 2228 787 2254 nomine
801 2227 868 2262 est;)
885 2227 998 2254 alterum

205 2265 233 2291 iu
256 2265 322 2291 urbe
346 2273 437 2291 secum
457 2265 564 2291 honoris
580 2273 674 2291 caussa
691 2264 806 2291 habere?
825 2264 937 2291 alterum
952 2273 998 2291 rus

206 2302 333 2336 supplicii
347 2310 440 2329 caussa
455 2301 605 2338 relegasse‘?
627 2303 667 2329 47.
683 2301 753 2334 Quid
764 2302 797 2328 ad
807 2303 872 2328 istas
884 2302 998 2337 ineptias

206 2338 282 2365 abis?
302 2339 417 2374 inquies.
457 2339 538 2372 Quasi
561 2348 622 2366 vero
640 2339 707 2366 mihi
721 2339 830 2365 difficile
844 2340 886 2370 sit,
902 2347 1000 2374 quam-

206 2377 248 2402 vis
273 2376 372 2402 multos
394 2377 549 2403 nominatim
572 2376 688 2412 proferre
709 2377 752 2411 (ne
771 2376 877 2412 longius
895 2375 999 2411 abeam)

207 2413 248 2439 vel
267 2413 378 2439 tribules
396 2413 438 2440 vel
453 2414 554 2440 vicinos
568 2422 650 2444 meos,
667 2414 715 2448 qui
728 2422 792 2440 suos
807 2413 913 2444 liberos.
929 2421 998 2448 quos

207 2449 316 2484 plurimi
331 2450 438 2481 faciunt,
455 2451 583 2486 agricolas
596 2450 719 2477 assiduos
733 2459 791 2476 esse
804 2451 927 2485 cupiunt.
945 2450 999 2477 Ve-

207 2495 266 2513 rum
281 2487 402 2514 homines
415 2493 489 2514 notos
502 2497 608 2515 sumere
625 2488 748 2514 odiosum
761 2492 814 2518 est,
826 2496 911 2522 quum
927 2491 952 2514 et
964 2487 999 2513 it-

208 2523 254 2549 lud
268 2524 397 2550 incertum
411 2525 462 2555 sit„
471 2525 588 2552 velintne
601 2526 629 2551 hi
643 2533 702 2551 sese
716 2525 860 2551 nominari:
882 2529 907 2550 et
920 2532 998 2551 nemo

207 2561 283 2587 vobis
305 2562 390 2596 magis
414 2566 491 2588 notus
513 2562 620 2588 futurus
638 2563 681 2593 sit,
701 2570 782 2596 quam
800 2566 841 2587 est
858 2561 901 2588 hic
914 2561 999 2597 Euty—

206 2597 288 2624 chus:
311 2602 336 2623 et
349 2602 418 2624 certe
432 2598 465 2624 ad
478 2607 534 2625 rem
548 2599 615 2625 nihil
629 2599 742 2630 intersit,
758 2602 849 2625 utrum
863 2598 936 2625 hunc
949 2606 998 2634 ego

207 2635 338 2661 comicum
361 2634 562 2667 adolescentem,
587 2645 620 2663 an
637 2635 754 2671 aliquem
768 2643 802 2661 ex
815 2643 878 2671 agro
890 2635 998 2662 Veiente

207 2672 351 2698 nominem.
390 2671 496 2698 Etenim
518 2672 584 2699 haec
607 2672 718 2700 conficta
742 2672 854 2699 arbitror
876 2681 891 2698 a
912 2671 998 2707 poetis

542 295 580 319 tt.
599 294 699 319 ltursus
715 294 795 325 igitur
809 293 900 318 cocle-ru
917 302 1005 319 revcr-
1026 295 1027 302 ¹

369 926 408 951 53.
425 924 494 956 Quid
509 925 556 954 ais,
577 924 674 950 Eruci‘?
693 925 741 951 Tot
756 925 860 959 praedia
875 931 926 951 tarn
943 925 1004 960 pul-
1032 935 1033 951 ι

209 961 281 991 ebra,
298 967 350 988 tam
367 961 498 988 fructuosa
510 962 571 988 Sex.
585 963 695 988 Roscius
710 962 764 988 tilio
775 971 824 987 suo
835 962 1002 995 relegationis
1031 985 1033 995 Α

1021 2113 1030 2170 gi
1049 2115 1112 2141 dius
1125 2119 1171 2141 aut
1184 2123 1211 2141 re
1225 2123 1286 2141 vera
1300 2114 1438 2141 honestius
1452 2113 1536 2140 facere
1549 2119 1647 2149 posset.

1021 2158 1023 2167 i

1028 2172 1030 2185 l

887 148 1162 175 ctcznttos'ts
1195 148 1380 176 Quarto

1056 228 1122 248 caso,
1144 224 1171 244 ut
1185 219 1286 245 officim·
1301 224 1402 246 nostros
1416 228 1502 246 mores
1517 220 1543 246 in
1557 220 1651 246 alienis
1666 223 1786 255 personis
1799 230 1846 248 ex-

1057 265 1229 291 prc-nmnquc·
1251 257 1394 290 imaginem
1418 262 1520 283 nostrae
1539 259 1607 283 vitae
1623 258 1792 292 quotidianae
1807 260 1847 285 vi-

1055 294 1190 318 ‹tm-mus.
1226 294 1265 319 48.
1286 294 1342 326 Λμσ
1357 302 1435 324 nunc,
1452 293 1519 320 refer
1532 295 1660 322 animum.
1675 295 1721 324 sin,
1734 295 1766 321 ad
1778 296 1847 322 veri-

1057 335 1134 355 unta—m
1149 335 1174 355 ct
1188 330 1333 359 considera,
1355 339 1405 357 non
1425 331 1504 357 modo
1521 331 1548 357 in
1563 332 1669 357 Umbria
1684 337 1763 366 οιιμιε
1777 333 1803 359 in
1817 341 1847 358 ea

1058 368 1198 396 vicinitate,
1212 367 1257 393 iwd
1273 368 1298 393 in
1314 368 1356 393 ltin
1368 368 1501 393 veteribus
1512 370 1666 403 municipiis
1676 377 1745 404 quae
1759 370 1846 395 studia

1056 413 1069 429 a
1093 404 1329 438 patribusfamilias
1352 405 1466 431 maxime
1486 405 1639 432 laudentur:
1666 407 1717 432 iam
1733 406 1848 440 profecto

1057 446 1080 466 tc
1096 441 1228 474 intellig-¹05
1247 442 1334 476 inopia
1348 443 1491 468 criminum
1511 451 1643 468 alimmum
1663 442 1768 469 laudem
1782 443 1845 470 Sex.

1058 479 1150 504 ltoscio
1174 479 1238 504 vitio
1254 483 1279 504 ct
1297 479 1391 513 culpae
1409 479 1524 505 dedisse.
1558 479 1638 506 XVH.
1658 481 1755 506 Atrion
1771 480 1848 506 modo

1057 516 1105 541 linc
1128 520 1232 550 patrum
1256 516 1390 542 voluntate
1409 516 1484 542 liber-i
1505 516 1617 543 faciunt:
1639 517 1685 543 sed
1701 518 1848 552 permultos

1056 558 1080 578 ct
1103 561 1152 588 ego
1175 554 1235 579 novi
1250 558 1284 582 et,
1301 554 1351 579 nisi
1371 562 1413 579 me
1427 553 1494 579 {altit
1511 555 1626 582 animus.
1647 562 1718 580 unus
1731 555 1847 590 quisque

1057 595 1184 619 vestrum,
1209 591 1255 625 qui
1282 595 1307 616 ct
1331 591 1380 625 ipsi
1405 591 1505 616 incensi
1526 596 1589 616 sunt
1606 591 1704 622 studio,
1724 592 1796 626 quod
1815 591 1847 618 nd

1056 636 1149 660 ugrum
1175 627 1315 653 coli-ndum
1339 628 1442 657 attinet,
1467 628 1603 663 vitamque
1626 628 1692 654 hanc
1710 629 1845 659 rusticam,

1055 673 1135 699 quam
1160 669 1187 690 tu
1212 665 1307 699 probro
1327 669 1352 691 ct
1373 665 1477 691 crimini
1497 670 1574 699 putas
1593 673 1651 691 esse
1669 670 1802 700 oportere.
1821 670 1848 692 et

1057 702 1270 728 honestissimam
1289 706 1314 728 et
1332 703 1519 728 suavissimam
1534 711 1593 728 eme
1606 702 1776 729 arbitrantur.
1804 703 1845 730 59.

1055 738 1124 770 Quid
1139 747 1232 765 censes
1246 739 1317 765 bunc
1328 740 1417 774 ipsum
1433 740 1495 765 Sex.
1507 739 1641 769 Roscium.
1653 748 1707 774 quo
1720 739 1810 766 studio
1822 744 1849 767 et

1055 784 1106 810 qua
1129 776 1302 811 intelligentia
1326 785 1384 802 esse
1407 777 1434 802 in
1457 777 1563 803 rusticis
1587 776 1685 803 rebus?
1704 777 1737 803 Ut
1757 785 1791 803 ex
1805 777 1847 803 his

1056 814 1213 848 propinquis
1227 814 1294 842 cius,
1312 813 1466 840 bominibus
1477 814 1681 843 honestissimisv
1693 814 1781 845 audio,
1795 822 1846 840 non

1055 855 1083 876 tu
1106 851 1133 876 in
1152 851 1203 876 isto
1219 851 1329 877 artificio
1342 852 1503 877 accusatorio
1521 851 1641 877 callidior
1654 860 1691 879 es,
1707 860 1789 886 quam
1803 851 1847 878 hic

1055 888 1080 913 in
1095 896 1154 913 suo.
1195 888 1301 918 Verum,
1323 892 1351 913 ut
1365 889 1466 922 opinor.
1482 889 1607 923 quoniam
1627 889 1661 914 ita
1675 888 1848 924 Chrysogono

1056 925 1168 954 videtur.
1193 925 1239 959 qui
1263 925 1326 951 huic
1341 925 1444 951 nullum
1460 925 1598 959 praedium
1613 925 1728 960 reliquit,
1745 931 1771 951 et
1783 926 1847 951 arti-

1056 962 1145 988 ficium
1160 962 1333 988 obliviscatur
1347 967 1371 988 et
1385 962 1504 988 studium
1519 962 1633 997 deponat
1648 962 1746 988 licebit.
1769 962 1846 995 Quod

1055 1000 1158 1025 tametsi
1174 1000 1301 1025 miserum
1316 1004 1341 1025 et
1356 999 1495 1034 indignum
1510 1004 1563 1031 est·,
1586 999 1650 1025 seret
1661 1003 1747 1026 tamen
1762 1007 1848 1034 aequo

1055 1037 1151 1067 animo,
1168 1036 1279 1067 iudices,
1295 1037 1317 1062 si
1333 1045 1380 1071 per
1393 1045 1440 1062 vos
1456 1037 1536 1062 vitam
1550 1041 1575 1062 et
1590 1036 1686 1062 samam
1701 1041 1786 1071 potest
1799 1037 1847 1063 ob-

1024 1069 1025 1077 *
1055 1075 1150 1100 tinere:
1183 1074 1231 1099 hoc
1254 1082 1315 1100 vero
1335 1078 1383 1103 cst.
1403 1073 1476 1108 quod
1492 1073 1552 1100 ferri
1567 1082 1618 1100 non
1634 1079 1727 1108 potest,
1743 1074 1766 1100 si
1780 1078 1806 1100 et
1818 1075 1846 1100 in

1054 1111 1122 1136 lianc.
1144 1110 1319 1137 calamitatem
1344 1111 1416 1137 venit
1435 1115 1541 1146 propter
1558 1111 1726 1145 praediorum
1743 1111 1847 1138 bonita-

1024 1145 1025 1169 l
1055 1153 1105 1174 tem
1130 1153 1153 1174 et
1173 1148 1381 1177 multitudinem.
1401 1153 1435 1178 et,
1451 1148 1523 1183 quod
1537 1156 1566 1174 ea
1580 1148 1699 1174 studiose
1712 1148 1803 1178 coluit,
1819 1148 1847 1175 id

1053 1186 1102 1211 crit
1124 1185 1147 1211 ei
1168 1186 1282 1211 maxime
1301 1185 1400 1212 fraudi:
1424 1190 1453 1211 ut
1471 1194 1564 1220 parurn
1579 1186 1701 1211 miseriae
1715 1186 1758 1215 sit,
1773 1185 1846 1220 quod

1024 1229 1025 1236 ¹
1053 1222 1112 1248 aliis
1126 1222 1216 1253 coluit,
1233 1231 1284 1249 non
1298 1223 1360 1250 sibi.
1377 1223 1428 1249 nisi
1441 1224 1530 1253 etiam,
1546 1222 1618 1257 quod
1631 1223 1740 1249 omnino
1753 1223 1843 1253 coluit.

1053 1261 1157 1286 crimini
1183 1259 1271 1286 suerit.
1312 1260 1404 1286 xvut.
1425 1261 1465 1286 50.
1484 1260 1537 1286 Nae
1551 1265 1589 1290 tu,
1605 1260 1694 1290 Eruci.
1710 1264 1847 1286 accusator

1052 1305 1125 1323 esses
1139 1297 1278 1327 ridiculus,
1294 1298 1316 1323 si
1331 1297 1385 1323 illis
1400 1297 1563 1332 temporibus
1578 1301 1656 1323 natus
1667 1305 1748 1327 esses,
1760 1305 1847 1361 ςιὲιῖἓ

1053 1372 1118 1401 nim.
1138 1371 1184 1406 qui
1204 1380 1325 1406 praeesse
1339 1380 1402 1407 agro
1414 1371 1525 1398 colendo
1538 1370 1667 1407 flagitium
1682 1376 1768 1406 puteS,
1784 1379 1847 1406 pro-

1053 1454 1122 1477 men,
1137 1447 1184 1481 qui
1200 1447 1275 1472 missi
1289 1451 1371 1477 erant,
1387 1450 1576 1476 convenerunt,
1597 1446 1732 1473 hominem
1746 1447 1847 1481 turpis-

1030 1474 1031 1527 ἢ
1052 1484 1151 1509 simum
1166 1487 1245 1518 atque
1258 1483 1507 1510 inhonestissimum
1521 1483 1663 1510 iudicares.
1692 1483 1725 1510 At
1738 1483 1846 1510 hercule

1030 1533 1031 1541 κ
1052 1521 1164 1547 maiores
1188 1521 1269 1547 nostri
1289 1520 1365 1556 longe
1383 1521 1458 1547 aliter
1471 1525 1496 1546 et
1509 1520 1542 1547 de
1555 1520 1602 1547 illo
1615 1526 1641 1547 et
1653 1520 1686 1547 de
1699 1521 1794 1547 ceteris
1807 1525 1847 1547 ta-

1029 1570 1031 1580 =
1053 1558 1124 1584 libus
1137 1558 1202 1584 viris
1216 1558 1412 1584 existimabant.
1443 1558 1534 1592 ltaque
1547 1566 1581 1584 ex
1594 1558 1704 1584 minima
1719 1558 1846 1584 tenuissi-

1052 1603 1148 1630 maque
1169 1595 1305 1629 republica
1327 1595 1471 1621 maximam
1489 1599 1515 1621 et
1535 1594 1749 1621 florentissimam
1767 1595 1845 1621 nobis

1029 1641 1031 1669 ς
1051 1632 1226 1667 reliquerunt.
1253 1631 1322 1658 Suos
1334 1632 1406 1658 enim
1420 1640 1497 1668 agros
1510 1632 1629 1658 studiose
1642 1631 1776 1658 colebant:
1793 1640 1845 1658 non

1029 1679 1030 1682 ¹
1051 1669 1152 1695 alienos
1169 1668 1266 1703 cupide
1284 1669 1456 1704 appetebant:
1484 1669 1585 1704 quibus
1602 1669 1683 1695 rebus
1696 1674 1722 1695 et
1735 1669 1806 1705 agris
1819 1673 1846 1696 et

1028 1711 1031 1726 :
1051 1706 1165 1732 urbibus
1187 1711 1212 1732 et
1230 1706 1383 1732 nationibus
1396 1706 1589 1741 rempublicam
1603 1710 1682 1741 atque
1697 1706 1746 1732 hoc
1759 1707 1846 1741 impe-

1029 1753 1031 1759 ·
1051 1744 1120 1770 rium
1139 1747 1165 1769 et
1182 1743 1275 1778 populi
1290 1744 1400 1769 Romani
1415 1751 1511 1769 nomen
1525 1748 1666 1769 auxerunt.
1694 1744 1736 1770 5⁴.
1752 1743 1845 1778 Neque

1029 1776 1031 1782 ’
1051 1789 1100 1816 ego
1118 1780 1182 1806 haec
1199 1789 1230 1807 eo
1247 1780 1360 1815 profero,
1379 1789 1434 1815 quo
1446 1779 1604 1807 conserenda
1618 1781 1672 1806 sint
1684 1788 1746 1806 cum
1759 1780 1843 1812 hisce,

1051 1817 1084 1844 de
1097 1817 1198 1852 quibus
1212 1826 1283 1844 nunc
1297 1818 1466 1852 quaerimus:
1490 1817 1537 1843 sed
1552 1821 1581 1844 ut
1592 1817 1659 1843 illud
1670 1817 1843 1853 intelligatur,

1029 1858 1031 1864 '
1051 1863 1136 1889 quum
1151 1854 1222 1889 apud
1236 1855 1348 1881 maiores
1363 1859 1465 1881 nostros
1475 1855 1575 1880 summi
1587 1855 1638 1880 viri
1647 1853 1845 1889 clarissimique

1028 1908 1031 1926 ί
1053 1892 1183 1922 homines,
1199 1893 1247 1927 qui
1261 1892 1333 1918 omni
1348 1896 1465 1926 tempore
1478 1891 1511 1917 ad
1520 1891 1700 1927 gubernacula
1714 1891 1845 1926 reipubli-

1050 1937 1096 1955 cae
1113 1929 1205 1955 sedere
1223 1929 1363 1959 debebant,
1379 1933 1466 1955 tamen
1478 1929 1508 1954 in
1521 1929 1592 1964 agris
1604 1937 1713 1963 quoque
1725 1928 1845 1956 colendis

1051 1966 1217 2001 aliquantum
1227 1974 1322 2001 operae
1333 1966 1515 2001 temporisque
1523 1966 1752 2000 consumpserint,
1768 1966 1845 2002 igno-

1028 2002 1030 2020 t
1050 2004 1088 2029 sci
1103 2007 1222 2038 oportere
1235 2004 1259 2029 ei
1274 2003 1384 2034 homini,
1400 2003 1447 2038 qui
1461 2011 1491 2029 se
1504 2002 1616 2029 fateatur
1628 2011 1688 2029 esse
1701 2003 1841 2034 rusticum.

1028 2040 1030 2074 l
1050 2049 1135 2075 quum
1153 2041 1208 2067 ruri
1226 2040 1353 2066 assiduus
1371 2048 1477 2075 semper
1489 2040 1599 2066 vixerit:
1625 2048 1711 2075 quum
1725 2048 1845 2075 praeser-

1028 2085 1029 2107 l
1049 2079 1098 2104 tim
1116 2077 1183 2104 nihil
1202 2082 1284 2108 esset,
1295 2077 1368 2112 quod
1381 2081 1427 2103 aut
1438 2078 1505 2112 patri
1515 2077 1617 2113 gratius
1627 2082 1672 2104 aut
1685 2077 1737 2104 sibi
1747 2077 1844 2104 iucun-

1686 2115 1729 2141 52.
1743 2113 1843 2141 Odium

1049 2153 1132 2188 igitur
1157 2153 1316 2178 acerrimum
1338 2152 1421 2186 patris
1446 2151 1474 2178 in
1496 2151 1581 2178 tilium
1604 2159 1638 2178 ex
1654 2151 1717 2183 hoc,
1737 2151 1841 2186 opinor,

1049 2189 1207 2220 ostenditur,
1235 2189 1330 2219 Eruci,
1355 2188 1428 2223 quod
1451 2188 1523 2215 hunc
1540 2189 1596 2214 ruri
1609 2196 1668 2214 esse
1680 2188 1841 2223 patiebatur.

1050 2226 1189 2261 Numquid
1212 2231 1252 2252 est
1273 2225 1366 2252 aliud?
1390 2226 1475 2252 lmmo
1488 2234 1563 2256 vero,
1583 2225 1684 2260 inquit.
1704 2229 1758 2257 est;
1780 2233 1842 2252 nam

1049 2265 1133 2290 istum
1154 2263 1315 2289 exheredare
1332 2263 1360 2289 in
1378 2263 1468 2289 animo
1485 2262 1608 2289 habebat.
1646 2261 1748 2288 Audio:
1770 2270 1843 2289 nunc

1049 2301 1116 2327 dicis
1130 2300 1242 2335 aliquid,
1258 2300 1331 2335 quod
1344 2299 1377 2326 ad
1391 2308 1447 2326 rem
1461 2300 1598 2334 pertineat.
1631 2299 1698 2325 Nam
1713 2298 1768 2330 itta,
1782 2299 1843 2334 opi—

1049 2346 1109 2368 nor,
1137 2342 1166 2364 tu
1191 2345 1300 2372 quoque
1322 2336 1446 2364 concedis
1470 2336 1537 2362 levia
1560 2343 1619 2362 esse
1640 2340 1720 2371 atque
1740 2337 1839 2372 inepta.

1049 2375 1177 2402 Convivia
1190 2383 1253 2400 cum
1267 2378 1340 2409 patre
1353 2383 1406 2400 non
1419 2373 1516 2400 inibat:
1537 2373 1639 2407 quippe
1650 2374 1700 2408 qui
1709 2381 1742 2400 ne
1755 2373 1783 2400 in
1793 2381 1842 2408 op-

1049 2411 1143 2447 pidum
1165 2412 1276 2446 quidem
1294 2412 1346 2438 nisi
1363 2419 1470 2446 perraro
1487 2411 1598 2436 veniret.
1631 2410 1746 2436 Domum
1762 2418 1841 2437 suam

1049 2450 1130 2475 istum
1153 2457 1205 2475 non
1228 2448 1282 2475 fere
1303 2449 1448 2483 quisquam
1466 2447 1587 2474 vocabat:
1608 2455 1656 2473 nec
1669 2447 1777 2478 mirum,
1791 2447 1841 2482 qui

1049 2494 1136 2521 neque
1148 2487 1176 2512 in
1190 2486 1260 2512 Urbe
1273 2486 1374 2512 viveret
1387 2493 1473 2519 neque
1485 2488 1657 2510 revocaturus
1669 2489 1749 2510 esset.
1764 2484 1839 2510 xix.

1026 2522 1029 2567 ἰ
1048 2523 1147 2549 Verum
1161 2523 1226 2549 haec
1235 2530 1343 2558 quoque
1353 2526 1382 2548 tu
1391 2521 1520 2557 intelligis
1530 2529 1588 2547 esse
1599 2521 1747 2557 nugatoria.
1758 2520 1838 2553 Illud,

1027 2574 1029 2590 .
1047 2560 1120 2595 quod
1133 2560 1280 2595 coepimus,
1295 2558 1448 2590 videamus:
1473 2566 1528 2593 quo
1539 2558 1638 2584 certius
1651 2562 1840 2594 argumentum

1026 2593 1029 2611 ²
1047 2597 1103 2624 odii
1121 2597 1230 2632 reperiri
1248 2595 1323 2623 nullo
1335 2595 1414 2622 modo
1426 2599 1522 2630 potest.
1554 2597 1596 2622 53.
1610 2594 1779 2622 Exheredare
1791 2603 1840 2630 pa-

1027 2659 1029 2664 ,
1049 2638 1088 2660 ter
1101 2633 1186 2660 filium
1199 2633 1341 2669 cogitabat.
1377 2633 1453 2659 Mitto
1465 2640 1601 2667 quaerere.
1615 2640 1669 2667 qua
1681 2632 1716 2659 de
1727 2640 1837 2659 caussa:

1027 2669 1030 2706 l
1048 2679 1156 2706 quaero,
1171 2671 1220 2706 qui
1232 2670 1316 2696 scias:
1337 2670 1442 2696 tametsi
1455 2674 1481 2696 te
1492 2669 1580 2696 dicere
1593 2673 1673 2704 atque
1683 2676 1839 2696 enumerare
