1941 3052
398 146 582 175 ORATIO
615 147 704 175 PRO
736 147 1368 175 A.CLUENT10.CAP.et—ea.

63 225 142 256 atque
168 220 247 246 etiam
273 220 332 255 ipse
357 219 478 246 conditor
509 220 590 246 totius
622 220 722 255 negotii
749 219 858 246 Guttam

25 271 27 276 ·
63 257 181 293 aspergit
194 257 257 284 huic
268 257 363 284 Bulbo.
397 258 440 283 72.
460 258 552 292 Itaque
570 258 681 283 minime
700 265 807 283 amarus
824 257 858 282 iis

22 293 26 328 s
64 296 138 322 visus
153 299 205 326 est,
226 295 274 329 qui
293 294 395 330 aliquid
413 303 447 321 ex
465 295 523 321 eius
537 303 660 321 sermone
674 294 799 329 speculae
813 294 860 320 de-

22 330 26 357 l
61 336 210 369 gustarant.
232 332 307 358 Unus
318 336 343 358 et
356 331 423 358 alter
435 332 493 358 dies
508 333 701 363 intercesserat,
717 340 803 367 quum
818 340 859 358 res
881 359 882 363 ,

61 378 157 405 parum
175 373 245 396 certa
264 369 418 396 videbatur:
438 374 577 404 sequester
595 374 620 396 et
632 369 800 396 confirmator
814 377 860 404 pe-

23 405 25 442 s
61 407 156 434 cuniae
170 406 382 433 desiderabatur.
412 407 480 433 Tum
495 407 612 442 appellat
625 407 705 433 hilari
720 406 797 433 vultu
811 406 860 433 ho-

22 447 24 458 *'
61 445 162 471 minem
176 444 293 475 Bulbus,
310 449 339 470 ut
353 443 529 470 blandissime
544 449 643 479 potest:
671 443 740 476 Quid
756 449 798 474 tu,
818 444 860 470 in-

61 482 134 517 quit,
154 481 249 508 Paete?
273 481 333 516 (hoc
351 482 423 508 enim
443 482 495 508 sibi
514 482 638 508 Staienus
656 490 803 517 cognomen
827 490 860 507 ex

21 517 23 545 l
61 519 227 555 imaginibus
238 519 373 545 Aeliorum
384 519 527 555 delegerat,
544 527 585 550 ne,
602 519 624 546 si
639 527 668 545 se
680 519 805 554 Ligurem
821 518 860 544 fe-

20 557 23 570 ;
61 557 151 588 cisset,
168 556 283 583 nationis
297 558 383 592 magis
398 565 475 587 suae,
491 565 573 592 quam
587 556 692 592 generis
707 557 747 582 uti
761 564 860 591 cogno-

20 602 21 608 *
61 594 134 620 mine
148 593 309 629 videreturt)
327 603 380 628 qua
394 594 427 620 de
441 603 468 620 re
483 602 587 620 mecum
604 593 708 620 locutus
723 602 760 624 es,
777 601 860 627 quae-

62 636 125 658 runt
138 640 152 657 a
167 640 217 662 me,
234 632 282 657 ubi
296 632 332 658 sit
345 631 467 666 pecunia.
489 631 538 657 Hic
551 630 597 657 ille
607 630 704 665 planus
715 630 860 665 improbis-

18 685 21 699 2
61 669 163 700 simus,
183 673 298 704 quaestu
312 669 452 695 iudiciario
465 673 572 704 pastus,
593 668 640 703 qui
659 667 699 694 illi
718 668 856 702 pecuniae,

18 713 20 744 ζ
61 715 143 741 quam
161 706 328 737 condiderat,
352 714 401 740 spe
424 706 476 732 iam
500 710 580 740 atque
598 705 688 732 animo
710 705 857 736 incubaret,

61 743 193 770 contrahit
217 743 343 770 frontem:
368 743 554 778 (recordamini
578 742 671 769 faciem
694 747 775 778 atque
798 742 859 769 illos

61 782 121 807 eius
135 780 209 807 fictos
223 780 418 815 simulatosque
436 780 554 816 vultusl)
572 780 694 815 queritur
711 789 740 806 se
758 780 791 806 ab
805 779 860 815 Op-

62 819 167 853 pianico
184 818 357 844 destitutum:
382 822 420 849 et,
441 818 489 852 qui
507 822 578 844 esset
596 823 666 844 totus
680 826 713 844 ex
728 817 821 844 fraude
835 822 861 844 et

62 855 200 882 mendacio
214 855 313 886 factus,
334 855 436 890 quique
451 863 480 881 ea
495 855 572 886 vitia,
592 864 662 890 quae
676 864 690 881 a
705 860 798 881 natura
812 855 860 881 ha-

61 893 154 923 bebat.
175 893 255 919 etiam
275 892 366 919 studio
383 897 463 928 atque
481 893 592 919 artificio
609 892 727 928 quodam
742 892 859 919 malitiae

60 930 237 961 condivisset,
258 930 370 965 pulchre
383 934 518 956 asseverat
531 939 591 956 sese
604 931 637 956 ab
651 930 799 965 Oppianico
812 930 860 956 de-

61 968 200 994 stitutum:
225 972 305 1003 atque
319 967 368 994 hoc
383 967 456 994 addit
470 968 625 999 testimonii,
642 977 690 994 sua
704 968 782 994 illum
797 976 860 994 sen-

60 1005 155 1036 tentia,
177 1013 257 1040 quam
273 1004 359 1040 palam
373 1014 466 1032 omnes
482 1005 561 1032 laturi
575 1010 677 1038 essent,
697 1005 860 1032 condemna-

59 1046 117 1069 tum
132 1043 174 1068 iri.

116 1079 225 1107 XXVII.
241 1081 283 1107 73.
304 1081 422 1107 Manarat
435 1089 523 1108 sermo
537 1081 564 1108 in
583 1081 708 1113 consilio,
730 1081 859 1116 pecuniae

59 1117 205 1153 quamdam
229 1119 391 1145 mentionem
415 1119 484 1145 inter
505 1119 608 1146 iudices
631 1127 691 1145 esse
717 1123 857 1145 versatam.

59 1155 111 1181 Res
126 1163 213 1190 neque
227 1159 281 1182 tarn
296 1155 382 1183 fuerat
395 1156 507 1188 occulta,
523 1165 605 1192 quam
620 1160 675 1183 erat
690 1156 856 1188 occultanda,

60 1201 148 1228 neque
162 1196 215 1219 tam
230 1197 285 1220 erat
298 1198 395 1229 aperta,
412 1202 494 1229 quam
508 1194 673 1229 reipublicae
686 1203 780 1220 caussa
795 1202 859 1228 ape-
880 1210 882 1218 ,

60 1229 161 1257 rienda.
196 1231 224 1256 In
239 1239 269 1257 ea
283 1231 444 1258 obscuritate
459 1239 489 1258 ac
499 1231 665 1258 dubitatione
676 1232 795 1258 omnium
809 1232 859 1258 Ca-

60 1267 148 1298 nutio,
169 1268 253 1303 perito
267 1268 383 1300 homini,
404 1269 451 1304 qui
469 1269 586 1304 quodam
601 1269 681 1296 odore
694 1269 858 1304 suspicionis

60 1304 199 1331 Staienum
213 1310 369 1341 corruptum
387 1315 446 1333 esse
464 1307 607 1338 sensisset,
628 1307 782 1342 nequedum
801 1315 858 1333 rem

59 1341 203 1377 perfectam
222 1343 408 1375 arbitraretur,
428 1343 529 1378 placuit
547 1348 656 1379 repente
674 1345 856 1378 pronuntiare.

59 1379 164 1406 Iudices
178 1379 305 1407 dixerunt
318 1389 347 1407 se
360 1380 387 1407 id
403 1381 481 1408 velle.
504 1381 552 1407 Hic
562 1386 618 1408 tum
629 1381 794 1417 Oppianicus
806 1390 858 1408 non

59 1425 157 1453 magno
170 1426 248 1452 opere
262 1419 414 1453 pertimuit:
431 1427 486 1445 rem
500 1427 513 1445 a
526 1418 634 1446 Staieno
644 1419 787 1454 perfectam
799 1427 859 1446 esse

58 1454 246 1482 arbitrabatur.
287 1457 329 1482 74.
354 1456 383 1483 In
405 1456 549 1483 consilium
573 1461 647 1483 erant
669 1457 731 1483 ituri
756 1457 858 1484 iudices

58 1500 149 1519 xxxn.
184 1492 329 1520 Sententiis
342 1501 389 1519 xvi
404 1493 537 1521 absolutio
549 1494 644 1521 confici
659 1499 769 1529 poterat.
803 1494 858 1521 H-S

58 1530 230 1566 quadragena
248 1531 276 1557 in
295 1530 417 1567 singulos
436 1531 540 1558 iudices
559 1531 702 1558 distributa
721 1541 782 1559 eum
807 1541 859 1559 nu—

58 1576 163 1594 merum
177 1567 369 1595 sententiarum
383 1568 512 1596 conficere
521 1568 662 1601 debebant,
680 1574 709 1596 ut
718 1569 751 1596 ad
761 1579 859 1596 eumu-

59 1604 116 1631 lum
131 1613 179 1640 spe
193 1606 325 1632 maiorum
339 1606 518 1641 praemiorum
533 1607 621 1642 ipsius
635 1607 735 1634 Staieni
749 1612 858 1634 senten-

58 1643 92 1669 tia
107 1642 324 1678 septimadecima
339 1644 483 1670 accederet.
514 1644 603 1680 Atque
616 1645 696 1671 etiam
710 1653 774 1672 casu
788 1650 854 1677 tum,

56 1680 130 1715 quod
149 1679 218 1707 illud
237 1685 345 1716 repente
362 1685 418 1708 erat
436 1681 549 1714 factum,
578 1681 703 1709 Staienus
727 1683 786 1717 ipse
804 1691 857 1710 non

57 1717 157 1744 aderat.
179 1717 308 1745 Caussam
322 1719 413 1746 nescio
426 1728 508 1754 quam
518 1719 590 1755 apud
601 1720 718 1746 iudicem
729 1720 858 1747 defende-

57 1754 111 1782 bat.
134 1755 222 1782 Facile
237 1755 286 1783 hoc
299 1755 396 1783 Avitus
411 1757 572 1792 patiebatur,
589 1757 666 1784 facile
678 1758 819 1790 Canutius,
831 1762 858 1785 at

57 1801 109 1819 non
121 1792 285 1828 Oppianicus
300 1802 388 1830 neque
401 1799 530 1829 patronus
540 1795 598 1822 eius
610 1795 638 1822 L.
651 1795 793 1828 Quintius:
808 1797 857 1831 qui

56 1838 142 1865 quum
160 1835 231 1858 esset
248 1839 279 1858 eo
296 1836 415 1867 tempore
434 1832 559 1859 tribunus
578 1832 678 1867 plebis,
704 1834 856 1860 convicium

57 1867 86 1895 C.
102 1868 191 1899 lunio,
212 1868 295 1895 iudici
314 1870 494 1904 quaestionis,
515 1871 664 1897 maximum
679 1870 754 1902 fecit,
771 1879 808 1898 ur
821 1880 855 1897 m:

56 1913 121 1931 suu:
136 1914 260 1932 suino
274 1916 301 1933 ιΝ
315 1916 475 1934 constarunt
491 1917 613 1934 merua:
634 1917 772 1944 quumque
790 1908 817 1935 id
831 1909 856 1935 ei

56 1950 104 1977 per
117 1943 231 1969 viatores
244 1943 367 1970 consulto
380 1944 561 1980 negligentius
575 1946 617 1981 agi
632 1945 781 1978 videretur,
797 1947 857 1981 ipse

56 1988 71 2005 e
90 1979 199 2014 publico
216 1980 317 2007 iudicio
335 1982 367 2007 ad
383 1982 517 2016 privatum
533 1982 633 2009 Staieni
648 1983 780 2010 iudicium
795 1992 857 2019 pro-

57 2016 143 2043 fectus
157 2021 205 2049 est,
221 2022 247 2044 et
261 2017 328 2045 illud
343 2027 390 2053 pro
404 2023 532 2054 potestate
546 2020 644 2046 dimitti
660 2021 753 2047 iussit:
771 2020 857 2048 Staie-

56 2063 122 2081 num
136 2055 194 2089 ipse
208 2055 241 2081 ad
259 2056 388 2082 subsellia
407 2056 527 2083 adduxit.
568 2058 611 2084 75.
632 2058 809 2094 Consurgitur
829 2059 855 2085 in

55 2091 213 2124 consilium,
239 2101 324 2128 qumn
343 2094 488 2120 sententias
506 2094 684 2129 Oppianicus,
708 2104 778 2131 quae
797 2101 854 2123 tum

55 2133 111 2156 erat
124 2133 255 2164 potestas,
277 2129 364 2165 palam
380 2130 441 2157 ferri
457 2131 526 2158 velle
539 2132 666 2162 dixisset,
686 2138 716 2160 ut
729 2133 854 2161 Staienus

55 2167 124 2193 scire
139 2171 241 2202 posset,
257 2167 324 2203 quid
337 2168 436 2203 cuique
449 2168 601 2196 deberetur.
643 2170 719 2197 Varia
734 2171 854 2198 iudicum

54 2212 166 2240 genera:
184 2206 327 2232 nummarii
340 2206 427 2240 pauci,
443 2206 490 2233 sed
501 2215 594 2234 omnes
606 2207 674 2234 irati.
698 2208 739 2240 Ut,
751 2209 800 2244 qui
811 2217 856 2236 ac-

55 2241 144 2277 cipere
157 2242 185 2269 in
198 2251 294 2278 campo
306 2248 483 2275 consuerunt,
508 2245 542 2271 iis
555 2245 717 2277 candidatis,
738 2255 854 2281 quornm

55 2287 181 2307 nummos
195 2289 357 2315 suppressos
371 2289 430 2307 esse
445 2286 552 2316 putant,
571 2282 754 2310 inimicissimi
768 2284 855 2311 solent

55 2324 128 2344 esse:
148 2318 187 2344 sic
205 2318 339 2345 eiusmodi
358 2318 462 2345 iudices
479 2319 570 2346 infesti
585 2324 643 2346 tum
658 2329 702 2348 reo
716 2326 852 2348 venerant.

55 2353 140 2381 Ceteri
155 2356 377 2382 nocentissimum
392 2365 451 2383 esse
465 2356 675 2389 arbitrabantur,
695 2358 743 2385 sed
757 2367 855 2394 exspe-

55 2391 161 2419 ctabant
175 2394 321 2420 sententias
339 2402 447 2425 corum,
467 2402 536 2429 quos
554 2400 694 2430 corruptos
714 2396 851 2430 putabant,

56 2432 85 2455 ut
97 2437 131 2456 ex
144 2430 178 2456 iis
191 2431 392 2463 constituerent,
410 2440 423 2457 a
437 2440 492 2466 quo
502 2431 633 2458 iudicium
645 2438 801 2468 corruptum
815 2434 854 2460 vi-

55 2465 170 2493 deretur.
211 2468 321 2495 XXVlll
352 2469 418 2495 Ecce
437 2469 484 2495 tibi
499 2469 631 2496 eiusmodi
646 2470 762 2502 sortitio,
784 2475 813 2497 ut
827 2471 854 2498 in

55 2503 149 2538 primis
164 2504 250 2531 Bulbo
268 2511 293 2532 et
307 2506 415 2533 Staieno
432 2511 458 2533 et
471 2507 569 2533 Guttae
582 2511 653 2533 esset
666 2507 852 2534 iudicandum.

55 2540 166 2568 Summa
180 2543 301 2569 omnium
313 2544 486 2578 exspectatio,
502 2544 632 2579 quidnam
643 2545 790 2571 sententiae
803 2545 855 2571 fer-

54 2582 113 2605 rent
127 2578 199 2606 leves
213 2588 243 2606 ac
258 2581 402 2607 nummarii
418 2582 531 2608 iudices.
553 2581 641 2616 Atque
655 2582 695 2608 illi
709 2591 803 2609 omncs
817 2583 855 2608 si-

55 2623 88 2641 ne
102 2615 156 2643 ulla
169 2616 335 2645 dubitatione
348 2618 536 2645 condemnant.
558 2619 600 2645 76.
614 2619 661 2645 llic
672 2623 728 2646 tum
739 2620 854 2647 iniectus

54 2657 94 2679 est
108 2653 264 2681 hominibus
278 2655 425 2691 scrupulus
439 2656 606 2692 etquaedam
616 2656 757 2688 dubitatio,
773 2657 854 2693 quid-

55 2697 116 2717 nam
134 2696 204 2718 esset
222 2697 321 2719 actum.
362 2694 462 2720 Deinde
479 2694 601 2721 homines
620 2695 754 2730 sapientes
773 2700 798 2722 et
820 2704 853 2722 ex

1655 150 1703 174 38⁴

912 223 999 245 vetere
1013 219 1058 245 illa
1072 218 1216 254 disciplina
1227 218 1398 250 iudiciorum,
1414 219 1462 254 qui
1473 227 1559 253 neque
1569 218 1708 245 absolvere

912 256 1047 282 hominem
1058 257 1279 283 nocentissimum
1291 260 1407 291 possent,
1424 264 1511 291 neque
1523 265 1594 286 eum,
1610 255 1643 281 de
1654 265 1709 290 quo

911 298 981 320 esset
994 298 1049 320 orta
1063 294 1196 328 suspicio,
1218 294 1331 328 pecunia
1344 298 1543 329 oppugnatum,
1565 302 1592 319 re
1606 292 1651 319 illa
1667 293 1708 319 in-

910 331 1028 366 cognita,
1049 332 1136 366 primo
1154 331 1331 358 condemnare
1346 331 1457 362 vellent,
1483 340 1534 357 non
1551 331 1652 365 liquere
1667 331 1710 356 di-

911 373 1016 394 xerunt.
1058 368 1186 395 Nonnulli
1204 373 1293 395 autem
1307 369 1394 395 severi
1408 369 1530 394 homines
1546 368 1594 394 hoc
1608 372 1710 394 statue-

912 410 982 435 runt,
998 414 1053 440 quo
1066 406 1183 440 quisque
1198 406 1287 432 animo
1300 406 1366 441 quid
1381 406 1485 436 faceret,
1503 406 1616 440 spectari
1631 414 1709 440 opor-

912 447 974 473 tere,
991 448 1025 473 et,
1042 443 1065 469 si
1080 443 1125 469 alii
1140 444 1252 477 pecunia
1267 448 1373 478 accepta
1387 452 1481 470 verum
1493 443 1656 473 iudicabant,
1670 448 1710 468 ta-

912 489 972 506 men
991 480 1076 507 nihilo
1094 481 1185 507 minus
1204 489 1232 507 se
1250 481 1435 515 superioribus
1449 481 1508 507 suis
1523 481 1632 507 iudiciis
1646 489 1710 507 con-

911 522 980 543 stare
994 518 1124 552 putabant
1137 523 1270 553 oportere:
1287 518 1377 553 itaque
1391 518 1560 544 damnarunt.
1582 518 1709 552 Quinque

911 555 1020 581 omnino
1035 555 1155 585 fuerunt,
1175 556 1223 590 qui
1241 555 1319 582 illum
1338 560 1457 582 vestrum
1472 556 1640 582 innocentem
1655 555 1710 590 Op-

912 593 1047 626 pianicum
1071 593 1128 619 sive
1152 592 1333 627 imprudentia
1356 594 1413 619 sive
1441 593 1622 619 misericordia
1651 594 1709 619 sive

912 629 1001 664 aliqua
1016 630 1169 664 suspicione
1183 630 1241 656 sive
1251 630 1395 657 ambitione
1406 630 1513 657 adducti
1524 630 1707 657 absolverunt.

967 668 1010 693 77.
1030 667 1211 693 Condemnato
1229 667 1389 702 Oppianico,
1411 669 1501 694 statim
1521 669 1549 694 L.
1570 667 1706 700 Quintius,

912 704 991 731 homo
1006 705 1122 731 maxime
1136 704 1282 739 popularis,
1299 706 1346 740 qui
1358 714 1450 731 omnes
1461 714 1599 732 rumorum
1611 710 1636 732 et
1646 714 1710 731 con-

911 742 1018 768 cionum
1035 747 1128 768 ventos
1142 742 1267 777 colligere
1281 747 1452 774 consuesset,
1473 742 1587 769 oblatam
1603 743 1655 769 sibi
1671 742 1710 768 fa-

911 779 1035 805 cultatem
1051 779 1169 814 putavit,
1190 784 1219 805 ut
1237 789 1270 806 ex
1288 780 1390 806 invidia
1404 782 1534 806 senatoria
1550 785 1639 815 posset
1653 788 1710 806 cre-

911 825 997 848 scere,
1018 817 1091 851 quod
1110 817 1169 843 eius
1187 816 1289 843 ordinis
1308 817 1406 844 iudicia
1426 818 1516 844 minus
1536 818 1588 843 iam
1603 818 1709 852 probari

911 854 1011 889 populo
1025 854 1213 880 arbitrabatur.
1235 855 1353 881 Habetur
1367 863 1419 881 una
1434 860 1513 890 atque
1527 855 1607 881 altera
1618 855 1710 882 concio

911 892 1057 918 vehemens
1072 896 1097 918 et
1109 892 1214 928 gravis:
1235 893 1371 927 accepisse
1385 893 1527 928 pecuniam
1541 892 1659 923 iudices,
1681 897 1711 918 ut

910 930 1079 956 innocentem
1094 938 1169 956 reum
1183 930 1400 961 condemnarent,
1417 930 1542 956 tribunus
1558 929 1645 964 plebis
1655 929 1711 956 cla·

911 967 1035 994 mitabat:
1052 968 1095 1003 agi
1110 967 1229 994 fortunas
1242 968 1364 994 omnium
1379 968 1497 994 dicebat:
1514 967 1587 994 nulla
1598 975 1658 993 esse
1668 968 1711 993 iu-

911 1004 994 1031 dicia:
1011 1006 1059 1040 qui
1073 1005 1250 1040 pecuniosum
1261 1005 1401 1031 inimicum
1413 1005 1529 1037 haberet,
1546 1004 1710 1031 incolumem

912 1051 970 1069 esse
986 1043 1120 1069 neminem
1136 1051 1225 1077 posse.
1259 1043 1386 1070 Homines
1401 1043 1483 1069 totius
1498 1043 1583 1079 ignari
1599 1042 1707 1078 negotii,

910 1081 958 1116 qui
970 1080 1149 1115 Oppianicum
1160 1089 1309 1115 numquam
1320 1081 1461 1112 vidissent,
1477 1081 1567 1107 virum
1577 1080 1710 1115 optimum

911 1123 937 1144 et
956 1118 1091 1144 hominem
1110 1118 1338 1152 pudentissimum
1359 1118 1471 1153 pecunia
1490 1126 1650 1153 oppressum
1668 1127 1712 1143 ar-

911 1156 1086 1187 bitrarentur,
1107 1156 1209 1182 incensi
1228 1156 1394 1190 suspicione,
1416 1164 1472 1182 rem
1486 1156 1514 1182 in
1528 1155 1649 1182 medium
1663 1164 1712 1181 vo-

910 1202 969 1220 care
995 1198 1140 1228 coeperunt
1164 1198 1190 1220 et
1212 1202 1336 1220 caussam
1358 1193 1432 1220 illam
1456 1197 1536 1220 totam
1554 1193 1708 1228 deposcere.

910 1232 952 1257 78.
967 1231 1055 1266 Atque
1069 1231 1115 1257 illo
1129 1231 1189 1266 ipso
1204 1235 1322 1266 tempore
1335 1232 1363 1258 in
1378 1231 1457 1257 aedes
1471 1231 1501 1258 T.
1517 1231 1606 1262 Annii,
1623 1230 1711 1257 homi-

910 1269 952 1295 nis
968 1269 1166 1299 honestissimi,
1183 1269 1327 1295 necessarii
1342 1273 1368 1296 et
1381 1269 1460 1295 amici
1475 1269 1541 1300 mei,
1558 1273 1638 1295 noctu
1652 1268 1711 1294 Sta-

909 1307 997 1337 ienus,
1013 1306 1158 1332 arcessitus
1173 1307 1205 1333 ab
1220 1306 1376 1342 Oppianico.
1393 1307 1475 1333 venit.
1498 1307 1552 1333 Iam
1567 1310 1651 1332 cetera
1663 1315 1711 1332 no-

911 1349 935 1371 ta
954 1348 1018 1371 sunt
1034 1344 1176 1370 omnibus:
1198 1348 1227 1370 ut
1245 1353 1306 1370 cum
1325 1344 1372 1371 illo
1390 1343 1556 1379 Oppianicus
1575 1344 1659 1379 egerit
1677 1343 1710 1369 de

910 1382 1032 1417 pecunia,
1049 1386 1079 1408 ut
1092 1381 1137 1408 ille
1152 1389 1181 1408 se
1194 1381 1363 1408 redditurum
1378 1390 1437 1408 esse
1451 1381 1557 1412 dixerit.
1575 1386 1603 1407 ut
1617 1390 1710 1407 eorum

910 1427 1060 1445 sermonem
1076 1427 1183 1445 omnem
1198 1419 1332 1446 audierint
1347 1420 1396 1445 viri
1412 1420 1488 1450 boni,
1507 1419 1556 1454 qui
1576 1423 1632 1445 tum
1646 1428 1710 1444 con-

910 1457 982 1483 sulto
1000 1461 1106 1492 propter
1124 1457 1152 1483 in
1170 1456 1275 1483 occulto
1292 1457 1443 1483 stetissent:
1472 1461 1502 1483 ut
1520 1465 1561 1483 res
1581 1455 1710 1491 patefacta

910 1499 990 1529 atque
1008 1495 1034 1520 in
1054 1494 1141 1521 forum
1161 1494 1274 1529 prolata,
1296 1498 1321 1521 et
1339 1495 1453 1529 pecunia
1472 1495 1560 1520 omnis
1575 1503 1588 1520 a
1603 1494 1710 1520 Staieno

910 1536 1010 1559 extorta
1025 1536 1104 1567 atque
1119 1537 1207 1567 erepta
1222 1532 1266 1558 sit.
1307 1532 1408 1558 XXIX.
1433 1532 1518 1558 liuius
1534 1531 1634 1558 Staieni
1650 1540 1711 1566 per-

909 1578 984 1601 sona,
1001 1569 1101 1605 populo
1115 1570 1167 1595 iam
1183 1574 1242 1596 nota
1256 1574 1336 1604 atque
1348 1574 1494 1604 perspecta,
1510 1569 1542 1595 ab
1554 1568 1627 1595 nulla
1638 1569 1710 1603 turpi

910 1608 1065 1642 suspicione
1081 1607 1252 1633 abhorrebat:
1274 1616 1448 1642 suppressam
1464 1616 1522 1633 esse
1537 1607 1569 1633 ab
1584 1615 1614 1633 eo
1628 1615 1711 1641 pecu-

910 1645 995 1677 niam,
1012 1653 1094 1680 quam
1110 1653 1157 1679 pro
1171 1653 1215 1671 reo
1229 1645 1440 1679 pronuntiasset,
1456 1645 1504 1679 qui
1519 1649 1592 1670 erant
1606 1645 1632 1670 in
1647 1654 1711 1670 con-

909 1683 998 1714 cione¹
1025 1691 1077 1709 non
1095 1682 1291 1717 intelligebant.
1333 1683 1426 1717 Neque
1444 1683 1516 1708 enim
1535 1681 1708 1708 docebantur.

910 1721 1046 1747 Versatam
1061 1728 1121 1746 esse
1135 1720 1162 1746 in
1177 1720 1277 1747 iudicio
1291 1720 1453 1746 mentionem
1470 1720 1597 1755 pecuniae
1611 1720 1711 1745 sentie-

909 1758 986 1790 bant,
1019 1758 1187 1784 innocentem
1215 1766 1290 1784 reum
1316 1757 1523 1784 condemnatum
1551 1757 1708 1783 audiebant:

909 1795 1010 1822 Staieni
1024 1796 1157 1822 sententia
1171 1795 1379 1822 condemnatum
1394 1795 1534 1822 videbant:
1561 1804 1612 1821 non
1627 1795 1710 1830 gratis

908 1833 936 1860 id
950 1833 983 1860 ab
997 1842 1029 1860 eo
1043 1833 1142 1859 factum
1157 1841 1229 1865 esse,
1245 1833 1318 1868 quod
1333 1833 1468 1860 hominem
1485 1837 1591 1863 norant,
1608 1832 1711 1858 indica-

908 1871 982 1898 bant.
1022 1870 1126 1897 Similis
1140 1871 1167 1897 in
1181 1871 1280 1902 Bulbo,
1296 1871 1324 1897 in
1339 1871 1434 1902 Gutta,
1454 1871 1482 1897 in
1497 1870 1557 1897 aliis
1573 1869 1710 1897 nonnullis

908 1908 1029 1944 suspicio
1042 1909 1214 1935 consistebat.
1236 1909 1279 1935 79.
1296 1909 1387 1944 ltaque
1400 1909 1535 1939 conliteor,
1552 1907 1624 1943 (licet
1638 1907 1708 1934 enim

909 1947 962 1973 iam
976 1946 1101 1981 impune,
1119 1946 1169 1973 hoc
1183 1946 1338 1981 praesertim
1353 1947 1380 1973 in
1397 1945 1466 1977 loco,
1482 1945 1624 1979 conliteri,)
1637 1944 1710 1980 quod

908 1983 1049 2019 Oppianici
1065 1992 1116 2010 non
1131 1984 1210 2010 modo
1224 1984 1286 2015 vita,
1303 1983 1350 2010 sed
1365 1984 1444 2010 etiam
1459 1992 1555 2010 nomen
1571 1988 1630 2009 ante
1642 1981 1709 2008 illud

908 2026 1015 2056 tempus
1031 2021 1131 2056 populo
1143 2022 1264 2057 ignotum
1277 2021 1381 2053 fuisset,
1398 2021 1620 2057 indignissimum
1632 2028 1710 2055 porro

908 2059 1057 2090 videretur,
1082 2060 1298 2086 circumventum
1317 2067 1376 2085 esse
1395 2059 1563 2085 innocentem
1584 2058 1707 2093 pecunia,

908 2097 976 2123 hanc
993 2096 1092 2123 deinde
1110 2097 1294 2132 suspicionem
1314 2101 1422 2131 angeret
1437 2096 1536 2122 Staieni
1552 2095 1709 2130 improbitas

907 2138 933 2160 et
955 2133 1147 2161 nonnullorum
1171 2134 1230 2161 eius
1253 2134 1384 2161 similium
1412 2134 1532 2160 iudicum
1560 2133 1707 2168 turpitudo,

906 2180 1030 2198 caussam
1045 2176 1134 2198 autem
1149 2176 1237 2207 ageret
1248 2172 1276 2197 L.
1289 2172 1425 2204 Quintius.
1443 2171 1522 2198 homo
1535 2179 1620 2206 qmnn
1634 2179 1710 2195 snm-

908 2218 949 2235 ma
964 2213 1094 2244 potestate
1109 2209 1257 2244 praeditus,
1274 2213 1330 2235 tum
1345 2209 1377 2235 ad
1390 2208 1594 2235 inflammandos
1605 2208 1709 2233 :mimos

908 2246 1092 2273 multitudinis
1106 2246 1331 2277 accommodatus,
1348 2255 1482 2272 summam
1499 2245 1537 2272 illi
1553 2245 1653 2271 iudicio
1667 2245 1709 2270 in-

908 2284 1008 2310 vidiam
1023 2283 1218 2318 infamiamque
1233 2292 1292 2310 esse
1306 2283 1454 2310 conflatam.
1496 2283 1583 2318 Atque
1598 2283 1625 2308 in
1641 2282 1709 2308 hanc

907 2320 1041 2347 nummum
1065 2326 1197 2347 recentem
1220 2321 1249 2347 C.
1275 2321 1396 2351 lunium,
1424 2321 1471 2355 qui
1495 2320 1534 2346 illi
1557 2319 1708 2354 quaestioni

907 2358 1066 2393 praefuerat,
1083 2359 1211 2384 iniectum
1226 2366 1286 2384 esse
1301 2359 1421 2387 memini.
1438 2363 1463 2384 et
1478 2358 1555 2383 illum
1572 2357 1708 2383 hominem

907 2395 1070 2427 aedilicium,
1087 2396 1139 2422 iam
1150 2400 1296 2430 praetorem
1308 2396 1481 2430 opinionibus
1494 2395 1633 2421 hominum
1645 2404 1708 2421 etm-

906 2433 1045 2463 stitutum,
1062 2441 1113 2459 non
1128 2433 1319 2467 disceptatione
1333 2432 1454 2462 dicendi.
1470 2432 1517 2458 sed
1532 2432 1646 2458 elamore
1661 2432 1706 2458 ho-

907 2471 1011 2497 miuum
1026 2470 1059 2496 dc
1074 2470 1130 2497 foro
1143 2475 1223 2505 atque
1237 2470 1303 2496 adeo
1316 2470 1349 2496 de.
1363 2470 1470 2496 civitate
1485 2478 1544 2496 esso
1559 2469 1706 2496 sublatum.

961 2509 1003 2534 80.
1020 2508 1112 2542 Neque
1127 2517 1169 2534 me
1184 2508 1302 2543 poenitet
1316 2507 1365 2533 hoc
1381 2508 1469 2542 potius
1482 2513 1608 2542 tempore,
1624 2516 1706 2542 quam

906 2545 966 2576 illo,
991 2554 1115 2571 caussam
1135 2546 1165 2572 Α,
1186 2545 1302 2571 Cluentii
1321 2544 1472 2571 defendere.
1515 2546 1615 2571 Caussa
1634 2554 1706 2570 enim

906 2587 996 2609 munet
1009 2582 1115 2614 eadem,
1136 2591 1205 2618 quae
1220 2583 1316 2609 mutari
1332 2581 1407 2609 nullo
1425 2582 1503 2608 modo
1521 2587 1619 2617 potest,
1641 2588 1708 2608 tcm-

906 2620 978 2655 poris
997 2620 1126 2656 iniquitas
1145 2625 1224 2655 atque
1244 2619 1344 2646 invidia
1369 2621 1493 2649 recessit.
1519 2625 1560 2650 ut,
1587 2619 1658 2654 quod
1680 2621 1705 2645 in

906 2662 1024 2692 temporo
1039 2657 1102 2684 ninii
1118 2657 1180 2688 suit,
1203 2657 1270 2683 nihil
1289 2657 1371 2687 obsit.
1392 2657 1464 2692 quod
1484 2658 1510 2684 in
1529 2666 1624 2683 caussa
1644 2657 1705 2683 boni

906 2694 965 2727 fuit,
982 2695 1075 2731 prosit.
1099 2696 1190 2731 ltaque
1205 2695 1515 2730 nunt·qiteniadmodum
1527 2695 1629 2724 audiar,
1644 2704 1706 2720 sen-
