1941 3052
372 159 701 188 EPISTOLARUM
732 159 784 185 AD
814 156 1018 184 ATTICUM
1049 155 1199 182 LIB.1V.
1230 155 1429 181 EP.4—9.
1672 153 1720 178 845

87 234 165 263 mus‘?
185 233 229 260 Sic
240 231 393 259 faciendum
405 236 454 258 est.
485 231 546 257 Tibi
559 231 631 257 enim
643 230 705 264 ipsi,
718 229 763 256 cui
774 229 877 255 utinam

87 280 193 307 semper
213 269 377 305 paruissem!
414 269 454 295 sio
473 268 553 295 video
573 267 687 302 placere.
732 266 877 301 Reliquum

87 314 136 341 est,
153 308 279 344 Σπάρταν
295 307 392 340 ἔλαχες,
409 305 506 333 ταύταν
520 304 617 340 κόσμει.
657 305 714 331 Non
725 303 879 330 mehercule

87 354 212 383 possum,
235 349 261 371 et
271 343 417 370 Philoxeno
428 343 546 379 ignosco,
560 341 740 377 quireduciin
747 349 880 367 carcerem

88 383 193 410 maluit.
232 382 423 409 Verumtamen
443 380 471 406 id
486 381 577 415 ipsum
593 387 699 405 mecum
713 379 741 404 in
756 378 799 404 his
816 377 880 404 locis

88 424 261 450 commentor,
274 423 304 445 ut
315 419 364 445 ista
375 418 500 453 probem,
525 416 606 452 idque
618 421 655 447 tu,
668 424 753 451 quum
764 424 817 441 una
828 414 882 441 eri-

89 467 160 489 mus,
177 456 359 484 confirmabis.
399 455 421 482 Α
436 459 460 481 te
477 454 577 481 litteras
593 453 686 480 crebro
701 452 735 479 ad
747 461 788 478 me
800 451 883 478 scribi

89 495 183 522 video:
215 494 263 520 sed
283 501 376 520 omnes
397 501 451 519 uno
471 496 589 526 tempore
610 491 710 525 accepi.
751 489 824 522 Quae
841 497 883 515 res

90 533 171 560 etiam
192 532 268 558 auxit
282 530 401 557 dolorem
417 538 518 555 meum.
559 528 628 555 Casu
644 528 716 554 enim
728 527 810 553 trinas
824 530 883 552 ante

91 570 218 606 legeram,
235 568 351 603 quibus,
370 566 528 593 meliuscule
544 565 656 592 Lentulo
671 573 739 595 esse,
753 565 884 598 scriptum

91 611 156 634 erat.
190 606 258 632 Ecce
270 609 379 640 quartae
391 603 503 630 fulmen.
539 602 592 629 Sed
604 602 657 633 ille,
671 606 700 629 ut
711 601 818 636 scripsi,
832 609 884 626 non

90 645 187 676 miser,
204 652 252 670 nos
263 651 326 669 vero
337 641 425 668 ferrei.
446 643 471 667 3.
484 640 560 672 Quod
575 648 617 665 me
628 639 765 669 admones,
778 642 808 664 ut
818 637 886 663 scri-

90 681 155 709 bam
176 681 221 708 illa
236 680 422 706 Hortensiana:
454 679 482 704 in
496 677 547 704 alia
563 676 659 707 incidi,
677 685 730 702 non
744 676 886 701 immemor

92 720 173 746 istius
185 717 302 744 mandati
314 717 363 743 tui.
384 715 436 742 Sed
450 714 602 741 mehercule
617 712 770 748 incipiendo
781 711 882 747 refugi3

94 765 137 788 ne,
149 756 198 791 qui
209 755 301 782 videar
311 753 391 780 stulte
403 752 477 779 illius
489 752 569 778 amici
581 751 768 785 intemperiem
780 758 832 775 non
844 754 887 775 tu—

94 793 168 824 lisse,
190 801 284 819 rursus
299 790 379 817 stulte
396 790 523 816 iniuriam
539 788 613 815 illius
630 788 726 814 faciam
741 786 883 816 illustrem,

95 832 119 858 si
138 830 206 866 quid
222 829 367 863 scripsero;
399 832 424 854 et
437 825 528 857 simul,
546 834 578 852 ne
594 825 714 860 βαθύτης
725 832 799 855 mea,
817 832 886 858 quae

94 869 123 895 in
141 866 244 903 agendo
260 865 392 900 apparuit,
410 864 437 890 in
451 862 594 890 scribendo
604 863 640 888 sit
649 862 787 893 oculatior,
801 865 826 887 et
837 860 887 887 ali-

94 905 162 941 quid
172 903 318 931 satisfactio
330 901 446 928 levitatis
457 901 555 927 habere
566 899 698 926 videatur.
721 898 775 925 Sed
786 898 888 925 videri-

95 951 166 969 mus.
207 942 231 968 4.
253 941 293 966 Tu
313 938 392 965 modo
406 947 489 973 quam
503 937 662 972 saepissime
674 936 707 963 ad
718 945 760 962 me
772 935 886 971 aliquid.

94 978 256 1015 Epistolam,
278 977 392 1003 Lucceio
407 984 479 1002 nunc
489 984 571 1010 quam
583 975 659 1006 misi,
677 982 743 1009 qua,
761 982 834 999 meas
847 981 888 999 res

95 1022 126 1044 ut
135 1016 243 1046 scribat,
261 1023 334 1050 rogo,
352 1013 393 1040 fac
404 1018 434 1040 ut
443 1013 477 1039 ab
490 1021 521 1039 eo
532 1021 637 1039 sumas:
660 1011 740 1038 valde
751 1010 821 1037 bella
833 1014 886 1036 est:

96 1062 223 1089 eumque,
241 1057 271 1079 ut
280 1055 447 1086 approperet,
460 1049 623 1077 adhorteris:
646 1053 680 1080 et,
697 1048 770 1084 quod
782 1048 850 1074 mihi
861 1055 889 1073 se

95 1092 133 1119 ita
144 1090 276 1118 facturum
285 1088 432 1123 rescripsit,
441 1096 504 1124 agas
510 1088 619 1123 gratias.
640 1087 754 1113 Domum
761 1090 888 1115 nostram,

96 1128 185 1164 quoad
201 1127 314 1163 poteris,
333 1126 446 1152 invisas.
485 1125 606 1152 Vestorio
621 1123 726 1160 aliquid
736 1122 888 1159 significes:

98 1166 176 1193 valde
187 1166 260 1192 enim
271 1164 350 1191 estin
361 1171 404 1189 me
416 1162 547 1189 liberalis.

150 1239 201 1260 VH.
220 1240 250 1262 (In
259 1239 353 1263 Arpinati,
362 1238 481 1259 Marcellino,
490 1238 579 1261 Philippo
589 1243 635 1256 coss.
646 1236 702 1259 698.)

283 1281 449 1309 CICERO
477 1279 644 1308 ATTICO
673 1279 700 1306 S.

157 1322 179 1347 l.
200 1314 282 1346 Nihil
298 1318 478 1355 εὐκαιρότερον
489 1317 601 1353 epistola
613 1322 670 1348 tua,
684 1324 753 1352 quae
764 1324 806 1342 me
818 1314 895 1342 solli-

98 1359 183 1385 citum
198 1357 231 1383 de
245 1356 345 1389 Quinto
360 1360 462 1387 nostro,
476 1364 559 1390 puero
569 1355 680 1390 optimo,
694 1354 772 1381 valde.
783 1353 892 1380 levavit.

99 1396 214 1423 Venerat
228 1394 301 1421 horis
317 1393 423 1420 duabus
439 1398 499 1420 ante
515 1393 697 1427 Chaerippus;
726 1399 799 1417 mera
818 1399 894 1417 mon-

99 1438 153 1460 stra
164 1432 307 1459 nuntiarat.
338 1432 374 1458 De
385 1430 526 1466 Apollonio
536 1429 609 1465 quod
620 1429 730 1460 scribis,
744 1429 791 1463 qui
804 1427 844 1454 illi
856 1427 895 1454 dii

99 1470 173 1497 iratil
198 1469 302 1496 homini
318 1469 433 1499 Graeco,
451 1468 500 1503 qui
517 1467 677 1494 conturbare
692 1466 804 1501 quidem
820 1469 896 1500 putat

99 1507 155 1535 sibi
171 1507 263 1538 licere,
281 1505 353 1541 quod
365 1505 503 1540 equitibus
514 1505 654 1532 Romanis:
682 1512 744 1530 nam
755 1503 895 1530 Terentius

100 1553 150 1572 suo
166 1545 234 1570 iure.
267 1545 293 1571 2.
308 1544 344 1569 De
360 1542 478 1574 Metello,
496 1542 544 1576 οὐχ
560 1541 618 1576 ὁσίη
628 1541 810 1577 φθιμένοισινΙ
842 1539 896 1567 Sed

101 1587 190 1610 tamen
211 1580 304 1607 multis
324 1581 402 1607 annis
422 1580 492 1607 civis
512 1588 590 1606 nemo
610 1583 665 1606 erat
688 1583 824 1609 mortuus,
847 1577 896 1613 qui

100 1619 268 1655 quidem—.
281 1617 342 1644 Tibi
353 1618 459 1644 nummi
469 1626 528 1644 meo
534 1616 655 1652 periculo
661 1616 724 1643 sint.
746 1615 817 1648 Quid
823 1616 896 1641 enim

102 1657 218 1688 vereris,
236 1663 436 1691 quemcumque
454 1654 581 1681 heredem
593 1653 668 1687 fecit3
702 1654 755 1680 nisi
766 1652 896 1679 Publium

101 1693 182 1722 fecit?
209 1694 308 1721 Verum
330 1692 392 1719 sccit
412 1701 464 1719 non
487 1691 623 1727 improbe,
659 1699 826 1726 quamquam
847 1689 898 1716 tuit

101 1732 172 1767 ipse.
209 1730 297 1764 Quare
312 1731 340 1757 in
357 1730 406 1757 hoc
421 1730 526 1757 thecam
538 1729 718 1755 nummariam
729 1737 781 1755 non
794 1732 898 1754 retexe-

102 1770 150 1796 ris.
184 1769 213 1795 In
227 1767 288 1794 aliis
303 1768 356 1794 eris
371 1767 483 1794 cautior.
516 1768 541 1793 3.
560 1767 618 1793 Mea
634 1766 758 1792 mandata
773 1765 807 1791 de
818 1764 897 1791 domo

102 1806 224 1839 eurabis;
247 1805 356 1841 praedia
368 1804 482 1838 locabis,
508 1804 636 1831 Milonem
648 1803 817 1830 admonebis.
848 1801 898 1828 Ar-

102 1844 237 1879 pinatium
254 1842 377 1869 fremitus
390 1847 431 1869 est
444 1841 615 1868 incredibilis
630 1840 663 1867 de
679 1841 792 1868 Laterio.
826 1839 898 1872 Quid

103 1879 229 1916 quaeris‘?
257 1879 391 1915 Equidem
402 1879 491 1906 dolui:
527 1878 541 1906 ὃ
555 1878 582 1906 δὲ
593 1877 639 1906 οὐκ
650 1878 778 1914 ἐμπάζετο
791 1877 897 1913 μύθων,

103 1918 181 1951 Quod
196 1922 331 1953 superest,
349 1918 429 1944 etiam
444 1924 560 1952 puerum
576 1916 732 1943 Ciceronem
747 1915 856 1943 curabis
874 1918 900 1942 et

104 1955 217 1986 amabis,
231 1959 261 1981 ut
275 1954 350 1981 sacis.

158 2024 222 2049 Vlll,
232 2030 255 2045 u.
266 2024 336 2047 (Antii.
346 2024 466 2045 Marcellino,
476 2024 566 2048 Philippo
577 2030 623 2042 cons.
634 2025 690 2045 6⁹8.)

292 2067 459 2095 CICERO
489 2066 657 2094 ATTICO
687 2066 716 2093 S.

162 2108 185 2133 l.
206 2100 297 2132 Multa
311 2113 353 2131 nie
366 2105 392 2131 in
404 2104 516 2140 epistola
528 2109 572 2131 tua
583 2103 758 2135 delectarunt,
771 2102 820 2130 sed
832 2102 900 2130 nihil

107 2144 207 2180 magis,
225 2152 307 2178 quani
319 2142 409 2177 patina
423 2141 588 2178 tyrotarichi.
615 2142 682 2168 Nam
692 2141 726 2168 de
737 2140 901 2168 raudusculo

106 2181 179 2217 quod
193 2181 300 2211 scribis,

161 2218 237 2254 μήπω
247 2216 303 2254 μέγ’
317 2218 399 2253 εἴπῃς,
409 2216 472 2252 πρὶν
481 2214 658 2250 τελευτήσαντ’
672 2215 733 2251 ἴδῃς.

108 2255 248 2283 Aedificati
270 2255 320 2282 tibi
336 2255 362 2280 in
378 2254 450 2289 agris
466 2253 534 2279 nihil
552 2253 665 2288 reperio.
704 2254 732 2279 In
746 2251 847 2288 oppido
863 2256 903 2279 cst

107 2292 248 2329 quiddam,
261 2292 294 2318 de
304 2300 358 2327 quo
369 2296 409 2317 est
420 2290 545 2321 dubium,
559 2291 629 2317 sitne
641 2290 747 2323 venale3
770 2298 799 2316 ac
811 2290 903 2324 proxi-

108 2339 183 2357 mum
204 2329 316 2365 quidem
340 2329 438 2355 nostris
457 2328 581 2354 aedibus.
625 2328 678 2353 Iloc
693 2327 773 2359 scito,
792 2327 902 2353 Antium

108 2367 266 2395 Buthrotum
281 2374 341 2393 esse
357 2367 468 2396 Romae,
486 2369 515 2392 ut
526 2366 655 2400 Corcyrae
668 2364 735 2391 illud
746 2369 833 2391 tuum.
856 2364 904 2390 Ni-

109 2404 147 2432 hil
159 2405 287 2440 quietius,
302 2403 369 2430 nihil
381 2403 475 2434 alsius,
490 2402 557 2429 nihil
570 2402 719 2428 amoenius.
742 2401 905 2436 Εἴημισητὸς

109 2443 183 2477 φίλος
194 2440 271 2472 οἶκος.
292 2442 317 2469 2.
333 2442 425 2467 Postea
436 2449 499 2466 vcro
510 2448 591 2474 quani
602 2439 736 2475 Tyrannio
747 2438 904 2464 mihilibros

109 2479 258 2514 disposuit,
281 2487 357 2505 mens
378 2477 468 2504 addita
492 2477 600 2503 videtui·
615 2477 682 2502 meis
697 2475 824 2502 aedibus:
851 2484 904 2510 qun

109 2516 221 2552 quidem
242 2517 270 2542 in
290 2524 317 2542 re
337 2515 450 2542 mirilica
470 2523 549 2549 opera
564 2513 685 2550 Dionysii
716 2517 742 2540 et
757 2512 904 2547 Menophili

110 2554 150 2581 tui
171 2553 231 2580 fuit.
273 2552 347 2579 Nihil
370 2553 525 2583 venustius,
547 2560 628 2586 quani
646 2550 691 2576 illa
710 2554 753 2577 tna
770 2554 902 2584 pegmata,

109 2594 253 2626 postquam
263 2590 300 2616 mi
312 2589 420 2626 sillybis
432 2589 533 2615 *libros
546 2589 723 2615 illustrarunt.
747 2584 826 2614 Valde
838 2587 905 2613 scri-

110 2628 159 2654 bas
175 2627 208 2655 ad
224 2635 267 2654 me
282 2626 364 2654 velim
379 2627 413 2653 de
427 2626 636 2663 gladiatoribus,
667 2625 714 2651 scd
732 2625 781 2656 ita,
799 2624 866 2651 beno
881 2624 905 2651 si

111 2673 168 2692 reni
178 2669 288 2701 gerunt:
312 2673 363 2692 non
375 2673 483 2700 quaero,
497 2663 566 2690 malo
580 2664 603 2690 si
614 2671 643 2690 se
653 2670 771 2699 gessero.

980 225 1078 250 VllI,b.
1107 225 1139 251 (In
1153 226 1227 245 Antiati
1241 226 1289 243 circa
1304 229 1426 242 auctumnnm
1440 223 1482 241 anni
1497 224 1542 241 699.
1557 228 1593 246 quo
1608 228 1654 240 coss.
1670 224 1675 240 t
1680 229 1722 240 iiiii

1180 261 1280 284 Pompeius
1290 260 1313 277 II.
1325 260 1426 277 eternas-1⁵
1435 259 1469 279 II.)

1115 303 1280 331 CICERO
1313 300 1481 329 ATTICO
1511 300 1539 327 S.

989 352 1012 376 t.
1033 345 1146 384 Apenas
1162 351 1209 376 vix
1220 349 1388 377 discesserat,
1402 355 1487 382 quum
1499 344 1620 380 epistola.
1652 344 1723 376 Quid

933 387 990 414 ais‘?
1021 392 1134 422 putasne
1150 386 1218 417 sore,
1237 391 1265 412 ut
1282 385 1366 421 legem
1380 393 1430 411 non
1443 383 1526 410 ferat?
1555 384 1614 412 Dic,
1632 390 1677 408 oro
1689 387 1723 412 te,

933 424 1046 451 clarius:
1078 425 1125 450 vix
1146 425 1219 450 enim
1239 423 1307 449 mihi
1323 422 1466 449 exaudisse
1483 420 1585 446 videor.
1625 419 1726 446 Verum

934 462 1023 488 statim
1036 461 1075 487 sac
1087 466 1116 488 ut
1127 462 1219 491 sciam,
1234 461 1257 486 si
1268 460 1346 486 modo
1358 459 1407 486 tibi
1419 463 1459 484 est
1469 457 1651 484 commodum.
1673 456 1726 482 Lu-

934 499 976 525 dis
988 498 1099 533 quidem
1110 498 1238 533 quoniam
1252 497 1309 523 dies
1321 502 1360 523 est
1371 496 1487 526 additus,
1501 504 1531 521 eo
1542 495 1621 521 etiam
1629 492 1727 519 melius

936 536 979 562 hic
986 544 1048 562 eum
1055 536 1127 561 diem
1138 544 1200 561 cum
1208 535 1334 570 Dionysio
1341 532 1527 560 conteremus?
1547 534 1572 558 2.
1584 533 1619 558 De
1627 531 1727 557 Trebo-

938 574 982 600 nio
993 582 1103 608 prorsus
1118 572 1167 598 tibi
1178 573 1318 598 assentior.
1352 572 1388 597 De
1399 570 1523 596 Domitio.

991 610 1075 645 Σύκῳ,
1088 610 1124 645 μὰ
1136 610 1179 644 τὴν
1191 609 1322 645 Δήμητρα,
1334 608 1412 636 minor
1425 607 1484 634 οὐδὲ
1495 606 1521 633 ἓν

992 647 1074 677 οὕτως
1085 648 1175 682 ὅμοιον
1186 648 1303 683 γέγονεν,

936 693 1018 720 quam
1029 689 1069 710 est
1080 685 1129 710 ista
1141 686 1291 719 περίστασις
1303 687 1420 709 nostrae:
1442 681 1483 708 vel
1495 680 1568 715 quod
1579 678 1725 708 abiisdem,

937 721 979 748 vel
995 721 1068 756 quod
1084 726 1188 755 praeter
1202 721 1370 755 opinionem,
1388 719 1430 745 vel
1442 718 1515 753 quod
1526 718 1577 743 viri
1590 717 1652 743 boni
1664 724 1731 742 nus-

937 768 1029 793 quam.
1068 759 1156 785 Unum
1180 757 1326 787 dissimile,
1352 756 1424 792 quod
1445 756 1508 782 huic
1529 755 1631 780 merito.
1664 754 1730 779 Nam

937 796 970 822 de
986 797 1045 831 ipso
1060 804 1124 822 casu
1136 797 1236 826 nescio,
1250 804 1283 821 an
1295 794 1363 820 illud
1375 793 1483 819 melius.
1514 791 1584 824 Quid
1597 791 1668 816 enim
1681 790 1731 816 hoc

938 834 1077 864 miserius,
1091 841 1173 867 quam
1184 841 1255 863 eum,
1268 833 1316 866 qui
1328 836 1364 857 tot
1374 839 1466 861 annOS,
1479 834 1543 864 quot
1558 828 1645 857 habet,
1659 828 1733 853 ‹lesi-

937 875 1034 906 gnatus
1045 870 1138 896 consul
1152 869 1240 900 fuerit,
1255 869 1312 895 fieri
1323 868 1460 894 consulem
1473 876 1524 893 non
1537 864 1632 900 posse?
1657 872 1733 899 prae-

938 909 1031 935 sertim
1046 916 1132 942 quum
1143 912 1189 934 aut
1199 906 1272 933 solus
1284 911 1329 932 aut
1337 910 1406 932 certe
1421 913 1473 931 non
1486 903 1560 938 plus,
1578 910 1659 937 quam
1671 910 1733 927 cuni

939 945 1020 972 altero
1041 949 1122 979 petat.
1166 944 1195 970 Si
1214 952 1277 970 vero
1292 943 1320 969 id
1335 947 1387 973 est,
1406 941 1479 977 quod
1494 941 1584 967 nescio
1600 948 1632 966 an
1644 939 1690 967 sit,
1706 943 1735 964 ut

940 992 992 1010 non
1003 983 1094 1008 minus
1106 981 1199 1017 longas
1210 982 1264 1007 iam
1275 981 1302 1007 in
1308 979 1494 1007 codicillorum
1502 978 1577 1004 fastis
1584 977 1735 1003 futurorum

940 1020 1083 1048 consulum
1103 1018 1246 1055 paginulas
1265 1018 1374 1048 habeat,
1393 1025 1475 1052 quam
1490 1015 1633 1043 factorum:
1666 1013 1733 1048 quid

942 1058 988 1084 illo
999 1057 1135 1088 miserius,
1148 1057 1201 1083 nisi
1212 1054 1384 1091 respublica?
1404 1056 1431 1080 in
1443 1062 1496 1089 qua
1508 1061 1539 1079 ne
1546 1052 1736 1087 speraturqui-

942 1095 1005 1122 dem
1020 1094 1118 1121 melius
1137 1093 1298 1129 quidquam.
1330 1094 1355 1119 3.
1374 1093 1410 1118 De
1422 1092 1498 1118 Natta
1508 1099 1542 1117 ex
1552 1090 1606 1116 tuis
1618 1089 1736 1123 primum

942 1133 1011 1159 scivi
1032 1132 1141 1165 litteris,
1164 1131 1272 1158 oderam
1293 1130 1440 1156 hominem.
1472 1129 1507 1154 De
1528 1131 1648 1162 poemate
1665 1125 1737 1160 quod

943 1170 1065 1205 quaeris,
1083 1169 1164 1204 quid,
1184 1170 1208 1195 si
1223 1168 1315 1203 cupiat
1326 1166 1460 1202 effugere?
1484 1164 1571 1200 quid?
1591 1163 1682 1190 sinas?
1701 1163 1737 1188 De

944 1208 1027 1234 Fabio
1054 1207 1140 1233 Lusco
1159 1205 1233 1241 quod
1254 1214 1326 1232 eram
1350 1213 1463 1236 exosus,
1497 1203 1576 1229 homo
1597 1209 1738 1236 peramans

944 1253 1050 1280 semper
1061 1245 1144 1271 nostri
1157 1243 1220 1274 suit,
1234 1252 1282 1269 nec
1294 1243 1331 1269 mi
1342 1250 1473 1276 uinquam
1483 1240 1555 1266 odio.
1586 1239 1655 1265 Satis
1666 1238 1738 1264 enim

944 1287 1039 1309 acutus
1060 1286 1086 1308 et
1106 1281 1291 1317 permodestus
1307 1289 1336 1306 ac
1350 1279 1435 1306 bonae
1452 1278 1533 1313 frugi.
1575 1277 1658 1305 Eum,
1674 1276 1739 1310 quia

945 1329 998 1346 non
1010 1319 1147 1350 videbam,
1161 1319 1255 1345 abesse
1266 1317 1405 1353 putabam.
1436 1315 1537 1342 Audivi
1548 1323 1581 1340 ex
1593 1313 1678 1340 Gavio
1691 1313 1740 1338 hoc

946 1358 1084 1388 Firmano,
1103 1358 1200 1383 Romae
1216 1364 1275 1382 esse
1291 1355 1428 1381 hominem
1444 1357 1470 1379 ct
1486 1352 1570 1378 fuisse
1586 1350 1738 1377 assiduum.

945 1395 1081 1421 Percussit
1091 1394 1223 1420 animum.
1244 1393 1330 1422 Dices,
1345 1389 1598 1418 tantulanecaussa‘?
1619 1386 1741 1414 Permul-

946 1437 971 1459 ta
987 1432 1020 1458 ad
1036 1440 1078 1458 me
1094 1431 1226 1458 detulerat
1243 1439 1295 1457 non
1309 1429 1392 1455 dubia
1409 1428 1441 1454 de
1453 1427 1586 1454 Firmanis
1602 1424 1740 1451 fratribus.

946 1469 1018 1502 Quid
1038 1470 1082 1501 stt,
1104 1468 1177 1504 quod
1197 1477 1226 1494 se
1246 1476 1260 1493 a
1287 1476 1329 1493 me
1345 1466 1465 1496 remorit,
1483 1465 1506 1490 si
1523 1463 1601 1490 modo
1617 1462 1740 1492 removit,

947 1509 1050 1543 ignoro.
1078 1507 1102 1534 lt.
1118 1507 1153 1532 De
1165 1514 1204 1536 eo,
1218 1505 1290 1540 quod
1303 1513 1344 1531 me
1356 1512 1458 1533 moncS,
1471 1507 1501 1528 ut
1514 1506 1539 1528 et
1554 1502 1688 1529 πολιτικῶς
1699 1506 1742 1524 mc

947 1554 1052 1581 geram,
1069 1549 1094 1571 et
1108 1544 1153 1578 τὴν
1169 1543 1219 1570 ἴσω
1230 1541 1351 1579 γραμμήν
1363 1547 1481 1569 teneam,
1501 1540 1535 1565 ita
1548 1538 1654 1564 faciani.
1689 1535 1741 1562 Sed

947 1591 1015 1617 opus
1031 1586 1072 1609 est
1087 1582 1186 1608 maiore
1200 1580 1355 1615 prudentia,
1379 1586 1460 1613 quam
1476 1586 1490 1603 a
1502 1582 1540 1607 te,
1557 1581 1584 1602 ut
1597 1574 1681 1602 soleo.
1696 1582 1743 1608 pe·-

948 1625 1013 1647 tam.
1047 1620 1087 1646 Tu
1099 1618 1182 1645 velim
1194 1626 1207 1644 c
1220 1618 1310 1648 Fabio,
1324 1617 1439 1651 siquem
1453 1614 1536 1641 habes
1548 1613 1664 1642 aditum,
1678 1611 1743 1637 odo-

949 1666 1020 1689 rere,
1034 1662 1060 1684 et
1075 1657 1157 1683 istum
1173 1656 1315 1682 convivam
1332 1659 1407 1680 tuuni
1419 1653 1560 1688 degustes,
1574 1649 1642 1677 etad
1656 1657 1698 1675 me
1710 1648 1744 1674 do

948 1695 991 1722 his
1002 1695 1097 1725 rebus,
1116 1693 1184 1720 etde
1195 1692 1322 1719 omnibus
1334 1690 1455 1726 quotidie
1467 1689 1579 1715 scribas.
1611 1687 1662 1714 Ubi
1675 1684 1743 1712 nihil

948 1734 1007 1765 erit,
1020 1731 1094 1769 quod
1104 1731 1221 1764 scribas3
1247 1729 1275 1756 id
1288 1730 1378 1764 ipsum
1389 1728 1509 1754 scribito.
1532 1726 1599 1753 Cura
1607 1723 1742 1751 utvaleas.

1002 1819 1045 1841 lx.
1060 1819 1259 1844 (Neii'iuli,l’urn1·ei-1
1272 1819 1295 1836 ll.
1306 1817 1456 1835 cras-olleo„
1467 1818 1505 1833 6¹1⁴·
1519 1818 1522 1828 i

1134 1861 1301 1890 CICERO
1331 1858 1498 1887 ATTICO
1527 1857 1555 1884 S.

1008 1912 1031 1936 l.
1054 1904 1128 1936 Sane
1145 1907 1227 1936 velim
1243 1908 1325 1937 scire,
1340 1915 1404 1933 nuni
1416 1912 1526 1931 censum
1540 1901 1688 1937 impediant
1700 1902 1746 1926 tri—

951 1948 1019 1975 buni
1029 1947 1126 1974 diebus
1139 1945 1280 1978 vitiandis,
1304 1945 1354 1980 (est
1365 1943 1436 1970 enini
1450 1942 1493 1968 bic
1505 1940 1620 1974 rumor;)
1641 1944 1746 1973 totaque

951 1986 984 2012 de
999 1993 1127 2016 censura,
1145 1983 1211 2019 quid
1228 1987 1320 2018 agant,
1338 1980 1404 2016 quid
1416 1981 1543 2015 cogitent.
1565 1978 1618 2004 Nos
1631 1976 1674 2002 liic
1685 1984 1745 2001 cuni

951 2023 1079 2057 Pompeio
1096 2021 1208 2047 t'uinius.
1250 2019 1332 2046 Multa
1350 2027 1455 2044 mecum
1472 2017 1505 2042 de
1518 2014 1670 2050 republica.
1684 2022 1746 2039 sane

952 2060 1006 2087 sibi
1017 2059 1175 2094 displicens,
1190 2063 1219 2084 ut
1230 2056 1398 2092 loquebatur,
1412 2055 1460 2089 (sic
1471 2059 1511 2080 est
1525 2053 1597 2079 enini
1611 2050 1747 2077 inhocho-

953 2099 1025 2124 mine
1046 2095 1218 2130 dicendum.)
1238 2094 1344 2130 Syriam
1366 2101 1510 2127 spernens,
1533 2089 1688 2124 llispaniani
1711 2088 1747 2113 ia-

952 2140 1041 2161 ctans:
1068 2134 1112 2160 hie
1122 2140 1240 2167 quoquc,
1254 2137 1282 2158 ut
1295 2131 1466 2165 loquebatur3
1494 2133 1519 2154 et
1529 2128 1633 2162 opinor,
1647 2132 1747 2159 nsque—

953 2180 1061 2207 quaque
1077 2171 1110 2196 do
1126 2170 1176 2196 hoc
1187 2177 1272 2204 quum
1284 2168 1421 2197 dicemus,
1434 2167 1469 2192 sit
1480 2166 1529 2191 hoc
1541 2164 1618 2199 ‹piasi
1635 2163 1677 2189 κιιῖ
1692 2161 1748 2187 nida

956 2208 1114 2235 Φωκυλίδου.
1157 2206 1218 2232 Tibi
1238 2206 1318 2232 ctiam
1340 2205 1439 2240 gratias
1455 2203 1563 2237 agebat,
1582 2199 1653 2236 quod
1670 2199 1746 2231 signa

953 2244 1138 2280 componenda
1161 2243 1343 2277 suscepisses:
1380 2242 1406 2267 in
1431 2250 1478 2266 nos
1504 2248 1566 2266 vero
1586 2237 1748 2263 suavissime

955 2282 1064 2310 hercule
1079 2281 1191 2308 eti'usus.
1228 2280 1305 2306 Venit
1320 2280 1400 2305 etiam
1416 2278 1449 2303 ad
1466 2286 1507 2303 me
1525 2278 1550 2302 in
1567 2276 1718 2301 Cumanum
1735 2281 1747 2297 a

955 2330 992 2347 se.
1015 2319 1088 2346 Nihil
1101 2319 1191 2345 minus
1204 2317 1272 2343 velle
1284 2317 1351 2342 niilii
1365 2316 1440 2342 visus
1449 2320 1497 2344 est,
1510 2322 1591 2348 quani
1599 2310 1748 2338 Messallam

954 2357 1123 2384 consulatum
1141 2360 1242 2390 petere:
1270 2354 1302 2379 de
1318 2362 1372 2388 qno
1389 2354 1446 2386 ipso
1463 2353 1485 2377 si
1501 2350 1568 2385 quid
1583 2350 1649 2375 svis.
1669 2347 1748 2372 ieliin

955 2396 1033 2421 sciro.
1065 2396 1090 2420 ἓ.
1112 2392 1188 2425 Quod
1210 2391 1323 2418 Lucceio
1346 2390 1443 2416 scribis
1464 2394 1488 2415 te
1505 2392 1620 2413 nostram
1636 2385 1749 2419 gloriani

955 2431 1221 2460 commendaturum,
1239 2434 1264 2454 et
1275 2428 1428 2453 aedilicium
1442 2431 1560 2452 nosti-uni
1573 2423 1645 2458 qnod
1657 2421 1751 2448 erebro

957 2470 1066 2500 invisis;
1098 2472 1214 2502 gratttni.
1245 2466 1362 2498 Quintus
1380 2464 1457 2490 fratei-
1473 2463 1505 2488 :ul
1522 2470 1563 2487 nie
1575 2461 1696 2494 scripsit,
1711 2467 1748 2486 se.

955 2507 1083 2542 quonium
1096 2505 1250 2531 (licei-ononi
1263 2502 1457 2528 suavissimum
1469 2508 1561 2526 secttni
1577 2498 1699 2524 liaberet.
1717 2496 1749 2521 ad

957 2549 980 2570 te
997 2544 1080 2569 Nonis
1097 2543 1158 2568 Mai.
1178 2546 1332 2567 venturum.
1374 2539 1428 2571 1⁴:540
1445 2546 1487 2563 nie
1503 2537 1535 2562 de
1547 2537 1667 2562 (Iuniano
1679 2534 1750 2559 movi

956 2586 1015 2607 anto
1036 2580 1109 2606 (lieni
1131 2588 1156 2605 ν.
1178 2578 1235 2604 Kal.
1257 2578 1350 2603 Maias.
1388 2577 1426 2602 Eo
1442 2575 1485 2601 die
1503 2573 1612 2608 Neapoli
1630 2571 1700 2606 apud
1721 2571 1748 2596 l..

956 2619 1077 2650 I'aetuiii;
1100 2622 1159 2643 anto
1173 2616 1245 2642 (lieni
1263 2623 1298 2640 ιν.
1315 2613 1373 2640 Kal.
1395 2613 1490 2643 Maias,
1504 2613 1561 2639 iens
1574 2611 1600 2638 in
1612 2609 1750 2644 Pompeia-

957 2664 1031 2687 nuni,
1046 2655 1113 2682 benc
1126 2662 1202 2680 niano
1215 2653 1279 2680 haec
1290 2651 1398 2686 scripsi.
