1941 3052
375 144 560 172 ORATIO
592 144 682 171 PRO
714 142 1043 171 A.CLUENT10.
1078 143 1175 170 CAP.

49 219 93 246 lis.
132 218 231 250 Quare,
252 225 285 243 ne
298 217 326 243 in
340 216 410 243 bello
424 221 531 251 propter
543 216 662 242 hostium
677 220 778 241 metum
792 214 840 241 de-

49 257 194 291 linqueret,
214 254 328 289 amplior
344 255 368 280 ei
386 254 478 280 mortis
492 258 517 280 et
530 252 656 288 supplicii
671 257 758 278 metus
773 256 812 278 est
825 261 839 279 a

49 293 194 320 maioribus
207 292 382 319 constitutus:
407 300 439 318 ne
453 296 542 317 autem
556 291 671 316 nimium
686 289 763 316 multi
778 297 841 324 poe-

50 340 110 358 nam
123 330 218 365 capitis
237 329 371 360 subirent,
392 329 490 355 ideireo
507 328 554 354 illa
571 328 675 354 sortitio
692 331 840 361 comparata

48 372 97 395 est.
139 369 196 394 ⁴29.
215 367 269 393 Hoc
282 371 311 393 tu
324 366 397 393 idem
411 365 506 396 facies,
527 374 633 396 censor,
653 365 681 391 in
695 369 789 390 senatu
804 363 842 390 le·

47 404 152 442 gendo?
176 404 204 431 Si
221 408 300 430 erunt
317 403 421 438 plures,
441 404 489 438 qui
507 403 541 429 ob
558 403 726 429 innocentem
744 401 842 428 conde-

47 442 195 469 mnandum
210 442 351 477 pecuniam
365 442 522 475 acceperint,
539 445 567 466 tu
581 448 632 466 non
646 439 842 465 animadvertes

47 481 76 506 in
89 488 196 511 omne3‚
216 479 263 505 sed
277 488 382 514 carpaS‚
403 483 433 505 ut
446 478 526 508 velis.
547 481 572 503 et
590 485 688 511 paucos
703 485 735 502 ex
749 475 842 502 multis

48 517 82 544 ad
95 517 271 553 ignominiam
285 515 411 543 sortiere‘?
432 515 545 542 Habebit
558 515 648 549 igitur,
665 518 689 540 te
703 514 803 539 sciente
817 517 844 539 et

49 555 165 585 vidente,
181 554 254 581 curia
265 558 424 584 senatorem,
440 552 556 588 populus
567 553 702 577 Romanus
714 551 839 580 iudicem,

49 591 201 627 respublica
214 593 300 618 civem
315 592 373 617 sine
387 590 533 626 ignominia
546 597 722 624 quemquam,
743 588 790 622 qui
809 587 842 613 ad

51 630 197 665 perniciem
216 629 365 656 innocentis
383 628 463 654 fidem
481 635 558 653 suam
577 630 602 652 et
619 625 775 661 religionem
795 633 842 659 pe-

49 667 128 693 cunia
141 665 329 693 commutarit?
351 670 388 696 et,
409 665 456 700 qui
471 665 554 699 pretio
568 663 700 690 adductus
714 662 843 697 eripuerit

50 705 172 739 patriam,
188 704 316 734 fortunas,
334 703 431 729 liberos
445 703 497 728 civi
511 701 655 731 innocenti,
671 701 694 726 is
708 700 843 726 censoriae

49 742 199 768 severitatis
216 745 277 768 nota
295 749 347 767 non
366 738 474 766 uretur‘?
499 739 539 765 Tu
557 747 585 764 es
599 737 748 772 praefectus
762 737 844 763 mori-

49 779 110 810 bus,
127 779 253 814 magister
266 778 363 804 veteris
377 776 534 811 disciplinae
548 784 577 802 ac
587 775 745 805 severitatis,
761 775 784 800 si
798 778 844 800 aut

49 817 147 843 retines
160 824 324 851 quemquam
336 815 423 840 sciens
432 814 460 840 in
471 817 573 843 senatu,
590 812 688 839 scelere
699 816 769 838 tanto
780 820 844 838 con-

49 854 220 884 taminatum,
236 857 281 879 aut
293 852 402 883 statuis,
422 852 469 886 qui
484 852 511 877 in
524 850 616 877 eadem
631 849 709 884 culpa
723 850 770 880 sit,
790 857 842 875 non

49 891 142 917 eadem
156 899 240 925 poena
254 889 323 916 affici
337 888 497 916 convenire?
510 892 555 914 aut
568 896 650 922 quam
664 887 842 913 conditionem

49 927 176 963 supplicii
194 928 307 954 maiores
325 927 353 953 in
372 926 442 953 bello
460 925 595 952 timiditati
613 925 707 951 militis
722 924 844 959 proposi-

49 970 103 992 tam
117 973 176 991 esse
186 964 337 995 voluerunt,
353 963 474 990 eamdem
485 968 513 989 tu
523 963 551 989 in
561 971 625 997 pace
635 963 780 989 constitues
791 962 843 987 im-

49 1002 174 1038 probitati
187 1001 335 1029 senatoris‘?
348 1001 424 1034 Quod
438 1001 461 1027 si
475 1000 630 1035 exemplum
644 1000 694 1026 hoc
707 1008 740 1025 ex
754 1008 781 1025 re
793 999 844 1025 mi-

50 1040 120 1067 litari
138 1040 171 1066 ad
188 1039 447 1066 animadversionem
465 1039 611 1065 censoriam
629 1036 843 1064 transferendum

49 1077 114 1104 fuit:
137 1078 274 1104 sortitione
293 1077 319 1103 id
337 1078 427 1112 ipsum
443 1076 541 1102 factum
556 1084 615 1101 esse
628 1075 754 1110 oportuit.
795 1074 842 1100 Sin

49 1119 138 1142 autem
160 1115 247 1141 sortiri
271 1115 304 1141 ad
328 1123 440 1149 poenam
459 1118 539 1148 atque
557 1113 697 1139 hominum
715 1111 843 1138 delictum

51 1153 170 1180 fortunae
188 1152 288 1179 iudicio
305 1152 469 1178 committere
487 1151 597 1177 minime
614 1150 765 1176 censorium
788 1154 841 1181 est3

49 1195 119 1217 certe
136 1191 164 1216 in
182 1190 328 1216 multorum
347 1193 452 1224 peccato
469 1189 542 1223 carpi
562 1196 659 1223 paucos
677 1187 710 1213 ad
728 1187 844 1222 ignomi-

50 1228 122 1254 niam
136 1231 162 1254 et
175 1227 367 1262 turpitudinem
383 1235 434 1253 non
448 1230 560 1261 oportet.
599 1225 703 1251 XLVII.
721 1227 777 1251 ⁴30.
794 1225 844 1251 Ve-

50 1273 111 1292 rum
132 1273 225 1291 omnes
247 1264 437 1300 intelligimus,
466 1264 494 1290 in
517 1263 576 1290 istis
598 1262 844 1297 subscriptionibus

51 1306 161 1329 ventum
175 1301 318 1337 quemdam
333 1301 489 1337 popularem
504 1309 562 1327 esse
576 1301 737 1335 quaesitum.
763 1300 845 1326 Iacta-

50 1344 76 1366 ta
89 1348 132 1366 res
145 1345 200 1366 erat
213 1339 239 1365 in
254 1340 379 1366 concione
392 1348 405 1365 a
420 1338 528 1365 tribuno
546 1338 686 1364 seditioso:
711 1337 845 1372 incognita

53 1385 146 1404 caussa
166 1377 305 1412 probatum
325 1376 394 1403 illud
407 1381 462 1402 erat
476 1375 657 1402 multitudini:
681 1384 785 1401 semis:
800 1384 846 1400 ιι-

51 1423 139 1441 crruu
154 1423 203 1440 esr
217 1423 330 1440 com-aa
344 1423 468 1440 nicene:
484 1421 562 1439 nemo
571 1412 697 1447 denique,
714 1417 742 1438 ut
753 1411 846 1438 defen-

50 1452 125 1478 deret
137 1452 294 1478 contrariam
309 1456 420 1486 partem,
437 1450 581 1477 laborabat.
603 1451 632 1476 ln
643 1449 772 1476 invidiam
785 1458 846 1484 por-

51 1498 80 1516 ro
105 1498 228 1525 magnam
255 1489 300 1516 illa
323 1488 423 1515 iudicia
447 1492 582 1514 venerant.
622 1487 728 1514 Etenim
753 1487 845 1521 paucis

51 1532 141 1562 postea
164 1526 304 1553 mensibus
327 1526 378 1552 alia
401 1526 545 1552 vehemens
568 1530 622 1552 erat
640 1526 667 1551 in
686 1524 793 1551 iudiciis
812 1533 846 1550 ex

52 1564 184 1591 notatione
197 1563 354 1591 tabellarum
369 1563 470 1590 invidia
489 1567 601 1589 versata.
641 1562 817 1589 Praetermitti
831 1570 845 1587 a

50 1601 220 1633 censoribus,
240 1606 266 1628 et
284 1601 385 1637 negligi
403 1600 507 1627 macula
525 1600 685 1627 iudiciorum
701 1608 778 1635 posse
793 1608 845 1625 non

51 1639 200 1666 videbatur.
240 1639 381 1669 Homines,
401 1647 469 1673 quos
482 1638 577 1664 ceteris
591 1638 664 1664 vitiis
679 1643 758 1672 atque
772 1637 844 1663 omni

50 1676 178 1703 dedecore
191 1675 305 1703 infames
319 1675 458 1707 videbant,
479 1684 523 1702 eos
542 1675 591 1702 hac
604 1684 712 1710 quoque
726 1674 846 1701 subscri-

50 1714 140 1749 ptione
154 1718 243 1740 notare
257 1713 412 1744 voluerunt,
434 1717 460 1740 et
476 1722 507 1740 eo
521 1713 620 1749 magis,
640 1713 714 1748 quod
727 1713 773 1739 illo
787 1712 846 1747 ipso

51 1755 182 1786 tempore,
198 1751 253 1778 illis
267 1751 436 1781 censoribus,
453 1755 526 1777 erant
539 1750 638 1777 iudicia
652 1759 713 1777 cum
728 1749 846 1786 equestri

50 1788 143 1815 ordine
153 1789 355 1820 communicata,
372 1793 402 1815 ut
413 1788 568 1815 viderentur
578 1797 625 1823 per
636 1788 776 1815 hominum
788 1788 846 1814 ido-

51 1834 161 1853 neorum
175 1826 350 1862 ignominiam
363 1834 412 1852 sua
426 1827 580 1852 auctoritate
590 1825 635 1852 illa
646 1825 745 1852 iudicia
756 1835 846 1860 repre-

51 1863 187 1890 hendisse.
211 1865 267 1890 ⁴34.
279 1863 356 1896 Quod
369 1864 392 1890 si
408 1863 476 1890 hanc
490 1863 562 1898 apud
576 1863 683 1890 eosdem
697 1864 770 1898 ipsos
784 1872 847 1890 cen-

51 1909 125 1928 sores
135 1901 202 1927 mihi
213 1905 258 1927 aut
267 1901 312 1927 alii
322 1909 444 1928 caussam
456 1909 533 1937 agere
545 1900 673 1932 licuisset,
690 1901 846 1928 hominibus

50 1937 97 1964 tali
115 1938 256 1973 prudentia
274 1943 343 1965 certe
361 1938 544 1974 probavissem
567 1938 619 1973 (res
642 1939 714 1965 enim
738 1938 846 1973 indicat)

52 1975 120 2002 nihil
135 1975 207 2010 ipsos
221 1975 350 2003 habuisse
363 1976 477 2011 cogniti,
494 1975 561 2002 nihil
576 1976 719 2010 comperti:
747 1984 781 2002 ex
795 1980 846 2002 tota

51 2013 102 2039 ista
115 2013 312 2048 subscriptione
325 2021 458 2040 rumorem
472 2013 616 2048 quemdam
628 2018 653 2039 et
665 2013 788 2048 plausum
800 2022 847 2048 po-

52 2049 174 2085 pularem
188 2059 247 2076 esse
260 2051 422 2085 quaesitum.
463 2051 529 2077 Nam
543 2050 571 2077 in
586 2051 614 2077 P.
630 2050 783 2085 Popillium,
798 2051 846 2085 qui

51 2088 231 2122 Oppianicum
256 2087 461 2119 condemnarat,
489 2087 651 2122 subscripsit
675 2088 704 2114 L.
731 2087 845 2120 Gellius,

51 2124 125 2189 quod
143 2125 166 2151 is
184 2125 325 2159 pecuniam
342 2125 502 2160 accepisset,
525 2133 580 2160 quo
599 2126 766 2152 innocentem
785 2134 848 2152 con-

71 2166 199 2188 emnaret.
220 2163 274 2188 Iam
290 2162 316 2188 id
330 2163 421 2197 ipsum
435 2167 549 2197 quantae
560 2162 733 2189 divinationis
744 2168 785 2189 est
795 2163 848 2189 sci-

52 2207 89 2230 re,
104 2200 272 2226 innocentem
288 2199 371 2226 fuisse
385 2208 470 2231 reum,
485 2208 566 2235 quam
578 2199 687 2227 fortasse
699 2209 846 2236 numquam

52 2236 163 2268 viderat,
179 2245 264 2272 quum
280 2237 401 2264 homines
415 2237 617 2271 sapientissimi,
634 2237 746 2269 iudices,
763 2242 792 2264 ut
806 2238 847 2264 ni-

54 2273 91 2301 bil
105 2274 192 2301 dicam
207 2274 240 2301 de
254 2274 310 2306 his,
325 2275 373 2310 qui
387 2275 606 2306 condemnarunt.
622 2283 718 2302 caussa
731 2275 845 2312 cognita.

52 2311 106 2338 sibi
119 2311 236 2339 dixerint
249 2321 301 2339 non
317 2311 436 2347 liquere‘?

109 2350 165 2377 ⁴32.
185 2349 283 2377 Verum
298 2354 363 2376 esto.
390 2348 555 2376 Condemnat
567 2349 711 2384 Popillium
727 2349 846 2377 Gellius:

53 2385 166 2418 iudicat,
188 2387 324 2422 accepisse
342 2396 355 2413 a
371 2386 494 2413 Cluentio
508 2387 659 2421 pecuniam.
700 2387 784 2423 Negat
799 2387 848 2413 hoc

54 2423 193 2451 Lentulus.
227 2425 293 2451 Nam
308 2424 461 2459 Popillium,
477 2424 550 2459 quod
565 2428 620 2450 erat
633 2423 750 2451 libertini
765 2424 846 2456 lilius,

54 2468 82 2488 tn
94 2466 217 2488 senatum
231 2471 283 2489 non
299 2461 376 2497 legit:
403 2461 490 2488 locum
505 2461 615 2496 quidem
629 2462 792 2488 senatorium
807 2461 850 2488 lu-

54 2497 96 2525 dis
109 2503 135 2526 et
145 2503 234 2531 cetera
243 2504 396 2526 ornamenta
411 2499 550 2534 relinquit,
571 2503 597 2525 et
609 2506 672 2525 eum
685 2499 758 2526 omni
773 2499 850 2534 igno-

55 2535 137 2563 minia
151 2535 252 2563 liberat.
293 2536 369 2569 Quod
383 2545 468 2576 quum
488 2536 563 2567 facit,
583 2536 695 2567 iudicat,
716 2537 774 2563 eius
788 2545 850 2562 sen-

54 2573 135 2600 tentia
145 2574 227 2610 gratis
236 2582 294 2601 esse
305 2573 483 2609 Oppianicum
494 2573 710 2600 condemnatum.
730 2574 762 2600 Et
773 2582 849 2600 eum-

55 2609 115 2637 dem
134 2610 279 2646 Popillium
299 2617 387 2646 postea
406 2611 536 2639 Lentulus
559 2611 586 2638 in
609 2611 726 2638 ambitus
750 2611 849 2638 iudicio

54 2653 103 2682 pro
115 2648 267 2676 testimonio
279 2649 486 2685 diligentissime
505 2648 604 2675 laudat.
644 2647 744 2681 Quare,
765 2649 788 2675 si
803 2657 850 2675 ne-

54 2691 109 2719 que
125 2685 155 2712 1..
171 2685 252 2713 Gellii
269 2686 370 2714 iudicio
387 2687 459 2714 stetit
477 2685 619 2716 Lentulus.
640 2694 728 2722 neque
742 2685 848 2713 Lentuli
878 2683 880 2692 '

1211 144 1242 169 43
1261 158 1298 162 —
1319 144 1359 169 49.
1633 145 1681 169 387

891 214 1086 240 existimatione
1103 218 1243 240 contentus
1261 213 1312 240 fuit
1326 213 1443 244 Gellius,
1468 217 1506 244 et,
1527 214 1550 239 si
1570 217 1683 248 uterque

890 259 983 277 censor
996 252 1113 277 censoris
1127 251 1251 286 opinione
1264 251 1388 277 standum
1405 259 1456 277 non
1475 251 1591 285 putavit:
1617 251 1684 285 quid

891 293 942 319 est,
967 289 1142 323 quamobrem
1164 289 1308 323 quisquam
1329 293 1448 315 nostrum
1467 288 1599 314 censorias
1618 288 1685 314 sub-

891 326 1048 360 scriptiones
1067 334 1160 352 omnes
1179 326 1244 352 fixas
1263 330 1289 352 et
1306 326 1334 352 in
1353 330 1512 360 perpetuum
1526 329 1595 351 ratas
1608 330 1685 360 putet

891 372 950 389 esse
963 363 1100 398 oportere?

947 401 1061 427 XLVIII.
1080 402 1136 427 433.
1156 400 1190 427 At
1207 401 1235 427 in
1254 400 1344 435 ipsum
1362 400 1471 426 Avitum
1490 399 1686 426 animadverte-

892 443 964 464 runt.
1005 438 1112 464 Nullam
1126 438 1238 473 quidem
1251 438 1284 464 ob
1299 437 1507 472 turpitudinem,
1532 437 1637 463 nullum
1652 437 1698 464 ob*

893 476 973 501 totius
987 477 1065 506 vitae,
1082 484 1133 501 non
1147 475 1234 501 dicam
1250 476 1355 506 vitium,
1371 475 1419 501 sed
1433 480 1558 501 erratum.
1593 475 1687 510 Neque

893 513 964 538 enim
987 512 1036 539 hoc
1058 513 1165 539 homine
1189 513 1302 539 sanctior
1325 521 1411 547 neque
1430 513 1536 547 probior
1553 520 1640 547 neque
1659 512 1687 538 in

893 550 1019 576 omnibus
1033 550 1128 576 officiis
1143 550 1288 576 retinendis
1302 549 1454 586 diligentior
1468 558 1526 576 esse
1540 550 1686 584 quisquam

894 592 992 621 potest:
1010 596 1096 622 neque
1110 587 1150 613 illi
1164 587 1240 613 aliter
1253 587 1354 618 dicunt,
1370 587 1417 613 sed
1432 587 1551 613 eamdem
1562 586 1636 613 illam
1648 586 1687 613 fa-

894 633 964 650 mam
983 624 1076 650 iudicii
1094 625 1212 659 corrupti
1229 625 1313 650 secuti
1332 629 1408 651 sunt:
1433 633 1519 659 neque
1537 625 1590 659 ipsi
1609 633 1686 650 secus

894 662 1061 693 existimant,
1078 670 1159 696 quam
1174 670 1221 688 nos
1236 662 1382 688 existimari
1398 661 1537 692 volumus,
1558 661 1590 688 de
1605 662 1687 688 huius

894 699 1003 733 pudore.
1018 700 1177 735 integritate,
1189 699 1301 731 virtute;
1317 699 1364 725 sed
1375 704 1502 733 putarunt
1514 699 1686 733 praetermitti

894 741 1072 762 accusatorem
1083 745 1134 762 non
1145 737 1273 771 potuisse,
1289 745 1374 771 quum
1386 736 1603 762 animadversum
1618 741 1688 762 esset

893 774 920 800 in
935 773 1048 800 iudices.
1088 773 1144 806 Qua
1162 774 1195 799 de
1209 782 1237 799 re
1251 778 1303 800 tota
1317 774 1340 800 si
1355 782 1440 799 unum
1455 773 1554 800 factum
1568 782 1602 800 ex
1614 774 1687 800 omni

894 812 1050 846 antiquitate
1074 810 1221 845 protulero,
1245 811 1322 846 plura
1341 820 1392 837 non
1411 811 1507 837 dicam.
1550 812 1606 837 ⁴34.
1630 811 1688 837 Non

894 849 966 874 enim
984 848 1050 874 mihi
1069 848 1224 883 exemplum
1242 849 1343 875 summi
1361 853 1386 874 et
1403 848 1546 874 clarissimi
1567 848 1632 879 viri,
1658 848 1686 874 P.

894 885 1024 917 Africani,
1050 886 1273 921 praetereundum
1296 886 1415 912 videtur:
1440 886 1488 920 qui
1511 894 1596 920 quum
1619 890 1689 912 esset

894 932 999 955 censor,
1027 928 1053 950 et
1075 924 1102 950 in
1125 924 1247 959 equitum
1269 932 1352 949 censu
1375 923 1404 950 C.
1424 923 1545 949 Licinius
1562 922 1689 949 Sacerdos

894 961 1050 996 prodiisset,
1066 960 1135 988 clara
1148 970 1221 992 voce,
1238 965 1267 987 ut
1280 961 1367 987 omnis
1381 961 1472 987 concio
1486 960 1578 987 audire
1588 964 1687 995 posset,

894 999 963 1024 dixit
981 1007 1009 1024 se
1028 999 1108 1029 scire,
1133 998 1211 1025 illum
1231 999 1320 1025 verbis
1339 999 1474 1033 conceptis
1493 999 1640 1033 peierasse:
1666 999 1691 1024 si

893 1037 956 1071 quis
970 1041 1058 1062 contra
1072 1036 1159 1062 dicere
1174 1036 1261 1067 vellet,
1277 1045 1391 1062 usurum
1405 1044 1463 1062 esse
1477 1044 1537 1062 eum
1553 1044 1603 1062 suo
1616 1036 1691 1061 testi-

895 1074 997 1100 monio:
1029 1074 1126 1100 deinde
1148 1083 1233 1109 quum
1256 1078 1346 1100 contra
1368 1082 1446 1100 nemo
1467 1073 1580 1104 diceret,
1610 1073 1691 1100 iussit

895 1120 995 1146 equum
1010 1112 1157 1138 traducere.
1198 1112 1289 1146 Itaque
1303 1113 1334 1142 is,
1351 1112 1429 1137 cuius
1443 1111 1552 1137 arbitrio
1565 1115 1590 1137 et
1604 1119 1690 1145 popu-

897 1149 938 1175 lus
948 1149 1083 1175 Romanus
1097 1153 1123 1175 et
1136 1154 1240 1175 exterae
1253 1154 1346 1185 gentes
1360 1153 1497 1175 contentae
1508 1157 1567 1174 esse
1577 1156 1691 1174 consue-

873 1211 874 1219 ,
897 1191 996 1218 verant,
1013 1187 1071 1221 ipse
1085 1195 1134 1213 sua
1147 1187 1257 1213 scientia
1272 1186 1304 1213 ad
1319 1186 1493 1222 ignominiam
1508 1185 1618 1212 alterius
1628 1194 1692 1211 eon-

897 1228 986 1251 tentus
1005 1233 1057 1251 non
1076 1224 1136 1250 fuit.
1176 1224 1253 1256 Quod
1266 1225 1290 1250 si
1305 1224 1354 1250 hoc
1369 1224 1445 1250 Avito
1459 1223 1545 1249 facere
1560 1222 1688 1253 licuisset,

897 1261 983 1292 facile,
999 1261 1054 1288 illis
1069 1262 1136 1296 ipsis
1150 1262 1296 1293 iudicibus,
1313 1266 1338 1287 et
1352 1261 1434 1287 falsae
1448 1261 1597 1296 suspicioni
1611 1265 1636 1287 et
1650 1261 1692 1287 in-

898 1299 985 1325 vidiae
999 1299 1163 1334 populariter
1175 1300 1303 1326 excitatae
1317 1299 1466 1325 restitisset.

954 1338 1010 1363 ⁴35.
1030 1337 1118 1363 Unum
1133 1337 1212 1363 etiam
1227 1341 1279 1368 est,
1299 1336 1371 1371 quod
1390 1345 1432 1362 me
1450 1335 1567 1362 maxime
1583 1340 1692 1362 contur-

895 1374 953 1405 bat,
969 1375 1013 1400 cui
1029 1374 1085 1400 loco
1098 1374 1258 1409 respondere
1272 1383 1350 1409 posse
1365 1374 1411 1400 vix
1425 1373 1529 1404 videor,
1550 1373 1622 1408 quod
1637 1372 1692 1398 elo-

896 1412 972 1447 gium
986 1413 1102 1438 recitasti
1117 1412 1149 1438 de
1164 1416 1320 1438 testamento
1335 1412 1383 1438 Cn.
1399 1411 1504 1447 Eguatii
1524 1410 1620 1445 patris,
1644 1410 1691 1436 ho-

897 1450 978 1475 minis
993 1449 1175 1476 honestissimi
1190 1449 1314 1476 videlicet
1327 1454 1352 1475 et
1366 1448 1572 1483 sapientissimi:
1593 1447 1692 1474 ideirco

897 1495 925 1512 se
939 1487 1115 1513 exheredasse
1130 1486 1229 1518 lilium,
1250 1487 1323 1521 quod
1341 1487 1364 1513 is
1379 1486 1412 1513 ob
1426 1485 1567 1520 Oppianici
1581 1485 1692 1511 damna—

897 1525 995 1550 tionem
1011 1525 1150 1559 pecuniam
1167 1525 1320 1559 accepisset.
1351 1525 1386 1550 De
1401 1524 1479 1550 cuius
1494 1523 1610 1549 hominis
1625 1522 1693 1549 levi-

897 1566 948 1588 tate
962 1566 987 1588 et
1000 1562 1176 1588 inconstantia
1192 1562 1268 1596 plura
1283 1570 1335 1588 non
1349 1561 1446 1587 dicam.
1480 1561 1534 1587 Hoc
1548 1565 1693 1586 testamen-

898 1604 953 1625 tum
968 1600 1068 1634 ipsum,
1085 1599 1156 1634 quod
1168 1600 1271 1630 recitas,
1288 1598 1421 1625 eiusmodi
1432 1602 1480 1629 est,
1497 1597 1590 1629 utille,
1606 1606 1692 1632 quum

897 1645 958 1663 eum
974 1637 1059 1663 lilium
1074 1637 1254 1668 exheredaret,
1271 1645 1352 1672 quem
1366 1636 1464 1667 oderat,
1480 1636 1505 1662 ei
1520 1635 1574 1661 filio
1584 1636 1693 1661 cohere-

897 1674 944 1701 des
959 1674 1081 1701 homines
1095 1674 1273 1701 alienissimos
1291 1674 1476 1709 coniungeret,
1497 1681 1578 1708 quem
1597 1672 1693 1708 dilige-

898 1713 951 1739 bat.
992 1712 1045 1738 Sed
1064 1717 1105 1744 tu,
1127 1711 1194 1743 Atti,
1218 1712 1382 1742 consideres,
1407 1719 1515 1741 censeo,
1539 1710 1690 1746 diligenter.

897 1755 988 1776 utrum
1002 1758 1142 1776 censorum
1158 1749 1289 1776 iudicium
1303 1757 1384 1785 grave
1399 1748 1466 1775 velis
1477 1756 1545 1779 esse,
1561 1756 1594 1774 an
1606 1748 1693 1783 Egna-

875 1799 877 1808 ι
897 1788 937 1814 tii.
978 1788 1007 1814 Si
1025 1788 1144 1823 Egnatii,
1166 1787 1223 1814 leve
1241 1791 1294 1818 est,
1315 1786 1388 1822 quod
1407 1794 1530 1812 censores
1548 1785 1581 1811 de
1598 1785 1692 1811 ceteris

897 1825 1129 1860 subscripserunt3
1146 1825 1237 1859 ipsum
1250 1825 1321 1851 enim
1337 1824 1385 1851 Cn.
1400 1824 1553 1859 Egnatium,
1569 1831 1650 1858 quem
1665 1828 1693 1849 tu

897 1871 1005 1899 gravem
1020 1871 1079 1889 esse
1094 1863 1144 1894 vis,
1160 1871 1193 1889 ex
1203 1867 1297 1889 senatu
1308 1863 1456 1889 eiecerunt:
1479 1861 1521 1887 sin
1532 1865 1619 1886 autem
1631 1869 1694 1886 cen-

898 1909 998 1932 sorum,
1016 1900 1086 1926 hunc
1096 1900 1249 1936 Egnatium,
1265 1908 1347 1935 quem
1361 1904 1434 1934 pater
1443 1899 1562 1925 censoria
1573 1898 1694 1924 subscri-

898 1938 988 1973 ptione
1002 1938 1182 1969 exheredavit,
1198 1946 1321 1964 censores
1334 1938 1362 1964 in
1372 1941 1474 1968 senatu,
1491 1944 1576 1971 quum
1591 1940 1693 1970 patrem

898 1976 1030 2006 eiicerent,
1047 1975 1223 2002 retinuerunt.

953 2013 1050 2040 XLIX.
1068 2014 1124 2039 ⁴36.
1140 2013 1173 2039 At
1186 2013 1257 2039 enim
1271 2016 1381 2039 senatus
1396 2011 1539 2038 universus
1554 2009 1691 2037 iudicavit.

897 2050 966 2078 illud
980 2055 1136 2086 corruptum
1150 2059 1209 2077 esse
1223 2050 1364 2076 iudicium.
1394 2047 1550 2081 Quomodo?
1570 2047 1695 2082 Suscepit

898 2097 1031 2115 caussam.
1065 2088 1106 2114 An
1121 2088 1208 2122 potuit
1221 2096 1277 2114 rem
1292 2087 1406 2114 delatam
1421 2085 1554 2112 eiusmodi
1569 2085 1695 2120 repudia-

898 2134 935 2157 re,
951 2134 1037 2161 quum
1053 2125 1177 2152 tribunus
1188 2124 1284 2160 plebis,
1303 2124 1402 2160 populo
1410 2125 1548 2154 concitato,
1565 2131 1618 2149 rem
1632 2130 1694 2157 pae-

899 2172 931 2190 ne
945 2163 978 2190 ad
993 2171 1088 2189 manus
1104 2167 1267 2189 revocasset:
1283 2171 1367 2197 quum
1383 2162 1424 2188 vir
1437 2161 1564 2196 optimus,
1580 2165 1605 2186 et
1616 2160 1694 2186 homo

898 2201 1150 2231 innocentissimus,
1171 2201 1283 2235 pecunia
1301 2200 1501 2226 circumventus
1519 2206 1578 2224 esse
1593 2197 1694 2223 dicere-

899 2242 954 2265 tur:
974 2246 1060 2273 quum
1079 2237 1181 2264 invidia
1199 2236 1319 2272 flagraret
1336 2236 1400 2263 ordo
1417 2234 1586 2262 senatorius?
1609 2234 1694 2269 potuit

900 2275 966 2302 nihil
981 2274 1105 2301 decerni?
1127 2275 1213 2309 potuit
1226 2274 1272 2300 illa
1285 2274 1426 2301 concitatio
1440 2272 1622 2299 multitudinis
1636 2273 1694 2297 sine

899 2321 1006 2339 summo
1024 2311 1143 2347 periculo
1161 2311 1324 2346 reipublicae
1342 2309 1494 2346 repudiari?
1520 2310 1553 2336 At
1569 2308 1635 2344 quid
1654 2314 1694 2335 est

899 2348 1054 2376 decretum?
1079 2358 1160 2384 quam
1176 2349 1259 2375 iustel
1278 2357 1359 2384 quam
1374 2347 1520 2383 sapienter!
1537 2355 1618 2381 quam
1632 2346 1694 2372 dili-

899 2387 1004 2423 genter!
1020 2396 1044 2413 si
1058 2396 1107 2417 ουι
1121 2396 1204 2417 suar,
1219 2395 1337 2417 ouoauu
1351 2395 1444 2412 orem
1460 2394 1573 2411 merra
1588 2393 1644 2414 sir,
1662 2393 1693 2410 er

901 2433 1038 2451 iuniciuu
1054 2433 1199 2450 rnamenta
1214 2431 1478 2449 communesne-rua.
1511 2421 1603 2448 Utrum
1619 2421 1694 2447 vide-

900 2467 943 2488 tur
961 2466 1070 2488 senatus
1089 2461 1115 2487 id
1136 2460 1234 2487 lactum
1254 2460 1385 2491 iudicare,
1413 2469 1460 2490 an,
1485 2460 1508 2485 si
1531 2458 1628 2485 factum
1648 2459 1691 2488 sit,

901 2499 1010 2525 moleste
1023 2499 1193 2533 graviterque
1208 2497 1292 2525 ferre‘?
1317 2497 1345 2524 Si
1361 2499 1418 2532 ipse
1433 2498 1462 2523 A.
1479 2496 1618 2523 Cluentius
1633 2504 1695 2522 sen-

901 2537 1009 2563 tentiam
1024 2536 1056 2562 de
1071 2536 1178 2562 iudiciis
1193 2541 1341 2571 rogaretur,
1362 2535 1440 2561 alium
1456 2543 1507 2560 non
1521 2533 1633 2564 diceret,
1655 2538 1693 2559 at-

900 2582 952 2609 que
971 2574 989 2600 ii
1007 2573 1146 2604 dixerunt,
1166 2582 1280 2608 quorum
1301 2573 1439 2598 sententiis
1458 2571 1612 2598 Cluentium
1631 2579 1694 2597 cou-

899 2611 1053 2638 demnatuui
1068 2619 1127 2637 esse
1137 2611 1235 2637 dicitis.
1259 2611 1315 2636 437.
1329 2610 1380 2635 Sed
1392 2618 1491 2645 quaero
1501 2617 1514 2635 a
1526 2608 1611 2639 vobis.
1628 2617 1692 2635 num

899 2649 977 2675 istam
994 2648 1077 2684 legem
1093 2657 1124 2675 ox
1136 2649 1186 2675 isto
1195 2652 1304 2674 senatus
1314 2646 1436 2674 consulto
1448 2647 1476 2673 L.
1491 2645 1620 2673 Lucullus
1630 2655 1692 2672 con-

900 2685 953 2718 sul,
969 2686 1048 2713 homo
1061 2686 1287 2721 sapientissimus,
1304 2684 1407 2712 tulerit:
1424 2693 1489 2712 num
1503 2692 1573 2711 anno
1586 2689 1644 2718 post
1657 2683 1690 2709 M.

1426 2734 1457 2758 ΔΕ)
1474 2731 1484 2744 '
