1941 3052
241 97 289 122 ·100
811 97 854 122 76.
889 95 923 122 Μ.
956 95 988 121 Τ.

241 175 292 193 nun
308 165 340 192 nd
358 171 394 196 te,
414 166 453 193 vcl
470 166 502 192 ‹le
519 167 572 192 tuin
583 166 693 192 cibariis
706 164 746 191 vel
759 165 791 191 de
804 175 860 191 mea
875 165 1031 192 liberalitate

240 204 406 239 pervenisse.
447 203 522 235 Quod
539 204 561 229 si
579 203 643 228 milii
659 212 776 236 expensa
789 204 836 229 ista
849 203 912 228 ll-S
924 208 1030 229 centum

241 241 363 270 tulisses,
382 245 482 269 mnu-n,
501 249 568 274 qum·
581 244 623 265 tun
636 244 675 265 est
686 240 818 269 suavitas,
837 240 938 274 quique
952 241 977 266 in
990 249 1031 266 me

240 287 326 307 umor,
341 277 423 303 nolli-³
435 286 447 302 a
461 286 501 302 me
515 277 562 302 boc.
575 281 692 310 tempore
704 277 914 302 aestimationem
927 278 1032 311 accipe-

241 323 277 341 re.
309 315 374 340 Nam
387 318 553 340 numeratum
566 314 588 338 si
600 322 735 347 cuperem,
750 323 801 339 non
813 319 877 340 erat.

241 352 354 377 iocatum
372 360 412 376 me
428 356 531 385 putato,
551 355 578 376 ut
593 360 643 383 eqo
655 355 677 376 te
689 351 824 377 existimo.
866 351 921 385 Ego
933 355 1029 381 tamen,

239 387 436 422 quum'l'ullius
449 396 508 413 rure
520 386 636 417 redierit,
651 387 753 413 mittam
765 396 827 413 eum
839 387 871 413 ad
885 393 916 418 te,
931 388 1030 423 siquid
1053 382 1061 411 »l

239 425 271 450 nd
284 434 338 450 rem
351 424 458 458 putabis
471 424 612 459 pertinere.
625 439 661 444 —
682 425 754 451 llunc
769 424 909 460 epistolam
921 434 968 452 cur
979 435 1030 452 non

238 461 325 487 scindi
339 461 428 492 velim,
442 470 536 488 caussa
548 461 620 487 nulla
633 466 682 488 est.

291 539 355 559 ΧΧΙ.
373 539 390 559 Α
399 539 449 559 RG.
470 539 600 559 Mescinium
612 539 691 560 Rufum
703 539 772 560 amice
782 539 894 564 hortatur,
909 543 932 559 ut
949 543 1030 567 tempn-

238 581 248 594 r
258 582 284 593 im
297 574 437 594 merl-iumen·
449 574 572 594 litu-rurum
585 574 666 594 :nuliis
678 578 697 593 et
710 581 778 594 rerum
791 575 844 594 1»(·ηο·
854 578 948 595 att-rum
959 582 1030 595 recur-

237 608 327 628 «latione
338 608 430 629 mitiuet.
461 612 634 632 (ll-unwafnunc
647 611 811 633 111,1..‚·1‹«-.⁴....

389 654 424 680 M.
442 654 472 680 T.
489 654 518 680 C.
537 653 565 680 S.
582 654 612 680 D.
629 654 658 680 L.
678 654 877 681 MESCINIO.

832 614 886 631 .·w⁴)

295 692 318 717 ⁴.
340 686 438 717 Gratac
455 692 522 717 mihi
540 696 599 717 tuae
616 691 716 718 litterae
733 691 853 723 suerunt3
876 701 910 719 ex
929 692 1030 727 quibus
1060 709 1061 718 η

238 727 371 759 intellexi,
390 728 462 762 quod
474 729 553 754 etiam
565 729 622 755 sine
636 728 729 755 litteris
741 729 902 760 arbitrabar,
921 734 944 756 te
955 738 1031 755 sum-

237 773 280 791 ma
292 765 438 799 cupiditate
450 766 572 792 affectum
585 774 643 792 esse
655 766 764 792 videndi
777 767 844 793 mei:
857 766 929 801 quod
939 768 1030 803 egoita
1052 774 1061 792 ἰ

236 801 351 828 libenter
365 803 481 837 accipio,
506 808 534 829 ut
545 808 632 829 tamen
645 803 693 829 tibi
706 813 757 830 non
769 804 922 830 concedam.
964 805 1029 830 Nam

238 844 325 866 tecum
336 848 404 870 esse,
418 841 452 866 ita
464 840 531 866 mihi
542 841 640 871 onmia,
653 849 722 876 quae
733 846 807 875 opto,
825 842 987 877 contingant,
1003 846 1031 868 ut

237 876 410 903 veliementer
422 877 513 904 velim.
553 878 668 908 Etenim,
682 887 766 912 quum
778 884 848 905 esset
859 879 942 905 maior
953 884 978 905 et
989 879 1031 905 vi-

237 922 327 940 rorum
343 919 368 940 et
382 915 485 940 civium
501 915 631 941 bonorum
649 920 675 942 ct
690 915 868 942 iucundorum
890 916 1029 942 hominum

211 962 215 969 ·
237 955 263 977 et
273 952 420 977 amantium
434 953 486 978 mei
497 953 587 987 copia,
601 957 688 978 tamen
700 958 755 979 erat
765 962 852 984 nemo,
865 953 975 988 quicum
987 962 1031 979 es·
1059 978 1061 983 ,

236 997 293 1014 sem
306 988 448 1019 libentius,
462 998 542 1024 quam
556 994 656 1020 tecum,
670 994 696 1016 et
706 991 797 1024 pauci,
811 991 976 1025 quibuscum
987 999 1031 1016 es·

236 1034 293 1051 sem
308 1034 391 1060 aeque
405 1026 529 1058 libenter,
548 1026 597 1053 hoc
611 1036 673 1053 vero
685 1032 815 1062 tempore,
834 1036 919 1062 quum
930 1027 976 1054 alii
989 1028 1031 1054 in-

236 1063 365 1093 terierint,
379 1063 424 1089 alii
435 1063 533 1094 absint,
547 1064 593 1090 alii
605 1065 698 1090 mutati
710 1065 845 1091 voluntate
857 1066 919 1096 sint,
933 1073 1027 1095 unum,

237 1099 342 1126 medius
355 1100 448 1131 fidius,
463 1105 550 1127 tecum
562 1101 633 1127 diem
646 1101 773 1128 libentius
784 1103 934 1136 posuerim,
948 1110 1028 1137 quam
1058 1116 1059 1122 =

237 1136 286 1163 hoc
297 1145 375 1163 omne
388 1142 494 1172 tempus
505 1147 566 1164 cum
583 1138 719 1173 plerisque
735 1148 841 1170 eorum,
863 1140 1029 1174 quibuscum

236 1174 299 1200 vivo
311 1175 470 1201 necessario.
511 1175 570 1202 Noli
582 1176 654 1202 enim
666 1177 832 1207 existimare,
855 1177 922 1203 mihi
934 1176 1030 1203 solitu-

235 1210 327 1237 dinem
339 1220 390 1238 non
404 1211 590 1239 iucundiorem
601 1221 673 1244 esse,
690 1222 742 1248 qua
757 1219 844 1240 tamen
858 1215 914 1248 ipsa
927 1215 965 1240 uti
977 1222 1029 1240 non

236 1247 306 1279 licet,
320 1257 401 1283 quam
412 1258 548 1275 sermones
560 1258 666 1281 eorum,
680 1251 728 1285 qui
739 1250 908 1286 frequentant
919 1251 1029 1277 domum

235 1293 336 1316 meam,
355 1291 465 1321 excepto
481 1295 534 1313 uno
549 1292 596 1314 aut
610 1296 747 1314 summum
759 1288 851 1315 altero.
891 1290 916 1315 2.
939 1289 1029 1323 Itaque

235 1327 295 1348 utor
305 1322 398 1348 eodem
410 1323 547 1359 perfugio,
565 1333 619 1359 quo
630 1325 678 1351 tibi
691 1326 820 1352 utendum
833 1334 942 1356 censeo,
959 1325 1030 1352 litte-

235 1359 302 1385 rulis
314 1361 424 1390 nostris,
443 1366 578 1395 praeterea
589 1363 751 1389 conscicntia
763 1364 843 1389 etiam
854 1363 1029 1390 consiliorum

234 1405 366 1424 meorum.
397 1397 454 1432 Ego
466 1399 538 1424 enim
551 1399 574 1425 is
585 1408 655 1430 sum,
669 1400 898 1435 quemadmodum
910 1405 939 1427 tu
953 1399 1030 1427 facil-

234 1433 298 1461 lime
309 1439 384 1470 potes
394 1435 562 1468 existimare,
575 1437 623 1471 qui
636 1437 703 1463 nihil
717 1446 846 1472 umquam
858 1446 916 1464 mea
928 1438 1026 1472 potius,

233 1481 315 1507 quam
328 1482 448 1500 meorum
459 1474 562 1500 civium
573 1482 668 1500 caussa
684 1473 806 1507 fecerim;
829 1476 874 1501 cui
889 1476 941 1501 nisi
958 1475 1030 1501 invi-

233 1510 318 1536 disset
329 1511 361 1541 is,
379 1519 460 1545 quem
472 1516 500 1537 tu
512 1520 661 1546 numquam
676 1513 784 1543 amasti,
807 1512 861 1547 (me
871 1513 944 1539 enim
955 1521 1030 1538 ama-

233 1546 304 1582 bas‚)
317 1552 343 1574 et
358 1548 416 1582 ipse
432 1548 526 1575 beatus
541 1554 612 1575 esset
627 1553 653 1575 et
666 1557 759 1575 omnes
775 1549 848 1576 boni.
888 1550 945 1585 Ego
956 1558 1026 1580 sum,

233 1585 282 1619 qui
296 1584 400 1611 nullius
416 1586 470 1611 vim
486 1585 548 1620 plus
564 1585 652 1612 valere
673 1586 761 1617 volui,
783 1595 865 1621 quam
886 1587 1028 1613 honestum

233 1622 332 1648 otium:
355 1621 496 1657 idemque,
513 1631 598 1658 quum
610 1622 655 1649 illa
666 1624 723 1658 ipsa
735 1632 820 1655 arma,
838 1632 907 1659 quae
922 1632 1029 1658 semper

233 1658 390 1690 timueram,
409 1659 471 1694 plus
486 1668 564 1694 posse
580 1661 666 1691 sensi,
684 1669 765 1695 quam
777 1661 854 1687 illurn
866 1669 1028 1687 consensum

233 1694 374 1726 bonorum,
388 1704 469 1731 quem
481 1705 530 1732 ego
542 1697 612 1723 idem
623 1697 775 1730 effeceram;
789 1699 887 1732 quavis
898 1703 953 1724 tuta
965 1706 1029 1724 con-

233 1731 334 1758 ditione
346 1741 438 1767 pacem
450 1735 571 1769 accipere
582 1734 679 1766 malui,
697 1743 779 1770 quam
791 1735 896 1761 viribus
907 1743 969 1761 cum
981 1743 1029 1761 va-

234 1768 345 1795 lentiore
366 1778 495 1805 pugnare.
536 1771 589 1798 Sed
603 1776 630 1798 et
650 1771 715 1798 haec
730 1777 756 1798 et
772 1771 856 1798 multa
871 1771 922 1798 alia
938 1780 1028 1798 coram

233 1805 311 1832 brevi
327 1811 445 1841 tempore
461 1807 562 1834 licebit.
602 1810 627 1835 3.
651 1810 743 1843 Neque
759 1817 801 1835 me
817 1814 904 1835 tamen
920 1809 974 1835 ulla
985 1818 1028 1835 res

234 1842 285 1869 alia
292 1844 389 1869 Romae
401 1849 480 1875 tenet,
494 1845 547 1871 nisi
558 1846 722 1880 exspectatio
733 1854 822 1872 rerum
829 1846 1026 1873 Africanarum.

233 1880 346 1907 Videtur
356 1882 428 1907 enim
440 1882 508 1907 mihi
519 1891 561 1908 res
572 1883 598 1908 in
610 1883 793 1918 propinquum
805 1883 918 1910 adducta
930 1883 1028 1910 discri-

234 1926 305 1943 men.
326 1918 391 1944 Puto
402 1923 490 1945 autem
502 1927 559 1945 mea
572 1919 694 1946 nonnihil
707 1921 1024 1956 interesse(quamquam,

233 1954 262 1980 id
277 1955 368 1989 ipsum
384 1955 450 1990 quid
467 1956 584 1987 intersit,
607 1965 658 1983 non
674 1966 738 1983 sane
750 1957 880 1993 intelligo)
892 1963 1028 1985 verumta—

234 2000 304 2023 men,
318 1992 454 2027 quidquid
467 1993 540 2019 illinc
552 1995 705 2020 nuntiatum
716 1995 764 2026 sit,
780 2004 831 2021 non
845 1995 921 2031 longe
932 1996 1026 2022 abesse

233 2037 248 2054 a
259 2029 381 2055 consiliis
396 2031 554 2057 amicorum.
593 2031 641 2058 Est
656 2032 728 2058 enim
744 2041 786 2058 res
802 2033 855 2058 iam
871 2033 898 2059 in
914 2041 975 2059 eum
989 2033 1028 2060 lo-

233 2074 296 2092 cum
312 2066 439 2098 adducta,
456 2072 497 2098 ut,
520 2076 684 2103 quamquam
701 2068 817 2095 multum
835 2070 939 2096 intersit
959 2071 1028 2097 inter

233 2111 325 2130 eorum
341 2112 464 2135 caussas,
485 2106 533 2139 qui
548 2105 690 2137 dimicant,
713 2111 801 2133 tamen
818 2108 886 2133 inter
901 2108 1026 2134 victorias

233 2149 286 2167 non
297 2140 413 2167 multum
425 2141 617 2169 interfuturum
629 2148 731 2178 putem.
754 2144 806 2170 Sed
818 2144 896 2179 plane
908 2145 1023 2176 animus,

233 2178 281 2212 qui
296 2177 389 2204 dubiis
405 2179 485 2205 rebus
497 2178 607 2206 forsitan
619 2179 699 2207 fuerit
710 2181 854 2212 infirmior,
878 2181 1026 2216 desperatis

232 2215 405 2241 confirmatus
416 2221 455 2242 est
467 2216 595 2243 multum:
612 2226 694 2252 quem
709 2219 789 2244 etiam
801 2223 861 2245 tuae
872 2220 1026 2254 superiores

233 2251 334 2278 litterae
345 2252 548 2284 confirmarunt,
566 2255 668 2289 quibus
680 2254 813 2286 intellexi,
830 2264 912 2291 quam
924 2256 1026 2283 fortiter

233 2289 360 2315 iniuriam
372 2289 466 2322 [οι-τρες
482 2291 663 2326 iuvitqueme,
673 2292 722 2318 tibi
732 2301 818 2327 quum
827 2302 962 2320 summam
974 2294 1026 2320 hu-

233 2327 396 2357 manitatem,
410 2332 466 2354 tum
479 2328 558 2354 etiam
570 2333 629 2355 tuas
641 2328 740 2355 litteras
751 2330 895 2364 profuisse.
926 2331 1024 2357 Verum

232 2364 305 2389 enim
319 2364 449 2391 scribam:
467 2366 597 2392 teneriore
613 2366 681 2392 mihi
697 2367 786 2393 animo
801 2367 941 2399 videbare,
955 2368 1026 2394 sicut

232 2408 325 2426 omnes
336 2401 403 2432 fere,
421 2403 469 2437 qui
480 2403 534 2429 vita
546 2404 663 2439 ingenua
674 2404 701 2430 in
715 2404 790 2430 beata
801 2404 909 2431 civitate
920 2410 946 2431 et
957 2404 1026 2431 libe-

234 2445 261 2462 ra
273 2438 403 2464 viximus.
444 2440 468 2465 4.
490 2439 556 2470 Sed,
574 2445 604 2466 ut
619 2440 693 2466 illam
709 2441 856 2467 secundam
866 2441 879 2454 *
890 2442 1025 2468 moderate

234 2473 359 2500 tulimus:
377 2476 416 2501 sic
427 2475 496 2502 hanc
507 2485 558 2503 non
570 2477 658 2503 solum
670 2477 822 2508 adversam,
840 2478 888 2504 sed
902 2478 1024 2505 funditus

234 2517 354 2536 eversam
366 2511 498 2539 fortunam
510 2513 612 2540 fortiter
622 2513 690 2540 ferre
700 2515 844 2547 debemus3
862 2520 891 2542 ut
906 2516 956 2542 hoc
971 2515 1026 2542 sal-

234 2551 287 2572 tem
299 2547 327 2573 in
338 2549 464 2575 maximis
475 2551 553 2576 malis
564 2551 627 2577 boni
637 2560 848 2586 consequamur,
861 2557 891 2579 ut
901 2558 1022 2583 mortem,

234 2591 315 2618 quam
327 2585 406 2610 etiam
423 2586 492 2612 beati
508 2592 676 2614 contemnere
690 2588 869 2619 debebamus,
885 2595 1025 2624 propterea

235 2620 306 2655 quod
318 2621 423 2648 nullum
434 2631 544 2650 sensum
559 2630 630 2651 esset
644 2625 781 2658 habitura,
798 2634 869 2652 nunc
885 2627 925 2653 sic
938 2627 1025 2654 affecti

919 313 970 340 Sed
984 314 1032 340 lioc
1053 326 1055 330 ³

1060 302 1061 321 l

1052 337 1061 368 ¹<

1021 95 1294 123 CICERONIS

1083 175 1134 192 non
1153 166 1231 193 modo
1245 172 1414 193 contemnere
1429 167 1589 197 debeamus,
1612 169 1659 195 sed
1675 170 1754 196 etiam
1769 175 1871 205 optare.

1083 205 1107 229 5.
1121 203 1169 233 Tu,
1182 204 1206 229 si
1218 213 1259 229 me
1271 204 1379 238 diligis,
1393 203 1479 231 fruere
1492 206 1541 232 isto
1550 207 1604 232 otio
1615 207 1719 241 tibique
1730 207 1871 242 persuade.

1083 245 1186 274 praeter
1201 246 1338 275 peccatum
1355 250 1385 266 ac
1400 241 1521 276 culpam.
1538 252 1590 278 qun
1606 252 1712 278 semper
1726 245 1836 271 caruisti
1847 248 1874 271 et

1060 290 1061 300 κ
1083 277 1200 308 carebis,
1219 277 1321 304 bomini
1333 278 1453 304 accidere
1464 279 1531 305 nihil
1544 288 1635 314 posse,
1652 281 1724 315 quod
1740 283 1774 307 sit
1786 282 1873 308 horri-

1084 314 1137 340 bile
1149 319 1193 340 aut
1204 315 1458 349 pertimescendum.
1479 316 1543 351 Ego,
1552 317 1575 342 si
1589 317 1724 344 videbitur
1735 324 1804 344 recte
1816 319 1873 345 lieri

1084 360 1161 386 posse
1170 372 1176 382 ,
1193 352 1225 378 ad
1238 357 1261 378 te
1273 353 1378 378 veniam
1391 352 1479 382 [πονῇ
1503 353 1604 387 siquid
1615 354 1754 385 acciderit,
1773 361 1801 381 ut
1813 364 1874 381 mu-

1083 388 1193 414 tandum
1205 389 1348 415 consilium
1361 390 1404 419 sit,
1418 394 1442 415 te
1453 391 1590 416 certiorem
1603 390 1697 417 faciam
1709 393 1808 418 atatim.
1834 393 1873 418 Tu

1085 427 1118 452 ita
1131 425 1170 451 sac
1181 426 1299 460 cupidus
1311 427 1362 452 mei
1376 426 1486 452 videndi
1498 427 1544 457 sis,
1555 432 1582 453 ut
1595 428 1672 454 istinc
1687 433 1710 454 te
1722 438 1754 455 ne
1767 438 1874 455 moveas

1083 469 1135 489 tam
1154 464 1257 489 infirma
1274 463 1440 493 vals-tudine,
1464 464 1516 489 nisi
1532 473 1565 490 ex
1580 473 1621 490 me
1638 466 1713 499 prius
1724 467 1874 500 quaesicris

1083 510 1130 535 per
1142 500 1250 529 litteras,
1264 500 1330 535 quid
1343 505 1366 526 te
1379 500 1460 526 velim
1472 500 1567 527 lacere.
1599 502 1639 528 Me
1651 502 1742 532 velim,
1756 508 1785 529 ut
1796 503 1871 535 tacis,

1060 546 1061 552 ¹
1082 538 1181 573 diligas
1198 537 1400 573 valetudinique
1412 542 1472 564 tuae
1487 543 1513 564 et
1524 538 1711 574 tranquillitati
1721 540 1805 567 animi
1816 548 1873 567 ser-

1085 576 1151 602 vias.

1363 641 1590 655 ——notmffi—

1457 817 1500 843 76.

1214 885 1416 916 LIBER
1472 887 1745 918 SEXTUS.

1135 1019 1152 1039 Ι.
1171 1019 1248 1039 ΑΚΘ.
1263 1018 1400 1045 Torquatum
1412 1019 1582 1046 Pompeianum,
1593 1019 1699 1047 Pompeio
1708 1019 1768 1041 vieto
1779 1019 1873 1041 Atheni·

1082 1053 1228 1079 exsulantem,
1239 1053 1367 1075 consolatur
1377 1054 1430 1074 etin
1441 1061 1499 1081 spem
1512 1055 1595 1075 reditu·
1605 1055 1701 1075 adducit.

1268 1091 1441 1112 (Romans-nnc
1452 1092 1483 1109 lv.
1495 1098 1531 1108 cru.
1543 1098 1557 1107 ι.
1569 1092 1611 1107 rull.
1625 1093 1679 1109 Yam.)

1179 1134 1214 1160 M.
1237 1133 1379 1161 CICERO
1400 1133 1428 1160 S.
1448 1135 1479 1161 D.
1499 1134 1532 1160 A.
1554 1133 1774 1167 TORQUATO.

1137 1179 1160 1204 4.
1183 1174 1244 1204 Etsi
1255 1186 1285 1204 ea
1296 1177 1460 1212 perturbatio
1471 1182 1512 1204 est
1521 1178 1642 1204 omnium
1653 1186 1752 1209 rerum,
1767 1182 1798 1205 ut
1807 1186 1873 1205 suae

1081 1223 1217 1250 quemque
1238 1214 1358 1241 fortunae
1378 1215 1495 1241 maxime
1515 1215 1648 1249 poeniteat
1671 1223 1802 1250 nemoque
1825 1217 1870 1247 sit,

1081 1253 1147 1286 quin
1159 1252 1260 1283 ubivis,
1269 1260 1350 1287 quam
1363 1252 1410 1278 ubi
1421 1256 1469 1283 est,
1482 1260 1540 1278 esse
1552 1251 1634 1283 malit,
1643 1257 1730 1279 tamen
1741 1252 1809 1279 mibi
1820 1252 1873 1279 du·

1081 1289 1156 1315 bium
1170 1298 1220 1315 non
1232 1294 1280 1320 est,
1289 1290 1355 1324 quin
1368 1289 1417 1315 hoc
1428 1294 1546 1324 tempore
1557 1289 1626 1316 bono
1637 1290 1694 1316 viro
1706 1290 1802 1316 Romae
1813 1298 1872 1316 esse

1081 1327 1265 1353 miserrimum
1276 1327 1320 1353 sit.
1356 1327 1422 1352 Nam
1434 1327 1493 1357 etsi,
1506 1335 1676 1361 quocumque
1689 1327 1715 1353 in
1729 1326 1785 1353 loco
1795 1328 1873 1362 quis-

1080 1365 1143 1399 quis
1154 1369 1206 1395 est‚
1230 1363 1301 1390 idem
1313 1368 1353 1390 est
1363 1364 1387 1389 ei
1399 1372 1495 1390 sensus
1505 1368 1531 1390 et
1541 1363 1632 1390 eadem
1644 1364 1774 1390 acerbitas
1785 1372 1818 1391 ex
1830 1365 1873 1391 in-

1081 1402 1160 1427 teritu
1176 1409 1265 1427 rerum
1279 1405 1306 1427 et
1319 1400 1490 1436 publicarum
1511 1405 1537 1427 et
1550 1409 1673 1432 suarum;
1697 1406 1784 1427 tamen
1799 1401 1872 1428 oculi

1081 1443 1180 1474 augent
1189 1438 1321 1469 dolorem,
1338 1439 1386 1473 qui
1397 1447 1441 1469 ea,
1458 1446 1527 1473 quae
1538 1439 1618 1464 ceteri
1629 1438 1755 1469 audiunt,
1773 1439 1872 1465 intueri

1080 1481 1213 1511 coguntur
1227 1484 1276 1502 nec
1287 1480 1404 1502 avertere
1415 1484 1429 1502 a
1441 1475 1558 1501 miseriis
1569 1475 1755 1511 cogitationem
1767 1476 1870 1502 sinunt.

1080 1513 1166 1545 Quare
1182 1513 1232 1539 etsi
1249 1512 1394 1539 multarum
1407 1521 1496 1539 rerum
1507 1512 1642 1539 desiderio
1652 1517 1677 1539 te
1688 1513 1750 1548 angi
1762 1521 1871 1539 necesse

1080 1555 1134 1576 est:
1156 1555 1245 1576 tamen
1260 1550 1307 1576 illo
1317 1549 1420 1581 dolore,
1443 1558 1497 1584 quo
1508 1550 1624 1576 maxime
1636 1554 1660 1575 te
1672 1550 1768 1576 confici
1779 1549 1869 1580 audio,

1079 1587 1151 1622 quod
1165 1588 1260 1613 Romae
1272 1595 1323 1613 non
1335 1587 1382 1617 sis,
1395 1587 1515 1613 animum
1527 1592 1604 1613 tuum
1615 1586 1709 1612 libera.
1730 1587 1787 1613 Etsi
1798 1587 1871 1613 euim

1079 1633 1141 1651 cum
1153 1633 1249 1660 magna
1259 1623 1379 1650 molestia
1392 1628 1450 1650 tuos
1462 1629 1560 1658 tuaque
1571 1623 1721 1649 desideras:
1737 1628 1826 1650 tamen
1836 1623 1872 1650 il-

1080 1661 1104 1687 la
1115 1661 1240 1695 quidem,
1258 1669 1326 1696 quae
1342 1661 1471 1696 requiris,
1493 1669 1574 1687 suum
1589 1665 1687 1687 statum
1702 1665 1804 1692 tenent,
1822 1669 1872 1687 nec

1080 1698 1190 1729 melius,
1209 1699 1233 1724 si
1245 1703 1273 1725 tu
1284 1698 1405 1728 adesses,
1423 1702 1555 1727 tenerent,
1568 1706 1616 1723 nec
1627 1702 1690 1724 sunt
1703 1697 1758 1724 ullo
1769 1699 1797 1724 in
1809 1706 1872 1733 pro-

1079 1736 1138 1771 prio
1148 1735 1277 1770 periculo.
1318 1735 1372 1761 Nec
1385 1734 1468 1761 debes
1484 1739 1525 1764 tu,
1543 1743 1628 1769 quum
1645 1734 1678 1760 de
1693 1735 1746 1761 tuis
1757 1736 1869 1770 cogitas,

1079 1777 1125 1799 aut
1135 1773 1307 1807 praecipuam
1318 1772 1436 1806 aliquam
1448 1771 1580 1798 fortunam
1591 1771 1725 1806 postulare
1736 1777 1782 1798 aut
1796 1780 1871 1799 oom-

1079 1818 1188 1836 munem
1200 1818 1333 1836 recusare.
1373 1810 1398 1835 2.
1414 1809 1450 1835 De
1461 1813 1486 1835 te
1497 1814 1586 1834 autem
1597 1809 1665 1843 ipso.
1677 1809 1817 1844 Torquate,
1830 1814 1872 1836 est

1079 1852 1164 1877 tuum,
1178 1847 1218 1873 sic
1228 1847 1327 1882 agitare
1339 1846 1436 1876 animo,
1445 1851 1473 1872 ut
1484 1855 1535 1872 non
1547 1845 1676 1871 adhibeas
1687 1847 1715 1872 in
1726 1846 1871 1873 eonsilium

1078 1885 1271 1920 cogitationum
1299 1888 1404 1910 tuarum
1429 1883 1642 1917 desperationem
1666 1888 1712 1909 aut
1735 1884 1869 1910 timorem.

1079 1922 1133 1948 Nec
1148 1922 1220 1947 enim
1236 1921 1268 1951 is,
1281 1921 1328 1956 qui
1341 1921 1404 1947 inte
1415 1920 1504 1946 adhuc
1515 1920 1653 1950 iniustior,
1670 1928 1752 1955 quam
1767 1925 1811 1947 tua
1827 1921 1871 1947 di-

1078 1959 1167 1995 gnitas
1177 1957 1342 1993 postulabat,
1361 1957 1424 1988 fuit,
1442 1966 1493 1983 non
1505 1965 1602 1993 magna
1612 1957 1689 1993 signa
1701 1957 1776 1984 dedit
1785 1958 1871 1984 animi

1078 2004 1140 2031 erga
1151 2001 1175 2022 te
1187 1996 1312 2031 mitigati.
1353 1995 1407 2021 Nec
1418 1999 1505 2021 tamen
1518 1995 1541 2020 is
1552 1995 1622 2029 ipse,
1640 2003 1654 2020 a
1669 2003 1724 2029 quo
1737 1994 1812 2021 salus
1822 2003 1871 2030 pe-

1079 2034 1151 2063 titur,
1165 2033 1244 2059 habet
1255 2031 1415 2067 explicatam
1427 2036 1471 2058 aut
1481 2031 1645 2066 exploratam
1657 2032 1786 2058 rationem
1796 2031 1871 2058 salu-

1079 2071 1113 2097 tis
1123 2078 1197 2096 suae.
1236 2069 1380 2104 Quumque
1394 2069 1516 2095 omnium
1528 2067 1660 2094 bellorum
1672 2069 1762 2095 exitus
1774 2069 1870 2096 incerti

1077 2108 1140 2138 sint,
1149 2107 1182 2133 ab
1189 2107 1270 2133 altera
1280 2107 1391 2133 victoria
1401 2107 1450 2132 tibi
1460 2105 1610 2140 periculum
1622 2105 1727 2132 nullum
1738 2114 1798 2132 esse
1807 2114 1870 2141 per-

1077 2145 1172 2179 spicio,
1185 2143 1258 2179 quod
1269 2143 1380 2179 quidem
1391 2144 1543 2169 seiunctum
1554 2143 1590 2169 sit
1599 2142 1632 2169 ab
1643 2143 1764 2169 omnium
1776 2143 1871 2169 interi-

1077 2187 1119 2214 tu,
1137 2181 1171 2207 ab
1186 2181 1267 2207 altera
1282 2186 1307 2207 te
1323 2181 1412 2216 ipsum
1428 2188 1577 2215 numquam
1587 2180 1711 2206 timuisse
1720 2184 1791 2206 certo
1801 2181 1868 2207 scio.

1077 2221 1102 2245 3.
1124 2218 1269 2253 Reliquum
1281 2223 1329 2249 est,
1343 2223 1372 2244 ut
1383 2223 1407 2244 te
1419 2217 1446 2244 id
1458 2218 1557 2252 ipsum,
1573 2216 1645 2252 quod
1656 2225 1706 2252 ego
1715 2217 1794 2251 quasi
1804 2225 1870 2244 con-

1076 2255 1214 2282 solationis
1227 2255 1282 2282 loco
1294 2264 1372 2290 pono,
1384 2255 1501 2281 maxime
1512 2254 1656 2285 excruciet,
1668 2262 1810 2280 commune
1820 2262 1870 2289 pe-

1076 2292 1192 2319 riculum
1204 2292 1382 2327 reipublicae3
1399 2292 1478 2318 cuius
1490 2291 1555 2318 tanti
1566 2290 1642 2321 mali.
1655 2291 1782 2325 quamvis
1797 2291 1869 2318 docti

1076 2331 1128 2356 viri
1140 2329 1223 2356 multa
1234 2330 1336 2360 dicant,
1353 2334 1442 2355 tamen
1457 2336 1562 2359 vereor,
1584 2335 1617 2354 ne
1634 2327 1779 2354 consolatio
1793 2327 1869 2354 nulla

1075 2367 1160 2402 possit
1180 2375 1242 2393 vera
1260 2367 1385 2401 reperiri,
1408 2370 1512 2400 praeter
1529 2364 1617 2395 illam,
1643 2373 1712 2399 quae
1727 2369 1797 2391 tanta
1816 2370 1867 2396 est,

1075 2409 1206 2439 quantum
1221 2404 1249 2430 in
1264 2404 1397 2438 cuiusque
1412 2403 1501 2429 animo
1515 2401 1618 2428 roboris
1631 2406 1671 2428 est
1682 2406 1762 2437 atque
1772 2410 1870 2429 nervo-

1076 2450 1147 2468 rum.
1187 2441 1216 2468 Si
1231 2441 1304 2467 enim
1319 2440 1387 2466 bene
1401 2440 1500 2466 sentire
1515 2443 1639 2473 recteque
1655 2438 1742 2465 facere
1752 2439 1818 2465 satis
1827 2443 1869 2466 est

1076 2478 1109 2504 ad
1121 2478 1188 2504 bene
1198 2478 1329 2512 beateque
1343 2476 1505 2503 vivendum:
1523 2484 1628 2506 vereor,
1642 2484 1674 2502 ne
1685 2484 1760 2507 eum,
1779 2476 1868 2511 quise

1075 2516 1238 2550 optimorum
1249 2514 1424 2541 consiliorum
1435 2513 1598 2540 conscientia
1609 2518 1758 2539 sustentare
1769 2513 1864 2547 possit,

1076 2553 1206 2578 miserum
1217 2560 1276 2578 esse
1287 2551 1361 2577 nefas
1371 2551 1408 2577 sit
1417 2550 1517 2576 dicere.
1546 2550 1600 2576 Nec
1610 2551 1683 2576 enim
1694 2559 1742 2577 nos
1753 2550 1868 2576 arbitror

1076 2590 1202 2616 victoriae
1221 2589 1350 2623 praemiis
1369 2588 1463 2614 ductos
1477 2587 1590 2621 patriam
1605 2586 1670 2613 olim
1685 2592 1712 2613 et
1727 2587 1826 2613 liberos
1840 2591 1867 2614 et

1075 2625 1194 2653 fortunas
1209 2626 1365 2661 reliquisse;
1387 2624 1435 2651 sed
1449 2623 1584 2660 quoddam
1600 2624 1678 2650 nobis
1690 2624 1811 2651 officium
1822 2624 1867 2650 iu-
