1941 3052
234 175 278 195 ,Ἠ
801 172 839 194 22.
877 169 909 194 Μ,
945 169 974 194 Τ.

287 240 389 273 Magno,
407 240 501 274 inquit,
517 239 642 265 decumas
658 238 774 264 vendidi.

231 283 257 303 tu
277 277 415 306 ‹lm-muna,
442 277 519 302 immo
537 277 712 302 audacissime
732 281 810 310 atque
828 275 1018 306 minentinsimc.

233 314 393 340 vendidisti?
417 314 454 339 'l'u
471 319 555 347 part-*s
570 322 626 341 cau.
648 322 716 347 quas
730 317 753 338 te
768 317 875 338 senatus
891 312 1020 347 populus-

814 238 884 270 Quid
899 238 956 264 ais‘?
981 238 1020 264 An
1050 240 1051 244 ’

1011 168 1286 194 (listi-:ttoxts

1073 243 1152 270 rogat,
1171 243 1198 264 ut
1211 242 1292 267 urent.
1310 243 1338 264 ut
1351 243 1438 265 serant
1453 240 1479 266 in
1494 240 1620 267 beneficio
1635 240 1726 275 populi
1741 242 1860 268 ltoniani.

1050 290 1051 300 i
1073 276 1124 301 lloc
1143 276 1207 309 petit
1225 275 1360 310 aliquanto
1377 281 1436 302 ante
1455 277 1598 304 adventum
1618 287 1712 304 suum:
1737 283 1762 304 et
1780 279 1860 305 simut

229 360 282 386 que
297 352 430 377 llnuianus
446 350 540 379 voluit,
561 359 593 375 an
613 349 714 375 tructus
734 350 849 384 ints-gros
863 354 942 384 atque
956 349 1021 375 adeo
1050 375 1051 378 ,

231 389 296 414 bona
313 388 484 421 fortunasque
498 391 627 412 aratorum
642 395 733 412 omncs
749 386 910 413 vendidisti?
931 386 958 412 Si
975 395 1021 421 pa-

232 426 281 451 lam
297 434 389 459 praeco
403 425 477 450 iussu
494 429 538 449 tuo
552 423 740 458 praedicasset,
758 433 808 450 nou
823 423 949 449 decumus
965 423 1021 449 sru-
1042 447 1043 450 ,

231 463 324 491 tuenti,
349 461 394 487 sed
413 460 537 486 dimidias
558 461 646 486 venire
665 465 763 495 partes,
789 465 813 487 ct
837 461 870 486 ita
889 465 1020 495 emptores

229 499 409 528 accessissent,
428 502 455 523 ut
469 497 500 523 ad
511 497 636 523 dimidias
648 503 734 532 partes
745 497 884 529 emendns;
900 498 922 523 si
936 498 1020 532 pluris

231 535 395 561 vendidisses
407 539 432 560 tu
445 534 666 569 dimirlias,quani
677 536 755 561 ceteri
767 535 902 565 decumas,
913 535 1019 561 cuinam

230 573 325 598 mirum
342 571 492 598 videretur?
505 572 574 604 Quid
590 580 660 603 vero,
675 573 698 598 si
714 581 806 607 praeco
819 572 945 598 decumas
961 581 1020 606 pro·
1049 599 1051 609 .

230 609 372 638 nuntiavit,
394 618 420 635 re
435 617 510 640 vera,
531 609 579 635 boc
593 614 644 640 est,
667 609 736 644 lege,
756 610 854 640 edicto,
870 610 1020 636 conditione
1042 627 1043 636 η

229 646 290 681 plus
304 646 391 676 etiam.
407 655 488 681 quam
502 646 628 673 dimidiae
643 646 800 673 venierunt?
814 652 900 673 tamen
913 647 961 673 lioc
972 647 1018 672 tibi

229 683 391 717 praeclarum
403 683 518 718 putabis.
532 689 555 710 te
567 684 659 719 pluris,
673 684 744 719 quod
756 693 806 711 non
820 684 921 714 licebat.
938 693 1018 719 quam

227 725 334 751 ceteros,
343 721 415 755 quod
427 721 570 755 oportebat,
579 721 886 748 vendi‹lisse?—Pluris
898 722 1019 748 vendidi·
1041 740 1043 758 :

227 758 259 783 sti
271 757 495 793 decumas.quam
506 759 594 785 ceteri.
615 760 655 785 tt.
668 759 772 791 Quibus
783 759 863 785 rebus
874 759 900 785 id
912 767 1019 785 assecu-
1041 784 1042 791 ,

228 799 270 821 tus
284 794 331 821 es‘?
357 795 524 822 innocentia?
547 795 642 830 Aspice
655 796 746 823 aedem
762 797 890 823 Castoris:
911 796 1016 826 deinde,

226 832 249 858 si
275 832 370 863 audes,
400 832 439 859 tac
463 834 622 860 mentionem
647 834 819 860 innocentiae.
862 832 1020 868 Diligentia‘?

226 869 330 896 Codicis
346 869 437 896 lituras
452 871 489 896 tui
503 870 681 905 contemplare
696 871 721 897 in
737 871 839 897 Stlicnii
855 871 1017 897 Thermitani

227 907 346 933 nomine:
363 907 458 933 deinde
472 907 540 933 aude
555 912 578 934 te
592 908 679 934 dicere
693 908 858 943 diligentem.
893 907 1020 943 ingenio?

225 945 272 979 qui
291 949 370 970 testes
390 945 541 980 interrogari
566 946 650 979 priore
673 946 774 971 actione
799 945 914 971 nolueris
938 950 963 971 et
985 945 1018 971 iis

227 982 333 1008 tacitum
352 990 381 1007 os
400 986 476 1008 tuum
496 983 621 1016 praebere
640 982 779 1014 malueris,
800 983 975 1017 quantumvis
993 986 1018 1008 et
1040 997 1041 1000 =

912 1020 969 1051 Qua
991 1028 1018 1045 re
1046 1018 1048 1054 3

1040 1055 1048 1069 ἰ
1071 1057 1221 1091 liberosque
1238 1064 1376 1082 summum
1397 1056 1538 1091 imperium
1557 1062 1766 1092 potestatemque
1780 1057 1862 1084 babe-

1039 1093 1041 1098 “
1069 1099 1117 1120 ret.

226 1022 249 1044 te
267 1023 292 1045 et
311 1023 433 1053 patronos
451 1023 510 1045 tuos
529 1020 680 1055 ingeniosos
702 1028 760 1046 esse
782 1020 871 1046 dicito.

211 1056 306 1091 ‚igitur
323 1056 363 1086 id.
383 1055 455 1091 quod
473 1057 525 1087 ais,
545 1062 685 1083 assecutus
703 1057 750 1083 es‘?
776 1058 869 1093 Magna
888 1061 928 1083 est
946 1057 1016 1082 enim

225 1092 296 1124 laus,
329 1094 352 1119 si
378 1094 529 1128 superiores
554 1094 666 1121 consilio
692 1095 792 1125 vicisti,
827 1094 1017 1129 posterioribus

224 1130 378 1165 exemplum
397 1136 475 1166 atque
493 1132 673 1158 auctoritatem
698 1132 839 1167 reliquisti.
881 1131 940 1158 Tibi
966 1131 1018 1157 lor-

225 1172 293 1194 tasse
307 1168 418 1194 idoneus
434 1168 484 1194 suit
497 1177 587 1200 nemo,
609 1178 689 1204 quem
709 1170 850 1195 imitarcre.
891 1169 924 1195 At
939 1173 962 1195 te
977 1169 1018 1195 vi-

223 1205 330 1236 delicet,
352 1206 516 1232 inventorem
535 1215 622 1232 rerum
637 1207 797 1241 optimarum
813 1215 842 1232 ac
856 1206 1013 1241 principem,

225 1243 400 1269 imitabuntur
413 1251 515 1269 omnes.
551 1245 590 1270 42.
611 1243 676 1276 Quis
691 1248 831 1275 aratorum,
849 1248 872 1270 te
887 1248 1013 1278 praetore.

223 1279 361 1306 decumam
386 1279 476 1306 dedit‘?
501 1281 562 1315 quis
584 1280 670 1307 duas?
691 1281 753 1316 quis
777 1290 827 1307 non
850 1281 967 1307 maximo
987 1289 1016 1306 se

224 1316 344 1343 affectum
359 1317 487 1344 beneficio
500 1318 616 1352 putavit,
633 1327 718 1353 quum
734 1318 820 1345 tribus
833 1318 955 1344 decumis
969 1326 1016 1352 pro

224 1362 274 1380 una
289 1353 490 1390 defungeretur,
507 1359 609 1389 praeter
623 1364 733 1390 paucos,
749 1356 796 1390 qui
813 1360 919 1390 propter
933 1355 1016 1381 socie-

222 1428 289 1470 inter
302 1429 528 1464 importunitatem
540 1434 612 1456 tuam
623 1434 784 1465 senatusque
796 1430 938 1456 bonitatem
949 1429 1015 1464 quid

221 1467 333 1492 intersit.

221 1539 350 1572 decernit,
371 1545 400 1567 ut
419 1541 531 1575 pecunia
545 1550 592 1576 pro
607 1541 648 1568 his
662 1541 784 1568 decumis
798 1541 917 1568 solvatur
931 1545 1015 1567 arato-

221 1577 309 1603 ribus:
325 1581 363 1608 ut,
379 1578 451 1613 quod
467 1578 528 1613 plus
542 1579 666 1610 sumitur,
682 1588 763 1614 quam
775 1579 895 1610 debetur,
912 1578 940 1605 id
950 1579 1012 1609 emi,
1036 1591 1037 1596 =

222 1622 272 1641 non
291 1614 387 1641 auferri
407 1620 524 1650 putetur.
565 1616 618 1647 Tu,
643 1624 729 1651 quum
754 1621 790 1643 tot
811 1616 938 1642 decumas
962 1624 1014 1642 non

220 1652 463 1683 senatusconsulto,
491 1653 538 1679 sed
561 1654 637 1679 novis
659 1653 752 1680 edictis
776 1654 828 1680 tuis
852 1653 1014 1688 nefariisque
1036 1665 1045 1683 χ

1043 1698 1045 1705 ’
1065 1690 1191 1717 dissimos
1210 1691 1442 1726 viridissimosque
1461 1691 1602 1720 vidissem,
1623 1689 1671 1716 hos
1690 1689 1724 1715 ita
1743 1693 1858 1716 vastatos

220 1689 350 1715 institutis
364 1690 484 1725 exigeres
498 1695 523 1716 et
536 1691 665 1724 eriperes,
681 1699 809 1726 magnum
824 1695 849 1716 te
864 1690 958 1716 fecisse
972 1698 1014 1716 ar-

221 1725 363 1757 bitrabere,
383 1727 405 1753 si
420 1726 505 1761 pluris
520 1727 685 1758 vendideris,
706 1736 786 1762 quam
801 1728 830 1754 L.
846 1728 1011 1758 Hortensius,

221 1767 294 1798 pater
306 1763 385 1789 istius
399 1763 430 1795 Q.
446 1764 586 1795 Hortensii,
603 1773 683 1799 quam
699 1765 747 1791 Cn.
762 1765 915 1799 Pompeius,
931 1773 1012 1799 quam

220 1800 249 1826 C.
265 1800 419 1826 Marcellus:
440 1801 487 1835 qui
501 1802 534 1827 ab
548 1802 688 1836 aequitate,
705 1802 738 1828 ab
753 1801 818 1837 lege,
835 1802 867 1828 ab
881 1803 1012 1828 institutis

221 1845 271 1863 non
286 1837 469 1864 recesserunt?
501 1839 542 1865 43.
563 1839 604 1865 An
619 1839 666 1865 tibi
680 1840 762 1865 unius
776 1840 838 1866 anni
853 1843 898 1865 aut
911 1839 1012 1865 biennii

220 1875 285 1900 ratio
304 1874 424 1901 habenda
444 1875 507 1902 suit:
535 1875 608 1902 salus
627 1877 790 1910 provinciae,
814 1876 953 1903 commoda
975 1877 1012 1902 rei

220 1910 421 1943 frumentariae,
447 1913 512 1939 ratio
529 1913 692 1948 reipublicae
710 1914 737 1939 in
760 1914 939 1948 posteritatem
963 1913 1014 1939 suit

219 1948 396 1985 negligenda?
409 1958 493 1984 quum
508 1950 543 1976 ita
557 1959 612 1976 rem
626 1951 796 1977 constitutam
811 1951 967 1985 accepisses,
985 1955 1013 1976 ut

218 1990 245 2012 et
258 1985 357 2021 populo
372 1987 488 2013 Romano
501 1987 566 2013 satis
585 1987 712 2014 frumenti
729 1997 763 2014 ex
776 1988 864 2014 Sicilia
883 1987 1013 2023 suppedi-

218 2027 318 2049 taretur
335 2028 361 2049 et
378 2024 525 2050 aratoribus
544 2028 632 2051 tamen
651 2033 723 2051 arare
740 2030 820 2060 atque
837 2034 914 2061 agros
927 2025 1012 2051 colere
1042 2024 1043 2051 Ξ

218 2060 368 2094 expediret:
384 2061 450 2095 quid
465 2061 592 2088 effecisti?
613 2062 680 2096 quid
694 2067 832 2088 assecutus
847 2062 893 2089 es‘?
919 2062 951 2089 Ut
966 2071 1013 2096 po—

218 2097 283 2132 pulo
300 2097 430 2129 Romano,
451 2103 476 2124 te
496 2103 626 2133 praetore,
649 2099 737 2126 nescio
755 2099 821 2134 quid
839 2099 872 2125 ad
886 2099 1012 2125 decumas

218 2134 365 2166 accederet,
385 2135 544 2162 deserendas
563 2137 693 2162 arationes
707 2136 951 2171 relinquendasque
965 2145 1013 2163 cu—

219 2171 291 2198 rasti.
331 2171 466 2199 Successit
484 2173 532 2199 tibi
551 2173 580 2200 L.
600 2173 733 2200 Metellus.
774 2174 814 2200 Tu
837 2174 1010 2204 innocentior,

216 2217 299 2243 quam
312 2209 453 2236 Metellus?
477 2214 506 2236 tu
526 2210 612 2237 laudis
631 2215 656 2237 et
674 2211 780 2238 honoris
798 2211 939 2246 cupidior?
964 2211 1013 2237 tibi

217 2246 288 2272 enim
302 2246 456 2273 consulatus
470 2248 654 2282 quaerebatur,
671 2248 776 2275 Metello
789 2253 915 2283 paternus
930 2248 1013 2275 honor

217 2287 243 2309 et
255 2284 344 2310 avitus
358 2284 551 2320 negligebatur.
593 2285 676 2311 Multo
690 2286 801 2312 minoris
819 2285 940 2312 vendidit
960 2294 1011 2312 non

217 2319 309 2352 modo,
328 2329 410 2356 quam
429 2327 471 2351 tu,
491 2322 538 2348 sed
556 2323 634 2348 etiam
649 2331 729 2357 quam
744 2323 792 2358 qui
805 2328 865 2349 ante
879 2327 903 2349 te
917 2323 1012 2349 vendi-

217 2357 322 2384 derunt.
363 2358 444 2385 XVII.
466 2358 581 2391 Quaero,
606 2360 629 2386 si
648 2360 706 2394 ipse
724 2361 873 2396 excogitare
891 2369 944 2387 non
963 2369 1012 2395 po-

218 2399 314 2426 tuerat,
334 2395 561 2430 quemadmodum
580 2405 661 2431 quam
679 2397 797 2432 plurimo
815 2397 954 2424 venderet:
978 2405 1011 2423 ne

218 2435 261 2456 tua
275 2432 384 2466 quidem
398 2434 512 2460 recentia
526 2434 640 2468 proximi
654 2435 782 2469 praetoris
794 2435 906 2470 vestigia
919 2442 1010 2469 perse-

218 2468 265 2501 qui
279 2473 388 2502 poterat,
404 2474 434 2496 ut
448 2471 501 2497 tuis
515 2471 665 2505 praeclaris,
681 2471 729 2497 abs
743 2476 768 2498 te
781 2473 902 2506 principe
915 2473 1011 2498 iuven—

218 2504 251 2529 tis
273 2509 298 2531 et
319 2507 473 2541 excogitatis
496 2508 590 2534 edictis
612 2512 692 2543 atque
717 2509 848 2535 institutis
874 2507 1011 2535 uteretur?

218 2541 259 2567 tt.
280 2541 327 2568 Ille
341 2551 403 2569 vero
418 2548 473 2570 tum
487 2553 516 2570 se
529 2544 666 2571 Metellum
681 2545 792 2571 minime
807 2545 860 2572 fore
878 2550 1006 2580 putasset,

217 2577 240 2603 si
258 2582 283 2604 te
302 2578 356 2604 ulla
373 2580 401 2606 in
419 2589 446 2606 re
463 2582 583 2608 imitatus
601 2587 684 2608 esset:
711 2582 760 2617 qui
780 2582 813 2609 ab
831 2583 898 2609 urbe
916 2583 1006 2613 Roma,

216 2614 289 2649 quod
303 2624 380 2641 nemo
393 2625 522 2652 umquam
535 2623 595 2653 post
608 2619 748 2645 hominum
762 2620 917 2646 memoriam
935 2619 1006 2650 fecit,

216 2659 302 2686 quum
316 2653 367 2678 sibi
381 2653 408 2679 in
423 2656 587 2688 provinciam
600 2656 824 2690 proficiscendum
834 2661 948 2691 putaret,
965 2656 1009 2683 lit-

374 1466 500 1498 Senatus,
517 1475 602 1501 quum
617 1467 782 1501 temporibus
797 1467 958 1502 reipublicae
971 1475 1016 1492 co-
1037 1491 1038 1496 ,

221 1503 305 1538 gitur,
322 1507 351 1530 ut
364 1503 499 1535 decernat,
517 1508 546 1530 ut
559 1504 654 1530 alterae
668 1505 795 1531 decumae
809 1505 963 1540 exigantur,
980 1504 1015 1530 ita
1036 1513 1038 1535 ρ

1072 312 1199 342 ostendit,
1219 321 1248 338 ue
1263 312 1319 346 lege
1334 313 1469 339 Hieronica
1489 315 1672 345 venditurum,
1696 315 1744 341 boc
1761 321 1813 345 eat.
1835 317 1861 342 in

1071 350 1143 375 οιιιιιί
1164 350 1261 375 ratione
1279 349 1452 376 decumarum
1472 351 1538 377 nihil
1558 353 1600 378 isti
1616 352 1703 378 simile
1720 352 1859 379 facturum.

1073 387 1158 421 Atque
1173 386 1236 412 baec
1251 395 1301 412 non
1316 387 1460 421 cupiditate
1474 388 1562 423 aliqua
1577 389 1668 415 scribit
1683 389 1816 419 inductus,
1834 395 1863 416 ut

1073 425 1098 449 in
1117 423 1229 449 alienam
1249 424 1412 457 provinciam
1432 425 1516 451 mittat
1539 425 1637 452 litteras
1660 432 1719 453 ante
1742 432 1859 462 tempus;

1050 464 1051 468 ¹
1072 460 1118 486 sed
1133 460 1252 489 consilio.
1270 469 1310 489 ne.
1327 461 1348 486 si
1365 465 1470 495 tempus
1480 463 1589 488 sationis
1602 464 1786 498 praeteriisset,
1803 473 1863 499 gra-

1073 507 1136 523 num
1151 506 1183 524 ex
1199 498 1332 532 provincia
1345 498 1435 524 Sicilia
1447 498 1550 525 nullum
1567 499 1733 527 haberemus.
1757 502 1797 527 45.
1813 502 1863 527 Co—

1072 535 1191 567 gnoscite
1206 534 1303 560 Metelli
1320 534 1427 561 litteras.
1454 536 1540 562 Recita
1554 537 1692 570 epistolam
1707 538 1736 564 L.
1753 538 1861 565 Metelli.

1072 581 1216 598 nir-rnna
1232 581 1254 597 ι.
1271 581 1406 598 uerunt.
1444 573 1535 599 xvut.
1558 574 1610 599 llae
1625 574 1732 604 litterae.
1749 575 1860 605 iudices,

1073 610 1100 636 L.
1118 609 1228 639 Metelli,
1249 618 1316 644 quas
1331 609 1456 639 audistis,
1474 610 1535 641 boc.
1551 616 1681 645 quantum
1695 616 1735 638 est
1747 621 1780 639 ex
1794 612 1863 639 Sici-

1073 647 1104 672 lia
1117 646 1241 672 frumenti
1255 646 1396 677 hornotini,
1412 653 1599 674 exaraverunt:
1615 648 1720 683 glebam
1730 658 1862 676 commos-

1071 689 1110 710 set
1125 684 1151 710 in
1166 693 1228 718 agro
1241 683 1389 710 decumano
1403 684 1509 710 Siciliae
1524 694 1609 715 nemo,
1626 686 1648 711 si
1661 686 1783 712 Metellus
1795 686 1862 713 hanc

1071 721 1208 756 epistolam
1225 729 1274 747 non
1290 721 1416 747 misisset.
1448 721 1537 753 Quid?
1551 722 1655 749 Metello
1668 722 1799 749 divinitus
1813 723 1862 750 hoc

1073 759 1143 784 venit
1157 759 1183 784 in
1199 763 1323 788 mentem,
1339 767 1371 784 an
1386 759 1418 784 ab
1433 758 1539 789 Siculis,
1555 760 1602 794 qui
1614 760 1721 786 nomam
1737 759 1862 795 frequen-

1071 796 1166 822 tissimi
1178 800 1363 825 eonvenerant,
1381 797 1641 832 negotiatoribusque
1652 797 1758 824 Siciliae
1767 797 1861 824 doctus

1070 833 1127 859 cst‘?
1152 832 1284 865 Quorum,
1304 833 1396 867 quanti
1413 839 1559 860 conventus
1578 833 1609 860 ad
1625 834 1774 865 Marcellos,
1793 835 1861 861 anti-

1069 871 1215 905 quissimos
1225 869 1330 895 Siciliae
1342 875 1472 904 patronos.
1486 872 1578 906 quanti
1589 872 1621 897 ad
1633 872 1680 897 Cn.
1694 872 1858 906 Pompeium.

1070 907 1207 934 consulem
1229 906 1413 940 designatum.
1438 912 1592 944 ceterosque
1614 908 1686 935 illius
1710 909 1860 943 provinciae

1070 944 1231 971 necessarios
1246 944 1300 970 lieri
1315 943 1386 970 soliti
1400 945 1466 975 sint,
1486 947 1548 980 quis
1566 945 1686 981 ignorat?
1710 945 1786 978 Quod
1799 947 1862 981 qui-

1069 982 1129 1008 dem
1144 982 1273 1008 iudicium
1290 981 1364 1007 nullo
1378 990 1505 1016 umquam
1519 983 1552 1008 de
1568 983 1674 1009 homine
1693 983 1790 1009 tactum
1809 988 1858 1013 est.

1070 1024 1098 1045 ut
1112 1019 1208 1045 absens
1222 1023 1390 1045 accusaretur
1403 1018 1436 1044 ab
1451 1019 1483 1045 iis
1498 1019 1598 1054 palam,
1619 1028 1733 1055 quorum
1752 1021 1778 1047 in
1793 1020 1860 1047 bona

1158 1094 1238 1120 Tanta
1254 1093 1294 1119 vis
1308 1097 1362 1119 erat
1377 1093 1548 1125 iniuriarum,
1570 1099 1599 1120 ut
1617 1094 1738 1120 homines
1751 1094 1860 1129 quidvis

1069 1132 1183 1167 perpeti,
1203 1139 1284 1166 quam
1304 1139 1354 1156 non
1373 1130 1405 1156 de
1425 1131 1502 1157 istius
1516 1132 1643 1166 pravitate
1656 1136 1681 1157 et
1695 1132 1801 1158 iniuriis
1814 1131 1861 1158 de—

1069 1169 1170 1204 plorare
1184 1173 1209 1194 et
1222 1168 1348 1202 conqueri
1364 1167 1481 1194 mallent.
1517 1170 1558 1195 46.
1577 1168 1649 1201 Quas
1664 1168 1761 1195 litteras
1775 1177 1860 1203 quum

1038 1214 1047 1223 ‘¹
1068 1206 1101 1232 ad
1119 1214 1211 1232 omnes
1229 1205 1349 1232 civitates
1368 1213 1448 1239 prope
1467 1206 1624 1241 suppliciter
1637 1206 1754 1232 misisset
1769 1205 1862 1232 Metel-

1070 1243 1124 1274 lus,
1145 1248 1232 1269 tamen
1250 1242 1391 1276 antiquum
1407 1243 1515 1269 niodum
1530 1244 1639 1269 sationis
1654 1242 1727 1269 nulla
1741 1251 1774 1269 ex
1788 1248 1860 1278 parte

1067 1281 1174 1316 assequi
1193 1280 1291 1315 potuit:
1319 1279 1478 1314 diffugerant
1494 1281 1564 1306 enim
1584 1279 1722 1315 permulti,
1743 1280 1770 1306 id
1787 1280 1860 1315 quod

1067 1318 1218 1345 ostendam:
1236 1325 1286 1344 non
1301 1316 1388 1342 solum
1403 1318 1541 1348 arationes,
1557 1317 1604 1343 sed
1617 1317 1696 1343 etiam
1710 1316 1786 1344 sedes
1796 1325 1860 1343 suas

1045 1359 1046 1377 i
1069 1356 1173 1390 patrias,
1190 1355 1268 1381 istius
1283 1353 1388 1379 iniuriis
1403 1355 1536 1390 exagitati,
1553 1353 1723 1390 reliquerant.

222 1395 301 1418 tatem
316 1391 445 1418 furtorum
461 1396 567 1418 tuorum
579 1392 644 1418 nihil
657 1394 765 1419 omnino
777 1391 925 1419 dederunt?
939 1391 1013 1422 Vide,
1044 1400 1046 1422 ξ

1121 1430 1179 1456 Νοι]
1197 1429 1349 1458 mehercule
1366 1430 1486 1458 criminis
1508 1428 1623 1465 augendi
1645 1437 1738 1456 caussa
1761 1428 1857 1459 dicam,

1066 1466 1182 1493 iudices:
1203 1467 1259 1500 sed,
1275 1477 1356 1504 quem
1371 1469 1429 1503 ipse
1443 1468 1531 1502 accepi
1545 1466 1629 1493 oculis
1643 1467 1785 1501 animoque
1798 1474 1860 1493 sen-

1066 1513 1141 1535 sum,
1163 1504 1236 1531 hunc
1250 1514 1311 1532 vere
1325 1506 1397 1540 apud
1411 1514 1471 1536 vos,
1487 1510 1526 1536 et,
1542 1509 1571 1531 ut
1585 1508 1688 1539 potero,
1704 1503 1860 1538 planissime

1066 1550 1207 1576 exponam.
1243 1544 1282 1569 47.
1297 1543 1373 1574 Nam,
1389 1551 1474 1578 quum
1489 1541 1664 1577 quadriennio
1677 1545 1736 1576 post
1750 1541 1777 1567 in
1791 1540 1860 1567 Sici-

1067 1578 1128 1605 liam
1143 1579 1287 1610 venissem,
1303 1581 1343 1606 sic
1356 1580 1422 1607 mihi
1437 1579 1526 1606 ass'ecta
1541 1579 1597 1605 visa
1611 1583 1659 1609 est,
1677 1582 1705 1604 ut
1716 1577 1765 1604 bae
1777 1583 1859 1604 terrae

1067 1615 1161 1647 solent,
1177 1617 1205 1643 in
1216 1617 1316 1652 quibus
1327 1617 1428 1644 bellum
1439 1616 1563 1643 acerbum
1575 1615 1789 1650 diuturnumque
1800 1623 1859 1641 ver-

1066 1657 1153 1679 satum
1172 1658 1221 1680 est.
1261 1654 1334 1686 Quos
1353 1663 1401 1690 ego
1419 1662 1526 1688 campos
1544 1657 1619 1679 antea
1639 1652 1774 1687 collesque
1796 1652 1859 1678 niti-

1066 1736 1136 1754 nunc
1150 1736 1180 1754 ac
1193 1727 1310 1755 desertos
1324 1729 1461 1759 videbam,
1483 1732 1512 1754 ut
1525 1736 1586 1763 ager
1599 1727 1657 1762 ipse
1670 1726 1798 1753 cultorem
1811 1726 1859 1753 de-

1065 1764 1181 1791 siderare
1198 1774 1228 1792 ac
1247 1765 1337 1802 lugere
1355 1765 1495 1792 dominum
1509 1765 1653 1791 videretur.
1694 1764 1858 1790 Herbitensis

1065 1810 1138 1837 ager,
1158 1802 1320 1834 Hennensis,
1342 1803 1541 1839 MurgentinuS.
1561 1802 1718 1831 Assorinus,
1739 1801 1859 1827 Imacha-

1065 1839 1159 1870 rensis,
1175 1839 1359 1875 Agyrinensis,
1375 1841 1411 1866 ita
1422 1840 1530 1866 relictus
1541 1844 1595 1866 erat
1605 1847 1638 1865 ex
1647 1839 1763 1864 maxima
1774 1843 1855 1872 parte,

1064 1881 1094 1903 ut
1107 1885 1160 1903 non
1173 1877 1261 1903 solum
1275 1878 1412 1913 iugerum,
1429 1877 1476 1904 sed
1489 1877 1568 1903 etiam
1582 1875 1751 1902 dominorum
1766 1874 1859 1901 inulti-

1064 1913 1185 1940 tudinem
1198 1923 1402 1949 quaereremus:
1418 1915 1559 1941 Aetnensis
1573 1921 1635 1939 vero
1645 1921 1714 1948 ager,
1730 1912 1777 1947 qui
1788 1911 1858 1938 sole-

1063 1951 1107 1977 bat
1121 1960 1180 1977 esse
1193 1951 1374 1982 cultissimus,
1395 1956 1433 1982 et,
1456 1951 1528 1987 quod
1541 1955 1621 1986 caput
1634 1954 1674 1976 est
1688 1950 1724 1976 rei
1738 1949 1859 1976 frumen-

1064 1989 1157 2019 tariae,
1177 1997 1289 2024 campus
1307 1989 1465 2019 Leontinus,
1487 1989 1566 2015 cuius
1583 1992 1658 2014 antea
1676 1987 1780 2022 species
1793 1986 1859 2013 haec

1063 2030 1130 2056 erat,
1151 2030 1192 2057 ut,
1212 2035 1299 2061 quum
1311 2026 1429 2053 obsitum
1445 2026 1572 2056 vidisses,
1592 2032 1710 2051 annonae
1723 2024 1857 2050 caritatem

1065 2071 1116 2089 non
1130 2071 1263 2094 vererere,
1284 2064 1322 2090 sic
1336 2069 1391 2090 erat
1404 2063 1532 2090 deformis
1545 2067 1624 2097 atque
1638 2060 1771 2092 horridus,
1786 2065 1817 2087 ut
1829 2061 1857 2087 iu

1064 2100 1197 2126 uberrima
1216 2100 1322 2127 Siciliae
1341 2106 1412 2135 parte
1431 2100 1549 2127 Siciliam
1567 2106 1767 2134 quaereremus.
1807 2098 1858 2124 La-

1064 2137 1205 2164 befactarat
1218 2138 1289 2164 enim
1305 2138 1475 2164 vehementer
1487 2142 1601 2163 aratores
1615 2136 1667 2162 iam
1678 2135 1800 2170 superior
1809 2143 1857 2161 an—

1064 2183 1124 2205 nus,
1140 2175 1280 2209 proximus
1295 2183 1357 2202 vero
1370 2174 1492 2201 funditus
1507 2177 1644 2200 everterat.
1670 2172 1743 2199 XIX.
1759 2173 1800 2199 48.
1816 2172 1856 2198 Tu

1042 2226 1043 2232 .
1064 2212 1130 2238 mihi
1144 2212 1223 2238 etiam
1237 2212 1320 2238 audes
1335 2213 1495 2238 mentionem
1514 2211 1598 2238 tacere
1615 2207 1806 2236 decumarum?
1827 2214 1854 2235 tu

1041 2269 1043 2354 l

217 2693 285 2716 teras
298 2689 331 2716 ad
345 2689 451 2717 Siciliae
464 2692 584 2718 civitates
597 2693 684 2723 misit,
705 2701 752 2727 per
769 2701 837 2728 quas
851 2693 971 2720 hortatur
983 2697 1009 2720 et
1036 2707 1039 2721 2

1063 2249 1090 2275 in
1105 2253 1175 2275 tanta
1188 2249 1370 2283 improbitate,
1392 2254 1420 2276 tu
1435 2250 1462 2276 in
1477 2253 1546 2275 tanta
1560 2247 1714 2277 acerbitate,
1733 2246 1762 2272 in
1780 2250 1818 2272 tot
1830 2251 1855 2272 et

1064 2286 1142 2312 tantis
1152 2286 1268 2317 iniuriis,
1284 2295 1369 2321 quum
1380 2287 1407 2313 in
1419 2286 1582 2312 arationibus
1592 2288 1617 2310 et
1626 2284 1655 2310 in
1665 2291 1756 2309 earum
1767 2291 1855 2310 rerum

1063 2323 1120 2349 iure
1135 2324 1270 2358 provincia
1282 2323 1372 2350 Sicilia
1386 2324 1524 2353 consistat.
1544 2321 1644 2349 eversis
1662 2319 1785 2347 funditus
1797 2328 1856 2346 ara-

1065 2360 1179 2391 toribus,
1200 2360 1299 2387 relictis
1317 2361 1400 2396 agris,
1421 2369 1506 2395 quum
1524 2359 1551 2385 in
1564 2358 1700 2393 proxincia
1714 2362 1766 2383 tam
1781 2356 1856 2385 locu·

1062 2397 1132 2432 plete
1146 2406 1175 2424 ac
1188 2397 1283 2424 referta
1298 2406 1350 2424 non
1364 2398 1442 2424 modo
1455 2405 1523 2427 rem,
1543 2395 1591 2422 sed
1608 2403 1641 2421 ne
1655 2403 1730 2429 spem
1743 2394 1855 2429 quidem

1063 2434 1145 2460 ullam
1160 2435 1290 2470 reliquam
1304 2435 1432 2470 cuiquam
1445 2433 1551 2463 feceris,
1572 2431 1675 2467 aliquid
1689 2436 1713 2458 te
1726 2430 1855 2466 populare
1892 2463 1894 2466 .

1061 2472 1168 2506 putabis
1183 2472 1288 2501 habere,
1304 2480 1389 2506 quum
1403 2471 1484 2501 dices,
1501 2475 1525 2496 te
1539 2469 1635 2504 pluris,
1651 2477 1732 2504 quam
1741 2473 1850 2498 ceteros,

1061 2508 1187 2535 decumas
1202 2507 1374 2535 vendidisse?
1397 2507 1480 2540 Quasi
1494 2515 1556 2533 vero
1569 2511 1614 2533 aut
1628 2505 1744 2541 populus
1756 2505 1853 2532 Roma·
1886 2515 1897 2539 ,-

1061 2554 1112 2572 ιιιι5
1126 2545 1176 2572 hoc
1190 2546 1312 2577 voluerit,
1327 2549 1373 2571 aut
1386 2549 1494 2571 senatus
1504 2544 1554 2571 hoc
1564 2544 1613 2570 tibi
1622 2542 1796 2573 mandaverit,
1811 2547 1850 2573 ut,
1887 2546 1893 2558 '-

1059 2591 1144 2617 quum
1163 2591 1255 2609 omnes
1273 2587 1405 2609 aratorum
1423 2581 1542 2608 fortunas
1559 2581 1732 2607 decumarum
1746 2579 1852 2606 nomine
1887 2579 1892 2607 I
1922 2602 1926 2607 .

1060 2621 1189 2654 eriperes,
1213 2621 1241 2646 in
1263 2624 1399 2655 posterum
1420 2618 1510 2645 fructu
1532 2617 1578 2645 illo
1599 2616 1792 2651 commodoque
1812 2617 1852 2643 rei
1884 2630 1889 2646 Α

1060 2656 1247 2683 frumentariae
1265 2656 1395 2691 populum
1412 2655 1562 2682 Romanum
1584 2655 1716 2690 privares;
1743 2652 1848 2684 deinde,
1882 2670 1884 2675 ·

1059 2694 1082 2719 si
1099 2702 1180 2728 quam
1199 2698 1301 2729 partem
1319 2697 1379 2720 tuae
1396 2692 1509 2728 praedae
1527 2692 1559 2719 ad
1578 2699 1712 2718 summam
1725 2690 1851 2717 decuma-
1884 2695 1891 2702 '¹
