1941 3052
274 132 651 160 TUSCULANARUM
680 131 1063 159 DISPUTATIONUM
1096 133 1177 159 LIB.
1210 133 1241 160 V.
1268 132 1361 160 CAP.
1383 134 1471 159 21—
1491 134 1534 159 27.

89 205 282 241 ligentiamque
297 209 462 231 convertant.
502 204 629 230 Sumatur
644 204 717 230 enim
733 203 811 230 nobis
822 204 885 238 qui-

89 243 150 269 dam
167 246 305 277 praestans
321 243 363 268 vir
377 242 488 276 optimis
504 242 621 272 artibus,
640 241 718 276 isque
733 241 822 267 animo
837 249 886 275 pa-

89 288 199 314 rumper
209 283 234 306 et
243 279 402 314 cogitatione
415 279 540 314 fingatur.
574 279 695 305 Primum
707 279 816 313 ingenio
827 278 886 304 exi—

89 317 144 343 mio
154 317 189 343 sit
200 325 309 342 necesse
320 321 371 348 est:
392 316 475 342 tardis
490 317 563 342 enim
578 316 715 342 mentibus
732 316 818 341 virtus
833 323 884 341 non

89 353 167 380 tacite
182 354 336 380 comitatur:
359 353 458 380 deinde
473 353 505 379 ad
517 352 734 388 investigandam
746 353 885 379 veritatem

88 390 178 417 studio
190 391 307 417 incitato.
348 391 389 417 Ex
402 399 456 425 quo
470 390 568 425 triplex
579 390 624 416 ille
636 390 720 416 animi
732 389 801 416 fetus
812 390 886 415 exsi-

88 433 152 454 stet:
175 437 246 454 unus
263 429 290 454 in
307 428 458 463 cognitione
473 436 562 454 rerum
577 428 680 462 positus
691 432 716 453 et
728 428 754 453 in
766 426 886 461 explica-

87 466 160 492 tione
170 470 292 492 naturae:
312 465 377 491 alter
391 466 418 491 in
429 465 608 499 descriptione
620 464 831 499 expetendarum
843 463 886 490 fu-

87 502 283 539 giendarumve
295 511 397 529 rerum:
411 503 505 529 tertius
516 501 779 536 iniudicando,quid
786 502 885 535 cuique

87 540 127 567 rei
138 541 173 566 sit
183 548 361 574 consequenS,
369 539 436 574 quid
444 548 597 574 repugnans
606 548 611 571 ς
626 540 713 574 inquo
722 539 885 565 inestomnis

88 582 146 604 tum
157 577 294 603 subtilitas
305 577 466 607 disserendi,
480 581 535 603 tum
549 578 647 603 veritas
658 576 807 602 iudicandi.
841 576 883 601 69.

87 614 146 647 Quo
162 614 269 641 tandem
285 615 369 649 igitur
383 614 483 649 gaudio
499 613 569 640 affici
584 622 693 639 necesse
703 618 744 639 est
754 613 885 647 sapientis

87 653 209 679 animum
224 660 286 678 cum
299 652 341 677 his
352 651 517 678 habitantem
532 655 785 685 pernoctantemque
796 650 882 676 curis!

87 694 130 720 ut,
150 698 236 724 quum
251 690 332 715 totius
348 689 444 715 mundi
460 693 548 715 motus
563 688 807 722 conversionesque
824 696 886 721 per-

87 727 215 762 spexerit,
224 726 366 761 sideraque
381 726 477 752 viderit
488 725 696 752 innumerabilia
707 725 780 751 caelo
792 725 886 751 inhae-

87 765 172 790 rentia
191 772 253 790 cum
274 764 333 790 eius
352 764 439 798 ipsius
455 768 528 789 motu
544 771 691 798 congruere
706 763 786 788 certis
802 762 884 788 infixa

87 801 213 834 sedibus:
241 805 344 835 septem
366 800 417 826 alia
437 809 501 826 suos
520 809 644 834 quaeque
665 804 754 826 tenere
775 808 881 829 cursus,

88 838 204 865 multum
220 839 288 864 inter
302 846 331 864 se
349 842 394 864 aut
404 837 546 864 altitudine
558 842 603 863 aut
614 836 766 863 humilitate
782 836 885 862 distan-

87 877 136 906 tia,
150 884 265 910 quorum
279 875 339 910 vagi
351 879 438 901 motus
450 879 504 901 rata
515 879 604 900 tamen
616 879 642 901 et
652 879 721 900 certa
734 874 778 900 sui
788 882 884 900 cursus

86 913 172 948 spatia
183 912 324 938 definiant:
343 912 439 938 horum
454 913 583 938 nimirum
595 917 719 947 aspectus
731 911 840 946 impulit
852 910 885 936 il-

87 950 126 977 los
142 954 245 976 veteres
261 955 286 976 et
300 949 452 980 admonuit,
474 954 504 975 ut
518 949 595 984 plura
611 954 779 984 quaererent.
820 948 885 974 Inde

86 992 126 1014 est
146 987 282 1023 indagatio
303 991 363 1013 nata
384 987 523 1013 initiorum
542 991 568 1013 et
583 991 720 1021 tamquam
736 986 882 1017 seminum,

85 1024 159 1052 unde
170 1029 260 1051 essent
271 1025 361 1051 omnia
371 1029 440 1055 orta,
454 1029 592 1060 generata,
606 1029 740 1057 concreta:
759 1032 884 1059 quaeque

84 1063 219 1097 cuiusque
233 1062 340 1097 generis
352 1061 394 1088 vel
406 1062 520 1088 inanimi
532 1061 574 1088 vel
585 1062 743 1093 animantis,
761 1061 803 1088 vel
816 1061 884 1088 muti

84 1099 128 1126 vel
141 1099 275 1134 loquentis
287 1099 371 1134 origo,
384 1107 453 1133 quae
465 1100 533 1131 vita,
549 1100 598 1134 qui
610 1099 746 1130 interitus,
760 1107 884 1134 quaeque

85 1145 119 1164 ex
130 1136 182 1163 alio
192 1138 220 1163 in
232 1136 305 1163 aliud
318 1136 478 1162 vicissitudo
489 1141 569 1172 atque
580 1137 705 1169 mutatio:
720 1137 792 1163 unde
804 1141 882 1167 terra,

85 1179 111 1201 et
121 1174 223 1209 quibus
235 1174 329 1200 librata
341 1173 521 1208 ponderibus,
544 1174 647 1209 quibus
662 1175 785 1201 cavernis
800 1174 883 1200 maria

85 1213 229 1243 sustineat3
254 1212 281 1238 in
299 1220 352 1246 qua
367 1211 470 1242 omnia,
492 1210 578 1238 delata
594 1212 738 1247 gravitate,
762 1211 883 1238 medium

85 1249 181 1275 mundi
193 1249 280 1275 locum
291 1257 399 1283 semper
409 1253 548 1283 expetant,
571 1250 619 1284 qui
635 1253 676 1276 est
689 1249 761 1275 idem
773 1249 884 1275 intimus

84 1287 113 1313 in
130 1286 252 1313 rotundo.
292 1286 378 1312 XXV.
400 1287 442 1312 70.
465 1287 534 1312 Haec
549 1287 671 1313 tractanti
687 1287 777 1313 animo
793 1291 818 1313 et
836 1295 884 1313 no-

84 1329 140 1350 ctes
151 1328 176 1350 et
187 1323 246 1350 dies
256 1324 384 1359 cogitanti
395 1324 501 1350 exsistit
512 1323 558 1349 illa
569 1333 583 1350 a
593 1324 643 1350 deo
652 1324 764 1359 Delphis
775 1333 884 1359 praeee-

84 1366 128 1396 pta
140 1361 266 1396 cognitio,
283 1365 312 1387 ut
323 1361 381 1396 ipsa
392 1369 421 1387 se
433 1370 509 1387 mens
521 1366 647 1397 agnoscat
657 1363 883 1397 coniunctamque

84 1407 146 1425 cum
158 1398 251 1425 divina
263 1403 351 1425 mente
363 1407 391 1424 se
403 1399 508 1429 sentiat,
517 1407 550 1425 ex
561 1408 614 1434 quo
626 1399 772 1426 insatiabili
783 1399 884 1435 gaudio

84 1435 243 1471 completur.
284 1437 342 1470 Ipsa
359 1436 433 1462 enim
449 1437 574 1471 cogitatio
590 1436 622 1463 de
639 1437 666 1462 vi
677 1442 702 1463 et
714 1442 807 1464 natura
819 1437 883 1463 (leo-

84 1482 145 1500 rum
166 1473 289 1500 studium
309 1473 429 1499 incendit
446 1473 520 1499 illius
541 1475 704 1501 aeternitatis
726 1474 881 1505 imitandae,

85 1519 172 1546 neque
184 1519 212 1537 se
224 1511 252 1537 in
264 1510 394 1537 brevitate
406 1511 475 1537 vitae
487 1510 642 1538 collocatam
657 1517 741 1546 putat,
750 1521 834 1547 quum
843 1521 885 1538 re-

84 1557 145 1574 rum
160 1556 270 1574 caussas
287 1547 353 1574 alias
368 1556 401 1574 ex
416 1548 477 1574 aliis
493 1553 568 1583 aptas
583 1553 609 1575 et
627 1550 784 1576 necessitate
801 1558 884 1576 nexas

84 1585 172 1618 videt3
191 1585 293 1620 quibus
309 1585 343 1611 ab
354 1590 461 1612 aeterno
473 1590 594 1620 tempore
602 1585 748 1613 fluentibus
761 1588 786 1613 in
799 1592 884 1614 aeter·
905 1587 907 1598 ''

84 1631 159 1654 num,
173 1623 239 1649 ratio
250 1627 337 1649 tamen
350 1631 480 1658 mensque
492 1623 655 1650 moderatur.
695 1625 738 1650 7⁴.
754 1625 823 1651 llaec
838 1624 883 1650 ille

83 1661 192 1686 intuens
212 1665 291 1695 atque
312 1661 479 1695 suspiciens,
505 1661 548 1686 vel
569 1662 660 1696 potius
680 1671 774 1688 omnes
795 1666 883 1697 partes

82 1705 197 1732 orasque
208 1698 440 1732 circumspiciens,
449 1702 548 1732 quanta
555 1707 649 1724 rursus
656 1700 738 1725 animi
752 1699 884 1734 tranquil-

84 1734 156 1761 litate
169 1735 285 1761 humana
297 1740 323 1761 et
333 1735 454 1761 citeriora
465 1735 629 1762 considerat!
653 1737 719 1762 llinc
732 1736 777 1763 illa
789 1737 884 1772 cogni-

83 1773 120 1799 tio
132 1773 239 1799 virtutis
250 1773 369 1799 exsistit:
383 1772 553 1799 efflorescunt
563 1782 661 1808 genera
673 1779 816 1809 partesque
828 1775 884 1800 vir-

82 1814 185 1836 tutum:
199 1810 345 1841 invenitur,
359 1809 426 1844 quid
437 1810 480 1840 sit,
494 1810 566 1845 quod
578 1815 671 1837 natura
683 1817 785 1846 spectet
794 1817 884 1838 extre-

83 1855 159 1873 mum
172 1847 198 1873 in
210 1847 298 1878 bonis,
312 1847 383 1882 quod
394 1848 421 1873 in
433 1847 511 1874 malis
523 1847 665 1881 ultimum:
679 1858 733 1884 quo
744 1849 882 1875 referenda

83 1884 138 1910 sint
157 1883 259 1914 officia,
282 1893 351 1918 quae
372 1884 509 1920 degendae
530 1886 624 1912 aetatis
645 1887 711 1912 ratio
726 1886 880 1922 deligenda.

83 1920 190 1953 Quibus
205 1926 231 1947 et
245 1921 344 1947 talibus
361 1922 441 1947 rebus
456 1923 615 1956 exquisitis.
640 1923 689 1950 hoc
706 1924 748 1950 vel
765 1925 883 1951 maxime

83 1958 213 1989 efficitur,
231 1958 303 1993 quod
319 1958 366 1984 hac
378 1958 560 1993 disputatione
571 1961 691 1995 agimus,
710 1966 740 1987 ut
751 1962 837 1988 virtus
849 1961 882 1988 ad

83 1995 160 2022 beate
177 1995 325 2021 vivendum
342 1996 378 2022 sit
393 2004 421 2022 se
441 1997 499 2031 ipsa
517 2002 650 2024 contenta.
690 1999 732 2024 72.
754 1998 883 2033 Sequitur

83 2033 169 2063 tertia,
185 2041 254 2067 quae
266 2042 313 2067 per
321 2041 414 2059 omnes
427 2039 514 2068 partes
525 2035 673 2069 sapientiae
684 2040 773 2062 manat
783 2041 809 2062 et
821 2035 880 2062 sun-

83 2070 170 2101 ditur,
187 2079 256 2105 quae
273 2079 327 2096 rem
344 2070 450 2101 detinit,
467 2080 565 2106 genera
581 2071 719 2107 dispertit,
741 2074 882 2108 sequentia

83 2107 220 2142 adiungit.
242 2107 356 2142 perfecta
371 2107 521 2139 concludit,
539 2117 599 2135 vera
615 2114 641 2136 et
658 2109 723 2135 salsa
739 2109 880 2142 diiudicat,

82 2144 234 2171 disserendi
256 2146 322 2171 ratio
342 2150 367 2171 et
381 2146 504 2172 scientia.
546 2146 585 2173 Ex
601 2155 654 2181 qua
670 2155 756 2181 quum
775 2157 881 2175 summa

82 2182 185 2209 utilitas
200 2183 306 2208 exsistit
320 2182 353 2208 ad
365 2191 406 2208 res
419 2183 618 2217 ponderandas,
638 2188 695 2210 tum
709 2185 826 2211 maxime
839 2186 882 2212 in-

81 2228 170 2255 genua
191 2219 331 2246 delectatio
351 2224 376 2246 et
391 2219 474 2255 digna
489 2221 630 2255 sapientia.
671 2222 723 2248 Sed
743 2222 807 2248 haee
823 2223 880 2249 otii.

81 2257 210 2283 Transeat
222 2257 292 2283 idem
305 2257 353 2283 iste
365 2258 473 2292 sapiens
488 2258 520 2283 ad
533 2258 729 2293 rempublicam
742 2259 880 2286 tuendam.

81 2293 153 2327 Quid
164 2302 195 2320 eo
206 2295 290 2329 possit
301 2303 359 2320 esse
372 2296 560 2329 praestantius,
576 2305 661 2331 qutun
673 2297 804 2323 contineri
817 2306 882 2332 pru-

81 2331 172 2358 dentia
186 2331 328 2358 utilitatem
340 2332 443 2358 civium
455 2338 554 2363 cernat,
569 2333 671 2359 iustitia
683 2334 750 2360 nihil
765 2335 880 2361 insuam

81 2368 192 2395 domum
204 2369 266 2395 inde
278 2369 390 2399 derivet.
405 2369 518 2404 reliquis
530 2375 619 2396 utatur
631 2375 666 2396 tot
678 2375 730 2397 tam
744 2373 880 2407 variisque

81 2405 246 2432 virtutibus?
269 2406 394 2442 Adiunge
421 2406 537 2433 fructum
557 2408 751 2435 amicitiarum:
779 2409 804 2435 in
826 2418 880 2444 quo

81 2443 166 2470 doctis
183 2444 300 2479 positum
318 2449 358 2470 est
372 2453 457 2479 (pium
473 2444 618 2470 consilium
634 2446 722 2471 omnis
735 2446 804 2472 vitae
816 2455 880 2472 con-

80 2481 200 2507 sentiens
211 2485 237 2507 et
247 2490 330 2516 paene
341 2482 512 2516 conspirans,
532 2487 588 2508 tum
604 2491 710 2508 summa
726 2483 880 2510 iucunditas

80 2526 95 2544 8
116 2517 273 2552 quotidiano
293 2518 367 2545 cultu
383 2524 464 2553 atque
481 2519 564 2545 victu.
604 2519 674 2551 Quid
693 2520 757 2545 haec
773 2521 879 2547 tandem

80 2555 135 2581 vita
148 2554 294 2586 desiderat,
312 2565 366 2590 quo
377 2556 412 2582 sit
425 2556 542 2582 heatior?
557 2556 607 2582 Cui
625 2555 698 2593 [rei],
717 2557 827 2584 refertae
844 2563 880 2585 tot

81 2592 216 2627 tantisque
235 2592 357 2627 gaudiis,
385 2593 489 2619 fortuna
514 2594 571 2628 ipsa
594 2593 670 2620 cedat
695 2603 804 2621 necesse
827 2600 876 2622 est.

80 2628 157 2660 Quod
181 2629 203 2655 si
228 2629 345 2665 gaudere
365 2630 465 2657 talibus
487 2631 565 2657 bonis
585 2631 683 2662 animi,
712 2631 738 2658 id
759 2637 798 2658 851
824 2633 879 2658 vir-

82 2666 200 2697 tutibus,
223 2666 331 2693 beatum
347 2672 400 2699 est,
422 2677 571 2703 omnesque
591 2669 728 2703 sapientes
749 2669 790 2696 his
811 2679 878 2706 gau-

1668 134 1731 160 4093

936 203 990 229 diis
1011 203 1200 238 perfruuntur:
1233 212 1326 230 omnes
1351 212 1396 230 eos
1419 203 1540 230 confiteri
1561 203 1652 230 beatos
1673 212 1731 230 esse

936 249 1046 267 necesse
1066 245 1116 267 est.

991 278 1090 304 XXVI.
1111 279 1153 304 73.
1175 278 1206 304 A.
1219 278 1341 304 Etiamne
1354 279 1380 304 in
1392 279 1512 305 cruciatu
1524 283 1603 313 atque
1615 283 1733 304 tormen-

937 314 990 341 tis‘?
1010 316 1044 341 M.
1058 316 1099 341 An
1110 320 1138 341 tu
1151 324 1192 341 me
1205 316 1231 342 in
1243 315 1313 341 viola
1325 316 1448 350 putabas,
1462 320 1507 342 aut
1518 316 1545 342 in
1558 324 1616 342 rosa
1628 315 1730 341 dicere:

937 361 969 378 an
980 352 1111 386 Epicuro,
1129 353 1177 387 qui
1193 352 1376 379 tantummodo
1392 353 1480 379 induit
1491 362 1632 387 personam
1644 352 1734 387 philo-

936 389 1015 424 sophi
1031 394 1056 416 et
1070 389 1123 415 sibi
1140 391 1197 424 ipse
1212 390 1261 416 hoc
1278 399 1373 416 nomen
1390 391 1541 424 inscripsit,
1563 390 1652 416 dicere
1669 390 1735 415 lice-

937 427 989 453 bit:
1008 426 1090 461 (quod
1105 427 1229 461 quidem,
1248 432 1277 453 ut
1292 428 1372 453 habet
1387 436 1415 454 se
1427 436 1483 458 res,
1502 436 1544 453 me
1556 432 1643 453 tamen
1655 427 1734 462 plau-

937 464 1015 490 dente
1031 464 1122 499 dicit:)
1142 464 1271 490 »Nullum
1283 465 1398 499 sapienti
1410 474 1468 491 esse
1479 469 1594 499 tempus,
1611 465 1661 491 etsi
1672 473 1734 490 ura-

937 506 988 532 tur,
1002 506 1164 536 torqueatur,
1178 507 1291 533 secetur,
1305 503 1371 537 quin
1383 503 1468 537 possit
1479 502 1637 532 exclamare,
1652 502 1735 533 Quam

934 548 983 571 pro
994 541 1074 564 nihilo
1082 540 1176 572 pulos«
1191 548 1276 574 quum
1289 541 1446 574 praesertim
1457 539 1644 565 omnemalum
1659 538 1735 565 dolo-

937 585 964 602 re
980 575 1103 606 definiat,
1126 576 1227 602 bonum
1244 576 1392 611 voluptate,
1417 577 1483 603 haec
1502 582 1590 603 nostra
1611 576 1732 607 honesta,

937 614 1025 648 turpia
1040 613 1163 644 irrideat,
1184 614 1309 649 dicatque
1325 623 1386 645 nos,
1407 615 1434 640 in
1451 614 1565 640 vocibus
1579 619 1732 648 occupatOS.

937 651 1030 677 inanes
1041 659 1121 677 sonos
1133 650 1258 683 fundere:
1278 660 1365 686 neque
1380 651 1530 686 quidquam
1546 651 1578 677 ad
1591 660 1639 677 nos
1651 652 1735 685 perti-

937 696 1013 718 nere,
1031 688 1084 714 nisi
1100 688 1173 723 quod
1189 694 1234 715 aut
1250 689 1307 714 leve
1321 694 1366 715 aut
1377 698 1501 723 asperum
1514 690 1539 714 in
1551 697 1660 723 corpore
1672 697 1735 714 sen-

937 726 1030 752 tiatur:
1047 740 1084 744 —
1099 726 1162 751 huic
1173 734 1249 761 ergo,
1264 731 1292 752 ut
1303 726 1369 755 dixi,
1384 735 1436 752 non
1448 725 1564 751 multum
1576 726 1708 752 differenti
1720 734 1734 752 a

937 763 1038 788 iudicio
1050 762 1309 793 ferarum,oblivisci
1323 763 1413 789 licebit
1424 763 1485 789 sui'?
1495 768 1520 789 et
1531 768 1587 789 tum
1600 763 1734 789 fortunam

936 804 1120 830 contemnere,
1137 810 1222 835 quum
1238 801 1273 827 sit
1286 810 1364 826 omne
1376 805 1401 826 et
1412 800 1513 826 bonum
1525 802 1584 826 eius
1597 805 1621 826 et
1633 800 1734 826 malum

937 839 963 864 in
976 842 1104 872 potestate
1115 837 1249 869 fortunae,
1268 842 1325 864 tum
1341 837 1429 863 dicere
1446 846 1474 863 se
1490 838 1599 863 beatum
1615 838 1641 863 in
1658 846 1735 863 sum-

937 884 980 901 mo
991 876 1111 901 cruciatu
1124 880 1202 910 atque
1215 876 1367 906 tormentis,
1384 884 1470 910 quum
1482 875 1664 905 constituerit,
1682 884 1734 901 non

937 912 1016 938 modo
1031 921 1170 938 summum
1187 912 1289 939 malum
1305 921 1364 939 esse
1379 912 1513 943 dolorem,
1531 911 1579 938 sed
1595 913 1676 938 etiam
1691 920 1736 938 so-

937 949 1012 976 lum?
1041 950 1084 976 74.
1104 951 1158 976 Nec
1177 959 1240 976 vero
1255 950 1301 976 illa
1317 950 1371 976 sibi
1387 949 1505 976 remedia
1521 950 1686 983 comparavit
1701 948 1735 975 ad

937 987 1104 1014 tolerandum
1121 987 1253 1018 dolorem,
1272 987 1425 1013 firmitatem
1440 988 1538 1017 animi,
1557 987 1734 1021 turpitudinis

938 1024 1143 1056 verecundiam,
1161 1026 1379 1051 exercitationem
1394 1024 1673 1058 consuetudinemque
1688 1032 1736 1058 pa-

936 1062 1035 1093 tiendi,
1053 1067 1193 1097 praecepta
1206 1062 1385 1093 fortitudinis,
1404 1062 1532 1088 duritiam
1549 1061 1669 1092 virilem,
1687 1061 1735 1087 sed

936 1109 989 1127 una
1010 1108 1039 1126 se
1059 1100 1126 1126 dicit
1145 1100 1327 1126 recordatione
1344 1100 1515 1134 acquiescere
1531 1100 1735 1134 praeteritarum

936 1137 1120 1173 voluptatum:
1143 1142 1185 1168 ut,
1204 1138 1227 1163 si
1242 1138 1305 1172 quis
1317 1142 1455 1168 aestuans,
1474 1145 1559 1172 quum
1573 1137 1627 1162 vim
1639 1136 1736 1162 caloris

936 1184 988 1202 non
1002 1174 1079 1201 facile
1090 1175 1214 1210 patiatur,
1224 1175 1357 1201 recordari
1368 1174 1442 1205 velit,
1455 1183 1484 1201 se
1495 1174 1640 1209 aliquando
1652 1174 1679 1200 in
1686 1174 1736 1200 Ar-

936 1214 1020 1248 pinati
1032 1217 1121 1240 nostro
1136 1212 1236 1248 gelidis
1252 1211 1411 1238 fluminibus
1427 1211 1623 1238 circumfusum
1640 1211 1734 1237 fuisse.

936 1251 993 1277 Non
1004 1251 1076 1276 enim
1089 1250 1181 1280 video,
1200 1258 1253 1284 quo
1268 1250 1346 1276 modo
1357 1249 1450 1275 sedare
1462 1250 1566 1284 possint
1577 1248 1646 1275 mala
1658 1257 1735 1283 prae-

936 1289 1021 1314 sentia
1033 1288 1190 1322 praeteritae
1202 1287 1362 1322 voluptates,
1402 1288 1445 1313 75.
1467 1286 1518 1313 Sed
1533 1295 1618 1321 quum
1632 1287 1653 1312 is
1664 1286 1736 1312 dicat

936 1334 1043 1360 semper
1055 1325 1162 1351 beatum
1174 1333 1233 1351 esse
1244 1326 1403 1359 sapientem,
1417 1325 1461 1350 cui
1472 1324 1562 1350 dicere
1574 1323 1632 1354 hoc,
1646 1324 1669 1349 si
1681 1323 1735 1349 sibi

935 1368 1056 1389 constare
1072 1362 1165 1393 vellet,
1184 1371 1236 1388 non
1253 1362 1356 1388 liceret:
1378 1362 1508 1396 quidnam
1526 1361 1678 1387 faciendum
1695 1364 1736 1387 est

936 1401 992 1431 his,
1005 1401 1054 1435 qui
1066 1399 1134 1426 nihil
1147 1399 1343 1434 expetendum,
1358 1399 1425 1425 nihil
1439 1400 1464 1425 in
1478 1399 1555 1425 bonis
1567 1398 1732 1428 ducendum,

935 1438 1008 1473 quod
1021 1438 1157 1463 honestate
1169 1442 1265 1467 careat,
1279 1436 1451 1463 existimant?
1467 1437 1508 1462 Me
1519 1435 1631 1470 quidem
1644 1441 1735 1461 ancto-

936 1484 963 1501 re
979 1476 1060 1502 etiam
1071 1475 1240 1509 Peripatetici
1256 1479 1414 1509 veteresque
1431 1474 1584 1500 Academici
1601 1473 1736 1499 balbutire

935 1513 1060 1539 desinant
1076 1512 1235 1547 aliquando,
1253 1517 1398 1546 aperteque
1414 1516 1439 1538 et
1454 1511 1524 1537 clara
1541 1519 1604 1537 voce
1619 1510 1735 1536 audeant

935 1550 1038 1581 dicere,
1054 1550 1158 1576 beatam
1171 1551 1254 1576 vitam
1268 1550 1294 1576 in
1307 1549 1457 1575 Phalaridis
1470 1554 1575 1575 taurum
1588 1548 1735 1573 descensu-

936 1597 1002 1614 ram.
1043 1587 1152 1614 xxvlt.
1175 1588 1217 1613 75.
1240 1587 1299 1613 Sint
1319 1587 1392 1613 enim
1413 1587 1461 1612 tria
1477 1595 1574 1621 genera
1593 1586 1732 1615 bonorum,

935 1625 974 1659 (ut
987 1626 1038 1651 iam
1050 1634 1063 1651 a
1077 1624 1180 1659 laqueis
1195 1624 1359 1655 Stoicorum,
1377 1624 1479 1658 quibus
1496 1632 1574 1649 usum
1592 1632 1633 1649 me
1649 1623 1735 1657 pluri-

912 1677 913 1685 1
936 1663 996 1693 bus,
1010 1671 1092 1697 quam
1103 1662 1188 1692 soleo,
1206 1662 1340 1697 intelligo,
1355 1662 1511 1687 recedamus
1521 1661 1537 1694 z)
1549 1661 1601 1686 sint
1613 1670 1676 1686 saue
1689 1659 1734 1686 illa

935 1709 1033 1736 genera
1044 1700 1185 1730 bonorum,
1202 1699 1267 1726 dum
1282 1700 1401 1734 corporis
1413 1704 1437 1725 et
1449 1704 1556 1724 externa
1570 1699 1671 1723 iaceant
1683 1697 1735 1723 hu-

912 1741 913 1767 ]
937 1739 986 1769 mi,
1004 1737 1239 1767 ettantummodo,
1257 1738 1321 1771 quia
1333 1736 1465 1763 sumenda
1481 1737 1547 1765 sint,
1566 1735 1735 1770 appellentur

912 1772 913 1780 ¹
936 1775 1017 1803 bona:
1036 1775 1087 1801 alia
1103 1780 1192 1801 autem
1210 1774 1253 1801 illa
1265 1775 1357 1800 divina
1371 1774 1448 1809 longe
1461 1773 1565 1807 lateque
1577 1782 1605 1798 se
1618 1772 1735 1807 pandant

934 1813 1095 1848 caelumque
1105 1813 1274 1848 contingant:
1284 1811 1344 1848 [ut,]
1353 1811 1555 1846 eaquiadeptns
1562 1811 1604 1840 sit,
1614 1819 1662 1835 cur
1672 1818 1734 1835 eum

936 1850 1044 1877 beatum
1066 1851 1158 1881 modo,
1181 1855 1207 1876 et
1228 1858 1280 1876 non
1300 1849 1487 1875 beatissimum
1504 1849 1583 1874 etiam
1600 1846 1735 1873 dixerim?

935 1888 1055 1914 Dolorem
1074 1898 1135 1915 vero
1151 1888 1261 1922 sapiens
1275 1888 1441 1913 extimescet.
1483 1887 1506 1912 ls
1517 1887 1589 1911 enim
1604 1885 1735 1910 1111181118-

936 1927 1008 1952 xime
1028 1927 1177 1952 sententiae
1199 1930 1342 1960 repugnat:
1366 1933 1427 1950 nam
1448 1928 1537 1949 contra
1560 1928 1670 1948 mortem
1688 1930 1734 1947 no-

934 1968 1016 1989 stram
1029 1968 1109 1998 atque
1122 1968 1271 1989 nostrorum
1284 1967 1428 1996 contraque
1440 1960 1637 1996 aegritudinem
1652 1965 1677 1986 et
1694 1968 1734 1985 re-

936 2000 1025 2035 liquas
1041 2001 1124 2026 animi
1142 2000 1357 2035 perturbationes
1369 2000 1434 2025 satis
1445 2007 1504 2024 csse
1517 1998 1642 2023 videmur
1652 2005 1733 2031 supe-

935 2039 1036 2064 riorum
1048 2038 1154 2064 dierum
1167 2037 1398 2072 disputationiluis
1410 2037 1504 2062 armati
1517 2036 1645 2069 etparati:
1660 2033 1734 2059 dolor

934 2084 993 2101 esse
1010 2075 1117 2101 videtur
1133 2076 1280 2100 acerrimus
1295 2075 1387 2100 virtuti
1400 2073 1585 2100 aalversarius:
1604 2073 1626 2098 is
1638 2071 1734 2097 ardeu-

935 2117 974 2138 tes
996 2111 1066 2138 saces
1087 2112 1211 2143 intentat:
1248 2113 1270 2137 is
1297 2111 1494 2139 tortitudinem.
1519 2109 1732 2143 magnitudinem

935 2149 1028 2179 animi,
1043 2149 1198 2183 patientiam
1210 2157 1238 2174 se
1249 2148 1454 2174 debilitaturum
1466 2148 1596 2173 minatur:
1614 2147 1655 2171 77.
1671 2146 1733 2171 huic

936 2187 1018 2221 igitur
1029 2186 1188 2212 succumbet
1201 2186 1301 2211 virtus:
1327 2185 1388 2211 huie
1406 2185 1481 2211 beata
1493 2184 1623 2219 sapientis
1634 2189 1733 2209 818011-

934 2225 1029 2249 stantis
1042 2224 1092 2249 viri
1106 2224 1158 2249 vita
1170 2223 1255 2249 cedet.
1287 2224 1372 2254 Quam
1385 2223 1474 2257 turpe!
1489 2232 1504 2247 o
1515 2222 1552 2247 dii
1566 2221 1640 2247 honi!
1665 2220 1733 2245 l'ue-

935 2261 956 2286 ri
976 2261 1122 2295 Spartiatae
1144 2269 1195 2286 non
1218 2260 1399 2295 ingemiscunt
1421 2259 1562 2285 verberum
1582 2258 1670 2283 dolore
1695 2256 1732 2282 la-

935 2299 1009 2324 niati.
1051 2297 1269 2323 Adolescentium
1286 2306 1382 2331 greges
1397 2296 1594 2322 Lacedaemone
1613 2294 1732 2320 vidimus

935 2336 985 2369 ipsi
1009 2335 1161 2361 incredibili
1177 2335 1345 2360 contentione
1361 2339 1491 2360 certantes
1516 2334 1628 2367 pugnis.
1650 2331 1732 2357 811181-

933 2373 993 2400 11115.
1009 2372 1156 2407 unguibus,
1172 2380 1261 2397 morsu
1273 2371 1400 2406 deniqne.
1417 2380 1502 2405 quum
1514 2370 1732 2396 ‹wanimarentur

933 2410 1022 2444 prius.
1040 2418 1122 2444 ‹puun
1134 2418 1162 2435 se
1176 2410 1259 2435 victos
1272 2408 1424 2434 faterentur.
1466 2409 1538 2439 Quae
1554 2407 1675 2432 barbaria
1689 2407 1731 2432 111-

932 2447 975 2472 dia
992 2448 1091 2473 vastior
1106 2451 1151 2472 aut
1167 2446 1314 2481 agrestior?
1331 2447 1357 2471 111
1373 2455 1402 2471 ea
1421 2451 1506 2471 tamen
1521 2450 1599 2478 gente
1612 2445 1729 2478 primum

933 2485 965 2513 11,
988 2484 1035 2518 qui
1059 2485 1195 2518 sapientes
1217 2483 1362 2513 habentur,
1386 2483 1450 2508 nudi
1473 2487 1583 2507 aetatem
1602 2486 1683 2515 agunt
1706 2486 1729 2506 ct

932 2521 1043 2547 Caucasi
1061 2522 1138 2547 nives
1155 2520 1354 2555 hiemalemque
1370 2521 1424 2545 vini
1437 2519 1573 2554 perferunt
1585 2520 1643 2545 sine
1655 2518 1730 2544 dolo-

932 2567 972 2584 re:
990 2567 1131 2593 quumque
1143 2558 1174 2584 ad
1188 2557 1321 2583 flammam
1334 2566 1362 2583 58
1374 2557 1591 2591 appliein‘ernnt.
1608 2557 1666 2582 51118
1682 2564 1729 2591 ge-

932 2596 998 2621 mitu
1015 2595 1175 2622 aduruntur.
1215 2596 1257 2620 7⁸.
1282 2594 1406 2620 Mulieres
1423 2603 1484 2620 vero
1499 2595 1524 2620 in
1539 2594 1625 2621 india.
1643 2601 1728 2628 quum

930 2638 969 2659 est
980 2633 1059 2659 cuius
1070 2641 1161 2659 earum
1175 2633 1216 2658 vir
1227 2637 1357 2659 mortuus.
1368 2632 1532 2658 incertainen
1542 2631 1728 2665 imliciumque

931 2670 1056 2702 veniunt,
1072 2679 1154 2705 quam
1171 2670 1320 2705 plurimum
1338 2669 1381 2695 ille
1393 2669 1530 2695 ditem-ii:
1551 2668 1641 2704 plures
1656 2669 1728 2694 enim
