1941 3052
427 153 474 179 IN
507 153 707 179 VERREM
738 153 892 180 ACT.11.

83 222 209 250 continuo
227 223 307 248 mittit
325 222 446 249 homines
465 227 550 249 certos
569 223 701 250 Melitam.-
727 224 821 250 scribit
843 223 876 250 ad

82 259 214 295 quosdam
233 259 401 290 Melitenses,
427 265 455 286 ut
478 269 508 286 ea
528 269 590 286 vasa
609 261 778 295 perquirant:
803 265 878 296 rogat

82 296 239 328 Diodorum,
260 300 290 322 ut
307 296 340 322 ad
359 296 436 323 illum
458 298 640 332 propinquum
654 306 735 324 suum
749 298 794 324 det
808 298 878 324 litte-

82 343 140 362 ras:
163 333 232 360 nibil
246 334 270 359 ei
286 333 392 369 longius
405 334 559 365 videbatur,
579 343 660 369 quam
674 335 739 361 dum
753 335 821 361 illud
836 336 878 361 vi-

82 371 156 398 deret
170 375 319 407 argentum.
359 371 503 402 Diodorus,
525 372 604 398 homo
621 371 692 407 frugi
706 381 736 398 ac
749 372 874 408 diligens,

82 409 130 444 qui
144 417 193 434 sua
207 416 313 434 servare
328 408 420 439 vellet,
437 409 588 443 propinquo
601 418 651 436 suo
665 410 772 441 scribit,
789 414 818 435 ut
831 409 875 440 iis,

82 445 130 480 qui
143 453 157 471 a
171 445 251 472 Verre
270 446 420 476 venissent,
441 446 624 481 responderet,
650 446 719 472 illud
737 451 876 482 argentum

83 491 112 509 se
125 483 217 517 paucis
232 482 286 508 illis
300 482 397 509 diebus
412 483 518 509 misisse
533 483 700 518 Lilybaeum.
723 485 781 518 Ipse
796 484 879 510 inter-

82 528 112 546 ea
126 519 240 546 recedit:
267 520 362 546 abesse
375 520 408 546 ab
422 520 500 546 domo
515 520 663 555 paullisper
677 521 779 551 maluit,
796 529 877 555 quam

82 565 208 592 praesens
236 556 304 583 illud
329 557 429 592 optime
455 557 555 584 factum
581 562 720 593 argentum
747 559 876 584 amittere.

81 594 159 626 Quod
173 595 220 620 ubi
234 594 337 620 audivit
350 595 410 626 iste,
426 603 513 629 usque
527 603 557 620 eo
570 599 611 620 est
623 599 781 625 commotus,
797 600 827 621 ut
841 595 879 620 si-

83 640 116 658 ne
131 631 185 658 ulla
199 631 366 658 dubitatione
380 632 497 658 insanire
510 632 636 658 omnibus
651 641 680 657 ac
695 631 784 657 furere
802 632 878 658 vide—
898 628 900 648 ⁴¹

83 673 164 695 retur.
204 668 272 701 Quia
291 677 343 695 non
362 673 482 703 potuerat
499 673 638 704 argentum
657 670 771 703 eripere,
792 669 849 703 ipse
864 678 877 694 a

82 705 195 732 Diodoro
212 711 301 740 erepta
315 706 368 732 sibi
383 715 445 732 vasa
458 706 558 740 optime
572 705 639 732 sacta
653 706 771 732 dicebat:
797 706 878 732 mini-

83 744 131 770 tari
145 743 248 769 absenti
262 742 388 770 Diodoro:
414 742 553 769 vociferari
572 742 674 777 palam:
699 743 821 769 lacrimas
836 744 878 769 in—

82 780 188 807 terdum
202 781 249 807 vix
259 785 358 807 tenere.
398 780 555 815 Eriphylam
570 781 722 814 accepimus
736 781 763 806 in
778 780 877 806 fabulis

82 826 112 844 ea
125 817 283 852 cupiditate,
304 822 346 848 ut,
366 826 452 852 quum
466 817 580 844 vidisset
593 817 705 848 monile,
727 822 755 844 ut
772 818 874 852 opinor,

82 863 116 881 ex
129 863 193 881 auro
206 859 231 880 et
243 855 368 890 gemmis,
385 854 586 889 pulchritudine
600 855 658 881 eius
669 856 786 886 incensa,
803 855 878 881 salu-

81 897 135 919 tem
146 892 198 918 viri
211 891 342 926 proderet.
369 891 473 918 Similis
484 892 562 918 istius
573 892 721 926 cupiditas,
736 892 785 919 hoc
796 893 876 919 etiam

81 929 165 956 acrior
178 933 258 963 atque
271 929 398 960 insanior,
413 929 487 964 quod
501 929 546 955 illa
560 930 686 964 cupiebat
699 930 735 961 id,
752 930 825 965 quod
836 930 878 956 vi-

80 966 167 997 derat,
188 966 270 993 huius
290 966 418 993 libidines
436 975 489 993 non
507 966 596 993 solum
614 967 709 998 oculis,
730 968 778 993 sed
796 968 876 994 etiam

81 1004 192 1030 auribus
207 1004 401 1030 excitabantur.
441 1004 515 1030 XIX.
532 1005 573 1030 40.
589 1004 718 1039 Conquiri
732 1005 876 1031 Diodorum

82 1045 133 1068 tota
151 1041 288 1076 provincia
306 1041 391 1067 iubet.
430 1040 478 1068 Ille
496 1050 530 1068 ex
543 1041 634 1068 Sicilia
653 1042 707 1068 iam
721 1047 806 1068 castra
820 1051 878 1068 mo-

81 1083 153 1105 verat
167 1082 193 1104 et
206 1087 268 1104 vasa
281 1078 434 1114 collegerat.
456 1079 548 1110 Homo,
564 1083 594 1105 ut
603 1079 694 1114 aliquo
705 1079 784 1106 modo
798 1079 877 1106 illum

80 1116 108 1142 in
122 1116 287 1150 provinciam
302 1120 448 1147 revocaret,
474 1116 543 1142 hanc
556 1117 718 1152 excogitavit
731 1118 875 1143 rationem:

80 1153 104 1179 si
119 1153 183 1179 haec
202 1153 268 1180 ratio
286 1154 389 1188 potius»,
410 1162 492 1188 quam
511 1154 627 1180 amentia
645 1155 807 1181 nominanda
826 1159 875 1181 est.

80 1190 198 1225 Apponit
211 1190 243 1217 de
257 1192 315 1217 suis
329 1191 441 1217 canibus
452 1191 607 1226 quemdam,
624 1192 671 1226 qui
682 1192 761 1223 dicat,
777 1201 806 1218 se
816 1193 878 1218 Dio-

80 1227 176 1254 dorum
194 1228 362 1255 Melitensem
384 1229 422 1255 rei
444 1228 567 1263 capitalis
590 1238 665 1255 reum
689 1229 757 1256 velle
779 1229 875 1256 facere.

80 1265 169 1292 Primo
183 1266 283 1292 mirum
297 1266 423 1292 omnibus
438 1266 537 1297 videri,
558 1266 703 1293 Diodorum
718 1275 807 1298 reum,
829 1267 878 1294 ho-

81 1303 182 1329 minem
200 1303 417 1337 quietissimum,
437 1304 471 1330 ab
489 1304 562 1330 omni
581 1313 632 1330 non
649 1304 727 1331 modo
741 1304 875 1336 facinoris,

81 1348 175 1366 verum
187 1341 267 1366 etiam
278 1341 385 1367 minimi
396 1341 473 1367 errati
485 1342 638 1375 suspicione
648 1342 875 1368 remotissimum:

79 1377 178 1404 deinde
191 1386 250 1404 esse
265 1378 451 1412 perspicuum,
473 1378 530 1404 fieri
547 1379 637 1404 onmia
655 1378 700 1405 illa
715 1384 823 1414 propter
835 1388 879 1405 ar-

79 1419 201 1450 gentum.
242 1415 294 1441 Iste
309 1424 360 1441 non
374 1415 480 1441 dubitat
493 1415 586 1442 iubere
605 1424 701 1442 nomen
719 1416 831 1443 deferri:
852 1421 878 1442 et

81 1457 137 1478 tum
153 1452 271 1487 primum
284 1453 378 1487 opinor
392 1453 474 1479 istum
489 1453 607 1479 absentis
622 1462 719 1480 nomen
733 1454 875 1488 recepisse.

81 1490 122 1516 Μ.
142 1489 194 1516 Res
207 1489 276 1516 clara
291 1489 382 1516 Sicilia
401 1494 465 1521 tota,
486 1495 593 1525 propter
605 1490 698 1517 caelati
713 1492 815 1526 argenti
829 1499 877 1517 cu-

80 1526 221 1561 piditatem
240 1536 297 1553 reos
316 1527 373 1553 fieri
391 1536 481 1554 rerum
495 1528 666 1562 capitalium:
687 1537 774 1563 neque
788 1529 875 1555 solum

81 1569 233 1598 praesentes
251 1573 309 1591 reos
324 1565 394 1596 ficri,
414 1565 462 1591 sed
476 1566 555 1591 etiam
570 1565 704 1591 absentes.
745 1566 876 1592 Diodorus

79 1602 178 1628 Romae
205 1601 357 1628 sordidatus
379 1602 480 1628 circum
504 1607 628 1637 patronos
651 1607 731 1637 atque
756 1603 876 1638 hospites

79 1647 200 1665 cursare:
225 1647 281 1665 rem
299 1639 426 1665 omnibus
446 1648 559 1666 narrare.
602 1640 714 1666 Litterae
733 1641 876 1667 mittuntur

79 1676 124 1702 isti
138 1684 152 1702 a
166 1680 240 1711 patre
250 1676 432 1708 vehementes,
449 1677 482 1703 ab
491 1677 584 1703 amicis
595 1677 668 1708 item,
685 1677 796 1709 videret,
808 1678 876 1713 quid

79 1718 181 1749 ageret,
202 1713 236 1740 de
252 1714 366 1740 Diodoro
384 1723 438 1749 quo
457 1713 673 1750 progrederetur:
703 1723 757 1742 rem
776 1715 875 1742 claram

79 1759 138 1777 esse
157 1755 182 1777 et
200 1751 376 1778 invidiosam:
405 1752 522 1778 insanire
546 1752 696 1778 bominem:
725 1753 875 1787 periturum

78 1788 128 1815 hoc
142 1796 196 1815 uno
208 1789 334 1820 crimine,
359 1789 411 1815 nisi
429 1789 554 1816 cavisset.
595 1790 646 1816 Iste
663 1790 743 1816 ctiam
758 1795 814 1817 tum
829 1799 876 1825 pa-

79 1830 156 1857 trem,
172 1826 195 1852 si
211 1834 262 1852 non
276 1826 304 1852 in
318 1827 446 1861 parentiS,
462 1831 488 1853 at
501 1827 528 1853 in
544 1826 684 1853 hominum
700 1836 812 1854 numero
825 1837 876 1863 pu-

78 1863 163 1889 tabat:
179 1863 212 1889 ad
226 1863 357 1890 iudicium
373 1863 492 1890 nondum
507 1872 535 1890 se
549 1865 614 1890 satis
629 1865 804 1892 instruxerat:
820 1866 877 1900 pri-

79 1908 141 1926 mus
155 1909 241 1927 annus
255 1905 310 1927 erat
328 1902 495 1936 provinciae,
517 1910 568 1928 non
588 1906 617 1928 ut
634 1902 662 1928 in
677 1902 800 1934 Sthenio,
822 1904 874 1929 iam

79 1937 192 1964 refertus
205 1938 329 1973 pecunia.
370 1940 462 1973 ltaque
476 1938 548 1965 furor
562 1939 621 1965 eius
635 1939 802 1974 paullulum,
824 1949 875 1967 non

77 1974 193 2009 pudore,
214 1975 262 2001 sed
281 1979 354 2002 metu
372 1984 402 2002 ac
420 1976 514 2002 timore
528 1984 667 2010 repressus
681 1981 730 2003 est.
772 1978 876 2004 Conde-

77 2020 170 2038 mnare
187 2012 331 2039 Diodorum
351 2021 403 2039 non
422 2013 515 2040 audet:
540 2013 678 2040 absentem
701 2014 734 2040 de
757 2015 810 2041 reis
828 2024 876 2042 ex-

77 2049 147 2075 imit.
177 2049 307 2076 Diodorus
322 2050 421 2077 interea
435 2054 554 2085 praetore
567 2051 619 2077 isto
633 2059 715 2086 prope
730 2052 875 2079 triennium

79 2086 216 2121 provincia
229 2086 363 2122 domoque
377 2089 471 2114 caruit.
506 2088 547 2114 42.
563 2087 648 2115 Ceteri
664 2097 714 2115 non
729 2089 817 2116 solum
832 2089 876 2116 Si-

77 2123 142 2155 culi,
158 2123 206 2149 sed
216 2123 295 2150 etiam
306 2125 379 2151 cives
391 2124 501 2151 Romani
512 2124 561 2151 hoc
571 2129 731 2152 statuerant:
748 2127 875 2161 quoniam

77 2160 129 2187 iste
143 2164 246 2187 tantum
257 2161 403 2196 cupiditate
413 2162 623 2197 progrederetur,
641 2163 709 2189 nihil
719 2172 788 2195 esse,
803 2164 876 2199 quod

77 2198 223 2233 quisquam
239 2203 355 2233 putaret,
377 2208 418 2231 se,
438 2199 511 2234 quod
525 2199 569 2225 isti
584 2199 675 2234 paullo
688 2201 774 2236 magis
788 2201 877 2236 place-

78 2239 125 2265 ret.
141 2243 299 2262 conservare
312 2241 358 2262 aut
370 2236 443 2263 domi
458 2237 570 2263 retinere
585 2245 673 2271 posse.
705 2237 767 2265 XX.
783 2239 875 2266 Postea

79 2280 154 2304 vero,
174 2281 256 2308 quam
276 2273 478 2305 intellexerunt,
499 2274 543 2300 isti
562 2274 650 2300 virum
666 2274 773 2307 fortem,
793 2285 875 2311 quem

77 2317 184 2336 summe
197 2311 334 2345 provincia
349 2311 533 2346 exspectabat,
553 2310 584 2343 Q.
600 2310 722 2344 Arrium,
742 2321 795 2340 non
813 2322 876 2340 suc-

77 2346 184 2374 cedere:
212 2352 362 2375 statuerunt
375 2358 403 2375 se
419 2348 486 2374 nihil
505 2352 557 2375 tam
575 2348 697 2375 clausum
717 2359 803 2385 neque
822 2355 875 2376 tam

78 2383 243 2412 reconditum
258 2394 336 2420 posse
350 2386 460 2416 habere,
481 2385 553 2420 quod
573 2394 623 2412 non
642 2386 721 2413 istius
734 2387 874 2422 cupiditati

77 2421 277 2456 apertissimum
293 2424 580 2458 promptissiuuuuque
593 2427 672 2450 esset.

133 2458 201 2485 Tum
217 2459 267 2486 iste
281 2460 314 2487 ab
329 2461 419 2496 equite
430 2461 548 2487 Romano
559 2460 702 2494 splendido
711 2465 737 2486 et
746 2461 872 2496 gratioso,

77 2494 126 2522 Cn.
147 2495 262 2529 Calidio,
286 2498 364 2524 cuius
383 2498 469 2524 filium
487 2497 589 2523 sciebat
608 2502 757 2524 senatorem
781 2498 873 2532 populi

897 223 899 230 ε

898 242 899 249 η

77 2531 189 2560 Romani
203 2537 230 2560 et
243 2534 359 2561 iudicem
374 2543 443 2565 esse,
459 2534 590 2569 equuleos
603 2539 743 2570 argenteos
758 2535 872 2566 nobiles,
896 2529 906 2566 a*

77 2569 125 2604 qui
138 2569 170 2602 Q.
186 2571 297 2598 Maximi
312 2572 429 2604 fuerant,
445 2571 541 2599 aufert.
583 2573 624 2598 ⁴3.
647 2572 806 2606 Imprudens
822 2572 874 2598 huc
896 2593 897 2607 ,

77 2601 169 2638 incidi',
186 2607 302 2635 iudices:
327 2610 392 2636 emit
405 2610 486 2640 enim,
503 2618 555 2636 non
570 2608 694 2635 abstulit:
720 2609 818 2636 nollem
832 2609 875 2635 di-
896 2611 904 2635 ἰ

78 2643 166 2670 xisse:
181 2644 289 2672 iactabit
303 2655 340 2677 se,
357 2651 383 2673 et
396 2647 423 2673 in
438 2647 481 2673 bis
495 2646 627 2681 equitabit
641 2646 775 2681 equuleis.
797 2647 871 2673 Emi:
903 2673 904 2682 ¹

78 2681 219 2715 pecuniam
237 2682 316 2710 solvi.
357 2684 454 2715 Credo,
475 2684 554 2710 etiam
575 2683 680 2710 tabulae
695 2683 871 2718 proferentur.
895 2674 898 2713 l

925 154 1077 180 L113.1v.
1111 154 1209 180 CAP.
1237 155 1384 180 lt—izl.
1674 157 1724 181 3⁴5

904 224 906 253 ἱ
928 224 976 250 Est
999 225 1074 250 tanti.
1114 224 1186 250 Cedo
1208 224 1323 251 tabulas.
1363 224 1440 250 Dilue
1463 233 1526 250 sane
1549 225 1650 251 crimen
1676 226 1726 251 boc

904 256 907 280 ἶ
929 261 1107 291 Calidianum,
1123 261 1188 287 dum
1203 270 1252 297 ego
1267 261 1373 288 tabulas
1387 263 1506 296 aspicere
1520 262 1634 296 possim.
1675 263 1725 288 Ve-

929 303 1078 325 rumtamen
1092 298 1159 333 quid
1177 304 1245 329 erat,
1267 299 1339 333 quod
1354 299 1474 326 Calidius
1488 299 1586 325 Romae
1599 307 1726 334 querere-

929 340 984 366 tur,
1006 345 1048 367 se,
1068 345 1152 371 quum
1168 340 1205 362 tot
1218 345 1301 362 annos
1316 336 1344 362 in
1358 336 1449 362 Sicilia
1463 336 1656 371 negotiaretur,
1677 337 1724 362 abs

929 377 955 398 te
969 373 1025 399 solo
1039 374 1074 399 ita
1088 381 1148 399 esse
1162 378 1353 408 contemptum,
1370 374 1404 399 ita
1419 373 1585 408 despectum,
1602 378 1631 399 ut
1645 374 1725 400 etiam

929 419 982 436 una
1004 419 1066 436 cum
1088 411 1184 436 ceteris
1207 410 1305 436 Siculis
1328 410 1535 445 dispoliaretur‘?
1560 411 1588 436 Si
1611 419 1723 442 emeras,

929 447 995 481 quid
1010 452 1077 478 erat,
1093 447 1166 482 quod
1180 448 1353 474 confirmabat
1367 456 1396 474 se
1409 448 1457 473 abs
1473 452 1497 474 te
1511 452 1651 483 argentum
1666 457 1725 474 esse

930 485 1114 518 repetiturum,
1124 485 1146 510 si
1159 485 1206 511 tibi
1217 494 1265 511 sua
1277 485 1413 511 voluntate
1424 484 1597 511 vendiderat?
1608 491 1636 512 tu
1649 495 1726 520 porro

930 530 1023 555 posses
1038 521 1132 552 facere,
1149 526 1179 548 ut
1192 522 1240 548 Cn.
1256 522 1358 548 Calidio
1373 531 1424 548 non
1439 522 1583 548 redderes?
1605 531 1726 557 praeser-

929 559 978 584 tim
992 567 1077 593 quum
1092 560 1115 585 is
1129 559 1159 585 L.
1175 559 1302 590 Sisenna,
1318 559 1457 586 defensore
1472 564 1526 589 tuo,
1543 565 1595 586 tarn
1611 560 1727 586 familia-

929 596 992 621 riter
1008 600 1136 626 uteretur,
1158 601 1183 622 et
1196 605 1281 630 quum
1295 597 1389 622 ceteris
1404 596 1582 623 familiaribus
1597 597 1726 623 Sisennae

930 632 1112 659 reddidisses?
1133 634 1174 659 44.
1189 634 1309 668 Denique
1323 642 1374 660 non
1389 634 1483 668 opinor
1496 639 1656 669 negaturum
1666 643 1726 660 esse

929 674 962 700 te,
979 670 1081 696 homini
1093 670 1212 701 honesto,
1229 671 1275 696 sed
1287 680 1338 697 non
1349 671 1508 706 gratiosiori,
1522 680 1603 706 quam
1615 672 1663 698 Cn.
1677 672 1727 698 Ca-

930 707 1011 732 lidius
1025 712 1074 738 est,
1092 708 1120 733 L.
1138 708 1247 734 Curidio
1257 713 1396 743 argentum
1408 717 1454 742 per
1464 709 1641 740 Potamonem,
1659 710 1727 735 ami-

928 753 991 770 cum
1005 749 1090 775 tuum,
1108 745 1266 771 reddidisse.
1297 745 1348 777 Qui
1362 746 1473 780 quidem
1487 750 1634 772 ceterorum
1648 755 1727 772 caus-

929 790 985 807 sam
1001 782 1072 816 apud
1088 787 1111 807 te
1125 782 1303 808 difficiliorem
1319 782 1388 808 fecit.
1430 783 1497 808 Nam
1511 792 1596 817 quum
1612 788 1635 809 te
1653 792 1727 810 com-

929 818 1054 854 pluribus
1068 819 1254 845 confirmasses
1269 819 1445 851 redditurum,
1462 825 1635 854 posteaquam
1650 821 1726 847 Curi-

929 856 991 882 dius
1010 865 1057 890 pro
1076 857 1228 883 testimonio
1246 857 1327 888 dixit,
1348 862 1372 883 te
1390 857 1444 883 sibi
1462 857 1624 888 reddidisse,
1646 858 1725 884 finem

929 893 1058 919 reddendi
1073 893 1174 920 fecisti:
1190 894 1264 928 quod
1278 894 1444 924 intellexisti,
1461 899 1494 925 te,
1511 895 1609 929 praeda
1623 894 1655 921 de
1670 904 1726 921 ma-

930 931 1010 957 nibus
1025 931 1132 962 amissa,
1150 931 1332 958 testimonium
1347 936 1435 958 tamen
1446 931 1562 967 effugere
1573 941 1624 958 non
1635 941 1723 966 posse.

929 968 977 995 Cn.
994 968 1108 1000 Calidio,
1129 969 1214 1003 equiti
1228 969 1359 1000 Romano,
1375 978 1422 1003 per
1435 978 1528 995 omnes
1543 969 1608 995 alios
1623 974 1727 1003 praeto-

929 1014 970 1032 res
986 1005 1062 1032 licuit
1075 1011 1214 1041 argentum
1230 1006 1327 1032 habere
1341 1006 1528 1032 benefactum.
1550 1007 1637 1032 Licuit
1649 1016 1726 1041 posse

929 1043 1083 1069 domesticis
1101 1044 1199 1078 copiis,
1224 1052 1310 1078 quum
1335 1044 1520 1079 magistratum
1544 1048 1588 1070 aut
1609 1044 1727 1078 aliquem

929 1081 1095 1115 superiorem
1111 1081 1259 1111 invitasset,
1275 1090 1368 1107 ornare
1381 1086 1407 1107 et
1420 1090 1547 1116 apparare
1561 1082 1725 1108 convitium.

929 1118 1006 1144 Multi
1021 1118 1093 1144 domi
1108 1118 1156 1144 Cn.
1169 1118 1265 1145 Calidii
1279 1127 1340 1144 cum
1356 1119 1469 1153 imperio
1482 1127 1512 1144 ac
1526 1123 1654 1153 potestate
1669 1119 1728 1145 fue-

929 1160 1005 1182 runt:
1022 1164 1100 1182 nemo
1114 1156 1240 1182 inventus
1254 1161 1294 1182 est
1309 1161 1361 1182 tam
1376 1165 1477 1187 amens,
1494 1157 1542 1191 qui
1554 1156 1622 1182 illud
1634 1165 1728 1192 argen-

930 1197 986 1219 tum
1011 1197 1064 1219 tam
1083 1193 1248 1227 praeclarum
1267 1202 1297 1219 ac
1315 1198 1367 1219 tam
1388 1193 1477 1220 nobile
1495 1194 1620 1228 eriperet:
1650 1202 1728 1220 nemo

929 1235 982 1256 tam
997 1230 1099 1262 audax,
1119 1231 1168 1265 qui
1182 1235 1316 1265 posceret:
1341 1240 1420 1257 nemo
1435 1235 1486 1257 tam
1500 1231 1658 1266 impudens,
1679 1231 1727 1266 qui

930 1267 1089 1302 postularet,
1115 1273 1145 1294 ut
1167 1268 1303 1294 venderet.
1345 1269 1386 1294 45.
1409 1268 1563 1303 Superbum
1586 1273 1626 1294 est
1644 1269 1725 1300 enim,

930 1305 1047 1336 iudices,
1067 1310 1093 1331 et
1111 1314 1163 1332 non
1182 1305 1335 1336 ferendum,
1356 1306 1444 1332 dicere
1463 1310 1609 1340 praetorem
1624 1306 1651 1332 in
1667 1314 1728 1340 pro-

929 1342 1017 1368 vincia
1031 1342 1133 1369 homini
1148 1342 1272 1374 honesto,
1290 1342 1429 1377 locupleti,
1445 1343 1602 1377 splendido:
1631 1352 1726 1369 vssns

929 1389 994 1406 nint
1013 1389 1086 1406 vasa
1104 1389 1248 1406 CAELATA.
1288 1380 1343 1406 Hoc
1360 1385 1401 1406 est
1419 1381 1490 1406 enim
1505 1380 1606 1406 dicere:
1631 1389 1683 1406 non
1697 1389 1727 1406 es

928 1417 1029 1452 dignus
1048 1421 1089 1448 tu,
1115 1418 1162 1452 qui
1181 1417 1294 1448 habeas,
1319 1426 1388 1452 quac
1407 1423 1459 1444 tam
1477 1418 1545 1444 bene
1563 1417 1629 1444 facta
1648 1422 1724 1444 sunt:

929 1463 1003 1480 meae
1016 1454 1155 1489 dignitatis
1170 1455 1220 1481 ista
1233 1459 1306 1481 sunt.
1341 1455 1380 1481 Tu
1394 1455 1509 1490 dignior,
1526 1455 1628 1486 Verres,
1644 1463 1726 1489 quam

929 1491 1068 1518 Calidius?
1092 1493 1154 1526 qui,
1174 1496 1204 1518 ut
1222 1501 1273 1518 non
1291 1491 1425 1518 conferam
1444 1493 1526 1518 vitam
1540 1497 1620 1527 atque
1633 1493 1727 1518 existi-

929 1529 1071 1555 mationem
1087 1533 1159 1555 tuam
1173 1538 1235 1555 cum
1250 1529 1339 1556 illius:
1356 1538 1443 1564 ncque
1457 1530 1528 1556 enim
1540 1534 1579 1555 est
1589 1529 1727 1556 conferen-

928 1566 974 1592 da:
999 1566 1049 1593 hoc
1066 1566 1157 1601 ipsum
1176 1566 1323 1597 conferam,
1344 1575 1397 1601 quo
1416 1571 1444 1593 tu
1460 1572 1484 1593 te
1497 1567 1662 1602 superiorem
1678 1567 1728 1593 fin—

927 1604 979 1639 gis:
995 1619 1031 1623 ——
1044 1604 1117 1638 quod
1137 1603 1191 1630 H-S
1206 1613 1254 1630 ccc
1274 1604 1357 1630 millia
1376 1604 1555 1635 divisoribus,
1577 1609 1606 1630 ut
1624 1609 1727 1639 praetor

928 1641 1118 1672 renuntiarere,
1135 1641 1247 1674 dedisti,
1274 1649 1351 1667 mxx
1366 1642 1526 1673 accusatori,
1543 1650 1575 1668 ne
1590 1642 1638 1668 tibi
1652 1642 1727 1668 odio-

928 1687 975 1705 sus
994 1683 1079 1711 esset;
1107 1687 1136 1704 ea
1155 1687 1182 1704 rc
1201 1679 1350 1705 contemnis
1369 1684 1521 1714 equestrem
1540 1679 1674 1709 ordinem,
1697 1687 1726 1705 ac

927 1715 1063 1751 despicis?
1088 1724 1118 1742 ea
1132 1725 1160 1742 re
1174 1716 1316 1751 indignum
1332 1716 1380 1742 tibi
1395 1717 1484 1742 visum
1499 1721 1548 1747 est,
1564 1716 1724 1751 quidquam.

927 1753 1000 1787 quod
1015 1753 1063 1780 tibi
1078 1753 1202 1787 placeret,
1219 1753 1352 1780 Calidium
1368 1754 1457 1788 potius
1470 1754 1575 1785 habere,
1592 1763 1673 1788 quam
1685 1753 1727 1780 te‘?

927 1791 1001 1817 XXI.
1015 1792 1055 1817 46.
1072 1791 1151 1817 Iactat
1161 1799 1189 1817 se
1199 1790 1358 1817 iamdudum
1369 1791 1401 1817 de
1413 1791 1528 1818 Calidio:
1543 1796 1629 1817 narrat
1639 1792 1727 1817 onini—

928 1828 989 1859 bus,
1005 1837 1034 1854 se
1048 1829 1156 1855 emisse.
1192 1828 1262 1854 Num
1277 1829 1356 1854 etiam
1371 1829 1404 1854 dc
1419 1829 1447 1855 1..
1464 1829 1583 1863 Papinio,
1601 1829 1658 1854 viro
1673 1829 1727 1862 pri-

928 1866 1020 1897 mario,
1038 1865 1169 1900 locuplete
1184 1865 1359 1900 honestoque,
1375 1867 1464 1901 equite
1478 1866 1604 1897 Romano,
1621 1866 1726 1892 turibu-

929 1903 984 1929 lum
999 1903 1108 1930 emisti‘!
1132 1903 1180 1938 qui
1195 1911 1243 1938 pro
1256 1904 1409 1929 testimonio
1422 1904 1503 1934 dixit.
1525 1908 1562 1934 te,
1584 1912 1670 1938 quum
1685 1903 1727 1929 in-

927 1940 1096 1975 spiciendum
1112 1941 1291 1975 poposcisscs,
1308 1940 1386 1967 vulso
1400 1941 1559 1967 emblemate
1573 1941 1723 1967 remisisse:

929 1983 958 2004 ut
976 1978 1145 2013 intelligatis,
1171 1979 1197 2004 in
1217 1978 1325 2004 homine
1349 1978 1552 2013 intelligentiam
1575 1987 1647 2009 esse,
1674 1987 1725 2004 non

928 2016 1080 2046 avaritiam;
1097 2016 1200 2042 artificii
1214 2015 1355 2049 cupidum,
1372 2024 1424 2042 non
1439 2016 1541 2051 argenti
1556 2015 1650 2041 fuisse.
1672 2016 1726 2042 Nec

928 2052 1015 2079 solum
1031 2053 1058 2079 in
1073 2053 1183 2087 Papinio
1198 2052 1249 2079 fuit
1263 2053 1311 2079 hac
1325 2053 1500 2080 abstinentia:
1522 2053 1607 2079 tenuit
1620 2053 1669 2079 boc
1683 2053 1725 2079 in-

927 2090 1052 2116 stitutum
1066 2090 1094 2116 iu
1109 2089 1236 2116 turibulis
1250 2090 1391 2121 omuibus,
1414 2099 1601 2125 quaecumque
1615 2090 1642 2116 in
1657 2089 1725 2116 Sici-

929 2126 963 2153 lia
982 2127 1100 2154 fuerunt.
1142 2127 1301 2154 Incredibile
1320 2133 1360 2153 est
1378 2132 1481 2158 autem,
1502 2136 1583 2162 quam
1602 2127 1685 2153 multa
1700 2133 1725 2153 et

927 2173 1008 2198 quam
1028 2164 1161 2199 praeclara
1180 2164 1290 2191 fuerint.
1331 2164 1415 2191 Credo
1434 2169 1504 2195 tum,
1529 2173 1614 2199 quum
1633 2164 1723 2190 Sicilia

928 2201 1036 2228 florebat
1049 2202 1146 2236 opibus
1160 2206 1185 2228 et
1199 2202 1298 2236 copiis,
1321 2210 1416 2236 magua
1431 2202 1540 2228 artificia
1556 2201 1640 2228 fuisse
1654 2201 1680 2227 in
1695 2210 1724 2227 en

928 2239 1026 2265 insula.
1059 2239 1123 2265 Nam
1138 2239 1235 2265 domus
1249 2243 1304 2265 erat
1317 2244 1376 2265 aute
1392 2239 1472 2265 istum
1489 2243 1635 2273 praetorem
1651 2238 1723 2264 nulla

927 2276 1019 2311 paullo
1043 2276 1213 2310 locupletior,
1238 2285 1290 2310 qua
1313 2276 1340 2302 in
1363 2275 1442 2302 domo
1465 2276 1529 2302 haec
1553 2285 1604 2302 non
1623 2281 1722 2304 essent.

927 2313 1033 2339 etiamsi
1047 2318 1180 2347 praeterea
1195 2313 1262 2339 nibil
1278 2318 1347 2339 esset
1361 2314 1477 2348 argenti,
1500 2313 1596 2348 patella
1614 2313 1723 2348 grandis

926 2359 988 2376 cum
1003 2350 1102 2385 sigillis
1117 2359 1146 2376 ac
1159 2350 1314 2377 simulacris
1327 2350 1452 2380 deorum,
1473 2355 1575 2384 patera.
1595 2359 1648 2385 qua
1663 2358 1723 2376 mu—

928 2387 1005 2413 lieres
1028 2387 1060 2413 ad
1084 2396 1125 2413 rcs
1147 2387 1254 2413 divinas
1277 2392 1427 2418 uterentur,
1455 2387 1614 2414 turibulum.
1656 2387 1723 2413 llaec

926 2429 1015 2450 autem
1029 2425 1118 2450 onmia
1131 2425 1243 2459 antiquo
1255 2433 1334 2459 opere
1348 2429 1373 2450 et
1387 2433 1494 2450 summo
1512 2425 1623 2451 artificio
1641 2424 1720 2451 facta.-

927 2466 956 2488 ut
970 2461 1019 2488 hoc
1034 2461 1123 2487 liceret
1137 2462 1283 2496 suspicari,
1305 2461 1389 2487 fuisse
1403 2461 1548 2496 aliquando
1561 2462 1632 2496 apud
1646 2462 1722 2488 Sicu-

928 2498 965 2525 los
985 2507 1063 2533 perne
1086 2507 1118 2524 ue
1137 2507 1184 2533 pro
1203 2499 1322 2533 portione
1340 2503 1438 2529 cetera,
1461 2499 1508 2525 sed
1522 2499 1623 2534 quibus
1639 2499 1721 2525 multa

926 2535 1029 2562 fortuna
1048 2508 1206 2566 ademisset,
1232 2540 1318 2562 tamen
1341 2535 1413 2570 npud
1435 2544 1479 2562 eos
1502 2545 1662 2562 remansisse
1680 2545 1719 2566 ea,

925 2581 994 2607 quae
1013 2573 1106 2608 religio
1128 2573 1291 2599 retinuisset.
1334 2574 1373 2599 ⁴7.
1396 2573 1469 2603 Dixi,
1495 2573 1611 2605 iudices,
1637 2574 1719 2600 multa

926 2609 1010 2637 fuisse
1025 2609 1077 2636 fere
1092 2610 1163 2645 apud
1178 2610 1283 2637 Siculos
1297 2619 1404 2636 omnes:
1429 2619 1478 2653 ego
1497 2610 1567 2637 idem
1581 2611 1717 2640 consu-mo,

926 2656 996 2674 nunc
1015 2656 1048 2674 ne
1066 2656 1150 2674 unum
1169 2648 1280 2682 quidem
1299 2655 1366 2674 esse.
1407 2647 1478 2680 Quid
1497 2648 1546 2675 hoc
1568 2648 1625 2675 est‘?
1647 2649 1719 2683 quod

925 2689 1084 2715 monstrum.
1100 2685 1171 2719 quod
1188 2684 1340 2720 prodigium
1356 2686 1382 2711 in
1397 2685 1561 2720 provinciam
1577 2685 1720 2712 misimus?

1454 2731 1513 2757 40*
