1941 3052
264 133 315 160 DE
346 132 531 160 FINIBUS
559 132 778 159 BONORUM
805 132 859 159 ET
890 132 1115 160 MALORUM
1145 132 1226 158 LIB.
1255 132 1285 159 V.

89 203 162 239 quod
173 204 281 239 assequi
292 203 381 234 vellet,
395 208 486 239 aptum
498 208 524 230 et
535 203 763 230 accommodatum
776 208 885 230 naturae
906 209 908 230 ¹,

906 239 915 280 {l
936 250 1041 267 sumuS.

88 283 159 305 ceret
179 279 328 313 appetitum
348 278 445 309 animi,
468 287 550 313 quem
566 278 647 314 ὁρμήν
663 278 758 304 Graeci
778 282 882 304 vocant.
912 302 914 318 ψ
935 286 1004 312 quae
1016 278 1049 304 de
1063 277 1208 312 voluptate.

89 250 148 268 esse
159 246 278 276 oportere
290 245 316 267 et
331 240 396 272 tale,
413 246 443 267 ut
453 242 542 276 ipsum
554 250 602 276 per
613 249 641 267 se
652 241 779 267 invitaret
788 246 814 267 et
825 240 885 267 alli-

87 315 159 348 Quid
177 320 266 341 autem
281 316 329 346 sit,
350 315 423 350 quod
442 316 477 342 ita
494 321 599 342 moveat
614 317 704 350 itaque
719 324 732 341 a
748 320 841 341 natura
857 315 884 341 in

87 353 175 388 primo
188 357 247 379 ortu
258 357 410 387 appetatur,
428 361 479 379 non
491 357 606 384 constat,
623 352 711 387 deque
725 361 755 378 eo
765 357 805 379 est
816 353 885 378 inter

88 390 278 425 philosophos,
308 398 395 425 quum
425 399 563 416 summum
594 390 695 416 bonum
720 390 881 424 exquiritur,

86 428 175 453 omnis
185 427 329 454 dissensio.
370 428 463 454 Totius
475 428 546 454 enim
558 427 724 462 quaestionis
734 428 802 458 eius,
815 435 883 461 quae

87 464 201 491 habetur
212 464 244 490 de
257 464 356 491 finibus
367 464 498 491 bonorum
509 469 535 491 et
545 464 686 495 malorum,
694 464 789 499 (quum
800 472 884 499 quae-

86 502 168 532 ritur,
186 502 213 527 in
226 501 268 527 his
279 502 347 536 quid
358 503 393 528 sit
403 507 567 533 extremum,
585 501 652 536 quid
664 501 813 536 ultimum,)
825 500 883 527 fons

87 538 263 573 reperiendus
278 544 331 570 est,
349 540 377 565 in
390 548 444 574 quo
455 540 509 565 sint
519 539 606 574 prima
618 539 794 565 invitamenta
805 543 884 565 natu-

86 584 140 602 rae.
167 575 225 608 Quo
236 577 353 607 invento,
366 577 455 603 omnis
466 577 499 602 ab
511 585 550 607 eo,
563 576 642 611 quasi
653 577 749 610 capite,
763 575 796 602 de
807 584 883 601 sum-

87 622 130 640 mo
141 613 211 639 bono
222 617 248 639 et
258 613 328 640 malo
339 613 485 648 disputatio
496 613 614 640 ducitur.
655 613 709 639 VH.
731 612 882 647 Voluptatis

86 650 133 676 alii
152 651 272 685 primum
293 652 442 685 appetitum
458 656 553 686 putant
567 655 593 677 et
607 650 722 685 primam
743 649 882 684 depulsio-

86 696 148 714 nem
159 687 272 714 doloris:
287 688 333 714 alii
343 693 454 715 censent
465 689 584 723 primum
595 688 709 714 ascitum
721 696 773 714 non
780 686 880 718 dolere,

86 730 110 752 et
121 726 240 760 primum
251 725 415 752 declinatum
426 725 555 752 dolorem.
581 727 620 751 48.
635 724 677 750 Ab
688 725 731 750 his
743 724 799 756 alii,
812 732 881 759 quae

85 763 173 797 prima
185 762 335 789 secundum
351 767 472 789 naturam
489 763 640 793 nominant,
658 761 879 796 proficiscuntur:

86 801 113 826 in
129 800 231 835 quibus
247 805 389 826 numerant
406 800 617 826 incolumitatem
637 799 882 825 conservationem-

85 845 138 872 que
149 838 271 863 omnium
281 838 412 871 partium,
428 837 626 867 valetudinem,
644 844 740 862 sensus
752 837 879 871 integros,

85 874 185 901 doloris
201 875 374 906 vacuitatem,
391 875 476 905 vires,
493 873 725 909 pulchritudinem
739 878 881 908 ceteraque

84 912 191 948 generis
207 911 343 938 eiusdem:
366 920 481 946 quorum
497 910 598 937 similia
611 915 675 937 sunt
685 912 772 945 prima
783 912 811 937 in
823 911 882 936 ani-

85 950 146 979 mis,
160 949 238 983 quasi
249 949 380 975 virtutum
391 948 504 984 igniculi
515 953 541 975 et
551 949 664 974 semina.
686 948 728 974 Ex
739 948 781 974 his
793 948 881 975 tribus

83 994 169 1021 quum
180 994 266 1012 unum
277 985 387 1020 aliquod
402 987 450 1017 sit,
471 994 525 1021 quo
536 986 656 1020 primum
668 990 761 1012 natura
773 994 882 1012 movea-

84 1028 128 1050 tur
137 1023 179 1049 vel
191 1023 225 1050 ad
236 1023 427 1058 appetendum,
435 1023 477 1049 vel
490 1023 523 1049 ad
533 1022 730 1058 repellendum,
739 1031 788 1049 nec
799 1022 882 1058 quid-

83 1069 166 1096 quam
185 1061 295 1087 omnino
310 1065 415 1095 praeter
430 1061 495 1087 haec
510 1061 560 1087 tria
575 1061 661 1095 possit
675 1069 748 1087 esse:
770 1068 881 1087 necesse

83 1102 124 1124 est
139 1099 249 1124 omnino
263 1097 384 1124 officium
401 1103 446 1125 aut
457 1097 580 1134 fugiendi
592 1102 638 1124 aut
648 1097 781 1132 sequendi
792 1097 825 1124 ad
836 1106 882 1124 eo-

83 1144 144 1162 rum
155 1135 260 1170 aliquid
271 1134 377 1168 referri3
391 1140 421 1162 ut
431 1135 475 1162 illa
487 1135 639 1170 prudentia,
656 1143 737 1170 quam
749 1140 832 1162 artem
840 1136 882 1161 vi-

83 1177 125 1200 tae
135 1181 194 1199 esse
204 1172 335 1204 diximus,
349 1174 376 1199 in
388 1181 480 1200 earum
492 1173 573 1199 trium
585 1181 675 1198 rerum
687 1172 777 1208 aliqua
790 1181 882 1199 verse-

82 1214 135 1241 tur,
148 1219 162 1236 a
173 1219 226 1244 qua
236 1211 317 1236 totius
329 1211 399 1237 vitae
409 1210 489 1237 ducat
499 1209 651 1236 exordium.
685 1211 724 1236 49.
739 1211 781 1237 Ex
791 1219 822 1237 eo
833 1218 882 1236 au-

83 1252 137 1274 tem
145 1268 151 1279 ,
167 1247 239 1282 quod
251 1248 373 1274 statuerit
383 1256 455 1278 esse,
471 1256 525 1282 quo
536 1247 656 1282 primum
667 1252 760 1274 natura
772 1256 881 1274 movea-

83 1289 135 1316 tur,
151 1285 262 1311 exsistet
271 1286 352 1311 etiam
364 1285 428 1311 recti
439 1286 505 1312 ratio
516 1290 595 1320 atque
607 1284 721 1316 honesti,
738 1293 807 1320 quae
818 1293 880 1311 cum

82 1330 137 1349 uno
151 1321 243 1357 aliquo
257 1330 291 1348 ex
306 1322 393 1349 tribus
409 1322 463 1348 illis
478 1330 626 1358 congruere
636 1323 735 1357 possit,
752 1327 782 1349 ut
797 1322 881 1349 hone—

83 1363 156 1386 stum
166 1360 214 1390 sit,
228 1359 315 1386 facere
325 1360 416 1386 omnia
427 1364 473 1386 aut
484 1359 630 1394 voluptatis
641 1368 737 1386 caussa
745 1381 751 1391 ,
764 1361 844 1387 etiam
856 1360 879 1385 si

82 1405 142 1424 eam
153 1405 204 1423 non
216 1405 394 1432 consequare,
410 1401 518 1424 autnon
530 1397 653 1428 dolendi,
671 1398 751 1424 etiam
763 1399 786 1424 si
798 1397 825 1424 id
837 1406 880 1423 as-

82 1435 161 1469 sequi
173 1442 304 1469 nequeaS,
322 1439 368 1461 aut
382 1443 488 1466 eorum,
506 1442 575 1470 quae
591 1434 741 1461 secundum
758 1439 880 1461 naturam

82 1476 155 1503 sunt,
169 1471 347 1506 adipiscendi,
364 1473 444 1499 etiam
455 1472 479 1498 si
490 1480 542 1498 non
554 1471 714 1507 adipiscare.
740 1473 776 1499 lta
789 1472 826 1503 fit,
840 1476 878 1503 ut,

82 1513 182 1544 quanta
193 1509 344 1536 differentia
355 1510 434 1536 estin
448 1510 592 1544 principiis
608 1509 791 1540 naturalibus,
809 1514 879 1536 tanta

82 1547 118 1572 sit
137 1547 165 1572 in
187 1546 287 1573 finibus
307 1546 439 1574 bonorum
460 1546 647 1582 malorumque
672 1546 878 1574 dissimilitudo.

81 1583 137 1610 Alii
148 1592 242 1610 rursus
254 1584 351 1610 iisdem
363 1594 376 1611 a
388 1585 530 1619 principiis
541 1592 620 1611 omne
630 1583 750 1611 officium
761 1584 880 1611 referunt

82 1625 128 1648 aut
142 1620 176 1647 ad
188 1621 353 1656 voluptatem
367 1627 413 1648 aut
423 1621 456 1648 ad
468 1630 519 1648 non
531 1621 678 1648 dolendum
692 1627 737 1649 aut
748 1622 780 1649 ad
792 1622 879 1657 prima

82 1657 130 1685 illa
153 1658 304 1685 secundum
330 1664 452 1686 naturam
476 1659 632 1686 obtinenda.
672 1661 714 1686 20.
741 1660 879 1694 Expositis

81 1696 136 1722 iam
147 1696 231 1731 igitur
241 1704 290 1722 sex
300 1696 334 1722 de
346 1705 453 1723 summo
464 1696 534 1723 bono
549 1697 703 1728 sententiis,
721 1698 802 1724 trium
818 1705 880 1732 pro-

81 1733 217 1759 ximarum
232 1733 260 1760 hi
278 1734 429 1769 principes:
452 1733 612 1768 voluptatis,
634 1734 802 1770 Aristippus:
827 1742 879 1760 non

81 1769 190 1797 dolendi
199 1791 205 1801 ,
217 1771 410 1807 Hieronymus3
425 1770 532 1798 fruendi
544 1771 625 1798 rebus
637 1772 684 1803 iis,
697 1781 766 1807 quas
777 1772 879 1807 primas

81 1807 232 1834 secundum
244 1812 366 1835 naturam
377 1817 436 1835 esse
446 1808 582 1840 diximus,
595 1809 755 1840 Carneades,
770 1818 821 1836 non
834 1808 879 1835 ille

81 1844 193 1879 quidem
204 1850 308 1877 auctor,
326 1845 374 1872 sed
385 1845 524 1877 defensor,
541 1846 694 1874 disserendi
709 1856 805 1874 caussa
817 1846 877 1873 fuit.

81 1881 241 1916 Superiores
251 1887 304 1909 tres
315 1888 402 1915 erant,
420 1891 489 1918 quae
500 1891 559 1910 esse
570 1890 693 1918 possent:
711 1893 828 1919 quarum
839 1888 880 1910 est

81 1927 136 1946 una
146 1918 202 1945 sola
213 1919 336 1951 defensa,
354 1928 439 1955 eaque
453 1920 635 1948 vehementer.
676 1922 743 1948 Nam
755 1921 879 1957 volupta—

81 1957 116 1983 tis
127 1964 222 1982 caussa
235 1955 320 1983 facere
330 1958 433 1988 omnia,
451 1965 550 1992 quum.
568 1958 648 1985 etiam
664 1959 687 1985 si
704 1959 773 1985 nihil
784 1967 879 1986 conse-

81 2001 206 2028 quamur,
215 1998 303 2020 tamen
316 1995 406 2029 ipsum
419 1994 488 2021 illud
499 1995 644 2022 consilium
656 1997 691 2022 ita
703 1995 820 2022 faciendi
831 2005 879 2031 per

81 2039 110 2057 se
121 2031 303 2065 expetendum
314 2036 340 2058 et
351 2031 492 2058 honestum
503 2037 529 2058 et
544 2031 632 2059 solum
648 2033 749 2060 bonum
765 2034 814 2064 sit,
831 2042 879 2060 ne-

81 2076 125 2094 mo
139 2067 214 2094 dicit.
255 2068 294 2094 Ne
310 2069 466 2095 vitationem
482 2069 593 2104 quidem
609 2069 709 2096 doloris
729 2071 815 2105 ipsam
832 2079 879 2106 per

80 2113 109 2132 se
120 2106 267 2140 quisquam
279 2106 305 2132 in
317 2106 398 2132 rebus
409 2106 567 2141 expetendis
579 2108 697 2142 putavit,
715 2116 748 2134 ne
762 2109 786 2134 si
797 2109 878 2134 etiam

80 2142 181 2169 evitare
192 2147 292 2177 posset.
315 2143 347 2170 At
358 2152 421 2170 vero
433 2143 518 2170 facere
529 2145 629 2175 onmia,
643 2149 672 2171 ut
682 2145 875 2180 adipiscamur,

80 2188 150 2215 quae
166 2179 316 2206 secundum
333 2185 454 2207 naturam
470 2185 546 2212 sunt,
564 2182 643 2208 etiam
660 2183 683 2209 si
698 2191 728 2208 ea
740 2191 792 2209 non
804 2191 878 2209 asse-

79 2225 210 2252 quamur,
229 2217 255 2243 id
271 2226 330 2244 esse
346 2223 372 2244 et
387 2218 529 2245 honestum
545 2223 570 2245 et
588 2219 675 2245 solum
692 2228 739 2254 per
752 2229 780 2246 se
795 2229 878 2255 expe-

80 2254 192 2281 tendum
203 2259 229 2281 et
239 2254 326 2281 solum
338 2255 439 2282 bonum
450 2256 532 2282 Stoici
543 2256 646 2283 dicunt.
678 2257 744 2284 vm.
761 2259 802 2285 21.
824 2258 878 2284 Sex

81 2292 165 2328 igitur
180 2291 229 2318 hae
244 2297 307 2318 sunt
321 2292 460 2327 simplices
476 2293 509 2319 de
525 2302 631 2319 sumnia
647 2293 778 2321 bonorum
793 2294 878 2321 malo-

81 2337 197 2364 rumque
212 2330 373 2356 sententiae:
390 2329 459 2356 duae
474 2331 533 2357 sine
548 2335 671 2365 patrono,
689 2337 814 2366 quattuor
829 2331 878 2358 de-

82 2365 183 2393 sensae.
217 2367 324 2393 Iunctae
338 2372 427 2394 autem
439 2372 464 2394 et
474 2367 598 2402 duplices
608 2369 790 2403 expositiones
801 2378 878 2396 sum-

81 2403 119 2429 mi
131 2403 195 2430 boni
206 2407 259 2430 tres
269 2405 379 2431 omnino
394 2404 515 2432 fuerunt:
539 2413 588 2431 nec
599 2414 662 2432 vero
673 2405 778 2440 plures,
794 2407 817 2432 si
830 2415 877 2441 pe-
899 2435 901 2444 ,

81 2441 154 2467 nitus
170 2449 259 2467 rerum
275 2446 398 2468 naturam
414 2442 519 2473 videas,
541 2450 600 2468 esse
615 2447 768 2477 potuerunt.
810 2444 877 2470 Nam

81 2481 127 2504 aut
142 2477 265 2513 voluptas
281 2479 393 2515 adiungi
409 2484 496 2514 potest
510 2479 543 2506 ad
559 2479 737 2511 honestatem,
756 2485 785 2507 ut
795 2480 877 2507 Calli-

82 2513 166 2549 plioni
177 2515 394 2552 Dinomachoque
406 2517 520 2551 placuit:
534 2521 579 2543 aut
588 2516 688 2543 doloris
700 2518 834 2547 vacuitas,
848 2522 877 2544 ut

80 2551 207 2579 Diodoro:
220 2557 266 2579 aut
275 2554 361 2588 prima
374 2559 492 2585 naturae,
505 2558 535 2580 ut
545 2554 676 2589 antiquis:
690 2563 758 2589 quos
768 2555 876 2581 cosdem

81 2588 255 2616 Academicos
270 2595 297 2618 et
311 2591 501 2626 Peripateticos
516 2591 697 2617 nominamus.
737 2591 789 2618 Sed
809 2600 877 2627 quo-

82 2626 154 2651 niam
165 2634 219 2654 non
228 2633 342 2661 possunt
351 2629 442 2655 omnia
452 2628 534 2655 simul
547 2627 615 2658 dici.
633 2628 698 2655 haec
712 2629 738 2655 in
750 2637 876 2663 praesen·
898 2642 900 2659 i

81 2662 118 2690 tia
129 2667 189 2690 nota
199 2671 259 2691 esse
268 2664 415 2698 debebunt,
424 2666 587 2702 voluptatem
598 2665 789 2694 semovendum
800 2675 873 2693 esso:

906 2690 907 2696 ,
926 2667 1089 2694 communis.

1316 133 1367 159 CA
1379 133 1407 159 P.
1432 135 1444 160 4
1465 149 1502 153 —
1522 136 1546 160 9.
1666 137 1727 161 10:37

936 203 1044 238 quando
1060 203 1092 230 ad
1109 204 1207 229 maiora
1222 203 1369 237 quaedam,
1390 209 1419 230 ut
1435 205 1487 230 iam
1503 205 1655 239 apparebit,
1677 207 1731 232 nati

1082 241 1117 266 De
1134 241 1266 267 vacuitate
1282 240 1382 267 doloris
1397 242 1490 267 eadem
1503 241 1556 268 sere
1569 242 1623 268 dici
1633 242 1728 272 solent,

1251 277 1392 313 [Quoniam
1408 280 1490 314 igitur
1505 284 1530 306 et
1545 279 1578 305 de
1594 279 1730 314 voluptate

935 324 997 341 cum
1012 315 1144 350 Torquato
1159 320 1184 341 et
1199 314 1232 340 de
1247 315 1396 346 honestate,
1415 316 1442 341 in
1458 325 1511 350 qua
1528 325 1580 342 una
1591 325 1669 343 omne
1682 317 1730 342 bo-

912 350 914 372 ?
936 361 1000 378 num
1012 357 1163 386 poneretur,
1176 360 1238 378 cum
1245 352 1342 378 Catone
1353 358 1393 379 est
1404 353 1584 388 disputatum:
1599 355 1727 388 primum,

934 398 1004 423 quae
1015 394 1104 415 contra
1117 388 1281 423 voluptatem
1291 389 1362 416 dicta
1373 395 1444 421 sunt,
1461 391 1554 417 eadem
1566 391 1620 417 sere
1631 391 1731 417 cadunt

934 431 1025 452 contra
1045 427 1206 452 vacuitatem
1227 426 1348 463 doloris]
1390 429 1430 453 22.
1453 429 1506 453 Nec
1522 437 1585 454 vero
1602 428 1652 454 alia
1667 433 1731 454 sunt

934 463 1087 498 quaerenda
1098 463 1369 490 contraCarneadiam
1381 464 1454 490 illam
1466 467 1636 492 sententiam.
1658 465 1730 497 Quo-

934 509 1050 536 cumque
1064 501 1137 526 enim
1153 500 1232 526 modo
1247 509 1385 527 summum
1401 502 1502 528 bonum
1518 504 1557 529 sio
1575 504 1727 537 exponitur,

935 542 963 564 ut
978 537 1006 563 id
1022 543 1097 564 vacet
1112 537 1262 564 honestate:
1281 547 1329 564 nec
1344 538 1445 570 officia,
1464 548 1512 566 nec
1528 541 1641 566 virtutes
1657 541 1684 566 in
1699 548 1729 566 ea

935 575 1034 601 ratione
1043 595 1049 605 ,
1068 583 1116 601 nec
1132 575 1265 601 amicitiae
1277 581 1397 602 constare
1408 582 1531 611 possunt.
1572 577 1731 603 Coniunctio

934 617 1023 638 autem
1034 620 1096 638 cum
1109 612 1245 638 honestate
1256 612 1299 638 vel
1316 613 1474 648 voluptatis,
1496 614 1537 640 vel
1552 623 1604 641 non
1620 614 1730 641 dolendi

935 649 962 675 id
974 650 1063 684 ipsum
1076 649 1227 679 honestum,
1241 650 1313 684 quod
1325 651 1451 685 amplecti
1464 652 1533 682 vult,
1548 651 1630 678 eflicit
1641 658 1728 686 turpe.

933 686 974 712 Ad
987 695 1031 712 eas
1047 687 1120 712 enim
1137 694 1178 712 res
1191 686 1288 713 referre
1303 696 1371 722 quae
1391 697 1467 723 agas:
1490 697 1605 723 quarum
1622 698 1688 719 una,
1706 689 1729 715 si

933 724 995 758 quis
1009 723 1079 750 malo
1089 729 1190 755 careat,
1208 725 1234 749 in
1247 733 1353 751 summo
1364 733 1426 751 eum
1438 726 1508 752 bono
1519 726 1593 752 dicas
1605 735 1676 752 esse:
1691 725 1730 753 al-

934 766 987 786 tera
1003 766 1124 786 versetur
1139 761 1167 786 in
1184 761 1321 788 levissima
1335 768 1409 797 parte
1421 768 1542 789 naturae:
1560 764 1730 790 obscurantis

933 802 973 824 est
987 806 1094 824 omnem
1111 797 1282 832 splendorem
1298 799 1458 830 honestatis,
1481 809 1513 826 ne
1529 800 1617 826 dicam
1638 801 1730 835 inqui-

933 836 1032 861 nantis.
1072 835 1181 861 Restant
1201 835 1296 867 Stoici,
1326 838 1374 871 qui
1398 846 1484 871 quum
1509 846 1523 863 a
1548 838 1730 872 Peripateticis

933 877 959 899 et
978 871 1147 898 Academicis
1170 874 1260 899 omnia
1281 873 1459 905 tratulissent,
1486 875 1641 901 nominihus
1670 874 1730 901 aliis

933 909 1041 936 easdem
1053 918 1094 935 res
1106 910 1191 936 secuti
1203 915 1275 937 sunt.
1316 911 1368 937 Hos
1384 917 1473 938 contra
1489 912 1611 947 singulos
1626 912 1680 938 dici
1691 917 1730 938 est

933 947 1041 973 melius.
1082 946 1134 973 Sed
1154 955 1239 979 nunc,
1262 948 1335 982 quod
1356 949 1476 984 agimus:
1499 949 1532 975 de
1555 949 1621 979 illis,
1644 958 1729 984 quum

934 984 1067 1011 volemus.
1107 985 1149 1010 23.
1172 985 1315 1012 Democriti
1333 991 1422 1012 autem
1441 988 1583 1016 securitas,
1607 995 1675 1021 quae
1690 992 1731 1012 est

933 1023 1016 1048 animi
1032 1026 1170 1056 tamquam
1182 1023 1377 1057 tranquillitas,
1394 1033 1476 1059 quani
1488 1024 1634 1059 appellavit
1646 1023 1730 1051 εὐθυ-

932 1061 1007 1094 μίαν,
1024 1068 1054 1086 eo
1066 1059 1213 1094 separanda
1226 1060 1277 1086 fuit
1287 1062 1320 1087 ab
1333 1061 1381 1087 hac
1392 1062 1586 1096 disputatione,
1605 1062 1667 1096 quia
1681 1062 1729 1087 ista

933 1097 1017 1123 animi
1037 1096 1218 1131 tranquillitas
1239 1098 1298 1132 ipsa
1319 1104 1359 1125 est
1374 1099 1450 1125 beata
1466 1100 1529 1125 vita.
1569 1098 1730 1130 Quaerimus

933 1140 1032 1165 autem,
1046 1143 1098 1160 non
1110 1143 1179 1169 quae
1191 1135 1234 1165 sit,
1248 1136 1296 1162 sed
1307 1136 1379 1162 unde
1391 1138 1435 1163 sit.
1474 1137 1527 1163 lam
1539 1136 1664 1171 explosae
1676 1137 1731 1161 eie-

932 1177 1044 1206 ctaeque
1056 1173 1202 1198 sententiae
1214 1173 1373 1208 Pyrrhonis,
1387 1175 1529 1205 Aristonis,
1544 1173 1644 1200 llerilli.
1658 1172 1730 1208 quod

933 1210 960 1235 iu
973 1209 1045 1235 hunc
1056 1209 1158 1240 orbem,
1172 1219 1253 1244 quem
1264 1212 1538 1246 circumscripsimus,
1548 1211 1666 1237 incidere
1679 1219 1729 1236 non

932 1251 1054 1281 possunt,
1063 1246 1232 1273 adhibendae
1243 1249 1353 1275 omnino
1365 1257 1416 1275 nou
1429 1248 1546 1275 fuerunt.
1566 1249 1632 1274 Nam
1645 1256 1730 1283 quum

932 1285 1020 1310 omnis
1036 1284 1102 1310 haec
1119 1286 1241 1319 quaestio
1257 1285 1290 1312 dc
1307 1285 1407 1312 finibus
1423 1291 1448 1312 et
1463 1286 1541 1320 quasi
1557 1285 1590 1312 de
1602 1286 1730 1312 extremis

933 1322 1065 1348 bonorum
1076 1322 1244 1348 etmalorum
1257 1323 1290 1349 ab
1296 1323 1525 1358 eoproficiscatur,
1534 1323 1605 1358 quod
1612 1322 1730 1348 dicimus

933 1364 1042 1386 naturae
1053 1367 1112 1385 esse
1123 1365 1215 1394 aptum
1226 1360 1496 1390 etaccommodatum,
1505 1360 1632 1395 quodque
1640 1361 1729 1394 ipsum

932 1405 979 1431 per
990 1405 1018 1422 se
1030 1397 1149 1431 primum
1161 1402 1314 1432 appetatur:
1332 1398 1380 1424 hoc
1393 1403 1476 1424 totum
1488 1403 1513 1424 et
1525 1398 1543 1423 ii
1555 1397 1663 1428 tollunt,
1681 1397 1730 1431 qui

933 1435 960 1460 in
971 1433 1051 1460 rebus
1064 1434 1111 1464 iis,
1130 1435 1157 1461 in
1168 1435 1270 1470 quibus
1285 1435 1352 1461 niliil
1366 1434 1457 1471 [quod]
1471 1440 1516 1461 aut
1528 1434 1669 1461 honestum
1685 1439 1731 1460 aut

933 1476 1009 1506 turpe
1025 1472 1074 1503 sit,
1093 1477 1191 1508 negant
1205 1481 1264 1499 esse
1281 1472 1363 1499 ullam
1379 1481 1516 1501 caussam,
1533 1481 1581 1498 cur
1597 1471 1671 1498 aliud
1683 1471 1729 1497 alii

932 1513 1121 1543 anteponatur,
1145 1518 1193 1536 uec
1207 1510 1276 1536 inter
1287 1519 1331 1536 eas
1343 1519 1384 1536 res
1396 1510 1546 1545 quidquam
1557 1510 1666 1535 omnino
1678 1517 1731 1543 pu-

932 1551 988 1573 tant
999 1546 1141 1573 interesse:
1155 1552 1180 1574 et
1192 1547 1321 1578 llerillus,
1335 1548 1358 1573 si
1372 1548 1406 1573 ita
1418 1548 1515 1577 sensit,
1530 1546 1597 1573 nihil
1610 1555 1668 1572 esse
1682 1547 1729 1572 bo-

932 1592 997 1610 num
1010 1588 1112 1618 praeter
1123 1586 1274 1616 scientiam,
1283 1584 1503 1611 omnemconsilii
1515 1583 1639 1618 capiendi
1651 1592 1730 1610 caus·

931 1630 989 1647 sam
1014 1622 1252 1657 inventionemque
1276 1622 1359 1649 oflicii
1384 1622 1503 1648 sustulit.
1544 1622 1589 1647 Sic
1610 1621 1729 1647 exclusis

931 1658 1072 1685 sententiis
1084 1659 1352 1695 reliquorum,quum
1364 1664 1499 1694 praetcrea
1513 1659 1585 1685 nulla
1596 1668 1654 1684 csse
1667 1667 1729 1693 pos-

931 1696 979 1727 sit,
998 1696 1063 1722 liaec
1077 1698 1249 1732 antiquorum
1262 1697 1347 1723 valeat
1359 1706 1468 1723 necesse
1479 1702 1528 1723 cst.
1569 1697 1638 1732 Ergo
1651 1697 1729 1722 insti-

932 1738 987 1760 tuto
1005 1738 1138 1766 veterum,
1156 1744 1210 1770 quo
1226 1736 1305 1762 etiam
1318 1735 1400 1761 Stoici
1416 1739 1541 1764 utuntur,
1561 1733 1624 1760 hinc
1638 1734 1729 1768 capia-

931 1779 992 1797 mus
1002 1770 1154 1799 exordium.

986 1808 1034 1834 IX.
1056 1810 1097 1836 24.
1119 1810 1204 1836 Omne
1216 1809 1314 1836 animal
1329 1817 1357 1835 se
1374 1809 1463 1844 ipsum
1480 1808 1569 1844 diligit
1585 1817 1627 1838 ac,
1646 1807 1728 1834 simul

931 1851 961 1872 ut
971 1850 1059 1872 ortum
1071 1852 1120 1878 ost,
1134 1847 1162 1874 id
1173 1847 1237 1883 agit,
1251 1852 1279 1873 ut
1291 1856 1319 1873 se
1330 1851 1477 1873 conservet.
1487 1845 1569 1881 (quod
1581 1845 1624 1871 hic
1636 1846 1660 1871 ci
1673 1846 1728 1880 pri-

931 1891 992 1910 mus
1005 1883 1038 1909 ad
1049 1892 1155 1911 omnem
1169 1885 1252 1910 vitam
1264 1884 1390 1911 tuendam
1403 1884 1538 1918 appetitus
1550 1892 1564 1910 a
1576 1888 1669 1909 natura
1681 1882 1729 1908 da-

931 1926 983 1951 tur,
996 1929 1025 1947 se
1037 1927 1066 1949 ut
1076 1922 1237 1957 conservet.)
1252 1927 1331 1957 atque
1345 1923 1378 1948 ita
1390 1922 1424 1947 sit
1436 1921 1573 1949 allectum,
1588 1925 1616 1947 ut
1627 1921 1727 1954 optime

930 1957 1082 1986 secundum
1094 1965 1215 1987 naturam
1228 1959 1351 1985 affectum
1362 1967 1420 1985 csse
1433 1958 1527 1993 possit.
1569 1958 1640 1984 llanc
1652 1958 1728 1984 initio

930 1996 1148 2024 constitutionem
1164 1996 1303 2023 confusam
1322 1996 1401 2023 habet
1416 2001 1442 2022 et
1458 1996 1599 2025 incertam,
1622 2000 1649 2021 ut
1670 2000 1727 2021 tau-

931 2034 1069 2061 tummodo
1080 2044 1108 2061 se
1120 2039 1233 2065 tueatur,
1247 2034 1445 2069 qualecumque
1458 2034 1502 2060 sit.
1538 2032 1588 2058 Sed
1602 2041 1649 2058 ncc
1660 2031 1726 2066 quid

930 2071 978 2101 sit,
991 2079 1041 2098 nec
1052 2072 1119 2107 quid
1133 2072 1231 2107 possit,
1246 2080 1294 2098 nec
1305 2071 1371 2106 quid
1384 2071 1471 2106 ipsius
1483 2075 1576 2096 natura
1586 2070 1633 2099 sit,
1649 2069 1726 2095 iutel-

931 2107 999 2143 ligit.
1039 2110 1129 2141 Quum
1141 2114 1230 2135 autem
1243 2110 1373 2143 processit
1388 2107 1510 2143 paullum
1529 2113 1568 2138 ct,
1593 2112 1726 2141 quatenus

929 2144 1066 2180 quidquid
1087 2155 1115 2172 se
1131 2147 1244 2181 attingat
1259 2145 1292 2172 ad
1308 2154 1391 2180 seque
1407 2145 1551 2180 pertineat,
1575 2144 1726 2179 perspicere

929 2183 1030 2216 coepit,
1049 2188 1104 2209 tum
1117 2184 1218 2209 sensim
1231 2183 1326 2217 incipit
1336 2182 1461 2217 progredi
1473 2190 1586 2216 seseque
1598 2189 1726 2215 agnusce-

930 2228 966 2249 re,
975 2225 1000 2246 ct
1012 2219 1170 2255 intelligere,
1179 2229 1261 2254 quam
1272 2220 1306 2246 oli
1317 2228 1440 2245 caussam
1454 2219 1549 2245 habeat
1560 2227 1631 2245 cum.
1645 2226 1725 2252 quem

929 2256 1061 2288 diximus,
1073 2258 1156 2284 animi
1169 2258 1316 2291 appi-titum
1327 2267 1331 2282 :
1344 2261 1502 2291 coeptatque
1514 2262 1539 2282 ct
1550 2265 1589 2284 ca,
1598 2264 1666 2290 quae
1679 2263 1726 2280 na-

929 2298 1003 2320 turae
1023 2299 1082 2329 apta
1103 2295 1197 2323 scutit,
1220 2299 1344 2328 appetere
1365 2299 1390 2320 et
1410 2293 1566 2328 propulsare
1582 2293 1723 2318 contraria.

929 2331 999 2367 Ergo
1008 2333 1081 2358 omni
1093 2331 1204 2358 animali
1217 2330 1292 2361 illud,
1306 2330 1378 2365 quod
1390 2331 1501 2365 appetit,
1515 2330 1632 2364 positum
1644 2334 1684 2354 cst
1699 2329 1724 2355 in

929 2376 968 2399 co,
981 2369 1053 2403 quod
1065 2374 1173 2395 naturae
1185 2373 1226 2395 est
1239 2367 1478 2394 accommodatum.
1521 2368 1555 2393 lta
1569 2367 1629 2392 linis
1643 2366 1725 2392 bono-

929 2415 988 2432 rum
1004 2407 1111 2432 exsistit
1125 2405 1275 2432 secundum
1293 2410 1414 2431 naturam
1432 2406 1521 2430 vivere
1537 2405 1576 2429 sic
1591 2403 1724 2433 affectum,

930 2448 957 2469 ut
968 2444 1068 2478 optimc
1080 2443 1150 2469 affici
1163 2444 1247 2478 possit
1262 2442 1294 2468 ad
1311 2447 1488 2476 naturamque
1503 2440 1725 2467 accommodatis·

928 2481 1006 2506 simo.
1047 2482 1089 2508 25.
1110 2480 1242 2512 Quoniam
1259 2485 1347 2506 autem
1363 2488 1412 2505 sua
1426 2479 1559 2513 cuiusque
1579 2478 1724 2504 animantis

928 2523 1021 2544 natura
1037 2523 1090 2548 est,
1117 2526 1224 2544 neccsse
1240 2522 1279 2543 est
1296 2517 1375 2543 linem
1391 2524 1499 2551 quoque
1513 2516 1635 2541 oninium
1653 2515 1724 2541 hunc

927 2563 996 2586 csse,
1010 2560 1039 2582 ut
1050 2560 1141 2581 natura
1153 2554 1302 2590 expleatur.
1325 2553 1398 2580 Nihil
1409 2554 1481 2579 cuim
1493 2552 1625 2587 prohibet.
1638 2560 1722 2587 quae-

927 2592 988 2618 dam
1001 2601 1060 2618 esse
1070 2597 1096 2619 et
1107 2593 1175 2619 inter
1189 2601 1218 2618 se
1231 2591 1396 2618 animalibus
1411 2590 1537 2625 reliquis.
1554 2594 1580 2616 ct
1595 2598 1658 2616 cum
1675 2589 1722 2615 be-

927 2630 987 2656 stiis
1000 2629 1101 2656 homini
1113 2630 1281 2659 communia,
1298 2628 1426 2664 quoniam
1441 2628 1563 2654 omnium
1577 2632 1616 2653 cst
1628 2632 1723 2653 natura

1128 2667 1180 2694 Sed
1192 2671 1310 2693 extrema
1323 2665 1368 2692 illa
1379 2671 1405 2692 ct
1418 2673 1537 2696 sumnia,
1553 2672 1623 2700 quae
1638 2671 1722 2700 quae-
