1941 3052
244 122 617 150 TUSCULANABUM
647 121 1030 148 DISPUTATIONUM
1061 122 1141 148 LIB.
1173 121 1204 147 V.
1235 121 1464 148 CAPfi—te.

44 197 70 223 in
83 195 161 222 malis
173 193 311 229 naufragia
323 193 457 224 fortunae,
475 193 539 220 huic
556 202 715 219 succensere
726 193 835 223 dicenti,

44 242 96 260 non
107 242 199 259 omnes
212 232 295 258 bonos
307 240 366 257 esse
378 231 482 262 beatos,
505 240 589 265 quum
607 231 633 256 in
649 239 743 257 omnes
755 230 838 256 bonos

43 279 82 301 ea,
96 279 164 305 quae
176 269 220 295 ille
236 270 263 294 in
275 268 352 294 malis
365 273 494 298 numerat,
508 268 601 294 cadere
614 267 734 302 possint‘?
754 268 839 293 Vexa-

43 313 86 335 tur
107 307 177 333 idem
199 306 399 341 Theophrastus
420 310 445 332 et
466 306 543 331 libris
558 311 583 332 et
598 305 698 331 scholis
717 305 838 331 omnium

42 344 281 380 philosophorum,
299 343 372 378 quod
388 344 415 370 in
431 343 593 370 Callisthene
608 351 657 369 suo
676 342 790 368 laudarit
807 341 839 368 il—

44 382 96 408 lam
108 381 276 412 sententiam,

121 420 203 445 Vitam
214 421 278 452 reyit
289 421 402 452 (ortana,
415 426 465 443 nou
475 420 611 450 sapientia.

42 457 147 492 Negant
158 456 191 482 ab
202 455 257 482 ullo
268 455 428 490 philosopho
439 455 588 490 quidquam
599 454 701 480 dictum
713 462 771 480 esse
783 453 840 479 lan-

42 494 166 530 guidius.
207 494 285 519 Recte
302 493 329 519 id
344 492 469 527 quidem:
493 492 540 518 sed
560 491 629 518 nihil
649 491 770 526 intelligo
786 491 839 516 dici

43 532 164 566 potuisse
175 531 351 557 constantius.
388 530 417 556 Si
428 530 500 555 enirn
512 534 549 556 tot
559 534 622 555 sunt
635 530 661 554 in
672 537 781 563 corpore
792 528 841 554 bo-

43 577 86 599 na,
95 572 131 594 tot
142 573 214 594 extra
227 576 324 602 corpus
337 568 362 593 in
377 576 440 593 casu
452 571 530 601 atque
543 566 660 593 fortuna:
678 574 765 592 nonne
777 574 840 591 eon-

43 610 202 632 sentaneum
214 610 262 636 est,
276 605 338 639 plus
350 604 492 634 fortunam,
505 613 573 638 quae
585 604 693 630 domina
706 611 795 628 rerum
806 603 841 628 sit

43 648 70 669 et
81 648 251 669 externarum
263 647 288 669 et
300 642 331 668 ad
346 651 443 676 corpus
455 642 646 676 pertinentium
656 662 661 671 ,
679 649 760 675 quani
777 648 841 665 eon-
861 642 863 659 ἒ

43 679 151 711 silium,
170 679 276 707 valere‘?
295 681 336 706 26.
356 679 396 705 An
413 679 549 705 malumus
560 679 708 713 Epicurum
723 676 841 703 imitari?

43 718 91 752 qui
103 717 187 744 multa
197 716 332 752 praeclare
343 725 422 751 saepe
433 716 512 743 dicit:
530 724 611 751 quam
628 716 699 741 enim
712 715 765 740 sibi
776 723 841 739 con-

43 759 145 781 stanter
159 755 403 789 convenienterque
417 753 501 784 dicat,
519 762 571 780 non
588 753 697 779 laborat.
739 751 841 777 Laudat

44 796 152 818 tenuem
165 793 276 818 victum.
308 791 465 826 Philosophi
478 791 504 817 id
515 790 640 826 quidem:
652 789 699 816 sed
711 790 733 815 si
746 789 840 814 Socra-

43 833 83 856 tes
99 834 144 856 aut
159 829 331 856 Antisthenes
347 829 459 859 diceret,
478 837 530 854 non
547 829 583 858 is,
600 828 648 862 qui
665 827 745 853 finem
757 826 841 852 bono-

44 875 104 893 rum
116 866 280 901 voluptatem
292 874 350 892 esse
361 865 469 891 dixerit.
510 866 603 900 Negat,
620 872 785 899 quemquam
798 863 841 888 iu—

43 904 131 930 cunde
142 912 220 939 posse
232 904 337 934 vivere,
358 903 411 929 nisi
424 902 495 928 idem
507 902 630 932 honeste,
648 902 783 936 sapienter
798 901 840 925 iu-

43 946 137 976 steque
158 941 241 967 vivat.
282 940 356 966 Nihil
376 940 500 975 gravius,
524 939 592 965 nihil
611 938 782 973 philosophia
798 937 841 963 di-

43 979 138 1014 gnius,
155 978 208 1004 nisi
220 977 291 1004 idem
303 977 352 1004 hoc
365 978 465 1012 ipsum,
479 977 750 1011 honeste,sapienter,
760 976 838 1005 iuste,

43 1015 77 1042 ad
92 1015 256 1050 voluptatem
276 1014 394 1041 referret.
434 1014 505 1047 Quid
521 1014 632 1045 melius,
658 1022 740 1048 quam
758 1012 842 1039 fortu-

43 1062 105 1080 nam
117 1053 244 1088 exiguam
256 1053 418 1079 intervenire
429 1051 563 1086 sapienti?
574 1051 621 1077 sed
633 1052 682 1077 hoc
694 1052 752 1077 isne
764 1050 838 1079 dicit,

43 1091 101 1126 qui,
117 1099 203 1125 quum
214 1089 333 1117 dolorem
345 1099 397 1116 non
409 1090 487 1116 modo
500 1090 648 1115 maximum
661 1088 775 1118 malum,
794 1087 840 1113 sed

43 1127 131 1154 solum
144 1127 245 1154 malum
257 1128 337 1154 etiam
349 1127 457 1158 dixerit,
466 1132 518 1153 toto
529 1135 638 1161 corpore
649 1126 766 1161 opprimi
779 1133 842 1159 pos-

43 1166 79 1192 sit
89 1165 228 1191 doloribus
240 1165 378 1191 acerrimis
390 1169 456 1195 tum,
465 1173 550 1199 quum
558 1165 674 1190 maxime
686 1168 775 1190 contra
789 1162 842 1188 sor-

44 1208 136 1229 tunam
152 1201 299 1238 glorietur?
327 1203 369 1229 27.
391 1202 467 1234 Quod
489 1201 559 1227 idem
581 1201 740 1227 melioribus
761 1201 841 1226 etiam

44 1240 135 1266 verbis
146 1239 322 1267 Metrodorus.
364 1240 506 1272 Oce-uptun,
520 1240 616 1274 inquit,
632 1244 661 1270 te,
675 1242 788 1272 fortuna,
801 1242 842 1263 at-

43 1287 91 1311 que
103 1281 170 1311 cepi,
182 1286 313 1312 omnesque
324 1280 410 1303 mlitas
422 1281 477 1303 laos
489 1278 629 1306 interclusi,
642 1281 669 1302 ut
680 1279 714 1302 ad
723 1284 761 1301 *nie
772 1277 843 1308 uspi—

43 1324 104 1341 rare
119 1324 170 1341 non
187 1324 282 1348 posses.
323 1314 473 1345 Praeclare,
495 1315 518 1340 si
535 1314 623 1340 Aristo
637 1314 735 1344 Chius,
758 1316 803 1338 aut
819 1312 842 1338 si

44 1353 150 1379 Stoicus
161 1353 231 1378 Zeno
241 1352 350 1383 diceret,
364 1353 421 1388 qui,
435 1352 487 1379 nisi
499 1351 571 1387 quod
584 1356 660 1387 turpe
672 1355 755 1382 esset,
773 1349 842 1377 nihil

44 1389 145 1416 malum
157 1389 275 1416 duceret.
317 1391 356 1417 Tu
369 1400 444 1421 vero,
461 1389 621 1421 Metrodore,
639 1390 687 1424 qui
703 1398 781 1415 omne
794 1389 843 1415 bo—

43 1436 108 1454 num
122 1428 148 1453 in
161 1427 313 1454 visceribus
325 1427 506 1463 medullisque
517 1427 680 1458 condideris,
695 1426 843 1453 etdelinie-

43 1465 94 1496 ris,
114 1473 253 1491 summum
267 1465 368 1492 bonum
382 1465 456 1491 firma
469 1465 588 1499 corporis
599 1464 736 1491 assertione
749 1464 843 1499 explo-

43 1507 153 1537 rataque
168 1511 216 1537 spe
231 1503 375 1534 contineri,
399 1502 518 1529 fortunae
540 1502 628 1529 aditus
650 1501 843 1529 interclusisti'?

43 1539 102 1572 Quo
126 1539 222 1566 modo?
246 1541 298 1566 Isto
319 1541 391 1566 enim
417 1540 486 1567 bono
510 1540 562 1566 iam
587 1540 732 1575 exspoliari
756 1544 841 1574 potes.

43 1577 79 1603 X.
101 1578 143 1603 28.
165 1576 247 1612 Atqui
263 1577 306 1603 his
321 1578 466 1612 capiuntur
482 1578 612 1612 imperiti,
632 1583 657 1604 et
673 1582 779 1612 propter
791 1577 843 1602 hu-

43 1614 162 1641 iusmodi
179 1616 324 1641 sententias
341 1616 452 1642 istorum
473 1615 613 1642 hominum
628 1619 668 1641 est
686 1614 840 1641 multitudo.

42 1652 126 1678 Aeute
138 1657 227 1678 autem
239 1652 403 1687 disputantis
416 1652 482 1678 illud
494 1657 546 1683 est,
563 1662 629 1683 non,
646 1653 713 1687 quid
725 1653 842 1687 quisque

43 1689 128 1720 dicat,
145 1689 193 1715 sed
204 1689 271 1724 quid
283 1690 382 1725 cuique
396 1690 542 1716 dicendum
555 1691 602 1721 sit,
621 1690 723 1716 videre.
764 1690 843 1716 Velut

43 1727 71 1753 in
83 1734 112 1752 ea
126 1727 183 1761 ipsa
195 1727 325 1754 sententia
334 1748 340 1758 ,
362 1736 443 1762 quam
457 1728 483 1754 in
496 1727 545 1753 ha(-
556 1727 738 1762 ‹lisputatione
749 1736 843 1754 susce-

43 1764 147 1798 pimus,
170 1772 263 1790 omnes
285 1765 369 1791 bonos
389 1774 496 1800 semper
514 1765 604 1791 beatos
630 1765 755 1791 volumus
771 1774 840 1792 esse.

43 1800 114 1833 Quid
126 1801 214 1827 (licam
226 1801 323 1833 bonos,
341 1803 516 1837 perspicuum
532 1808 581 1829 est.
622 1802 757 1829 Omnibus
769 1804 842 1829 enim

42 1838 191 1865 virtutibus
207 1840 351 1866 instructos
365 1844 390 1866 et
400 1845 506 1866 ornatos
518 1845 574 1866 tum
586 1841 721 1874 sapientes
732 1845 788 1867 tum
802 1841 843 1867 vi-

43 1883 86 1902 ros
99 1875 182 1902 bonos
193 1875 322 1904 dicimus,
348 1877 502 1908 Videamus,
516 1878 563 1912 qui
575 1877 682 1904 dicendi
695 1879 749 1905 sint
760 1878 840 1904 beati.

43 1912 178 1947 Equidem
190 1912 238 1939 hos
250 1915 384 1945 existimo,
397 1915 445 1949 qui
457 1915 549 1941 sintin
562 1914 649 1946 honis,
659 1915 733 1942 nullo
745 1916 843 1942 adiun-

43 1954 85 1976 cto
95 1949 174 1977 malo.
210 1952 252 1977 29.
268 1951 361 1986 Neque
373 1951 427 1977 ulla
439 1951 489 1978 alia
502 1952 565 1978 huic
577 1952 668 1983 verbo,
682 1962 766 1987 quum
780 1954 843 1979 bea-

44 1992 101 2013 tum
118 1986 250 2018 dicimus,
267 1989 388 2015 subiecta
402 1990 474 2015 notio
485 1993 538 2019 est,
557 1989 622 2019 nisi,
641 1991 751 2016 secretis
764 1991 843 2017 malis

43 2024 181 2056 omnibus,
194 2025 329 2052 cumulata
342 2026 472 2052 bonorum
483 2026 644 2060 complexio.
686 2028 757 2053 llanc
769 2037 842 2054 asse-

44 2063 92 2097 qui
110 2062 209 2093 virtus,
225 2062 248 2088 si
262 2063 412 2098 quidquam
431 2068 533 2097 praeter
546 2064 630 2098 ipsam
644 2064 706 2090 boni
718 2069 771 2095 est,
790 2074 842 2092 non

44 2103 140 2134 potest.
181 2099 273 2126 Aderit
283 2101 355 2126 enim
369 2100 513 2127 malorum.
530 2101 552 2126 si
566 2100 633 2127 mala
648 2101 691 2127 illa
704 2101 840 2133 dueimus,

44 2136 123 2163 turba
134 2136 276 2171 quaedam,
290 2142 442 2172 paupertas,
458 2137 623 2173 ignobilitas¹
638 2138 785 2170 humilitas,
800 2148 844 2166 so-

45 2172 139 2204 litudo,
153 2174 263 2200 amissio
275 2184 399 2206 suorum,
413 2184 509 2209 graves
520 2175 625 2201 dolores
636 2177 768 2210 eorporis,
783 2186 844 2211 per-

44 2210 99 2237 dita
112 2210 245 2241 valetudo,
260 2211 395 2243 debilitas,
409 2213 531 2243 caecitas,
542 2213 665 2239 interitus
677 2215 843 2248 patriae,ex-

44 2247 151 2279 silium,
169 2249 286 2275 servitus
302 2249 427 2284 denique.
468 2251 496 2276 ln
514 2250 555 2275 bis
572 2255 608 2276 tot
622 2255 647 2277 et
659 2252 738 2277 tantis
753 2252 842 2286 (atque

44 2285 124 2311 etiam
142 2285 220 2320 plura
240 2291 353 2321 possunt
373 2286 503 2321 arridere)
528 2292 614 2321 potest
638 2297 697 2314 esse
722 2290 840 2323 sapiens.

44 2322 111 2349 Nam
125 2323 188 2349 haec
198 2332 277 2350 casus
291 2324 427 2358 importat,
443 2325 491 2359 qui
504 2324 529 2350 in
542 2325 690 2359 sapientem
702 2331 789 2360 potest
802 2327 843 2352 in-

43 2368 160 2387 currere.
201 2361 235 2387 At
249 2362 272 2387 si
288 2370 317 2387 ea
335 2361 403 2387 mala
419 2366 496 2392 sunt,
516 2362 578 2396 quis
596 2367 681 2396 potest
698 2368 840 2397 praestare,

43 2397 192 2431 sapientem
202 2406 310 2433 semper
320 2398 427 2425 beatum
444 2398 506 2429 sore,
523 2407 608 2433 quum
622 2399 661 2425 vel
678 2400 703 2426 in
715 2401 842 2426 omnibus

44 2433 87 2460 his
99 2443 152 2461 uno
168 2439 285 2470 tempore
300 2444 359 2462 esse
376 2435 477 2470 possit?
516 2438 557 2462 30.
583 2437 639 2463 Non
662 2437 744 2471 igitur
766 2437 842 2464 facile

43 2471 160 2498 concedo
171 2481 258 2508 neque
271 2473 349 2500 Bruto
361 2482 433 2504 meo,
452 2482 539 2507 neque
553 2474 744 2500 communibus
757 2476 843 2510 magi-

43 2509 115 2540 stris,
129 2518 177 2535 nec
189 2510 325 2537 veteribus
339 2510 402 2541 illis,
417 2510 561 2541 Aristoteli,
575 2511 737 2546 Speusippo,
753 2512 842 2538 Xeno-

43 2546 108 2572 crati
117 2566 122 2576 ,
136 2546 286 2578 Polemoni,
301 2553 337 2579 ut,
351 2557 436 2583 quum
448 2557 487 2578 ea,
500 2557 569 2582 quae
580 2557 661 2582 supra
673 2550 839 2579 enunieravi,

44 2583 70 2609 in
83 2582 161 2609 malis
174 2590 327 2616 numerent,
347 2585 428 2611 iidem
444 2585 534 2611 dieant
545 2594 651 2620 semper
664 2585 770 2612 beatum
783 2595 841 2612 esse

43 2620 202 2654 sapientem.
243 2622 315 2654 Quos
335 2623 359 2649 si
380 2621 475 2649 titulus
497 2623 540 2648 hic
557 2622 670 2649 delet-tat
686 2623 800 2657 insignis
817 2629 842 2650 et

43 2657 164 2692 pulcher,
178 2658 336 2695 Pythagora,
350 2659 582 2691 Socrate,l¹latone
593 2660 784 2696 dignissimus,
799 2661 839 2688 in-

1622 123 1685 147 ⁴089

889 192 988 218 ducant
1004 193 1138 223 animum,
1156 192 1216 223 illa,
1238 200 1353 226 quorum
1372 191 1514 226 splendore
1531 192 1683 226 capiuntur,

891 231 975 260 vires,
991 230 1186 259 valetudinem,
1200 229 1445 264 pulchritudinem,
1462 229 1585 259 divitias,
1602 229 1686 255 hono-

891 276 941 297 res,
954 276 1018 301 opes
1030 272 1208 297 contemnere,
1223 275 1316 301 eaque,
1333 275 1401 301 quae
1414 267 1456 292 his
1467 267 1596 292 contraria
1611 271 1683 296 sunt,

891 313 937 339 pro
949 304 1034 330 nihilo
1045 305 1156 330 ducere:
1174 309 1230 330 tum
1248 309 1371 338 poterunt
1385 304 1533 330 clarissima
1551 312 1613 329 voce
1626 312 1687 338 pro-

892 342 968 372 literi,
982 351 1010 367 se
1022 350 1108 376 neque
1122 341 1242 368 fortunae
1254 342 1364 375 impetu,
1374 350 1421 367 nec
1434 341 1616 367 multitudinis
1627 341 1687 375 opi-

892 379 984 409 nione,
1003 388 1051 405 nec
1063 379 1166 409 dolore,
1184 387 1232 405 nec
1249 384 1402 413 paupertate
1420 379 1524 409 terreri,
1542 379 1687 413 omniaque

891 416 944 442 sibi
958 417 983 442 in
995 425 1054 442 sese
1065 425 1123 442 esse
1135 417 1230 451 posita,
1240 424 1287 441 nec
1299 425 1357 442 esse
1370 416 1519 451 quidquam
1530 421 1603 442 extra
1610 424 1687 442 suam

892 458 1060 488 potestatem,
1084 453 1154 488 quod
1172 453 1271 479 ducant
1289 454 1315 479 in
1333 454 1421 479 bonis.
1462 455 1503 479 31.
1526 454 1646 488 Namque
1663 457 1689 479 et

892 491 957 517 haec
970 490 1055 525 loqui,
1075 500 1143 525 quae
1155 495 1217 517 sunt
1229 491 1319 525 magni
1331 490 1472 517 cuiusdam
1484 495 1509 517 et
1521 490 1566 517 alti
1581 491 1646 521 viri,
1663 495 1689 517 et

892 528 994 559 eadem,
1011 537 1079 562 quae
1092 528 1200 563 vulgus,
1210 528 1237 554 in
1250 528 1328 553 malis
1340 528 1453 554 ethonis
1466 536 1688 558 numerare,con·

892 566 951 591 cedi
963 565 1036 591 nullo
1049 565 1126 591 modo
1138 570 1233 600 potest.
1263 565 1319 597 Qua
1330 565 1414 600 gloria
1426 570 1576 591 commotus
1587 566 1689 600 Epicu-

893 612 938 629 rus
949 603 1077 633 exoritur,
1091 603 1134 628 cui
1146 603 1234 633 etiam,
1249 603 1272 628 si
1284 603 1337 628 diis
1350 602 1448 637 placet,
1463 603 1569 629 videtur
1581 611 1688 637 semper

892 640 999 674 sapiens
1012 640 1117 666 beatus.
1157 640 1205 665 Hie
1217 640 1346 675 dignitate
1360 640 1441 665 huius
1456 641 1601 666 sententiae
1613 640 1688 674 capi-

892 682 947 703 tur:
962 677 1009 703 sed
1022 686 1171 712 numquam
1184 677 1208 703 id
1222 677 1329 707 diceret,
1339 678 1361 703 si
1376 678 1431 711 ipse
1443 686 1470 703 se
1481 677 1594 703 audiret.
1616 675 1688 709 Quid

891 719 931 740 est
941 715 1027 745 enim,
1041 714 1113 749 quod
1126 715 1216 740 minus
1228 715 1381 745 conveniat,
1397 724 1479 749 quam
1491 720 1519 740 ut
1532 716 1566 744 is,
1585 715 1633 749 qui
1646 713 1688 740 vel

891 761 1039 783 summum,
1054 752 1095 778 vel
1108 751 1195 778 solum
1208 752 1307 777 malum
1320 752 1437 778 dolorem
1450 760 1507 777 esse
1520 752 1599 782 dieat,
1616 751 1688 778 idem

891 794 1011 820 censeat,
1034 790 1117 821 Quam
1128 791 1172 815 hoc
1183 798 1260 815 sanz-re
1271 794 1305 814 est
1315 790 1322 814 l
1338 794 1394 815 tum
1403 810 1409 819 ,
1427 798 1512 823 quum
1523 789 1612 815 dolore
1627 797 1689 814 cru-

891 828 990 857 cietur,
1006 826 1143 853 dicturum
1160 835 1218 852 esse
1234 826 1401 860 sapientem?
1421 827 1478 852 Non
1496 827 1577 861 igitur
1588 835 1621 852 ex
1632 827 1689 852 sin-

891 864 964 899 gulis
976 864 1089 889 vocibus
1101 864 1256 898 philosophi
1268 863 1406 898 spectandi
1422 868 1498 894 sunt,
1517 863 1563 889 sed
1580 872 1613 890 ex
1628 872 1690 898 per-

891 902 1019 936 petuitate
1034 906 1113 936 atque
1127 902 1285 927 constantia.

947 938 994 964 XI.
1017 940 1057 964 302.
1080 939 1111 965 A.
1134 938 1255 965 Adducis
1272 948 1328 969 me,
1346 943 1375 964 ut
1390 938 1439 964 tibi
1456 939 1594 964 assentiar.
1637 937 1690 964 Sed

892 980 937 1002 tua
948 984 1065 1010 quoque,
1080 976 1151 1007 vide,
1166 985 1198 1002 ne
1210 975 1378 1002 desideretur
1388 977 1545 1002 constantia.
1567 976 1602 1001 M.
1618 974 1690 1007 Quo-

892 1022 954 1039 nam
970 1012 1065 1039 modo‘?
1085 1014 1116 1040 A.
1133 1013 1201 1045 Quia
1217 1013 1271 1048 legi
1283 1018 1359 1039 tuum
1373 1022 1458 1048 nuper
1469 1018 1594 1048 quartum
1605 1013 1690 1038 cleFi-

894 1053 977 1077 nibus.
1018 1052 1046 1076 In
1063 1060 1093 1077 eo
1110 1051 1177 1077 mihi
1193 1051 1334 1081 videbare,
1357 1055 1446 1076 contra
1462 1052 1587 1077 Catonem
1603 1050 1691 1076 disse-

893 1097 966 1118 rens,
984 1088 1033 1114 hoc
1046 1088 1115 1115 velle
1127 1088 1280 1119 ostendere,
1300 1088 1372 1123 quod
1386 1089 1453 1114 mibi
1471 1088 1581 1122 quidem
1594 1087 1691 1122 proba-

893 1131 948 1157 tur,
968 1126 1036 1152 inter
1047 1127 1179 1153 Zenonem
1194 1130 1219 1152 et
1234 1126 1423 1160 Peripateticos
1437 1125 1503 1151 nihil
1516 1130 1619 1160 praeter
1630 1133 1691 1151 ver-

893 1164 989 1189 borum
1001 1164 1146 1190 novitatem
1160 1164 1298 1190 interesse.
1339 1163 1415 1195 Quod
1427 1164 1450 1189 si
1464 1164 1496 1189 ita
1509 1168 1557 1193 est,
1575 1162 1641 1198 quid
1652 1167 1692 1189 est

893 1209 1017 1231 caussae,
1034 1202 1114 1236 quin,
1133 1201 1156 1227 si
1172 1201 1285 1227 Zenonis
1304 1201 1400 1227 rationi
1416 1206 1625 1227 consentaneum
1644 1200 1688 1230 sit,

893 1239 957 1264 satis
970 1247 1094 1273 magnam
1106 1240 1161 1265 vim
1177 1239 1203 1264 in
1216 1239 1314 1265 virtute
1329 1247 1386 1264 esse
1399 1238 1431 1264 ad
1444 1238 1518 1264 beate
1531 1237 1689 1268 vivendum,

894 1276 971 1302 liceat
993 1276 1064 1302 idem
1085 1277 1268 1311 Peripateticis
1288 1275 1396 1302 dicere‘?
1419 1277 1483 1302 Rem
1504 1277 1576 1301 enim
1597 1276 1692 1310 opinor

894 1314 1007 1348 spectari
1022 1319 1152 1348 oportere,
1166 1323 1218 1340 non
1230 1314 1321 1339 verba.
1363 1315 1404 1339 33.
1427 1314 1461 1339 M.
1475 1314 1513 1338 Tu
1529 1313 1639 1348 quidem
1653 1318 1691 1338 ta-

894 1351 973 1378 bellis
984 1351 1134 1388 obsignatis
1145 1352 1203 1388 agis
1216 1360 1335 1382 mecum,
1352 1355 1378 1378 et
1389 1351 1552 1381 testitiearis,
1570 1350 1637 1385 quid
1649 1349 1692 1375 di-

895 1390 979 1416 xerim
992 1389 1146 1425 aliquando,
1160 1396 1205 1416 aut
1216 1390 1382 1424 scripserim.
1421 1390 1487 1414 (lum
1500 1388 1560 1414 aliis
1573 1389 1622 1414 isto
1635 1396 1692 1413 mo-

894 1427 940 1458 do,
964 1428 1012 1462 qui
1033 1428 1140 1463 legibus
1162 1427 1296 1462 impositis
1315 1426 1463 1461 disputant.
1505 1427 1557 1452 Nos
1574 1426 1601 1451 in
1617 1425 1690 1451 diem

895 1465 1026 1497 vivimus,
1049 1465 1241 1500 quodcumque
1261 1470 1363 1491 nostros
1379 1465 1482 1490 animos
1504 1462 1691 1498 probabilitate

895 1504 1036 1537 percussit,
1053 1502 1080 1528 id
1092 1502 1223 1534 dicimus3
1242 1503 1331 1537 itaque
1343 1501 1392 1527 soli
1404 1510 1499 1527 sumus
1513 1501 1599 1527 liberi.
1641 1501 1693 1526 Ve-

895 1545 1061 1571 rumtamen,
1081 1541 1209 1575 quoniam
1226 1539 1259 1565 de
1275 1540 1422 1566 constantia
1439 1538 1529 1573 paullo
1544 1543 1603 1564 ante
1619 1537 1693 1564 dixi-

895 1587 964 1609 muS,
979 1587 1030 1604 non
1043 1586 1092 1612 ego
1104 1578 1153 1604 hoc
1166 1578 1222 1604 loco
1235 1577 1261 1603 id
1276 1577 1460 1612 quaerendum
1473 1581 1545 1611 puto,
1562 1583 1692 1602 verumne

894 1616 937 1646 sit,
951 1615 1128 1650 quodZenoni
1141 1615 1280 1650 placuerit,
1289 1614 1415 1650 quodque
1428 1615 1486 1639 eius
1498 1613 1622 1643 auditori,
1632 1613 1692 1639 Ari-

894 1653 963 1679 stoni
972 1673 978 1684 ,
992 1653 1093 1679 bonum
1104 1662 1162 1679 esse
1174 1653 1275 1683 solum,
1289 1652 1361 1687 quod
1374 1652 1515 1678 honestum
1528 1656 1611 1677 esset:
1633 1650 1690 1679 sed,

895 1691 922 1717 ni
938 1691 973 1716 ita
989 1695 1072 1721 esset,
1095 1696 1185 1717 utrum
1203 1691 1251 1717 hoc
1266 1695 1362 1720 totum,
1382 1690 1457 1715 beate
1474 1689 1578 1719 vivere,
1596 1689 1623 1714 in
1641 1696 1691 1713 una

896 1729 992 1754 virtute
1005 1734 1156 1762 poneretur.
1198 1729 1238 1754 34.
1259 1728 1346 1760 Quare
1357 1727 1454 1753 demus
1466 1726 1515 1752 hoe
1526 1734 1588 1752 sane
1601 1726 1690 1754 Bruto,

895 1771 923 1792 ut
939 1766 973 1792 sit
989 1765 1083 1792 beatus
1098 1774 1206 1800 semper
1219 1766 1337 1800 sapiens
1378 1766 1463 1796 Quam
1474 1764 1527 1789 sibi
1539 1763 1690 1792 conveniat,

895 1804 952 1837 ipse
965 1803 1072 1830 viderit.
1103 1804 1192 1829 Gloria
1205 1803 1316 1838 quidem
1329 1802 1411 1828 huius
1423 1802 1568 1827 sententiae
1580 1801 1642 1835 quis
1653 1804 1694 1826 est

896 1840 941 1867 illo
958 1841 1014 1867 viro
1033 1840 1158 1876 dignior?
1179 1842 1231 1866 Nos
1248 1846 1335 1867 tamen
1352 1845 1503 1868 teneamus,
1527 1843 1553 1864 ut
1570 1838 1604 1864 sit
1621 1837 1692 1863 idem

895 1878 1080 1905 beatissimus.
1112 1879 1170 1904 xit.
1192 1879 1247 1904 Etsi
1259 1879 1328 1903 Zeno
1340 1878 1451 1907 Citieus,
1466 1876 1568 1902 advena
1580 1874 1693 1910 quidam

895 1920 920 1942 et
932 1915 1060 1950 ignobilis
1073 1916 1216 1942 verborum
1228 1915 1332 1950 opifex,
1356 1915 1508 1941 insinuasse
1523 1912 1570 1949 [se]
1586 1914 1612 1938 in
1623 1913 1693 1938 anti-

894 1962 976 1987 quam
991 1953 1190 1988 philosophiam
1208 1953 1323 1979 videtur.
1363 1953 1449 1978 lluius
1465 1951 1611 1977 sententiae
1631 1959 1694 1985 gra-

895 1991 964 2016 vitas
976 2000 989 2016 a
1002 1990 1118 2017 Platonis
1130 1991 1284 2017 auctoritate
1298 1995 1443 2024 repetatur:
1457 1989 1529 2023 apud
1541 1997 1621 2023 quem
1634 1996 1694 2013 sae-

896 2036 927 2062 pe
940 2028 1004 2053 haee
1016 2029 1099 2054 oratio
1112 2033 1239 2062 usurpata
1251 2032 1304 2058 est,
1323 2032 1351 2053 ut
1367 2027 1435 2053 nihil
1452 2031 1554 2061 praeter
1567 2026 1693 2051 virtutem

895 2065 1028 2091 diceretur
1040 2065 1155 2091 bonum:
1170 2065 1243 2091 velut
1256 2066 1281 2091 in
1295 2065 1392 2100 Gorgia
1405 2065 1538 2091 Socrates.
1555 2072 1638 2097 quum
1650 2071 1694 2087 es-

894 2107 934 2128 set
945 2111 978 2128 ex
988 2111 1018 2128 eo
1029 2104 1193 2137 quaesitum,
1207 2102 1378 2131 Archelaum,
1388 2102 1528 2128 Perdiccae
1541 2100 1635 2129 lilium,
1644 2099 1691 2133 qui

896 2144 951 2165 tum
966 2138 1196 2166 fortunatissimus
1213 2140 1369 2169 haberetur,
1389 2148 1475 2165 :ionae
1491 2138 1598 2164 beatum
1616 2142 1693 2171 puta-

895 2176 951 2202 ret?
987 2177 1029 2202 35.
1052 2176 1127 2202 llaud
1139 2177 1209 2206 scio,
1228 2177 1328 2211 inquit:
1344 2185 1492 2210 numquam
1505 2176 1576 2201 enim
1589 2183 1649 2199 eum
1662 2182 1692 2199 eo

894 2213 1042 2239 collocutus
1058 2223 1129 2240 sum.
1151 2228 1186 2233 —
1208 2214 1258 2239 Ain
1275 2213 1321 2239 tu'?
1337 2214 1375 2239 An
1394 2219 1419 2239 tu
1433 2213 1509 2238 aliter
1521 2212 1546 2238 id
1559 2213 1627 2237 seire
1640 2220 1691 2236 non

895 2250 987 2285 potes‘?
1002 2266 1037 2270 —
1058 2250 1136 2276 Nullo
1148 2250 1236 2276 modo.
1252 2265 1287 2269 —
1308 2251 1346 2275 Tu
1361 2251 1442 2282 igitur
1458 2260 1489 2276 ne
1505 2250 1537 2275 de
1553 2250 1691 2274 Persarum

895 2288 1006 2325 quidem
1018 2297 1079 2323 rege
1092 2297 1188 2321 magno
1201 2293 1275 2322 potes
1286 2287 1385 2314 dicere.
1400 2287 1527 2313 beatusne
1540 2286 1591 2312 sit‘?
1604 2301 1639 2304 —
1652 2286 1690 2310 An

895 2334 944 2359 ego
956 2326 1070 2359 possim,
1089 2334 1173 2360 quum
1187 2326 1321 2356 ignorem,
1339 2333 1419 2359 quam
1437 2325 1471 2350 sit
1485 2324 1591 2350 doctus.
1609 2330 1691 2357 quam

896 2362 1099 2388 x·i1·t›‹›nus‘?-
1113 2362 1204 2394 Quid?
1218 2367 1244 2388 tu
1259 2363 1283 2387 in
1296 2371 1326 2387 eo
1338 2362 1416 2387 sitam
1430 2362 1511 2387 vitam
1525 2362 1627 2386 beatam
1641 2368 1692 2393 pu-

896 2400 951 2425 tas?
962 2415 998 2419 —
1013 2400 1047 2426 lta
1061 2408 1170 2434 prorsus
1181 2400 1321 2426 existimo:
1340 2399 1422 2424 honos
1435 2398 1539 2427 beatos,
1555 2397 1691 2431 improbos

896 2437 1017 2463 miseros.
1035 2452 1070 2456 —
1091 2438 1171 2463 Miser
1183 2446 1246 2470 ergo
1258 2436 1422 2462 Archi-taust>
1432 2451 1467 2454 —
1485 2436 1570 2463 Certe,
1584 2435 1607 2460 si
1621 2435 1691 2460 iuiu-

894 2479 962 2500 stas.
977 2489 1013 2494 —
1057 2474 1201 2501 videturne
1213 2483 1320 2499 omnem
1334 2473 1376 2498 bie
1389 2473 1491 2498 beatam
1505 2482 1514 2497 x
1525 2473 1586 2498 itam
1600 2473 1625 2498 in
1639 2480 1690 2498 una

895 2512 992 2537 virtute
1004 2512 1120 2546 ponere?
1144 2513 1185 2537 313.
1207 2511 1277 2543 Quid
1291 2520 1352 2536 vero
1365 2511 1391 2536 in
1403 2510 1622 2544 epitapliio“.'‹pio
1634 2518 1690 2535 nio-

893 2548 926 2574 do
940 2548 1029 2574 idem?
1062 2549 1128 2575 Nam
1140 2549 1184 2574 cui
1198 2550 1267 2578 viro,
1283 2548 1369 2583 inquit
1379 2569 1384 2576 ,
1403 2557 1435 2574 ex
1448 2557 1475 2573 se
1489 2548 1545 2582 ipso
1557 2552 1615 2581 apta
1628 2552 1691 2573 sunt

892 2586 991 2616 onmia,
1004 2595 1072 2620 quac
1085 2586 1116 2612 ad
1130 2587 1205 2612 beate
1218 2585 1365 2612 vivendum
1379 2584 1479 2612 serunt.
1500 2594 1546 2610 nee
1558 2593 1689 2618 suspensa

893 2623 1006 2649 aliorum
1025 2628 1069 2649 aut
1086 2624 1154 2650 bono
1170 2632 1233 2649 casu
1250 2628 1295 2649 aut
1310 2623 1442 2648 contrario
1453 2622 1568 2657 pendere
1579 2631 1613 2648 ex
1624 2621 1690 2647 alte—

894 2662 950 2688 rius
966 2661 1070 2687 eventis
1085 2666 1111 2688 et
1124 2670 1211 2688 errare
1222 2665 1368 2696 eoguntur:
1393 2659 1456 2686 huie
1467 2660 1566 2695 optime
1580 2658 1689 2685 vivendi
