1941 3052
391 129 717 156 EPISTOLARUM

91 209 131 228 mo
145 203 211 227 enim
224 201 341 233 periculo
353 202 445 233 facies,
467 209 512 226 nec
527 202 682 234 reipublicae
694 202 827 233 proderis;
848 202 890 226 cui

91 240 191 272 quidem
200 239 327 270 posterius
336 240 432 270 poteris
443 240 574 270 prodesse,
589 241 612 264 si
626 240 762 264 manseris.
802 237 888 269 Quem

91 274 248 310 φιλόπατριν
265 282 295 300 ac
315 274 446 301 πολιτικόν
466 274 584 301 hominis
600 275 742 309 prudentis
757 279 783 301 et
796 275 885 306 amici,

91 311 138 338 tali
149 311 302 342 admonitu,
321 320 373 338 non
391 317 510 338 moveret
521 312 682 339 auctoritas?
710 314 735 338 6.
757 313 889 347 Deinceps

91 357 131 375 111.
148 348 212 375 Idus
227 348 355 375 Februar.
372 349 470 375 iterum
486 350 554 376 mihi
573 349 720 384 respondes
739 349 889 376 consulenti

91 386 144 412 sic:
160 387 232 418 Quod
243 389 347 419 quaeris
356 396 372 412 a
383 395 429 417 me,
441 390 559 421 fugamne
569 389 654 420 fidam,
667 396 702 413 an
712 396 809 413 moram
823 389 890 413 desi-

91 426 147 450 dem
157 425 286 450 utiliorem
303 429 404 457 putem:
425 433 469 457 eqo
489 433 548 450 vero
568 427 595 450 in
613 427 760 458 praesentia
779 426 890 451 subitum

92 463 230 487 discessum
250 465 273 486 et
288 464 456 495 praecipitem
469 465 650 495 prosectionem
664 471 741 495 quum
758 464 815 492 tibi,
838 467 890 487 tum

92 500 143 532 ipsi
160 498 244 524 Gnaeo
259 500 374 524 inutilem
390 504 412 524 et
425 501 597 532 periculosam
609 504 683 532 puto,
705 504 727 526 et
742 502 824 525 satius
839 507 890 524 esse

92 537 219 565 eaeistimo,
231 543 275 561 vos
286 538 431 569 dispertitos
442 541 464 562 et
475 539 502 562 in
511 538 621 569 speculis
631 545 693 563 esse.

92 575 169 606 fidius
180 577 253 605 turpe
263 575 334 599 nobis
344 579 406 606 puto
417 582 475 604 esse,
488 576 517 599 de
527 577 589 607 [uqa
601 576 721 607 cogitare.
748 574 802 600 Hoc
813 578 890 607 turpe

93 610 199 636 Cnaeus
220 614 310 637 noster
330 610 440 636 biennio
455 615 514 637 ante
534 611 675 646 cogitavit:
698 611 734 637 ita
754 610 890 636 sullaturit

93 648 201 673 animus
216 647 288 679 eiuS,
311 652 337 675 et
350 648 538 682 proscripturit
547 648 605 674 diu.
645 647 722 678 Inde,
740 652 770 674 ut
783 648 887 682 opinor,

93 693 181 719 quum
196 688 224 710 tu
240 683 273 709 ad
289 694 331 711 me
347 685 481 720 quaedam
496 685 664 721 γενικώτερον
675 685 846 720 scripsisses,
865 689 890 711 et
919 685 920 690 ¹

94 730 143 757 ego
155 721 223 747 mihi
234 729 248 746 a
260 725 285 748 te
296 722 428 757 quaedam
444 722 591 758 significari
607 727 757 757 putassem,
776 727 805 748 ut
816 721 889 748 Italia

93 759 232 786 cederem:
250 758 390 786 detestaris
406 760 456 786 hoc
473 759 615 795 diligenter
630 768 668 786 Xl.
686 759 798 785 Kalend.
811 760 887 785 Mart.

94 797 147 830 Eyo
161 804 220 822 vero
235 799 308 823 nulla
324 799 431 830 epistola
444 799 599 830 siqnificavi,
615 800 638 823 si
651 797 749 823 Gnaeus
759 797 838 823 Italia
850 806 887 823 ce-

93 837 171 864 deret,
184 838 212 859 ut
223 837 249 859 tu
260 843 312 860 una
324 836 437 867 cederes;
450 839 503 864 aut,
515 837 538 860 si
550 836 702 867 siynificavi,
714 843 764 860 non
775 836 839 863 dico,
851 836 890 867 sui

94 875 255 902 inconstans,
275 873 318 897 sed
333 873 440 897 demens.
480 872 509 897 ln
525 871 618 897 eadem
629 871 741 906 epistola
753 871 804 897 alio
816 871 887 897 loco:

94 909 166 935 Nihil
177 909 340 942 relinquitur,
352 911 403 934 nisi
411 911 481 942 fuya,
495 912 535 935 cui
547 913 569 934 te
579 911 675 935 socium
686 911 832 942 neutiquam
841 918 891 942 pu-

95 951 119 972 to
133 953 184 972 esse
195 951 318 977 oportere,
331 955 375 972 nec
387 955 507 979 umquam
515 949 615 979 putavi.
651 946 676 973 ’7.
697 947 788 973 Totam
800 951 890 973 autem

94 983 163 1009 hanc
174 981 395 1010 deliberationem
405 983 509 1010 evolvis
521 984 671 1010 accuratius
686 984 713 1010 in
726 983 821 1010 litteris
833 992 889 1010 vm.

94 1018 208 1047 Kalend.
230 1021 307 1047 Mart.
324 1020 404 1047 datis.
444 1021 474 1047 Si
488 1022 534 1048 Μ’.
552 1022 661 1054 Lepidus
676 1026 699 1047 et
714 1022 742 1047 L.
764 1022 891 1048 Volcatius

94 1061 232 1088 remanent,
244 1060 396 1084 manendum
404 1063 474 1091 puto,
488 1061 526 1084 ita
536 1063 576 1089 ut,
588 1061 612 1085 si
620 1061 708 1085 salvus
717 1062 751 1085 sit
761 1059 891 1092 Pompeius

94 1101 117 1122 et
129 1097 268 1122 constiterit
278 1097 456 1126 alicubi,hanc
465 1097 568 1123 νεκυίαν
578 1098 718 1130 relinquas,
731 1101 754 1123 et
765 1101 787 1122 te
798 1099 824 1122 in
836 1105 892 1123 cer—

95 1136 189 1160 tamine
198 1135 267 1159 vinci
277 1142 333 1159 cum
344 1134 389 1159 illo
399 1135 504 1167 facilius
513 1136 638 1167 patiaris,
655 1143 732 1168 quam
743 1143 800 1160 cum
808 1136 853 1160 Ιιοο
864 1136 892 1160 in

94 1179 137 1202 ea,
159 1180 224 1204 qnae
237 1173 393 1204 perspicitur
405 1173 507 1204 sutura,
528 1172 634 1197 colluvie
650 1180 768 1205 regnare.
808 1171 891 1197 Multa

95 1208 218 1243 disputas
230 1208 294 1234 huic
302 1208 449 1234 sententiae
460 1209 657 1235 convenientia.
683 1209 747 1235 Inde
759 1208 792 1235 ad
803 1214 891 1235 extre-

95 1254 185 1272 mum:
202 1246 268 1278 Quid
279 1247 309 1276 si,
322 1245 428 1280 inquis,
443 1246 552 1278 Lepidus
563 1251 584 1272 et
600 1247 728 1273 Volcatius
739 1246 891 1273 discedunt?

95 1284 173 1309 Plane
185 1283 287 1319 ἀπορῶ.
324 1283 396 1314 Quod
410 1286 519 1309 evenerit
531 1286 623 1316 issitur,
640 1289 662 1310 et
678 1286 744 1318 quod
755 1287 847 1317 eqeris,
864 1286 891 1309 id

95 1322 232 1356 στερκτέον
241 1321 346 1353 putabo.
386 1319 414 1346 Si
428 1324 485 1346 tum
501 1321 653 1352 dubitares,
670 1330 742 1347 nunc
755 1326 825 1348 certe
839 1330 891 1347 non

95 1357 214 1388 dubitas,
228 1358 287 1384 istis
300 1357 482 1384 manentibus.
523 1360 548 1385 8.
568 1358 669 1385 Deinde
681 1359 708 1385 in
720 1359 779 1394 ipsa
790 1358 854 1394 fuga
866 1368 889 1385 ν.

95 1395 154 1422 Kal.
168 1396 243 1422 Mart.
254 1405 258 1421 :
274 1395 375 1421 Interea
387 1404 435 1421 non
447 1397 547 1426 (iubilo,
560 1399 622 1430 quin
632 1399 659 1422 in
669 1396 808 1423 Formiano
818 1405 892 1422 inan-

94 1441 172 1459 surus
181 1435 226 1459 sis.
265 1432 467 1459 Commodissime
478 1436 543 1459 enim
554 1434 584 1460 τὸ
594 1435 686 1469 μέλλον
695 1436 731 1461 ibi
746 1432 890 1470 καραδοκή-

95 1480 156 1500 σεις.
195 1469 237 1496 Ad
252 1469 312 1496 Kal.
329 1470 416 1500 Mart..
435 1478 521 1505 quum
542 1470 587 1497 ille
608 1471 735 1506 quintum
750 1471 803 1497 iam
818 1471 891 1497 diem

94 1507 233 1534 Brundisii
245 1511 328 1534 esset:
354 1508 415 1533 Tum
424 1511 564 1541 poterimus
574 1510 723 1538 deliberare,
735 1517 786 1534 non
795 1510 892 1535 scilicet

95 1547 195 1579 integra
206 1554 246 1575 re,
258 1547 301 1571 sed
312 1549 378 1571 certe
388 1547 472 1571 minus
483 1548 608 1579 infracta,
625 1555 702 1579 quam
711 1549 735 1572 si
745 1555 797 1572 una
806 1548 892 1579 proie-

95 1585 162 1609 ceris
173 1587 205 1608 te.
245 1581 347 1608 Deinde
358 1590 393 1608 ιν.
407 1583 496 1609 Nonas
508 1583 583 1609 Mart.
595 1583 648 1610 ὑπὸ
662 1583 706 1617 τὴν
718 1584 794 1617 λῆψιν
805 1591 891 1618 quum

94 1619 214 1646 breviter
231 1619 377 1651 scriberes,
402 1624 491 1646 tamen
511 1621 590 1655 ponis
612 1620 675 1647 hoe.-
699 1621 763 1647 Cras
780 1623 892 1647 scribam

91 1659 185 1691 plura,
202 1662 224 1684 et
235 1659 269 1684 ad
279 1659 378 1684 omnia:
395 1659 440 1684 hoc
452 1662 535 1684 tamen
545 1660 642 1688 dicam,
658 1667 708 1684 non
716 1661 844 1692 poenitere
855 1667 892 1684 me

95 1696 197 1721 consilii
207 1697 237 1721 de
248 1699 293 1721 tua
303 1696 441 1725 mansione,
454 1699 484 1726 et,
497 1704 652 1729 quamquam
662 1705 755 1729 mayna
766 1697 893 1722 sollicitu-

94 1734 161 1763 dine,
176 1737 266 1762 tamen,
274 1734 336 1766 quia
347 1734 431 1758 minus
441 1734 505 1758 mali
511 1738 575 1766 puto
585 1742 730 1766 essequam
740 1735 823 1759 inilia
830 1742 893 1767 pro-

93 1772 214 1803 fectione,
227 1778 316 1796 maneo
327 1771 354 1795 in
363 1772 500 1800 sententia,
518 1775 540 1796 et
550 1773 648 1803 qaudeo
660 1775 682 1796 te
692 1773 824 1797 mansisse.
865 1771 890 1796 9.

94 1806 185 1839 Quum
197 1815 260 1833 vero
271 1807 324 1833 iam
336 1815 448 1843 angerer
457 1811 483 1834 et
494 1808 616 1834 timerem
624 1829 630 1839 ,
643 1816 676 1834 ne
687 1808 754 1843 quid
766 1816 779 1834 a
791 1816 834 1835 me
844 1807 893 1835 de—

94 1843 199 1871 decoris
215 1848 286 1871 esset
301 1844 465 1876 admissum,
485 1854 522 1872 111.
536 1846 624 1872 Nonas
636 1845 727 1872 Mart.:
747 1846 853 1876 Tamen,
870 1851 893 1872 te

94 1890 145 1908 non
156 1890 207 1908 esse
218 1890 271 1908 una
282 1890 339 1908 cum
350 1882 478 1915 Pompeio,
495 1891 546 1908 non
555 1886 610 1916 sero
620 1885 730 1909 moleste.
772 1884 860 1910 Postea
869 1886 893 1910 si

95 1927 158 1952 opus
168 1921 254 1952 suerit,
266 1927 317 1945 non
327 1921 376 1945 erit
387 1921 504 1953 difficile‚·
516 1925 539 1946 et
550 1922 598 1951 illi,
612 1929 711 1954 quoquo
721 1926 830 1954 tempore
840 1923 890 1954 fiet,

93 1959 142 1982 erit
154 1955 321 1990 ἀσμένιστον.
361 1957 411 1983 Sed
426 1958 472 1983 hoc
487 1959 524 1983 ita
539 1960 608 1987 (lico,
624 1960 648 1984 si
658 1959 711 1989 hic,
728 1967 778 1992 qua
792 1961 893 1985 ratione

93 1995 197 2019 initium
207 1994 368 2027 secit,eadem
381 1998 464 2020 cetera
477 1998 542 2027 ayet,
554 1997 660 2024 sincere,
673 2000 816 2028 temperate,
827 2005 893 2029 pru-

94 2033 196 2061 denter;
215 2031 290 2056 valde
309 2032 397 2056 videro
419 2035 442 2057 et
462 2033 649 2058 consideratius
668 2034 776 2058 utilitati
790 2038 893 2059 nostrae

94 2069 253 2094 constituero.
295 2068 336 2093 ⁴0.
362 2075 409 2093 vn.
435 2067 498 2094 Idus
518 2069 594 2095 Mart.
621 2069 732 2100 scribis,
753 2069 892 2097 Peducaeo

94 2113 204 2140 quoque
216 2109 305 2131 nostro
316 2104 424 2138 probari
432 2125 438 2136 ,
454 2105 528 2139 quod
539 2106 669 2140 quierim;
687 2107 766 2133 cuius
776 2108 892 2134 auctori-

95 2147 135 2169 tas
147 2141 263 2168 multum
279 2141 350 2176 apud
368 2150 410 2168 me
426 2142 506 2169 valet.
548 2144 593 2169 llis
605 2152 654 2178 ego
666 2144 719 2169 tuis
729 2145 838 2179 scriptis
850 2153 892 2171 mo

94 2179 229 2210 consolor,
248 2183 277 2205 ut
293 2178 362 2205 nihil
378 2187 391 2205 a
407 2187 449 2205 me
465 2180 554 2206 adhuc
569 2180 696 2207 delictum
710 2186 812 2216 putem.
852 2182 892 2208 Tu

95 2217 174 2243 modo
185 2217 369 2243 auctoritatem
381 2221 454 2243 tuam
466 2217 616 2244 ‹lesen‹lito:
635 2218 766 2245 adversus
777 2227 833 2250 me,
851 2220 893 2245 ni-

95 2254 134 2280 hil
150 2262 219 2289 opus
234 2258 288 2280 est:
305 2253 352 2280 sed
367 2255 483 2280 consciis
499 2263 565 2290 egeo
580 2254 651 2281 aliis.
691 2256 761 2291 Ego,
784 2257 807 2283 si
824 2256 892 2283 nihil

95 2292 219 2326 peccavi,
239 2291 343 2326 reliqua
360 2291 463 2318 tuebor.
504 2292 544 2318 Ad
556 2300 586 2318 ea
606 2297 661 2319 tute
674 2293 791 2324 hortare,
809 2299 835 2320 et
850 2302 892 2320 me

94 2329 205 2356 omnino
217 2333 261 2356 tua
272 2329 432 2364 cogitatione
444 2328 553 2356 adiuva.
594 2330 642 2356 llic
658 2330 794 2357 nihildum
806 2331 839 2357 de
852 2340 893 2357 re-

94 2365 154 2393 ditu
166 2365 287 2393 Caesaris
302 2366 472 2393 audiebatur.

95 2402 210 2438 profeci:
224 2403 327 2440 perlegi
338 2412 431 2430 omnes
444 2409 511 2435 tuas,
528 2409 554 2430 et
565 2405 591 2430 in
603 2412 634 2431 eo
645 2405 780 2440 acquievi.

148 2473 191 2494 XI.
220 2476 250 2497 (ln
260 2475 369 2496 Formiano,
379 2475 478 2497 Marullo,
491 2476 571 2492 Leniat-n
583 2483 628 2494 ιυυ,
641 2478 694 2497 Tim.)

279 2509 447 2537 CICERO
480 2509 648 2537 ATTtCO
677 2510 705 2536 S.

155 2555 178 2579 l.
199 2549 351 2582 Lentulum
371 2560 492 2582 nostrum
515 2556 569 2581 scis
588 2556 705 2582 Puteolis
725 2565 797 2588 essm
821 2557 893 2592 quod

96 2598 183 2625 quum
194 2599 208 2617 e
220 2592 320 2619 viatore
333 2593 451 2628 quodam
465 2598 536 2619 essct
547 2593 678 2623 nuditum.
695 2595 743 2628 qui
754 2602 782 2619 so
793 2593 894 2621 ‹licei-et

96 2635 159 2654 eum
172 2629 199 2654 in
210 2628 310 2663 Appia,
327 2638 414 2665 quum
430 2631 453 2657 is
465 2630 586 2665 paullum
601 2630 720 2657 lecticam
733 2632 890 2665 aperuisset.

97 2672 240 2701 cognosse,
261 2667 311 2693 etsi
323 2667 370 2694 vix
389 2668 446 2694 veri
461 2667 563 2698 simile,
588 2668 650 2694 misi
667 2673 753 2694 tamen
771 2668 893 2695 Puteolos

747 129 800 155 AD
829 127 1037 155 ATTICUM
1067 128 1147 155 LIB.
1171 128 1222 155 IX.
1243 129 1304 154 ΕΡ.
1330 131 1368 155 10.
1393 131 1432 155 Η.

733 536 783 563 Sed
794 538 890 562 medius
918 533 920 543 ¹

513 2367 569 2402 Ego
582 2367 624 2393 his
637 2366 731 2394 litteris
744 2368 793 2394 hoc
805 2373 892 2395 tamen
916 2380 917 2385 ¹

916 2522 924 2539 ἰ
944 2528 1116 2550 ‹wuicessum⁸
1135 2520 1238 2546 inimici
1255 2525 1334 2554 atque
1350 2519 1436 2545 invidi
1451 2520 1607 2544 niterentur.

923 2567 924 2574 ¹
945 2566 975 2583 eo
992 2562 1110 2592 temporo
1127 2566 1178 2583 non
1195 2556 1273 2583 modo
1290 2557 1347 2591 ipso
1364 2555 1450 2582 fautor
1465 2555 1605 2591 dignitatis
1617 2559 1676 2581 tuac
1690 2554 1738 2583 sui,

916 2605 924 2617 κ
946 2603 1039 2620 verum
1052 2595 1131 2620 etiam
1143 2595 1239 2621 ceteris
1250 2599 1341 2620 auctor
1352 2593 1384 2619 ad
1398 2599 1420 2620 tc
1432 2593 1631 2623 adiuvandum,
1647 2593 1686 2618 sic
1698 2600 1740 2618 me

1684 132 1734 156 889

940 207 1052 233 pueros,
1070 200 1118 234 qui
1130 200 1355 235 pervestigarent,
1373 199 1447 226 etad
1461 208 1523 226 eum
1541 199 1651 226 litteras.
1692 201 1735 227 In—

941 241 1038 262 ventus
1049 241 1090 263 est
1100 237 1147 263 vix
1159 237 1185 262 in
1198 236 1281 263 hortis
1293 238 1351 263 suis
1366 246 1395 263 se
1409 237 1560 268 occultans,
1580 237 1735 273 litterasque

941 273 1009 299 mihi
1024 274 1140 304 remisit,
1159 274 1272 300 mirifice
1285 275 1384 310 gratias
1400 283 1482 310 agens
1498 274 1618 301 Caesari:
1636 274 1669 301 de
1685 283 1735 302 suo

941 316 1030 337 autem
1053 311 1166 338 consilio
1186 311 1215 338 C.
1238 311 1332 338 Caecio
1353 312 1475 338 mandata
1498 311 1532 338 ad
1552 320 1595 338 me
1615 311 1733 339 dedisse.

941 349 1010 374 Eum
1021 356 1070 383 ego
1082 348 1161 374 hodie
1171 349 1375 383 exspectabam,
1393 349 1421 375 id
1435 354 1476 375 est
1490 357 1550 375 xm.
1570 349 1629 376 Kal.
1646 349 1732 384 April.

941 387 966 412 2.
987 386 1067 412 Venit
1081 386 1162 412 etiam
1182 386 1215 411 ad
1234 394 1276 412 me
1291 387 1389 413 Matius
1404 386 1631 421 Quinquatribus,
1655 387 1734 414 homo

941 422 1104 454 mehercule,
1118 428 1147 449 ut
1157 423 1225 449 mihi
1237 424 1313 450 visus
1324 429 1372 455 est,
1389 428 1552 459 temperatus
1563 429 1588 450 et
1599 424 1731 459 prudens;

941 460 1110 486 existimatus
1125 460 1236 495 quidem
1256 466 1296 487 est
1315 470 1422 496 semper
1441 466 1532 488 auctor
1551 462 1608 488 otii.
1648 462 1734 494 Quam

941 497 986 523 ille
1004 497 1069 523 haec
1085 506 1137 524 non
1151 498 1264 533 probare
1279 498 1348 525 mihi
1363 498 1474 533 quidem
1490 499 1566 525 visus
1583 499 1634 525 est!
1652 508 1734 534 quam

942 534 1016 560 illam
1036 536 1151 565 νεκυίαν,
1175 540 1205 561 ut
1223 540 1250 561 tu
1271 535 1404 570 appellas,
1426 537 1532 562 timere!
1555 536 1622 562 Huic
1637 544 1686 572 ego
1707 538 1734 563 in

941 572 1025 598 multo
1036 580 1157 598 sermone
1169 572 1309 607 epistolam
1322 573 1355 599 ad
1367 582 1408 599 me
1415 573 1536 600 Caesaris
1542 573 1654 604 ostendi,
1664 582 1732 605 eam,

941 610 1019 635 cuius
1036 609 1191 644 exemplum
1207 610 1240 635 ad
1257 615 1281 636 te
1293 615 1367 637 antea
1380 611 1455 643 misig
1474 611 1635 646 rogavique,
1653 616 1683 637 ut
1692 612 1735 637 in·

941 651 1137 680 terpretaretur,
1151 647 1217 682 quid
1229 652 1312 679 esset,
1326 648 1399 683 quod
1411 648 1456 674 ille
1467 648 1608 679 scriberet,
1622 648 1735 675 consilio

942 692 1000 709 meo
1011 692 1039 710 se
1050 684 1089 710 uti
1102 683 1180 715 velle,
1192 685 1286 720 gratia,
1295 685 1434 720 dignitate,
1443 694 1492 720 ope
1500 694 1588 711 rerum
1601 686 1732 712 omnium.

942 721 1088 754 Respondit
1103 729 1131 747 se
1146 730 1198 747 non
1213 721 1349 753 dubitare,
1367 723 1433 757 quin
1449 727 1475 749 et
1489 731 1566 757 opem
1582 728 1607 748 et
1622 723 1734 758 gratiam

942 766 1028 784 meam
1044 758 1089 784 ille
1106 758 1139 784 ad
1154 758 1365 793 pacificationem
1378 764 1526 794 quaereret.
1568 760 1674 786 Utinam
1686 760 1735 786 ali-

940 795 1013 830 quod
1025 796 1051 821 in
1064 795 1113 821 hac
1124 797 1233 822 miseria
1244 797 1410 831 reipublicae
1421 796 1550 824 πολιτικόν
1556 805 1624 831 opus
1630 797 1736 823 efficere

941 837 966 859 et
981 841 1079 858 navare
1094 833 1163 859 mihi
1180 832 1273 867 liceat}
1292 834 1390 860 Matius
1405 834 1517 869 quidem
1533 839 1558 860 et
1574 834 1651 860 illum
1668 835 1694 861 in
1706 844 1734 860 ea

941 870 1072 896 sententia
1084 878 1143 896 esse
1158 870 1309 898 confidebat
1324 876 1350 898 et
1364 880 1392 897 se
1408 876 1542 898 auctorem
1558 871 1611 897 fore
1626 871 1736 906 pollice—

942 907 1029 934 batur.
1070 909 1094 934 3.
1116 907 1206 934 Pridie
1225 913 1314 934 autem
1335 909 1407 943 apud
1427 917 1469 935 me
1485 909 1623 943 Crassipes
1640 909 1733 939 suerat,

942 945 988 979 qui
1004 953 1033 971 se
1047 944 1137 979 pridie
1149 945 1238 971 Nonas
1249 946 1324 972 Mart.
1338 946 1482 972 Brundisio
1492 946 1641 981 profectum
1657 951 1736 981 atque

942 983 1146 1017 ihiPompeium
1157 982 1300 1017 reliquisse
1311 983 1430 1015 dicebat3
1447 983 1615 1018 quodetiam,
1624 985 1671 1018 qui
1681 992 1734 1010 vin.

941 1020 1004 1046 Idus
1016 1020 1091 1046 illinc
1102 1019 1214 1055 profecti
1225 1025 1307 1052 erant,
1317 1021 1489 1047 nuntiabant:
1507 1020 1553 1047 illa
1564 1030 1626 1047 vero
1632 1030 1734 1051 omnes.

942 1058 970 1084 in
981 1057 1082 1092 quibus
1094 1058 1174 1083 etiam
1185 1058 1333 1093 Crassipes,
1350 1059 1413 1093 (qua
1425 1058 1576 1093 prudentia,
1590 1063 1664 1093 potes
1676 1059 1687 1069 *
1698 1063 1738 1085 at-

942 1095 1071 1130 tendere,)
1092 1103 1229 1121 sermones
1250 1096 1383 1127 minaces,
1407 1096 1531 1122 inimicos
1554 1096 1735 1130 optimatium,

942 1133 1153 1167 municipiorum
1173 1133 1276 1164 hostes,
1298 1142 1385 1160 meras
1402 1134 1624 1168 proscriptiones,
1650 1142 1738 1160 meros

943 1170 1045 1196 Sullas:
1062 1178 1131 1204 quae
1142 1171 1288 1196 Lucceium
1305 1171 1392 1206 loqui!
1410 1179 1479 1205 quae
1491 1176 1570 1197 totam
1583 1171 1736 1197 Graeciam'

942 1216 1011 1242 quae
1022 1216 1085 1234 vero
1096 1207 1300 1242 Theophanem!
1336 1210 1360 1235 4.
1381 1209 1414 1235 Et
1425 1213 1513 1234 tamen
1523 1209 1611 1235 omnis
1622 1216 1684 1243 spes
1695 1218 1739 1234 sa-

944 1245 1007 1271 lutis
1020 1245 1047 1271 in
1058 1244 1112 1271 illis
1124 1250 1176 1277 est3
1195 1250 1221 1271 et
1231 1254 1280 1281 ego
1292 1246 1396 1272 excubo
1407 1246 1510 1276 animo,
1523 1254 1571 1272 nec
1582 1250 1684 1280 partem
1696 1245 1740 1272 ul-

944 1282 995 1308 lam
1007 1283 1083 1317 capio
1094 1283 1207 1317 quietis,
1221 1287 1256 1314 et,
1265 1288 1294 1310 ut
1305 1284 1352 1309 has
1364 1287 1452 1318 pestes
1464 1283 1599 1318 effugiam,
1608 1291 1670 1309 cum
1681 1283 1739 1309 ‹lis-

943 1319 1091 1346 simillimis
1104 1321 1186 1346 nostri
1197 1328 1255 1346 esse
1267 1322 1357 1356 cupio.
1397 1320 1468 1352 Quid
1484 1322 1556 1346 enim
1573 1326 1600 1347 tu
1614 1320 1670 1346 illic
1681 1320 1739 1346 Sci-

943 1358 1060 1392 pionem,
1076 1357 1143 1392 quid
1155 1358 1293 1389 Faustum,
1311 1358 1378 1393 quid
1390 1358 1520 1384 Libonem
1532 1359 1739 1392 praetermissu-

944 1404 1003 1421 rum
1015 1394 1124 1421 sceleris
1136 1394 1232 1429 putas'?
1247 1396 1371 1430 (quorum
1385 1395 1529 1422 creditores
1541 1396 1684 1421 convenire
1696 1395 1739 1421 ‹li-

943 1432 1065 1467 cunturz)
1075 1432 1143 1467 quid
1154 1441 1199 1458 eos
1211 1437 1308 1463 autem,
1322 1442 1407 1468 quum
1420 1433 1541 1463 vicerint,
1551 1433 1578 1459 in
1590 1433 1664 1459 cives
1676 1432 1739 1459 effe-

943 1468 1051 1496 cturos‘?
1071 1478 1153 1504 quam
1174 1478 1238 1497 vero
1256 1472 1441 1506 μακροψυχίαν
1456 1470 1537 1497 Cnaei
1559 1471 1642 1496 nostri
1663 1468 1740 1496 esse?

944 1507 1073 1533 Nuntiant
1083 1507 1236 1543 Aegyptum
1250 1513 1276 1534 et
1287 1507 1406 1544 Ἀραβίαν
1420 1507 1562 1542 εὐδαίμονα
1573 1512 1599 1534 et
1608 1511 1740 1534 Menonca-

943 1546 1037 1579 ταμίαν
1053 1545 1182 1580 cogitare,
1200 1545 1355 1580 Hispaniam
1367 1545 1510 1572 abiecisse.
1550 1545 1666 1571 Monstra
1679 1553 1740 1571 nar-

943 1587 1014 1614 rant,
1029 1590 1097 1617 quae
1110 1581 1176 1608 falsa
1188 1591 1246 1608 esso
1258 1587 1380 1617 possunt.
1421 1582 1473 1609 Scd
1485 1586 1554 1608 certe
1566 1587 1592 1608 et
1602 1582 1667 1608 baec
1679 1590 1740 1616 pcr-

943 1619 998 1646 dita
1010 1624 1082 1650 sunt,
1098 1624 1124 1646 et
1135 1619 1180 1645 illa
1193 1628 1244 1646 uon
1256 1620 1392 1647 salutaria.
1433 1620 1504 1646 Tuas
1516 1619 1615 1646 litteras
1628 1620 1681 1645 iam
1692 1619 1740 1645 de·

943 1657 1043 1684 sidero.
1083 1657 1145 1683 Post
1159 1657 1250 1692 fugam
1265 1663 1381 1684 nostram
1395 1666 1543 1692 numquam
1555 1657 1606 1683 iam
1619 1662 1740 1683 nostrum

943 1703 1036 1721 earum
1052 1694 1224 1721 intervallum
1241 1695 1300 1721 suit.
1342 1696 1402 1721 Misi
1419 1695 1451 1721 ad
1466 1700 1490 1721 te
1501 1694 1657 1728 exemplum
1670 1694 1741 1720 litte-

944 1740 1034 1758 rarum
1050 1740 1171 1758 mearum
1182 1732 1215 1758 ad
1229 1733 1382 1765 Caesareum
1396 1732 1498 1768 quibus
1510 1740 1552 1758 me
1564 1731 1667 1767 aliquid
1679 1740 1741 1766 pro—

944 1769 1076 1796 fecturum
1088 1774 1163 1804 puto.

996 1839 1030 1860 XI
1043 1846 1061 1860 u.
1091 1842 1198 1863 (Marullo.
1209 1842 1289 1860 Lentulo
1300 1849 1346 1859 coss.
1359 1844 1414 1863 705.)

1026 1885 1169 1913 CICERO
1189 1886 1265 1912 [MP.
1288 1885 1316 1912 S.
1338 1886 1368 1912 D.
1390 1885 1560 1912 CAESARI
1580 1884 1656 1911 [MP.

1001 1925 1024 1950 l.
1039 1919 1078 1950 Ut
1089 1923 1142 1959 legi
1154 1928 1213 1950 tuas
1227 1923 1335 1953 litteras,
1349 1932 1416 1958 quas
1429 1932 1441 1949 a
1454 1923 1554 1949 Furnio
1566 1927 1655 1948 nostro
1666 1929 1741 1947 accc-

943 1969 1044 1996 peram.
1058 1961 1160 1996 quibus
1172 1969 1248 1987 mecu
1254 1969 1279 1986 m
1290 1960 1399 1996 agebas,
1413 1965 1442 1987 ut
1453 1960 1485 1987 ad
1493 1960 1591 1986 Urbem
1602 1967 1700 1988 essem,
1717 1963 1741 1984 tu

944 1998 1013 2025 velle
1024 1999 1064 2025 uti
1076 1998 1189 2025 consilio
1200 2003 1226 2025 et
1236 1998 1367 2034 dignitate
1383 2006 1455 2028 mea,
1472 1998 1563 2024 minus
1579 2005 1640 2023 sum
1654 1996 1741 2022 admi-

944 2040 1030 2062 ratus:
1048 2036 1081 2062 de
1096 2036 1181 2071 gratia
1200 2035 1272 2062 etde
1286 2044 1336 2070 ope
1352 2035 1418 2070 quid
1435 2035 1617 2070 significares,
1635 2041 1740 2060 met-um

944 2073 1002 2107 ipse
1013 2073 1191 2108 quaerebam:
1204 2081 1252 2107 spe
1264 2078 1350 2099 tamen
1363 2073 1516 2099 deducebar
1526 2072 1559 2098 ad
1571 2080 1629 2098 eam
1640 2071 1742 2106 cogita-

944 2111 1053 2142 tionem,
1070 2115 1099 2136 ut
1110 2115 1134 2137 te
1146 2118 1193 2145 pro
1204 2115 1247 2136 tua
1259 2110 1413 2136 admirabili
1426 2118 1455 2136 ac
1467 2109 1598 2145 singulari
1610 2108 1740 2143 sapientia

943 2147 976 2173 de
990 2148 1058 2178 otio,
1073 2147 1106 2173 de
1123 2156 1201 2181 pace,
1219 2147 1252 2173 dc
1266 2147 1407 2173 concordia
1419 2148 1521 2173 civium
1533 2147 1576 2182 agi
1588 2146 1657 2172 velle
1669 2145 1742 2170 arbi-

945 2189 1040 2215 trarer,
1058 2189 1084 2211 et
1098 2185 1132 2210 ad
1147 2193 1206 2210 eam
1222 2185 1351 2211 rationem
1367 2184 1556 2210 existimabam
1572 2184 1638 2209 satis
1653 2187 1741 2217 aptam

944 2230 1003 2248 esse
1018 2226 1044 2248 ct
1059 2226 1181 2248 naturam
1198 2226 1223 2247 ct
1238 2230 1378 2256 personam
1396 2230 1492 2247 meam.
1533 2223 1558 2247 2.
1580 2220 1656 2252 Quod
1671 2220 1694 2245 si
1707 2220 1741 2244 ita

945 2263 998 2289 est,
1015 2264 1042 2285 et
1055 2259 1079 2285 si
1093 2267 1146 2293 qua
1158 2258 1191 2285 de
1203 2259 1329 2293 Pompeio
1341 2263 1430 2284 nostro
1441 2257 1540 2285 tuendo
1551 2263 1577 2284 et
1588 2257 1636 2284 tibi
1649 2265 1678 2283 ac
1690 2257 1742 2282 rei-

946 2296 1070 2331 publicae
1092 2295 1289 2322 roconciliando
1307 2304 1370 2321 cura
1392 2300 1415 2321 te
1432 2296 1552 2330 attingit,
1576 2295 1662 2329 magis
1684 2293 1742 2319 ido-

946 2342 1036 2364 neum,
1049 2342 1130 2368 quam
1143 2341 1192 2369 ego
1203 2342 1274 2363 sum,
1288 2332 1320 2359 ad
1332 2341 1390 2358 cam
1402 2341 1524 2359 caussam
1537 2331 1654 2366 profecto
1666 2339 1742 2366 rope-

946 2371 998 2397 ries
1016 2372 1165 2397 neminem:
1189 2371 1236 2405 qui
1252 2374 1277 2396 ot
1294 2369 1332 2396 illi
1348 2378 1456 2404 semper
1470 2374 1495 2396 ct
1515 2369 1633 2397 senatui.
1656 2376 1741 2403 quum

946 2409 1064 2442 primum
1077 2409 1165 2442 potui,
1184 2408 1257 2442 pacis
1269 2412 1360 2433 auctor
1373 2406 1424 2436 [μὴ
1444 2415 1506 2436 ncc.
1520 2406 1636 2440 sumptis
1648 2407 1740 2433 arinis.

923 2467 925 2474 ,
946 2445 1009 2471 belli
1023 2445 1104 2471 ullam
1118 2449 1219 2480 partem
1231 2445 1320 2479 {ungu
1336 2444 1509 2478 iudicavique
1520 2452 1551 2469 co
1566 2443 1636 2469 bollo
1647 2448 1671 2469 te
1684 2443 1742 2469 vio-

947 2482 1007 2513 lari.
1025 2487 1114 2509 contra
1129 2483 1208 2508 cuius
1224 2482 1364 2512 honorem,
1383 2481 1476 2516 populi
1490 2481 1599 2507 Rotnani
1612 2480 1742 2543 [Jenoqcio

1648 2517 1692 2543 Sci
1714 2522 1743 2543 ut

946 2640 1016 2658 nunc
1033 2632 1152 2666 Pompeii
1167 2632 1286 2666 dignitas
1303 2631 1474 2657 votmnwntor
1492 2636 1590 2656 mox-ot.
1632 2629 1741 2664 Aliquot

944 2670 1016 2695 enim
1028 2674 1091 2696 suut
1101 2670 1173 2699 anui.
1187 2678 1272 2704 quum
1286 2677 1332 2695 vos
1343 2668 1397 2695 duo
1407 2667 1582 2704 delcgi‚quos
1597 2668 1740 2703 praecipue

1488 2717 1533 2742 112
