1941 3052
233 149 275 172 tssss
809 147 823 170 'J
862 145 895 170 Μ.
926 145 954 170 Τ.

229 217 368 243 verborum
382 225 460 242 curm
478 217 587 250 positam
604 220 708 250 potuim
726 215 844 240 omnium
862 214 1012 240 verobona-

229 263 286 280 rutu
310 255 418 282 artium.
444 254 558 287 denique
578 254 705 278 virtutum
726 253 842 285 ipsarum
862 251 1010 276 xcx-ietutem

228 292 462 325 vngmitioiwmqm·
482 300 532 316 uon
552 294 654 315 norunt.
691 288 812 314 XXXIV.
835 288 890 313 ⁴37.
906 287 967 317 Sed,
985 292 1013 313 ut

229 328 259 354 ml
279 329 391 353 (irat-cos
407 327 514 353 refe-rom
529 327 681 354 orationem,
698 325 807 359 (quibus
821 332 908 350 carere
923 325 948 350 in
964 324 1012 350 hoc

228 365 336 399 quidem
351 365 479 390 sermonis
493 372 588 395 pwuere
603 372 652 388 non
667 370 824 396 juisstimu52
837 369 906 391 nam,
920 365 949 386 ut
960 361 1013 387 vir-

229 403 292 428 tutis
315 411 328 427 a
352 401 460 429 nostris,
483 402 520 426 sic
538 400 670 425 doctrinae
689 403 751 424 sunt
769 398 801 424 ab
819 398 873 424 illis
891 397 1012 432 exempla
1033 399 1041 430 ΞἸ

230 438 394 473 repetendm)
414 443 513 471 neptem
530 436 611 462 fuisse
625 436 751 461 ‹licuutur
766 444 818 461 uno
832 435 1012 469 tempore,qui
1034 434 1035 453 l

231 477 361 509 sapientes
383 479 407 499 et
431 474 589 499 hala-rentur
611 477 635 498 et
660 476 823 498 voc-arentur.
860 472 890 498 Ili
909 480 1009 501 omnus,

231 510 746 546 praeterMili-situn'l‘halen.civitatibus
760 510 817 535 suis
832 508 1011 543 praefuerunt.

229 551 293 581 Quis
317 549 415 573 :loc-tior
438 547 530 573 iisdem
555 546 608 572 illis
627 546 791 580 temporibus
809 550 854 572 aut
867 546 946 572 cuius
959 545 1014 572 elo-

229 586 334 620 quentia
350 585 441 610 litteris
457 584 608 610 instructior
622 583 705 609 fuisse
719 583 838 613 trmlitur,
851 591 932 618 quam
947 583 1015 610 Pisi-

229 622 319 648 armi?
343 622 389 656 qui
405 622 508 655 primus
523 621 625 647 llomcri
642 620 730 650 libros,
746 619 870 646 confusos
884 620 1014 650 antea,aic

228 660 392 693 ‹lis-posuisse
409 658 514 687 dicitur,
536 662 564 683 ut
578 667 647 684 nunc
662 658 800 684 hahemus.
835 658 891 683 Non
907 656 956 683 fuit
970 656 1014 683 ille
1035 659 1037 682 ’ῑ

230 697 337 731 quidem
353 695 459 721 civibus
473 696 529 721 suis
544 695 626 725 utilis,
642 695 688 721 sed
705 695 738 721 ita
752 694 901 729 eloquentia
916 693 1012 725 floruit,

231 739 256 758 ιιι
273 733 365 759 litteris
379 732 549 767 doctrinaque
564 736 714 766 praestaret.
736 731 869 764 ⁴38.Quid
884 729 1016 757 Pericles?

228 771 260 795 «le
278 771 356 795 cuius
374 769 478 795 dicendi
498 769 523 795 vi
543 770 581 795 sic
595 770 756 804 accepimus,
774 773 810 799 ut,
826 777 911 803 quum
925 773 1014 794 contra

229 806 390 833 voluntatem
413 806 615 833 Atheniensium
640 806 790 841 loqueretur
809 814 856 840 pro
868 805 954 831 salute
968 814 1015 840 pa-

229 845 300 873 triae,
321 844 441 869 severius
459 848 545 870 tamen
564 843 591 870 id
605 844 703 878 ipsum,
719 843 790 878 quod
806 842 850 869 ille
863 848 952 869 contra
968 851 1015 877 po-

229 880 334 915 pulares
349 881 468 907 homines
482 880 588 911 diceret,
605 880 731 914 populare
744 880 870 906 omnibus
884 884 909 906 et
919 880 1015 906 iucun-
1042 879 1043 882 ’

228 918 292 944 dum
309 918 455 944 videretur:
477 918 555 944 cuius
570 918 596 944 in
612 917 692 943 labris
707 921 807 943 veteres
820 917 923 947 comici,
935 917 1013 942 etiam

227 964 311 990 quum
327 954 365 981 illi
381 954 448 980 male
461 955 577 980 (licerent
591 954 671 989 (quod
687 959 742 980 tum
757 954 867 980 Athenis
881 953 936 980 lieri
952 953 1015 980 lice-

229 992 289 1026 bat),
309 992 422 1026 leporem
438 992 570 1018 habitasse
583 992 708 1017 dixerunt
718 995 870 1026 tantamque
881 991 907 1017 in
918 999 948 1018 eo
959 991 1013 1017 vim

229 1029 320 1059 fuisse,
343 1034 370 1055 ut
393 1029 419 1055 in
437 1037 527 1055 eorum
547 1029 690 1059 mentibus,
710 1028 757 1063 qui
776 1028 920 1059 audissent,
936 1028 1014 1063 quasi

195 1086 199 1093 .
228 1066 332 1092 aculeos
355 1065 483 1100 quosdam
508 1065 676 1100 relinqueret.
711 1066 744 1092 At
762 1065 833 1092 hunc
855 1074 906 1092 non
926 1064 1015 1091 decla-

228 1108 310 1129 mator
324 1102 421 1137 aliquis
432 1102 464 1129 ad
478 1103 642 1138 clepsydram
659 1102 751 1129 latrare
764 1102 897 1133 docuerat,
913 1102 969 1133 sed,
985 1106 1014 1128 ut

227 1140 386 1174 accepimus,
413 1139 596 1166 Clazomenius
620 1139 664 1166 ille
686 1140 864 1175 Anaxagoras
880 1140 922 1166 vir
939 1147 1015 1166 sum·
1034 1150 1043 1179 (ν

227 1186 288 1203 mus
302 1177 328 1203 in
344 1177 518 1203 maximarum
533 1185 620 1203 rerum
637 1177 755 1203 scientia.
790 1178 880 1212 Itaque
894 1176 945 1207 hic,
965 1176 1014 1203 do-

227 1215 323 1245 ctrina,
348 1214 471 1245 consilio,
495 1213 645 1248 eloquentia
668 1213 814 1244 excellens,
837 1213 1013 1249 quadraginta

227 1260 309 1278 annos
327 1250 441 1286 praefuit
458 1251 568 1277 Athenis
587 1256 612 1277 et
629 1251 738 1277 urbanis
752 1251 843 1278 eodem
859 1255 975 1285 tempore
989 1255 1014 1276 et

226 1326 380 1352 civitatibus
403 1326 460 1352 suis
483 1325 592 1360 quidem
612 1334 662 1352 non
683 1325 754 1356 boni,
783 1325 830 1351 sed
851 1329 921 1351 certe
943 1325 1012 1351 docti

227 1368 306 1397 atque
323 1362 487 1397 eloquentes,
508 1371 594 1389 nonne
613 1362 751 1389 Socraticis
770 1367 842 1389 erant
855 1362 1015 1397 disputatio-

227 1400 307 1426 nibus
329 1399 444 1426 eruditi‘?
475 1399 541 1432 Quis
564 1400 672 1426 Dionem
696 1399 868 1435 Syracusium
886 1399 1014 1426 doctrinis

226 1437 351 1463 omnibus
365 1436 511 1471 expolivit?
530 1445 581 1463 non
595 1436 686 1463 Plato?
708 1437 794 1471 Atque
809 1445 869 1462 eum
883 1436 954 1462 idem
967 1435 1013 1462 ille

227 1482 278 1500 non
303 1474 409 1509 linguae
432 1474 527 1504 solum,
553 1482 646 1500 verum
670 1474 748 1500 etiam
768 1474 849 1500 animi
864 1482 892 1499 ac
908 1473 1014 1499 virtutis

226 1511 352 1547 magister
369 1510 402 1537 ad
421 1511 582 1537 liberandam
602 1511 713 1545 patriam
735 1510 855 1545 impulit,
875 1511 1011 1541 instruxit,

226 1548 347 1574 armavit.
368 1548 470 1574 Aliisne
483 1548 566 1584 igitur
579 1548 680 1574 artibus
694 1548 765 1574 hunc
779 1548 887 1574 Dionem
899 1548 1014 1574 instituit

226 1585 308 1616 Plato,
325 1584 384 1611 aliis
398 1586 524 1612 Isocrates
537 1585 716 1611 clarissimum
731 1585 818 1611 virum
833 1585 1010 1615 Timotheum,

227 1623 349 1654 Cononis,
375 1622 595 1657 praestantissimi
618 1622 793 1656 imperatoris,
819 1622 918 1652 filium,
938 1631 1014 1648 sum-

227 1668 300 1686 mum
315 1659 404 1694 ipsum
414 1659 598 1694 imperatorem
609 1659 799 1693 hominemque
809 1657 1014 1685 doctissimum?

226 1701 270 1722 aut
293 1696 353 1722 aliis
370 1696 552 1732 Pythagoreus
570 1695 616 1722 ille
635 1696 711 1731 Lysis
730 1696 885 1722 Thebanum
905 1696 1014 1730 Epami-

227 1733 350 1764 nondam,
371 1733 443 1759 haud
456 1734 512 1760 scio
525 1742 557 1759 an
571 1741 708 1759 summum
723 1733 811 1759 virum
827 1741 910 1759 unum
925 1733 1012 1759 omnis

226 1769 369 1797 Graeciae?
392 1774 438 1796 aut
454 1770 603 1805 Xenophon
620 1769 796 1805 Agesilaum?
819 1775 864 1796 aut
876 1770 1012 1796 Philolaus

226 1807 368 1843 Archytam
394 1807 583 1833 Tarentinum?
612 1812 657 1833 aut
678 1808 735 1841 ipse
753 1807 914 1842 Pythagoras
933 1812 1012 1833 totam

226 1843 298 1870 illam
313 1848 426 1870 veterem
443 1844 530 1870 Italiae
540 1844 762 1878 Graeciam,quae
772 1844 905 1879 quondam
918 1853 1013 1880 magna

227 1882 337 1907 vocitata
351 1880 408 1908 est‘?
427 1881 539 1907 XXXV.
556 1881 751 1916 llOAEquidem
767 1890 818 1908 non
832 1881 952 1907 arbitror.
969 1881 1013 1907 Sic
1034 1895 1036 1903 ›

225 1919 297 1944 enim
319 1917 405 1949 video,
431 1927 510 1944 unam
529 1918 670 1953 quamdam
689 1918 809 1944 omnium
828 1926 925 1949 rerum,
945 1926 1013 1953 quae

226 1959 315 1981 essent
333 1955 439 1981 homine
457 1955 561 1981 erudito
574 1955 668 1990 dignae
683 1960 761 1990 atque
775 1964 813 1986 eo,
830 1955 876 1990 qui
892 1956 918 1982 in
933 1964 1014 1990 repu-

226 1992 295 2019 blica
316 1992 397 2018 vellet
417 1991 555 2023 excellere,
581 1991 664 2018 fuisse
682 1992 841 2024 doctrinam;
866 2001 947 2027 quam
965 1993 1012 2027 qui

225 2029 396 2064 accepissent,
417 2029 439 2055 si
458 2029 538 2055 iidem
556 2030 663 2063 ingenio
681 2029 713 2055 ad
727 2029 952 2064 pronuntiandum
967 2038 1014 2056 va-

227 2066 340 2093 luissent
361 2071 386 2092 et
403 2074 432 2092 se
450 2066 483 2092 ad
500 2066 643 2092 dicendum
661 2075 769 2101 quoque
784 2075 834 2093 non
849 2071 1012 2101 repugnante

226 2108 317 2130 natura
331 2103 475 2134 dedissent,
491 2103 640 2138 eloquentia
655 2104 827 2138 praestitisse.
849 2105 906 2130 ⁴44.
922 2105 1013 2139 Itaque

225 2141 284 2174 ipse
305 2139 467 2171 Aristoteles,
491 2148 577 2174 quum
600 2139 690 2166 florere
712 2141 851 2166 Isocratem
876 2141 1012 2167 nobilitate

225 2177 418 2212 discipulorum
433 2177 543 2208 videret,
558 2177 630 2212 quod
645 2178 702 2212 ipse
715 2186 778 2203 suas
791 2177 985 2212 disputationes
998 2187 1012 2204 a

225 2215 327 2240 caussis
350 2214 501 2241 forensibus
523 2218 549 2241 et
569 2214 695 2240 civilibus
713 2214 745 2240 ad
764 2215 868 2241 inanem
882 2215 1012 2241 sermonis

225 2251 381 2287 elegantiam
401 2251 588 2283 transtulisset,
608 2252 722 2277 mutavit
739 2256 846 2286 repente
866 2256 945 2278 totam
960 2252 1014 2278 for-

226 2297 295 2314 mam
320 2297 400 2323 prope
421 2288 577 2323 disciplinae
599 2297 663 2315 suae
685 2297 847 2323 versumque
869 2289 1012 2324 quemdam

226 2325 384 2352 Philoctetae
398 2325 488 2360 paullo
499 2334 578 2352 secus
592 2325 668 2352 dixit.
690 2325 737 2352 Ille
750 2326 822 2352 enim
832 2331 905 2359 turpe
913 2326 965 2352 sibi
977 2326 1013 2352 ait

225 2371 276 2388 esse
294 2367 384 2391 tacere,
404 2371 481 2396 quum
499 2364 630 2391 barbaros,
650 2362 693 2389 hic
706 2367 803 2394 autem,
820 2372 896 2396 quum
911 2364 1013 2389 Isocra-

226 2404 273 2424 tem
284 2404 416 2432 pater-eim·
428 2402 521 2425 dicere.
550 2400 641 2434 Itaque
653 2400 757 2426 ornavit
770 2404 795 2426 et
809 2400 953 2426 illustravit
965 2400 1013 2426 do-

225 2436 335 2461 ctrinam
358 2436 430 2462 illam
453 2445 568 2467 omnem,
586 2445 729 2471 rerumque
750 2437 928 2472 cognitionem
950 2445 1011 2464 cum

225 2472 350 2498 orationis
363 2474 548 2500 exercitatione
561 2474 708 2500 coniunxit.
724 2474 816 2509 Neque
830 2482 892 2500 vero
906 2474 956 2501 hoc
969 2473 1012 2500 fu-

225 2508 263 2543 git
277 2510 504 2543 sapientissimum
519 2519 607 2545 regem
621 2510 787 2545 Philippum,
802 2511 851 2546 qui
864 2511 936 2537 hune
951 2511 1013 2537 Ale-

226 2545 326 2571 xandro
346 2545 399 2572 filio
420 2546 551 2573 doctorem
574 2548 687 2579 accierit,
712 2556 727 2574 a
744 2556 798 2582 quo
816 2547 910 2574 eodem
928 2548 974 2574 ille
987 2552 1012 2574 et

225 2582 320 2616 agendi
334 2583 462 2616 acciperet
478 2589 615 2619 praecepta
629 2589 654 2610 et
667 2584 818 2619 eloquendi.
852 2585 908 2611 ⁴42.
924 2585 1009 2616 Nunc,

225 2619 248 2644 si
261 2619 307 2654 qui
324 2619 401 2649 volet,
417 2628 478 2646 eum
492 2620 691 2655 philosophum,
704 2622 751 2656 qui
765 2622 868 2655 copiam
883 2621 960 2648 nobis
970 2630 1012 2648 re-

987 143 1258 170 (IICEIIONIS

1039 259 1041 261 ·
1064 252 1178 276 iunctam
1199 250 1294 276 habere
1313 250 1487 285 eloquentiae.
1508 250 1698 285 philosophum
1715 250 1849 285 appellare

1039 286 1041 310 l
1065 286 1152 316 malet.
1169 296 1220 313 non
1235 287 1392 321 impediam:
1418 286 1564 313 dummodo
1577 287 1625 313 hoc
1638 292 1747 316 constet.
1764 295 1850 322 neque

1064 324 1200 350 infantiam
1220 325 1288 353 eius.
1307 325 1354 359 qui
1370 332 1423 350 rem
1439 324 1515 354 norit,
1531 324 1577 350 sed
1592 333 1649 350 eam
1663 323 1796 359 explicare
1809 324 1851 351 ‹ti-

1040 381 1041 397 ,
1063 361 1146 386 condo
1169 370 1219 386 non
1242 365 1330 395 queat,
1356 369 1442 395 neque
1464 361 1629 387 inscientiam
1648 360 1730 391 illius,
1751 362 1794 388 cui
1809 370 1851 387 ra

1065 407 1115 424 non
1138 403 1269 432 suppetat,
1296 398 1374 424 verba
1397 406 1448 424 non
1470 397 1571 428 desint.
1595 407 1653 424 ease
1676 397 1848 424 laudandam

1064 443 1178 469 quorum
1192 435 1214 461 si
1229 435 1340 461 alterurn
1355 435 1388 461 sit
1401 434 1557 469 optandum,
1574 435 1664 461 malim
1674 444 1688 461 e
1710 436 1799 461 uidem
1810 435 1851 462 in-

1040 463 1042 504 ,l
1064 472 1188 498 disertam
1217 472 1398 506 prudentiam,
1426 480 1507 506 quarn
1534 471 1673 498 stultitiam
1689 444 1848 507 ‘ioquacent

1040 520 1041 525 ¹
1067 510 1121 535 ⁴⁴3.
1139 509 1186 535 Sin
1200 508 1438 544 quai·rimus,quid
1453 517 1536 535 unum
1551 508 1662 535 excellat
1671 517 1704 535 ex
1714 509 1848 538 omnibus.

1041 556 1042 560 ¹
1064 546 1140 572 docto
1162 547 1256 572 oratori
1280 546 1365 580 palma
1389 545 1474 572 (landa
1496 550 1544 571 est.
1579 544 1663 577 Quem
1678 546 1700 572 si
1714 546 1851 580 patiuntur

1065 582 1188 609 eumdem
1203 592 1260 608 esse
1275 583 1474 617 philosophum.
1491 582 1593 608 sublata
1607 583 1783 609 controversia
1796 587 1849 609 est:

1065 621 1105 647 sin
1124 629 1169 646 eos
1186 620 1334 653 diiungunt,
1356 620 1403 645 hoc
1417 624 1493 646 erunt
1507 619 1652 650 inferiores,
1668 619 1739 655 quod
1753 620 1780 646 in
1793 628 1852 646 οη-

1066 662 1119 683 tore
1134 656 1248 692 perfecto
1262 658 1329 683 inest
1343 657 1448 683 illorum
1462 657 1550 683 omnis
1564 657 1682 687 scientia,
1695 657 1722 683 in
1733 656 1853 691 philoso-

1031 213 1041 375 1,
1065 214 1135 245 ticet,
1158 214 1214 239 sive
1229 213 1300 240 hunc
1313 217 1449 241 oratorem.
1465 220 1544 247 quem
1559 220 1608 247 ego
1620 212 1680 239 dico
1693 214 1848 248 sapientiam

1035 708 1043 731 -i
1066 694 1178 728 phorum
1193 699 1280 720 autem
1293 695 1441 728 cognitione
1452 703 1502 720 non
1513 695 1638 720 continuo
1648 694 1714 720 inest
1725 693 1853 728 eloquen-

1066 731 1114 762 tia,
1135 739 1204 766 quae
1227 732 1351 766 quamvis
1373 736 1556 757 contemnatur
1577 731 1611 757 ab
1628 731 1675 760 eis.
1693 739 1799 756 necesse
1812 735 1851 757 eet

1066 773 1152 794 tamen
1170 768 1286 803 aliquem
1304 768 1443 794 cumulum
1463 768 1569 794 illorum
1587 768 1689 794 artibus
1707 767 1798 794 afferre
1812 768 1852 794 vi-

1042 808 1043 813 *
1065 805 1166 831 (icatur.
1202 806 1269 831 Ilaec
1290 814 1373 840 quum
1393 805 1503 831 Crassus
1521 805 1642 835 dixisset,
1667 813 1810 840 parumper
1826 810 1851 830 et

1065 843 1122 877 ipse
1134 843 1260 868 conticuit
1274 847 1299 868 et
1312 843 1404 868 ceteris
1418 842 1553 868 silentium
1569 842 1627 868 fuit.

1121 879 1243 905 XXXVI.
1261 881 1317 906 tu,
1329 879 1484 909 TumCotta,
1494 879 1633 914 Equidem,
1643 880 1738 914 inquit,
1747 879 1849 909 Crasse,

1066 925 1116 942 non
1131 925 1240 951 possum
1255 917 1419 951 queri,quod
1435 917 1500 943 mihi
1516 916 1619 943 videare
1629 916 1701 942 aliud
1732 916 1848 945 uiddam,

1042 948 1043 988 J
1065 958 1090 979 et
1113 962 1163 980 non
1186 953 1222 984 id,
1242 953 1313 988 quod
1332 954 1490 988 susceperis,
1510 953 1674 988 disputasse:
1702 961 1719 988 p
1732 961 1763 979 us
1780 954 1851 979 enim

1042 995 1043 1026 j
1065 990 1201 1025 aliquanto
1224 990 1345 1020 attulisti,
1369 999 1450 1025 quam
1469 991 1517 1017 tibi
1535 995 1590 1017 erat
1604 990 1733 1017 tributum
1747 998 1761 1016 a
1776 990 1853 1017 nobis

1042 1057 1043 1061 Ἰ
1065 1036 1094 1054 ac
1107 1028 1306 1060 denuntiatum;
1321 1027 1368 1054 sed
1382 1033 1451 1054 certe
1465 1033 1490 1054 et
1504 1028 1552 1054 hae
1566 1032 1652 1063 partes
1663 1026 1769 1053 fuerunt
1782 1032 1850 1058 tuae,

1042 1068 1043 1071 ’
1065 1065 1097 1090 de
1111 1064 1267 1091 illustranda
1281 1065 1397 1091 oratione
1412 1070 1440 1091 ut
1452 1065 1563 1095 diceres,
1579 1069 1604 1091 et
1614 1073 1672 1091 eras
1683 1065 1739 1099 ipse
1749 1065 1801 1091 iarn
1811 1065 1853 1091 in-

1042 1100 1043 1109 *
1064 1110 1172 1136 gressus
1196 1106 1275 1137 atque
1298 1102 1325 1129 in
1347 1107 1471 1137 quattuor
1491 1107 1578 1137 partes
1600 1110 1706 1128 omnem
1727 1101 1853 1128 orationis

1042 1134 1043 1146 ¹
1066 1132 1170 1165 faudem
1184 1139 1377 1174 descripseras:
1403 1148 1519 1174 cumque
1532 1139 1565 1165 de
1578 1139 1684 1165 duabus
1698 1139 1792 1173 primis
1806 1146 1854 1165 no-

1035 1176 1043 1216 '¹
1066 1176 1106 1202 bis
1124 1176 1234 1211 quidem
1252 1177 1324 1207 satis,
1345 1176 1400 1207 sed,
1418 1182 1446 1203 ut
1460 1177 1518 1211 ipse
1531 1176 1647 1206 dicebas.
1663 1176 1783 1202 celeriter
1795 1176 1853 1202 exi-

1034 1246 1043 1262 u

1035 1276 1043 1289 ll

227 1288 330 1315 bellicis
349 1288 438 1314 rebus.
475 1289 530 1314 ⁴39.
550 1288 621 1320 Quid
635 1287 747 1315 Critias?
765 1288 831 1323 quid
845 1286 1014 1314 Alcibiades?
1035 1293 1043 1314 ξ’

1034 1319 1037 1334 l

1034 1912 1036 1923 r

1034 1929 1036 1944 i

1032 2506 1035 2517 t

1033 2523 1035 2531 v

1032 2536 1042 2548 μ

1032 2552 1035 2559 ι

1042 1214 1043 1218 ’
1064 1221 1170 1248 guoque
1183 1213 1307 1244 dixisses,
1323 1213 1390 1240 duas
1405 1214 1451 1240 tibi
1466 1213 1583 1248 reliquas
1597 1213 1704 1243 feceras,
1723 1212 1853 1248 quemad-

1065 1250 1172 1276 modum
1187 1251 1304 1285 primum
1318 1255 1415 1281 ornate,
1424 1250 1519 1277 deinde
1533 1251 1611 1277 etiam
1621 1255 1680 1285 apte
1691 1250 1850 1276 diceremus.

1066 1288 1122 1313 ⁴45.
1147 1287 1206 1319 Quo
1227 1296 1312 1322 quum
1336 1288 1474 1323 ingressus
1496 1296 1578 1318 esses,
1603 1292 1710 1322 repente
1732 1291 1757 1313 te
1774 1287 1852 1321 quani

1034 1317 1043 1368 ‚¹
1064 1324 1173 1359 quidam
1191 1329 1280 1350 aestus
1299 1325 1398 1360 ingenii
1418 1325 1455 1350 tui
1470 1324 1561 1359 procul
1576 1333 1589 1350 a
1604 1329 1671 1350 terra
1684 1324 1801 1359 abripuit
1813 1329 1853 1350 at-

1041 1358 1043 1389 l
1064 1370 1116 1396 que
1141 1362 1168 1388 in
1186 1361 1268 1388 altum
1287 1370 1301 1388 a
1319 1366 1463 1397 conspeetu
1483 1370 1565 1396 paene
1578 1361 1698 1388 omnium
1713 1361 1850 1387 abstraxit.

1041 1391 1043 1446 l
1064 1398 1175 1425 Omnem
1199 1399 1270 1425 enim
1294 1407 1382 1425 rerum
1405 1399 1542 1425 scientiam
1563 1399 1734 1433 complexus,
1754 1406 1806 1425 non
1824 1402 1852 1424 tu

1063 1435 1172 1470 quidem
1196 1444 1254 1462 eam
1277 1436 1353 1463 nobis
1376 1436 1519 1468 tradidisti3
1542 1444 1628 1471 neque
1646 1436 1716 1462 euim
1736 1434 1787 1462 fuit
1799 1440 1852 1462 tam

1041 1485 1043 1495 ι
1064 1473 1155 1508 exigui
1174 1474 1313 1508 temporis:
1335 1473 1391 1504 sed,
1412 1473 1482 1508 apud
1498 1473 1546 1500 hos
1559 1472 1625 1508 quid
1640 1472 1790 1508 profeceris.
1805 1481 1853 1499 ne-

1064 1511 1127 1540 scio,
1153 1518 1194 1536 me
1216 1510 1326 1545 quidem
1344 1511 1371 1536 in
1390 1510 1558 1537 Academiam
1581 1515 1665 1537 totum
1688 1509 1850 1545 compulisti.

1064 1548 1093 1573 ln
1115 1555 1168 1582 qua
1191 1547 1271 1574 velim
1294 1548 1329 1574 sit
1347 1547 1424 1578 illud.
1443 1547 1515 1582 quod
1530 1555 1608 1582 saepe
1621 1547 1744 1582 posuisti,
1760 1551 1851 1573 utnon

1064 1592 1171 1610 necesse
1185 1585 1220 1610 sit
1233 1593 1389 1610 consumere
1402 1589 1521 1615 aetatem,
1537 1589 1616 1619 atque
1631 1589 1660 1610 ut
1673 1584 1756 1618 possit
1770 1584 1793 1610 is
1806 1583 1851 1610 illa

1040 1614 1043 1632 ¹
1063 1622 1151 1648 omnia
1169 1629 1288 1651 cernere,
1309 1622 1356 1656 qui
1375 1621 1557 1647 tantummodo
1578 1622 1723 1656 aspexerit:
1745 1621 1792 1647 sed
1813 1626 1853 1647 et-

1040 1642 1043 1687 l
1063 1659 1142 1684 iamsi
1161 1663 1200 1684 est
1217 1658 1353 1693 aliquanto
1371 1659 1495 1693 spissius,
1511 1663 1556 1684 aut
1569 1659 1592 1684 si
1607 1667 1656 1694 ego
1669 1667 1729 1684 sum
1745 1657 1849 1687 tardior.

1034 1690 1043 1737 ἶ
1064 1695 1181 1730 profecto
1203 1704 1351 1730 numquam
1373 1696 1569 1730 conquiescam,
1589 1704 1676 1730 neque
1689 1694 1853 1731 defatigabor

1034 1747 1042 1764 ,ι
1063 1737 1131 1763 ante,
1152 1741 1234 1767 quam
1252 1732 1359 1759 illorum
1373 1733 1501 1768 ancipites
1515 1733 1572 1759 vias
1586 1733 1754 1767 rationesque
1767 1737 1791 1758 et
1805 1740 1852 1767 pm

1034 1771 1043 1806 Ὶξ
1063 1770 1188 1796 omnibus
1202 1774 1227 1796 et
1240 1774 1329 1796 contra
1342 1770 1430 1796 omnia
1444 1769 1598 1804 disputandi
1613 1777 1762 1804 percepero.

1119 1808 1176 1833 ⁴46.
1195 1807 1264 1833 'rum
1283 1807 1385 1838 Caesar,
1406 1807 1504 1838 Unum.
1524 1807 1620 1842 inquit,
1637 1815 1678 1833 me
1691 1815 1726 1833 ex
1738 1811 1784 1833 tuo
1797 1814 1854 1833 ser-

1063 1881 1110 1916 qui
1130 1890 1180 1907 non
1199 1881 1251 1907 cito
1267 1881 1333 1916 quid
1347 1881 1493 1911 didicisset,
1512 1889 1640 1916 umquam
1653 1881 1762 1907 omnino
1774 1888 1852 1915 posse

1064 1918 1225 1952 perdiscere:
1253 1923 1281 1944 ut
1296 1919 1362 1944 mihi
1376 1927 1428 1944 non
1442 1918 1477 1944 sit
1490 1917 1599 1944 difficile
1613 1917 1755 1952 periclitari
1768 1922 1795 1944 et
1807 1922 1853 1944 aut

1064 1955 1151 1981 statim
1167 1956 1301 1990 percipere
1314 1956 1373 1986 ista,
1388 1963 1457 1990 quae
1470 1960 1499 1981 tu
1513 1955 1602 1982 verbis
1615 1954 1648 1981 ad
1660 1954 1763 1981 caelum
1774 1959 1854 1981 extu-

1065 1992 1131 2023 listi,
1159 1997 1212 2023 aut,
1237 1993 1260 2018 si
1283 2001 1334 2019 non
1357 1993 1501 2027 potuerim,
1526 1996 1633 2027 tempus
1656 2000 1708 2018 non
1731 1991 1849 2026 perdere,

1063 2037 1149 2064 quum
1180 2034 1266 2055 tamen
1297 2029 1339 2056 his
1368 2029 1465 2055 nostris
1490 2029 1591 2064 possim
1617 2037 1676 2055 esse
1701 2033 1850 2056 contentus.

1065 2067 1122 2093 ⁴47.
1142 2067 1190 2092 Hic
1207 2066 1353 2101 Sulpicius,
1374 2066 1430 2102 Ego
1443 2074 1513 2097 vero,
1533 2067 1630 2101 inquit,
1647 2066 1749 2097 Crasse,
1765 2074 1852 2100 neque

1063 2103 1229 2130 Aristotelem
1248 2104 1329 2130 istum
1344 2112 1430 2138 neque
1444 2103 1605 2129 Carneadem
1618 2111 1666 2129 nec
1679 2102 1852 2138 pbilosopho-

1064 2149 1124 2167 rum
1137 2149 1300 2175 quemquam
1315 2140 1448 2166 desidero:
1465 2139 1506 2166 vel
1517 2149 1569 2172 me,
1581 2140 1642 2167 licet
1651 2139 1852 2171 existimesde-

1040 2174 1042 2178 ’
1063 2186 1177 2212 sperare,
1203 2177 1253 2203 ista
1275 2185 1352 2212 posse
1374 2177 1532 2212 perdiscere,
1556 2177 1612 2208 vel,
1637 2177 1666 2204 id
1682 2176 1754 2212 quod
1773 2176 1848 2206 facio,

1040 2214 1042 2238 i
1062 2219 1240 2241 contemnere.
1273 2214 1340 2240 Mihi
1357 2223 1447 2240 rerum
1464 2214 1610 2241 forensium
1629 2219 1656 2241 et
1667 2214 1851 2240 communium

1063 2251 1182 2287 vulgaris
1196 2251 1260 2277 haec
1273 2251 1390 2287 cognitio
1402 2252 1468 2278 satis
1481 2260 1577 2287 magna
1591 2255 1631 2278 est
1643 2250 1677 2277 ad
1689 2259 1756 2282 eam,
1769 2259 1851 2286 quam

1062 2288 1361 2323 specto,eloquentiam3
1376 2297 1410 2315 ex
1423 2297 1476 2323 qua
1489 2289 1547 2323 ipsa
1560 2293 1647 2314 tamen
1659 2287 1792 2323 permulta
1804 2295 1852 2314 ne-

1062 2325 1130 2358 scio;
1156 2333 1225 2360 quae
1243 2330 1300 2351 tum
1317 2325 1442 2360 denique,
1463 2333 1548 2360 quum
1561 2333 1654 2351 caussa
1668 2324 1767 2360 aliqua,
1782 2333 1851 2360 quae

1062 2371 1077 2389 a
1099 2370 1142 2388 me
1162 2362 1273 2388 dicenda
1295 2367 1344 2393 est,
1366 2362 1505 2393 desiderat,
1520 2370 1628 2396 quaero.
1661 2361 1848 2394 Quamobrem,

1063 2400 1115 2426 nisi
1134 2398 1199 2425 forte
1217 2407 1245 2426 es
1262 2400 1315 2425 iam
1333 2399 1464 2429 defessus,
1484 2403 1510 2425 et
1527 2399 1550 2425 si
1569 2398 1617 2425 tibi
1631 2407 1683 2425 non
1696 2407 1791 2434 graves
1803 2407 1852 2425 su-

1040 2449 1043 2458 »
1063 2445 1133 2467 mus,
1149 2436 1218 2462 refer
1231 2436 1264 2462 ad
1278 2436 1323 2462 illa
1336 2441 1446 2471 te,quae
1458 2435 1491 2462 ad
1505 2436 1592 2470 ipsius
1605 2436 1730 2462 emtionis
1744 2435 1850 2462 laudem

1062 2473 1285 2508 splendoremque
1299 2474 1444 2508 pertinent3
1470 2481 1539 2507 quae
1552 2480 1601 2508 ego
1613 2481 1647 2499 ex
1660 2477 1685 2499 te
1698 2472 1790 2499 audire
1804 2481 1851 2499 vo—

1063 2510 1114 2539 lui.
1140 2519 1192 2536 non
1216 2515 1246 2536 ut
1267 2511 1434 2545 desperarem
1460 2518 1502 2536 me
1523 2509 1701 2544 eloquentiam
1722 2510 1849 2544 consequi

1062 2556 1149 2582 posse,
1165 2547 1212 2573 sed
1226 2552 1255 2573 ut
1269 2547 1371 2582 aliquid
1384 2546 1557 2573 addiscerem.

1118 2584 1252 2610 XXXVII.
1273 2585 1330 2611 ⁴48.
1350 2584 1418 2610 Tum
1432 2583 1552 2614 Crassus,
1567 2582 1740 2618 Per-vulgatas
1752 2591 1795 2610 res
1809 2592 1851 2610 re-

1038 2609 1042 2636 Ῑ
1061 2621 1156 2655 quiris,
1176 2621 1273 2663 iuquit,
1293 2626 1319 2647 et
1337 2620 1385 2647 tibi
1399 2629 1450 2647 non
1463 2621 1620 2656 incognitas,
1635 2619 1750 2654 Sulpici.
1782 2619 1849 2652 Quis

1040 1811 1043 1835 l

1040 1837 1043 1949 ι
1063 1852 1141 1870 mone
1155 1844 1279 1875 maxime,
1296 1843 1398 1875 Crasse,
1413 1844 1565 1874 commovit,
1581 1844 1653 1878 quod
1666 1852 1728 1870 eum
1739 1843 1849 1879 negasti.

1040 1958 1043 1976 l

226 2664 283 2681 rum
307 2656 485 2691 orationisque
508 2657 599 2687 tradat,
624 2666 671 2692 per
688 2667 730 2684 me
750 2658 864 2692 appellet
882 2664 1010 2685 oratorem
1032 2662 1035 2683 l
1061 2658 1132 2683 enim
1147 2658 1179 2683 de
1193 2662 1244 2684 isto
1256 2666 1352 2693 genere
1367 2665 1418 2683 non
1431 2657 1529 2686 docuit,
1546 2665 1597 2683 non
1611 2657 1736 2688 instituit,
1747 2666 1799 2684 non
1809 2662 1850 2683 et-
