1941 3052
326 90 656 117 EPISTOLARUM
687 90 740 116 AD
769 89 998 116 DIVERSOS
1030 90 1110 116 LIB.
1133 91 1184 116 111.
1216 90 1277 116 ΕΡ,
1304 92 1341 116 10.
1371 93 1407 116 lt.

63 167 149 188 turam
164 161 263 196 possit,
280 169 362 195 quam
377 165 423 187 aut
437 160 621 188 florentissimi
637 160 754 187 hominis
765 168 857 194 asper-

64 199 122 225 nari
136 197 365 230 benevolentiam,
388 203 434 224 aut
448 199 508 224 eius
523 198 750 224 existimationem
770 206 858 232 oppu—

62 244 144 271 gnare
160 235 187 262 in
202 236 354 270 provincia,
377 236 455 261 cuius
475 235 584 262 laudem
599 235 672 262 domi
687 234 858 261 defenderis?

63 277 109 299 aut
120 273 147 298 in
158 281 188 298 ea
200 281 227 299 re
239 273 361 299 animum
371 272 511 299 ostendere
522 273 675 303 inimicum,
685 273 712 299 in
723 281 777 307 qua
789 271 857 298 nihil
879 262 881 281 ⁴¹

62 309 155 337 obsis?
174 314 220 336 aut
230 309 258 336 id
269 309 367 345 eligere
379 309 413 336 ad
424 310 579 345 perfidiam,
601 310 674 345 quod
690 309 723 336 ad
734 309 859 336 indican-

63 347 129 374 dum
143 347 236 373 odium
252 348 453 382 apertissimum
470 348 517 378 sit,
539 347 573 373 ad
588 347 739 374 nocendum
752 346 859 372 levissi-

62 383 157 410 mum‘?
175 384 247 416 Quid
258 389 313 410 erat
324 389 427 416 autem,
441 393 490 410 cur
500 393 549 420 ego
560 385 587 410 in
599 388 623 410 te
635 389 689 411 tam
699 383 860 419 implacabi-

63 421 97 448 lis
113 430 214 452 essem,
237 430 323 457 quum
344 426 368 448 te
384 431 419 448 ex
433 421 512 448 fratre
528 430 588 448 meo
602 430 635 448 ne
652 426 716 448 tunc
736 421 857 456 quidem,

63 467 149 494 quum
159 459 209 485 tibi
220 467 302 494 prope
314 467 423 485 necesse
434 464 505 486 esset
514 467 558 485 eas
568 467 645 494 agere
656 463 754 493 partes,
768 458 860 484 inimi-

63 505 126 522 cum
136 496 205 522 mihi
216 496 301 522 fuisse
311 496 487 532 cognossem?
506 496 596 528 Quum
608 505 670 522 vero
684 495 800 522 reditum
813 504 861 521 no-

63 538 149 560 strum
161 535 188 559 in
199 534 313 569 gratiam
324 538 437 569 uterque
447 534 606 568 expetisset:
621 533 688 568 quid
698 533 725 559 in
736 532 860 559 consula—

64 575 93 597 tu
108 575 153 597 tuo
169 570 267 597 frustra
284 579 390 597 mecum
407 571 499 607 egisti,
516 570 588 605 quod
603 579 646 596 me
662 575 707 596 aut
718 570 804 596 tacere
815 574 861 595 aut

63 609 163 634 sentire
179 607 331 634 voluisses?
345 608 417 641 Quid
428 608 497 634 mihi
511 607 657 638 mandasti.
675 616 762 642 quum
772 611 797 633 te
808 607 861 632 Pu—

65 645 142 671 teolis
157 654 347 681 prosequerer,
371 646 398 672 in
413 654 468 680 quo
482 654 534 671 non
549 645 776 679 exspectationem
787 649 860 670 tuam

64 682 206 718 diligentia
226 692 285 709 mea
301 682 432 709 vicerim?
465 683 490 708 9.
512 681 590 714 Quod
606 682 630 708 si
645 682 673 708 id
688 686 729 708 est
744 682 861 708 maxime

65 721 161 751 astuti,
178 720 268 746 omnia
283 719 317 746 ad
331 728 409 746 suam
425 719 569 746 utilitatem
580 718 692 745 referre:
710 719 778 754 quid
793 719 861 745 mihi

65 757 172 784 tandem
179 762 234 783 erat
245 757 350 788 utilius,
359 757 426 792 quid
437 756 586 783 commodis
598 757 666 782 meis
673 757 861 791 aptius,quam

64 794 183 821 hominis
200 794 365 820 nobilissimi
380 799 460 828 atque
475 794 678 820 honoratissimi
692 794 859 820 coniunctio:

64 832 143 858 cuius
154 840 228 866 opes,
240 832 391 867 ingenium,
405 831 494 862 liberi,
508 831 611 863 affines,
624 831 780 866 propinqui,
794 831 862 857 mihi

65 877 162 904 magno
174 868 217 895 vel
227 873 383 896 ornamento
394 868 578 904 velpraesidio
584 877 643 895 esse
649 868 776 904 possent?
789 868 862 901 Quae

65 911 154 933 tamen
165 914 214 941 ego
225 907 315 933 omnia
326 907 354 933 in
365 906 515 941 expetenda
525 906 644 933 amicitia
654 911 708 937 tua,
725 915 777 932 non
789 910 863 932 astu-

65 944 100 970 tia
126 943 257 978 quadam,
282 943 331 970 sed
352 943 443 978 aliqua
463 944 555 978 potius
578 944 720 978 sapientia,
752 948 863 970 secutus

64 989 136 1007 sum.
154 980 242 1013 Quid?
252 980 298 1007 illa
310 980 432 1012 vincula,
446 981 548 1016 quibus
559 981 671 1016 quidem
683 981 863 1007 libentissime

65 1019 210 1054 astringor,
227 1023 327 1053 quanta
338 1019 414 1045 sunt!
430 1018 582 1045 studiorum
593 1018 754 1050 similitudo,
771 1019 864 1045 suavi-

65 1060 105 1082 tas
118 1055 336 1088 consuetudinis,
352 1055 494 1082 delectatio
505 1056 576 1082 vitae
592 1060 672 1091 atque
688 1057 789 1087 victus,
807 1064 864 1082 ser-

65 1093 153 1119 monis
159 1093 281 1125 societas,
291 1093 392 1120 litterae
402 1094 647 1128 interiores.Atque
659 1093 725 1120 haec
734 1093 864 1120 domesti-

65 1139 105 1156 ca.
117 1129 354 1162 Quidillatandem
360 1130 757 1166 popularia?Reditusillustris
765 1132 791 1157 in
802 1140 864 1167 gra-

65 1167 148 1194 tiam?
166 1168 194 1194 in
205 1176 259 1203 quo
269 1177 302 1194 ne
313 1177 361 1203 per
374 1168 586 1203 imprudentiam
596 1168 708 1204 quidem
718 1169 800 1195 errari
816 1178 864 1203 po-

66 1209 117 1232 test
127 1205 186 1231 sine
196 1205 351 1240 suspicione
362 1205 501 1240 perfidiae.
540 1206 710 1240 Amplissimi
722 1206 863 1233 sacerdotii

66 1241 229 1278 collegium?
249 1243 276 1269 in
292 1251 346 1278 quo
361 1252 413 1269 non
430 1243 509 1270 modo
522 1244 669 1270 amicitiam
685 1243 780 1270 violari
791 1243 863 1278 apud

67 1280 181 1306 maiores
192 1284 296 1306 nostros
308 1279 348 1306 fas
358 1289 411 1307 non
422 1285 490 1312 erat,
513 1280 561 1307 sed
577 1289 609 1307 ne
620 1282 737 1316 cooptari
752 1281 863 1316 quidem

67 1317 232 1344 sacerdotem
245 1317 349 1349 licebat,
363 1318 411 1353 qui
421 1319 550 1353 cuiquam
562 1326 596 1344 ex
605 1318 719 1354 collegio
730 1323 801 1345 esset
812 1319 865 1345 ini-

66 1355 164 1380 micus.
208 1356 247 1381 lO.
269 1354 341 1387 Quae
354 1360 383 1382 ut
392 1356 513 1382 omittam
526 1360 579 1382 tam
591 1355 675 1382 multa
686 1360 765 1391 atque
777 1361 861 1383 tanta:

66 1392 129 1427 quis
145 1400 276 1427 umquam
292 1393 357 1419 tanti
372 1401 539 1427 quemquam
551 1392 613 1419 fecit
623 1398 670 1420 aut
681 1393 766 1420 facere
778 1394 865 1428 potuit

66 1433 113 1456 aut
123 1429 226 1460 debuit,
239 1430 333 1464 quanti
343 1438 392 1466 ego
402 1430 451 1456 Cn.
459 1431 617 1465 Pompeium
626 1439 749 1457 socerum
761 1436 821 1458 tuae
833 1431 865 1457 ti-

68 1465 137 1493 liae‘?
155 1467 262 1493 Etenim
273 1467 296 1493 si
309 1468 402 1494 merita
413 1466 516 1494 valent:
531 1468 655 1502 patriam,
670 1468 777 1500 liberos,
791 1468 865 1495 salu-

66 1508 130 1535 tem,
143 1503 312 1540 dignitatem,
326 1505 518 1540 memetipsum
530 1505 598 1531 mihi
609 1513 657 1540 per
666 1505 744 1532 illum
756 1507 865 1532 restitu-

67 1545 125 1568 tum
136 1546 214 1576 puto,
227 1542 251 1568 si
262 1542 467 1569 consuetudinis
479 1542 648 1569 iucunditas:
661 1552 731 1577 quae
742 1543 793 1570 t'uit
804 1552 865 1569 um-

67 1587 149 1614 quam
159 1579 278 1605 amicitia
289 1578 473 1606 consularium
485 1580 513 1606 in
522 1584 612 1606 nostra
627 1581 736 1607 civitate
751 1581 865 1607 coniun-

67 1614 151 1643 ctior?
161 1616 185 1642 si
198 1615 245 1642 illa
256 1617 354 1643 amoris
365 1621 445 1652 atque
456 1616 540 1643 officii
550 1617 642 1652 signa:
660 1617 727 1652 quid
738 1618 807 1644 mihi
819 1618 864 1644 ille
892 1618 895 1626 '

68 1661 120 1680 non
131 1653 284 1680 commisit?
294 1653 361 1689 quid
373 1663 425 1680 non
437 1662 543 1680 mecum
553 1655 787 1682 communicavit?
797 1655 864 1691 quid

67 1690 101 1716 de
112 1691 179 1717 sein
191 1695 299 1722 senatu,
321 1700 407 1726 quum
424 1692 482 1726 ipse
498 1692 617 1723 abesset.
640 1701 688 1727 per
698 1701 863 1728 quemquam

68 1728 112 1763 agi
127 1727 240 1754 maluit?
259 1728 361 1763 quibus
376 1728 421 1755 ille
438 1738 480 1755 me
496 1729 577 1755 rebus
593 1738 645 1756 non
660 1730 863 1756 ornatissimum

68 1773 126 1791 esse
142 1764 228 1792 voluit
247 1765 434 1800 amplissime?
453 1775 507 1801 qua
522 1766 640 1802 denique
660 1767 706 1793 ille
727 1767 862 1799 facilitate,

68 1810 121 1837 qua
136 1802 302 1829 humanitate
318 1803 379 1829 tulit
389 1804 585 1830 contentionem
597 1813 684 1830 meam
696 1813 744 1839 pro
755 1805 862 1837 Milone,

68 1839 226 1866 adversante
238 1840 373 1866 interdum
385 1841 537 1867 actionibus
548 1841 619 1867 suis!
637 1851 690 1876 quo
701 1842 792 1869 studio
803 1851 865 1877 pro—

70 1876 151 1908 vidit,
170 1885 202 1903 ne
217 1885 286 1912 quae
302 1885 344 1903 me
360 1877 435 1904 illius
449 1878 577 1912 temporis
593 1879 696 1905 invidia
712 1880 862 1915 attingeret,

68 1922 154 1948 quum
166 1922 208 1940 me
219 1914 340 1945 consilio,
353 1923 438 1949 quum
449 1915 613 1946 auctoritate,
627 1925 713 1950 quum
724 1918 806 1943 armis
817 1917 865 1943 de-

69 1951 152 1986 nique
168 1951 234 1977 texit
248 1952 319 1977 suisl
342 1951 448 1983 Quibus
459 1952 571 1986 quidem
582 1954 749 1987 temporibus
761 1954 826 1980 haec
838 1956 863 1981 in

69 1996 100 2014 eo
115 1989 242 2023 gravium,
267 1988 332 2015 baec
351 1989 434 2015 animi
451 1989 564 2016 altitudo
580 1989 643 2022 suit,
669 1999 721 2017 non
743 1991 821 2018 modo
836 1997 865 2018 ut

70 2025 169 2061 Phrygi
186 2025 267 2051 alicui
283 2030 328 2052 aut
340 2026 468 2061 Lycaoni,
486 2026 559 2061 quod
571 2031 599 2053 tu
612 2028 638 2053 in
656 2027 750 2063 legatis
767 2028 862 2059 fecisti,

69 2062 117 2089 sed
129 2071 161 2089 ne
172 2071 340 2089 summorum
351 2063 463 2098 quidem
475 2064 616 2090 bominum
628 2064 767 2091 malevolis
779 2066 811 2092 de
823 2075 865 2092 me

69 2100 240 2126 sermonibus
260 2100 389 2126 crederet.
430 2101 517 2127 lluius
538 2101 621 2137 igitur
641 2102 714 2128 filius
729 2111 815 2137 quum
831 2105 866 2130 sit

69 2145 152 2173 gener
166 2142 242 2169 tuus,
265 2146 421 2172 quumque,
444 2143 548 2172 praeter
566 2138 635 2165 hanc
649 2140 865 2167 coniunctionem

70 2173 221 2206 affinitatis,
239 2183 321 2210 quam
337 2175 375 2201 sis
386 2176 435 2202 Cn.
448 2175 575 2210 Pompeio
585 2184 664 2203 carus
674 2185 812 2212 quamque
823 2179 866 2204 iu-

70 2211 175 2238 cundus
183 2232 189 2243 ,
203 2211 366 2247 intelligam:
389 2221 444 2247 quo
454 2212 562 2239 tandem
573 2214 664 2240 animo
674 2214 701 2240 in
713 2219 737 2241 te
748 2223 807 2241 esse
818 2215 866 2241 dc—

71 2248 137 2276 beo‘?
156 2257 241 2284 quum
258 2249 415 2284 praesertim
431 2258 477 2276 eas
491 2249 525 2276 ad
540 2258 584 2276 me
598 2251 622 2277 is
639 2250 739 2278 litteras
750 2253 863 2283 miserit,

70 2286 180 2322 quibus.
193 2287 299 2314 etiamsi
312 2286 376 2318 tibi,
391 2287 436 2313 cui
447 2295 508 2313 sum
519 2287 713 2320 amicissimus,
726 2288 811 2316 hostis
822 2299 866 2315 es-

70 2331 141 2356 sem,
162 2323 283 2359 placarer
297 2328 386 2351 tamen
402 2328 541 2359 totumque
556 2333 599 2351 me
609 2325 642 2351 ad
653 2326 712 2352 eius
723 2326 775 2352 viri
788 2327 822 2353 ita
832 2327 865 2353 do

71 2368 113 2387 me
133 2361 221 2388 meriti
240 2361 407 2388 voluntatem
427 2367 577 2397 nutumque
597 2367 790 2390 converterem.
825 2365 864 2390 ll.

71 2395 124 2425 Sed
145 2397 210 2425 baec
230 2398 370 2425 hactenus.
410 2398 538 2426 Pluribus
559 2399 631 2426 enim
654 2400 734 2426 etiam
755 2400 866 2427 tortasse

72 2434 175 2467 vorbis,
192 2444 275 2471 quam
289 2444 399 2463 necesse
416 2436 479 2468 tuit,
502 2436 603 2471 scripta
617 2441 690 2463 sunt.
732 2438 808 2464 Nunc
823 2447 863 2470 ca,

71 2479 139 2507 quae
150 2481 164 2499 a
178 2481 220 2500 me
231 2473 349 2508 perlecta
360 2482 484 2509 quaeque
496 2474 618 2501 instituta
629 2478 706 2505 sunt.
719 2483 863 2511 cognosce:

72 2508 84 2522 ’
94 2507 106 2522 '
118 2507 130 2522 ⁸
149 2510 236 2545 Atque
252 2510 317 2537 haec
333 2511 440 2547 agimus
456 2515 482 2538 et
495 2519 607 2547 agemus
619 2511 705 2547 magis
716 2520 764 2546 pro
774 2512 866 2548 digni-

72 2549 136 2578 tate,
149 2555 230 2582 quam
241 2556 289 2583 pro
298 2548 419 2583 periculo
431 2552 485 2575 tuo.
526 2549 562 2575 Te
573 2548 645 2575 enim
656 2549 695 2583 (ut
706 2550 793 2585 spero)
804 2559 866 2584 pro-

73 2583 177 2618 pediem
193 2593 331 2612 censorem
346 2586 502 2613 audiemus:
525 2586 604 2612 cuius
619 2587 792 2622 magistratus
806 2586 865 2613 osti-

73 2620 125 2654 cia‚
142 2629 211 2658 quae
221 2627 286 2651 sunt
295 2625 408 2652 maximi
420 2624 504 2651 animi
514 2623 671 2660 summique
682 2624 802 2655 consilii,
817 2624 865 2651 tibi

885 159 887 172 l

891 876 892 879 ’
913 870 1027 896 obscure
1042 869 1160 895 nuntiari
1175 869 1254 896 solet:

1656 91 1703 116 033

908 159 1067 195 diligentius
1079 165 1104 187 et
1115 162 1278 191 accuratius,
1301 170 1383 196 quam
1395 161 1474 191 haec,
1496 168 1565 195 quae
1577 169 1624 186 nos
1636 160 1668 186 de
1682 166 1705 186 te

909 198 1024 233 agimus,
1038 198 1178 233 cogitanda
1189 207 1248 224 esse
1259 207 1365 225 censeo.
1408 196 1502 235 [Vale]

962 266 1004 287 xl.
1020 267 1096 287 ARG.
1115 267 1188 295 Appio
1207 267 1332 293 gratulatur
1345 267 1470 287 maiestati·
1491 266 1602 287 absoluto:
1622 266 1706 291 gratias

910 301 956 326 agit
965 309 1004 328 pro
1015 301 1098 323 titteris
1109 303 1135 323 de
1146 309 1190 330 rep.
1201 302 1300 330 scriptis.
1329 302 1431 323 Tullium
1442 303 1468 322 ab
1480 302 1553 329 Appio
1564 302 1590 322 ad
1602 308 1626 322 se
1633 301 1706 322 venis-

911 343 942 361 se,
954 340 975 357 et
985 343 1008 357 se
1018 337 1133 363 superiore
1143 336 1240 365 epistola
1250 337 1407 358 stomachatum
1419 344 1468 358 esse
1478 340 1550 362 negat.

1024 375 1053 395 (ln
1065 374 1128 391 castris
1137 374 1161 392 ad
1170 374 1272 397 Pyramum
1279 388 1284 394 ‚
1294 375 1368 395 Paullo,
1378 374 1471 393 Marcello
1481 381 1528 392 coss.
1540 376 1595 395 704.)

976 418 1011 443 Μ.
1034 417 1063 443 Τ.
1086 417 1115 444 C.
1138 417 1166 443 S.
1188 418 1218 443 D.
1241 417 1356 444 APPIO
1375 417 1556 445 PULCHRO
1581 417 1642 452 (UT

1139 454 1277 490 SPERO)
1297 455 1478 482 CENSORI.

970 498 991 522 l.
1015 491 1111 527 Quum
1127 505 1215 523 essem
1230 497 1259 523 in
1275 497 1370 523 castris
1381 496 1414 522 ad
1426 496 1540 523 fluvium
1551 496 1705 530 Pyramum,

912 533 1031 560 redditae
1048 533 1116 559 mihi
1131 539 1195 560 sunt
1209 543 1264 560 uno
1279 539 1397 568 tempore
1414 543 1426 560 a
1447 539 1471 560 te
1487 533 1615 568 epistolae
1627 533 1705 563 duae,

911 580 979 605 quas
996 571 1029 597 ad
1045 580 1087 597 me
1103 570 1135 603 Q.
1152 571 1285 597 Servilius
1301 572 1382 597 Tarso
1403 572 1521 597 miserat.
1561 571 1660 597 Earum
1681 570 1709 596 in

912 608 993 634 altera
1009 608 1067 634 dies
1083 613 1139 635 erat
1153 609 1268 643 ascripta
1284 609 1420 634 Nonarum
1433 608 1581 643 Aprilium:
1600 608 1628 634 in
1643 607 1710 634 alte-

912 654 949 677 ra,
961 654 1031 680 quae
1043 645 1109 671 mihi
1122 646 1254 672 recentior
1264 645 1416 676 videbatur,
1432 646 1491 671 dies
1503 654 1554 672 non
1566 650 1631 671 erat.
1658 645 1710 670 Re-

913 682 1050 717 spondebo
1062 683 1146 718 igitur
1156 683 1290 717 superiori
1301 683 1391 718 prius,
1408 683 1436 708 in
1448 692 1501 717 qua
1513 682 1611 708 scribis
1622 681 1655 708 ad
1667 691 1709 708 me

913 720 946 746 de
957 719 1125 746 absolutione
1141 720 1299 746 maiestatis.
1351 720 1388 745 De
1404 728 1456 754 qua
1477 720 1527 746 etsi
1543 719 1709 754 permultum

913 762 973 783 ante
984 757 1080 783 certior
1091 756 1177 783 factus
1189 766 1261 783 eram
1274 756 1379 787 litteris,
1389 757 1501 787 nuntiis,
1511 756 1580 782 fama
1592 757 1710 791 denique

913 796 984 830 ipsa;
1002 794 1080 829 (nihil
1092 795 1165 820 enim
1176 793 1228 820 suit
1237 794 1351 820 clarius:
1375 803 1427 820 non
1439 802 1492 829 quo
1504 795 1650 829 quisquam
1661 793 1711 819 ali-

913 838 953 859 ter
963 836 1096 867 putasset;
1114 831 1162 857 sed
1178 831 1247 858 nihil
1262 831 1296 858 de
1311 831 1468 867 insignibus
1479 831 1512 857 ad
1525 831 1632 857 laudem
1644 832 1711 857 viris

1259 869 1266 904 )
1286 874 1376 896 tamen
1386 869 1480 895 eadem
1495 868 1540 895 illa
1553 868 1660 894 laetiora
1673 868 1712 894 se-

913 911 1008 933 cerunt
1018 907 1087 933 mihi
1098 911 1158 933 tuae
1170 906 1287 933 litterae:
1305 915 1358 933 non
1373 906 1462 933 solum
1474 906 1537 941 quia
1550 905 1658 941 planius
1673 905 1712 931 lo-

914 944 1068 980 quebantur
1078 949 1104 970 et
1115 944 1240 975 uberius,
1258 953 1340 979 quam
1351 943 1429 980 vulgi
1440 952 1528 970 sermo
1536 964 1542 974 ‚
1559 943 1607 969 sed
1619 944 1709 969 etiam.

914 982 978 1017 quia
993 982 1080 1017 magis
1096 981 1208 1008 videbar
1223 981 1273 1008 tibi
1288 981 1431 1017 gratulari,
1449 989 1534 1016 quum
1551 980 1584 1007 de
1600 985 1624 1007 te
1640 989 1673 1006 ex
1688 985 1712 1007 te

914 1020 973 1054 ipso
984 1019 1138 1046 audiebam.
1169 1021 1194 1046 2.
1211 1019 1376 1054 Complexus
1387 1019 1470 1054 igitur
1480 1027 1542 1044 sum
1553 1018 1713 1053 cogitatione

915 1062 939 1083 te
951 1057 1103 1083 absentem:
1117 1056 1258 1091 epistolam
1269 1065 1333 1084 vero
1343 1056 1489 1087 osculatus,
1498 1056 1578 1082 etiam
1591 1056 1649 1090 ipse
1661 1056 1713 1081 mi-

915 1094 944 1121 hi
958 1094 1108 1130 gratulatus
1128 1103 1200 1121 sum.
1240 1093 1314 1127 Quae
1329 1094 1402 1121 enim
1419 1102 1433 1120 a
1448 1098 1544 1120 cuncto
1561 1092 1675 1128 populo.
1699 1102 1712 1118 a

915 1137 1023 1163 senatu,
1045 1141 1059 1158 a
1075 1131 1214 1158 iudicibus
1235 1132 1357 1168 ingenio,
1374 1131 1537 1161 industriae,
1555 1130 1650 1156 virtuti
1665 1131 1712 1156 tri-

915 1169 1049 1196 buuntur:
1071 1169 1150 1204 (mihi
1164 1170 1223 1204 ipse
1234 1174 1354 1196 assentur
1366 1168 1491 1199 fortasse,
1514 1177 1599 1203 quum
1612 1176 1642 1194 ea
1653 1176 1713 1194 esse

915 1207 943 1233 in
954 1215 997 1233 me
1008 1206 1079 1243 fingo
1088 1206 1106 1242 z)
1120 1206 1188 1233 mihi
1199 1215 1307 1242 quoque
1319 1206 1373 1241 ipsi
1384 1206 1466 1233 tribui
1479 1210 1553 1240 puto.
1594 1206 1648 1231 Nec
1659 1210 1712 1231 tam

914 1244 1063 1280 gloriosum
1074 1245 1177 1271 exitum
1188 1245 1227 1270 tui
1239 1244 1335 1270 iudicii
1347 1244 1497 1273 exstitisse,
1519 1242 1568 1269 sed
1583 1247 1637 1269 tam
1652 1251 1714 1277 pra-

915 1291 978 1308 vam
989 1282 1162 1308 inimicorum
1173 1286 1281 1308 tuorum
1293 1286 1410 1308 mentem
1422 1280 1506 1307 fuisse
1518 1280 1645 1306 mirabar.
1677 1280 1713 1306 De

893 1351 894 1354 Ἰ
915 1319 1018 1346 ambitu
1031 1328 1093 1345 vero
1104 1318 1171 1354 quid
1182 1319 1306 1350 interest,
1324 1319 1446 1353 inquies,
1464 1326 1497 1344 an
1512 1317 1546 1344 de
1558 1316 1714 1343 maiestate?

916 1357 956 1383 ,td
972 1365 1028 1383 rem
1043 1356 1123 1383 nihil.
1163 1356 1284 1383 Alterum
1299 1356 1372 1382 enim
1389 1364 1441 1382 non
1456 1355 1582 1391 attigisti:
1603 1354 1713 1380 alteram

915 1395 1026 1421 auxisti.
1066 1394 1256 1420 Verumtamen
1275 1398 1317 1420 est
1334 1393 1474 1423 maiestas,
1498 1392 1559 1427 (etsi
1575 1391 1649 1418 Sulla
1666 1400 1714 1418 vo-

916 1431 987 1467 luit.)
1003 1440 1036 1458 ne
1052 1432 1079 1457 in
1095 1432 1222 1466 quemvis
1237 1432 1349 1466 impune
1361 1429 1511 1456 declamare
1529 1429 1632 1456 liceret:
1655 1437 1714 1455 am-

915 1469 989 1496 bitus
1006 1477 1068 1495 vcro
1085 1469 1119 1495 ita
1134 1473 1253 1503 apertam
1269 1469 1325 1495 vim
1342 1467 1435 1498 babet,
1458 1472 1487 1494 ut
1505 1471 1550 1493 aut
1573 1471 1714 1492 accusetur

917 1506 1038 1541 improbe
1049 1510 1095 1532 aut
1105 1505 1274 1532 defendatur.
1298 1505 1350 1538 Qui
1362 1505 1434 1531 enim
1446 1504 1514 1531 sacta
1525 1509 1633 1530 autnon
1646 1503 1714 1530 sacta

917 1543 1022 1579 largitio
1034 1543 1150 1579 ignorari
1162 1542 1267 1578 potest?
1277 1543 1394 1569 Tuorum
1407 1547 1495 1569 autem
1508 1541 1639 1568 honorum
1651 1549 1714 1567 cur-

915 1590 962 1608 sus
983 1581 1027 1607 cui
1048 1586 1191 1615 suspectus
1207 1589 1338 1616 umquam
1355 1579 1422 1606 fuit‘?
1443 1580 1483 1606 Me
1500 1579 1645 1609 miserum,
1665 1579 1713 1613 qui

916 1627 967 1645 non
979 1617 1125 1644 adfuerim!
1139 1627 1207 1653 quos
1219 1627 1268 1654 ego
1280 1618 1350 1644 risus
1365 1617 1538 1644 excitasscml
1570 1618 1594 1642 3.
1616 1615 1668 1642 Sed
1680 1615 1713 1641 de

916 1656 1063 1682 maiestatis
1079 1655 1180 1682 iudicio
1191 1655 1245 1682 duo
1257 1655 1325 1681 mihi
1337 1654 1382 1681 illa
1397 1663 1430 1681 ex
1442 1654 1495 1680 tuis
1510 1653 1605 1680 litteris
1617 1653 1714 1679 iucun—

916 1694 1029 1720 dissima
1040 1692 1163 1719 suerunt:
1177 1701 1272 1724 unum,
1285 1692 1358 1728 quod
1369 1697 1393 1719 te
1405 1691 1438 1718 ab
1450 1692 1508 1726 ipsa
1521 1690 1714 1725 republicade-

917 1730 1023 1757 sensum
1035 1730 1145 1763 scribis,
1159 1739 1229 1765 quae
1239 1730 1362 1766 quidem,
1379 1730 1460 1756 ctiam
1473 1729 1500 1755 in
1511 1737 1619 1754 summa
1630 1728 1714 1754 bono—

916 1777 976 1795 rum
986 1773 1012 1795 et
1023 1767 1132 1795 sortium
1144 1768 1247 1794 civium
1257 1767 1344 1802 copia,
1353 1767 1422 1794 tueri
1430 1765 1495 1793 tales
1509 1766 1581 1792 viros
1593 1765 1712 1795 deberet.

916 1815 989 1833 nunc
1004 1813 1067 1832 vero
1082 1813 1113 1831 eo
1129 1805 1229 1841 magiS,
1251 1804 1324 1840 quod
1342 1809 1412 1831 tanta
1428 1804 1540 1839 penuria
1551 1808 1590 1830 cst
1602 1803 1628 1829 in
1640 1803 1714 1829 omni

916 1843 958 1870 vel
970 1843 1079 1869 honoris
1091 1842 1132 1869 vel
1145 1843 1238 1869 aetatis
1252 1841 1347 1878 gradu.
1362 1847 1389 1868 ut
1402 1846 1453 1868 tam
1465 1841 1529 1867 orba
1540 1841 1636 1867 civitas
1649 1839 1714 1866 tales

916 1885 1015 1907 tutores
1031 1878 1174 1915 complecti
1190 1879 1300 1906 debeat:
1323 1879 1452 1909 alterum.
1471 1878 1544 1914 quod
1556 1878 1677 1913 Pompeii
1689 1883 1715 1903 et

915 1918 990 1944 Bruti
1001 1917 1081 1944 sidem
1096 1916 1368 1952 benevolentiamque
1384 1916 1497 1943 mirifice
1510 1915 1613 1942 laudas.
1648 1915 1714 1942 Lae-

916 1960 955 1982 tor
971 1955 1069 1981 virtutc
1090 1960 1115 1981 et
1135 1954 1237 1986 officio,
1259 1963 1345 1990 quum
1367 1959 1474 1981 tuorum
1490 1953 1712 1982 necessariorum.

916 2001 1037 2019 meorum
1048 1992 1290 2023 amicissimorum.
1309 1996 1366 2018 tum
1378 1991 1503 2021 alterius.
1521 1991 1643 2017 omnium
1655 1998 1715 2015 sne-

916 2029 1039 2056 culorum
1051 2034 1076 2056 et
1087 2030 1209 2064 gentium
1220 2029 1362 2064 principis,
1371 2028 1490 2058 alterius,
1500 2027 1660 2063 iampridem
1673 2028 1714 2053 iu-

917 2067 1044 2097 ventutis,
1057 2056 1181 2093 celeriter
1191 2067 1230 2102 (ut
1241 2066 1328 2101 spero)
1339 2066 1467 2093 civitatis.
1493 2066 1529 2092 De
1542 2064 1714 2091 mercenariis

916 2103 1031 2130 testibus
1042 2112 1056 2129 a
1067 2105 1126 2130 suis
1141 2103 1299 2130 civitatibus
1315 2103 1453 2133 notandis,
1476 2103 1528 2129 nisi
1545 2103 1597 2129 iam
1615 2101 1714 2128 factum

916 2140 1020 2176 aliquid
1031 2146 1071 2167 cst
1083 2149 1130 2175 per
1141 2140 1280 2171 Flaccum,
1305 2141 1349 2167 liet
1364 2149 1378 2166 a
1394 2149 1450 2170 mc,
1468 2149 1553 2175 quum
1565 2148 1612 2174 per
1625 2139 1714 2165 Asiam

916 2178 1055 2204 decedam.
1078 2179 1102 2204 t.
1116 2178 1192 2204 Nunc
1203 2177 1236 2204 ad
1248 2177 1358 2204 alteram
1370 2177 1510 2212 epistolam
1524 2177 1612 2203 venio.
1637 2175 1713 2208 Quod

916 2214 949 2241 ud
961 2224 1002 2241 me
1014 2215 1093 2249 quasi
1105 2214 1217 2241 sormam
1228 2214 1415 2241 communium
1426 2219 1577 2249 temporum
1593 2219 1617 2240 et
1634 2214 1714 2239 totius

918 2252 1083 2287 reipublicae
1097 2252 1196 2278 misisti
1211 2260 1382 2286 expressam,
1405 2251 1548 2286 prudentia
1566 2250 1713 2277 litterarum

917 2295 1023 2316 tuarum
1037 2288 1114 2315 valde
1127 2289 1194 2315 mibi
1205 2294 1246 2315 est
1256 2294 1341 2324 grata.
1381 2288 1465 2315 video
1475 2289 1583 2315 enimet
1595 2286 1714 2322 pericula

918 2326 1032 2356 leviora,
1049 2335 1131 2361 quam
1144 2325 1285 2355 timebam.
1303 2330 1329 2352 et
1341 2326 1439 2351 maiora
1451 2325 1600 2361 praesidia.
1617 2325 1640 2351 si
1651 2325 1714 2359 qui-

917 2364 979 2390 dem
994 2364 1034 2399 (ut
1044 2362 1152 2398 scribis)
1163 2372 1248 2389 ornnes
1260 2366 1326 2389 vires
1338 2366 1450 2389 civitatis
1460 2372 1486 2389 ,ςι-
1496 2365 1530 2388 mi
1545 2363 1655 2395 Pompeis*
1665 2364 1713 2388 du-

918 2407 984 2427 ctum
990 2402 1194 2434 applicaverunt,
1203 2405 1334 2435 tuumque
1340 2399 1422 2426 simul
1430 2405 1584 2435 promptum
1591 2400 1713 2426 animum

917 2443 943 2465 ct
957 2438 1072 2464 alacrem
1092 2438 1220 2473 perspexi
1241 2437 1273 2464 ad
1288 2437 1484 2464 defendendam
1505 2436 1711 2471 rempublicam,

918 2476 1114 2510 mirificamque
1129 2476 1189 2510 cepi
1208 2474 1372 2510 voluptatem
1388 2483 1422 2501 cx
1438 2474 1486 2501 bac
1503 2479 1547 2501 tua
1559 2473 1710 2510 diligentia.

916 2512 998 2548 quod,
1012 2513 1039 2540 iu
1050 2513 1166 2539 summis
1177 2513 1231 2539 tuis
1241 2511 1472 2547 occupationibus,
1482 2512 1549 2538 milii
1560 2517 1647 2538 tamen
1661 2512 1713 2538 rei—

918 2550 1042 2585 publicae
1061 2555 1161 2577 statum
1182 2559 1229 2585 pcr
1252 2555 1276 2576 te
1297 2555 1389 2576 uotum
1409 2558 1468 2576 csso
1484 2548 1605 2576 voluisti.
1645 2550 1711 2575 Nam

917 2590 1055 2622 ‹myurales
1061 2589 1139 2614 libros
1145 2587 1177 2614 ad
1188 2595 1331 2614 commune
1342 2587 1483 2622 utriusque
1495 2592 1615 2613 nostrum
1627 2587 1711 2613 otium

917 2634 1008 2652 serva:
1031 2634 1081 2662 ego
1094 2625 1176 2655 enim,
1194 2634 1207 2651 a
1221 2630 1244 2651 te
1256 2633 1341 2661 quum
1353 2630 1397 2651 tua
1409 2625 1540 2660 promissa
1552 2632 1599 2660 per
1612 2623 1713 2651 litteras

1443 2671 1502 2698 813⁶
