1941 3052
236 143 297 169 1314
811 143 865 166 138.

232 222 300 243 mur,
315 218 343 238 ut
355 217 404 238 totu
416 210 534 237 ‹iiim-ide·
544 215 568 236 et
579 210 656 245 plane
668 214 791 236 exornata
803 211 886 236 oratio
897 210 949 235 sibi
961 218 1025 236 eon-

232 255 289 278 ntet,
303 255 328 276 et
339 259 370 275 ex
381 250 453 275 ouini
466 253 538 282 parte
550 256 641 273 secum
656 248 711 281 ipsa
722 248 882 273 consentiat:
898 247 968 272 baud
981 256 1024 272 ιιιι-

232 297 263 313 ιιι·
275 288 324 312 erit
337 288 447 312 mirum:
471 285 642 318 contentique
654 294 712 308 esse
724 283 872 313 debebitis,
891 284 912 309 si
927 284 1023 318 proba-

232 324 294 350 bilia
308 324 438 349 diva-ntur.

230 362 277 396 qui
289 361 428 387 dissi-rimi.
447 359 580 384 bominem
592 367 659 386 esse.
669 363 694 383 et
706 359 816 392 vos‚qui
831 358 968 384 iudicetis:
984 363 1020 389 ut,

231 472 397 497 machina-ius
409 471 456 501 sit,
475 475 503 496 ut
516 470 647 504 origini-m
661 478 748 495 rerum
761 475 786 495 et
798 469 961 495 molitionem
975 478 1022 495 no-

231 518 288 534 vam
301 512 448 543 quaereret.
490 507 621 533 Probitate
639 506 762 532 videlicet
774 507 937 541 praestabat:
961 515 1022 541 pro-

229 547 279 571 bus
291 550 378 571 autem
392 544 493 570 invidet
505 544 616 570 nemini.
659 544 748 578 ltaque
764 545 852 569 omnia
868 545 910 570 sui
922 544 1021 570 similia

228 584 374 615 generavit.
402 582 469 607 llaec
484 582 611 607 nimirum
624 581 753 616 giguendi
767 581 860 607 mundi
872 590 966 607 caussa
981 582 1021 606 iu-

228 621 355 645 stissima.
397 619 462 644 Nam
474 627 558 653 quum
573 619 756 644 constituisset
767 618 834 644 deus
846 619 922 644 bonis
934 619 1022 644 omni-

229 658 278 682 bus
294 656 402 691 explere
417 656 563 687 mundum,
584 656 647 681 mali
665 655 732 682 nibil
747 655 909 685 admiscere.
932 655 1020 690 quoad

228 699 318 720 natura
340 698 486 728 pateretur:
509 692 645 728 quidquid
666 697 734 723 erat,
757 693 829 728 quod
847 693 873 719 in
893 692 1020 719 cernendi

226 739 336 757 sensum
347 730 466 761 caderet,
484 730 509 756 id
526 730 578 756 sibi
593 731 754 765 assumpsit,
778 739 828 756 non
846 730 1020 765 tranquillum

227 773 252 794 et
263 769 394 803 quietum,
403 767 450 794 sed
464 767 636 794 immoderate
648 768 777 803 agitatum
789 772 814 794 et
825 767 965 797 fluctuans,
980 767 1021 793 id-

225 814 278 840 quc
289 814 323 832 ex
336 805 484 831 inordinato
496 806 521 831 in
533 805 654 831 ordinem
666 804 786 831 adduxit.
828 805 879 831 lloc
895 805 967 831 enim
980 805 1022 830 iu-

226 842 333 869 dicabat
353 851 411 868 esse
433 843 621 877 praestantius.
664 842 713 868 Fas
729 847 816 868 autem
834 851 881 868 nec
897 846 949 870 est.
973 850 1021 867 nec

227 888 355 915 umquam
370 879 432 910 suit,
445 879 609 914 quidquam,
627 880 678 905 nisi
694 879 921 914 pulcherrimum,
937 879 1021 905 l'acere

225 917 259 948 ei,
273 918 320 951 qui
333 921 402 943 esset
413 918 541 952 optimus.
572 916 661 949 Quum
674 917 802 943 rationem
815 917 898 952 igitur
909 916 1022 942 babuis-

224 958 278 984 set,
297 954 446 989 reperiebat
463 954 530 980 niliil
543 963 601 980 csse
615 962 720 984 eorum,
744 962 812 989 quae
824 959 916 980 natura
928 962 1022 979 cerne-

227 996 329 1021 rentur,
353 1000 404 1017 non
427 991 594 1027 intelligens,
618 991 782 1026 intelligente
804 992 830 1017 in
853 996 904 1018 toto
924 999 1021 1026 genere

226 1029 414 1063 praestantius.
457 1028 661 1064 intelligentiam
683 1033 771 1055 autem
793 1028 843 1054 ulli
865 1029 902 1054 rei
923 1028 1022 1054 adiun-

226 1071 294 1092 viam
307 1074 365 1092 esse
381 1066 439 1091 sine
455 1066 557 1096 animo,
581 1065 655 1092 nefas
671 1074 739 1092 esse.
780 1065 908 1097 Quocirca
922 1065 1022 1092 intelli-

224 1104 342 1137 gentiam
360 1103 385 1129 in
397 1103 495 1133 animo,
509 1104 630 1129 animum
641 1103 774 1129 conclusit
785 1104 811 1129 in
823 1111 943 1138 corpore.
978 1103 1021 1128 Sic

225 1145 298 1167 ratus
318 1145 357 1166 est
378 1149 447 1175 opus
472 1140 540 1166 illud
565 1140 687 1166 effectum
713 1149 772 1166 esse
796 1140 1020 1175 pulcherrimum.

224 1179 309 1209 Quam
330 1177 364 1203 ob
380 1186 502 1203 caussam
520 1186 570 1203 non
587 1182 627 1204 est
641 1177 822 1204 cunctandum
843 1178 974 1212 profiteri,
997 1177 1021 1203 si

225 1215 303 1241 modo
334 1215 489 1250 investigari
518 1214 622 1249 aliquid
646 1215 798 1241 coniectura
823 1220 922 1249 potest,
950 1214 1021 1240 hunc

225 1251 356 1278 mundum
369 1252 467 1278 animal
479 1260 546 1282 esse,
561 1251 642 1286 idque
655 1252 809 1288 intelligens
820 1257 845 1278 et
855 1251 946 1278 divina
960 1260 1022 1286 pro—

225 1289 342 1315 videntia
359 1289 543 1315 constitutum.
586 1289 627 1315 iv.
650 1289 703 1315 Hoc
719 1289 817 1324 posito,
840 1289 913 1324 quod
928 1289 1021 1324 sequi-

225 1332 275 1355 tur,
291 1326 438 1352 videndum
450 1331 498 1357 est,
511 1327 654 1352 cuiusnam
666 1327 844 1353 animantium
852 1327 919 1352 deus
930 1327 957 1352 in
970 1326 1021 1352 lin-

223 1363 311 1399 gendo
333 1363 434 1389 mundo
458 1363 667 1390 similitudinem
692 1369 802 1390 secutus
826 1365 870 1390 sit.
912 1363 1020 1390 Nullius

225 1400 353 1435 profecto,
372 1409 463 1427 eorum
480 1400 605 1436 quidem,
623 1409 693 1436 quae
708 1407 772 1428 sunt
790 1401 868 1428 nobis
884 1406 942 1428 nota
962 1401 1021 1427 ani-

225 1439 333 1464 mantia.
377 1437 445 1464 Sunt
460 1439 531 1464 enim
544 1439 634 1464 omnia
646 1439 673 1464 in
684 1438 817 1474 quaedam
828 1447 926 1474 genera
937 1438 1021 1473 parti-

225 1481 257 1505 ta,
274 1480 319 1501 aut
333 1474 463 1505 inchoata,
481 1475 553 1501 nulla
565 1484 599 1502 ex
611 1481 683 1510 parte
696 1475 822 1511 perfecta.
863 1475 1020 1510 imperfecto

224 1517 312 1538 autem
325 1520 372 1538 nec
384 1512 506 1539 absoluto
517 1512 606 1539 simile
619 1513 762 1548 pulchrum
775 1521 834 1539 esse
846 1513 1018 1548 nihilpotest.

223 1550 307 1575 Cuius
319 1558 381 1585 ergo
391 1558 470 1576 omne
481 1550 580 1576 animal
592 1551 670 1585 quasi
683 1551 812 1585 particula
824 1550 957 1585 quaedam
969 1555 1018 1581 est,

223 1588 280 1612 sive
293 1587 319 1613 in
331 1586 448 1622 singulis
459 1587 517 1613 sive
529 1588 555 1614 in
571 1589 697 1614 universo
707 1597 804 1624 genere
815 1593 947 1618 cernatur,
961 1589 1020 1613 eius

223 1624 341 1649 similem
353 1624 485 1650 mundum
497 1633 556 1651 esse
570 1624 702 1651 dicamus.
743 1626 843 1651 Omnes
859 1626 953 1661 igitur,
971 1625 1018 1660 qui

223 1662 312 1687 animo
326 1665 486 1693 cernuntur,
509 1667 534 1688 et
549 1663 648 1689 ratione
660 1662 848 1698 intelliguntur
859 1663 1017 1693 animantes,

222 1698 365 1732 complexu
377 1699 487 1725 rationis
499 1704 524 1725 et
536 1699 737 1735 intelligentiae,
747 1700 816 1726 sicut
828 1700 960 1731 homines,
969 1699 1018 1726 hoc

223 1735 337 1766 mundo,
354 1740 380 1762 et
390 1736 507 1770 pecudes
519 1741 544 1763 et
554 1738 657 1768 omnia,
675 1745 744 1772 quae
758 1737 810 1763 sub
824 1742 962 1772 aspectum
974 1746 1020 1764 ca-

222 1772 298 1803 dunt,
312 1772 586 1807 comprehenduntur.
627 1774 704 1806 Quod
719 1775 791 1800 enim
803 1774 1019 1809 pulcherrimum

223 1810 249 1835 in
263 1818 351 1835 rerum
365 1814 457 1836 natura
470 1810 586 1847 intelligi
597 1816 692 1846 potest,
701 1811 803 1846 etquod
815 1820 850 1838 ex
859 1812 933 1838 omni
945 1816 1018 1846 parte

222 1846 456 1873 absolutissimum
467 1852 520 1878 est.
543 1849 567 1874 ei
579 1857 664 1883 quum
676 1848 744 1875 deus
755 1848 873 1875 similem
885 1849 1018 1875 mundum

222 1883 328 1910 efficere
348 1884 442 1915 vellet,
468 1885 567 1911 animal
589 1894 689 1917 unum,
711 1885 889 1920 aspectabile,
916 1886 944 1912 in
965 1894 1019 1921 quo

221 1921 311 1947 omnia
323 1921 449 1947 animalia
465 1923 677 1953 continerentur,
699 1922 796 1949 effecit.
836 1923 950 1949 Rectene
966 1923 1019 1958 igi-

221 1963 264 1984 tur
275 1966 358 1984 unum
372 1958 504 1985 mundum
514 1959 646 1990 diximus,
660 1968 693 1986 an
705 1959 810 1993 plures,
826 1965 852 1986 et
863 1961 1019 1986 innumera—

221 1994 304 2025 biles,
322 1994 396 2021 dictu
412 1996 503 2021 verius
518 2000 544 2022 et
559 1995 676 2023 melius‘?
696 1996 770 2022 Unus
781 1996 913 2031 profecto,
931 1998 1019 2032 siqui-

221 2032 282 2058 dem
304 2031 389 2058 sactus
410 2037 450 2059 est
470 2032 503 2059 ad
524 2032 690 2068 exemplum.
731 2033 808 2066 Quod
829 2035 901 2060 enim
924 2043 1018 2061 omnes

220 2070 370 2096 animantes
381 2077 439 2100 eos,
462 2070 509 2105 qui
525 2071 625 2097 ratione
637 2070 839 2106 intelliguntur,
862 2072 1019 2107 complecti-

220 2111 272 2136 tur,
289 2106 316 2132 id
328 2115 379 2133 non
390 2111 547 2141 potestesse
558 2115 620 2134 cum
632 2107 724 2134 altero.
750 2108 853 2134 Rursus
865 2109 937 2135 enim
948 2109 1018 2136 alius

221 2145 356 2174 animans.
379 2144 427 2179 qui
442 2152 504 2171 eum
520 2145 666 2175 contineat,
684 2146 720 2172 sit
737 2153 847 2172 necesse
863 2151 915 2177 est,
938 2147 1017 2174 cuius

221 2185 309 2215 partes
320 2182 375 2207 sint
385 2181 534 2208 animantes
545 2182 712 2217 superiores,
737 2182 898 2218 caelumque
915 2183 964 2210 hoc
979 2184 1018 2210 si-

220 2217 371 2244 mulacrum
383 2217 458 2244 illius
469 2218 558 2245 ultimi
569 2220 613 2250 sit,
627 2228 679 2246 non
690 2220 818 2254 proximi.
854 2219 973 2252 Quorum
985 2230 1017 2248 ne

220 2255 287 2290 quid
299 2255 430 2281 accideret
441 2260 520 2291 atque
531 2261 561 2283 ut
572 2256 616 2283 hic
627 2257 746 2283 mundus
752 2258 957 2285 essetanimanti
969 2259 1018 2285 ab-

220 2292 307 2318 soluto
317 2292 483 2324 simillimus,
492 2293 542 2320 hoc
554 2294 622 2329 ipso,
630 2294 702 2329 quod
714 2294 788 2321 solus
800 2300 880 2330 atque
891 2303 962 2321 unus
974 2305 1018 2322 es—

220 2334 273 2359 set,
297 2329 396 2356 idcirco
416 2330 582 2366 singularem
603 2331 671 2357 deus
693 2331 765 2357 hune
785 2332 918 2358 mundum
936 2337 1016 2368 atque

221 2367 365 2402 unigenam
380 2369 539 2402 procreavit.
581 2368 743 2403 Corporeum
757 2373 846 2395 autem
860 2375 886 2396 et
896 2375 1017 2405 aspecta-

221 2403 288 2434 bile,
307 2404 425 2439 itemque
436 2405 574 2432 tractabile
585 2414 664 2432 omne
675 2414 784 2432 necesse
799 2411 839 2432 est
853 2415 925 2438 esse,
943 2407 1016 2442 quod

221 2445 312 2466 natum
323 2446 372 2467 est.
413 2442 486 2468 Nihil
500 2451 587 2477 porro,
600 2443 658 2479 igni
669 2451 799 2473 vacuum,
815 2443 903 2470 videri
914 2449 1014 2479 potest:

221 2485 269 2502 nec
280 2486 343 2504 vero
354 2479 436 2514 tangi.
450 2479 522 2514 quod
534 2485 621 2507 careat
631 2479 731 2507 solido:
744 2479 862 2506 solidum
873 2486 962 2508 autem
973 2482 1017 2508 ni-

222 2513 274 2544 bil,
292 2515 364 2549 quod
381 2520 463 2543 terrae
482 2517 517 2543 sit
536 2525 640 2552 expers.
680 2516 861 2548 Quamobrem
883 2518 1015 2545 mundum

222 2549 326 2577 efficere
337 2552 464 2584 moliens,
478 2553 546 2580 deus
557 2559 654 2581 terram
666 2554 784 2589 primum
795 2554 941 2590 ignemque
954 2556 1016 2582 iun-

221 2587 310 2622 gebat.
350 2588 446 2616 Omnia
466 2595 555 2617 autem
571 2591 626 2618 duo
639 2591 672 2618 ad
688 2591 886 2618 cohaerendum
906 2594 1015 2619 tertium

221 2623 326 2688 ἓΙίᾳιιίιά
337 2627 486 2660 requirunt,
495 2633 521 2654 et
533 2630 612 2663 quasi
622 2628 723 2655 nodum
734 2628 931 2664 vinculumque
942 2630 1016 2656 desi-

241 2669 303 2688 eran
319 2682 324 2688 .

481 322 603 356 Aequum
616 326 654 347 est
666 321 736 346 enim
750 322 919 349 meminisse,
934 326 958 346 et
970 330 1020 353 me,
1044 335 1045 342 ι

1044 364 1052 389 i,
1074 361 1174 394 paratio
1195 361 1364 394 proportiove
1384 360 1437 386 diei
1462 365 1555 394 potest.

230 408 252 423 si
265 397 411 432 probabilia
424 396 596 426 dicentur,ue
608 395 673 429 quid
687 395 753 420 ultra
767 396 918 429 requiratis.
934 397 1023 427 Quae-
1043 413 1045 419 .

231 443 319 460 ι-ιιιιιιιιι
333 435 558 467 igiturcaussnm,
577 441 644 467 quae
656 441 717 458 cum
732 432 877 466 impulerit.
895 433 941 467 qui
959 433 1022 458 baec
1043 455 1044 458 ,

1039 2327 1041 2334 ’
1068 2339 1122 2360 tam
1139 2334 1252 2369 figuram
1264 2333 1359 2360 muudi
1375 2333 1482 2359 levitate
1496 2330 1686 2358 circumdedit.

365 2662 418 2690 Sed
438 2664 609 2692 vinculorum
633 2666 661 2692 id
683 2669 723 2692 est
742 2666 915 2700 aptissimum
935 2672 1015 2702 atque
1036 2689 1039 2694 .

898 140 931 166 M.
964 141 993 166 Τ.
1026 140 1277 168 CICERONIS

1076 211 1303 246 ΙιιιΙι-Ιιιττιιηιιιιι,
1322 211 1393 245 quod
1405 220 1438 238 ex
1450 220 1478 237 se
1489 217 1568 246 atque
1579 211 1612 237 dc
1625 211 1679 240 liis,
1692 220 1760 246 qum:
1772 212 1866 238 astrin-

1075 250 1126 283 git,
1145 258 1225 283 quam
1243 250 1358 274 nmxnm·
1372 258 1453 274 unum
1465 249 1556 274 el'lirit.
1598 248 1624 274 ld
1636 250 1735 282 optime
1748 250 1869 283 assequi-

1076 291 1130 314 tur,
1154 295 1222 320 «piae
1240 287 1339 311 Graece
1360 287 1499 322 ἀναλογία,
1528 286 1617 311 Latini-
1644 287 1804 311 'audendum
1830 291 1870 312 est

1073 323 1159 350 enim.
1176 324 1304 357 ιμιυιιίῑιιιι
1322 323 1384 348 baec
1397 324 1513 356 primum
1525 332 1538 348 a
1551 323 1628 349 nobis
1643 325 1783 357 novantur)
1796 332 1870 349 coni-

1603 360 1632 386 V.
1662 361 1773 391 Quando
1796 369 1868 386 enim

1075 398 1154 423 trium
1181 397 1221 422 vol
1245 406 1416 423 numerorum
1444 398 1484 423 vel
1507 399 1652 433 figurarum
1678 399 1718 422 vei
1739 407 1869 432 ‹piorum—

1073 443 1189 469 ‹·umque
1201 443 1330 469 generum
1342 436 1485 470 wimtingit,
1500 440 1540 463 ut,
1557 434 1628 469 quod
1642 435 1759 460 medium
1775 436 1821 463 sit,
1842 440 1869 460 ut

1073 472 1096 497 ei
1109 473 1227 506 primum
1243 473 1426 506 proportione,
1453 473 1485 498 ita
1503 472 1528 497 id
1545 477 1677 506 postremo
1688 477 1866 506 comparetur,

1075 510 1252 543 vicissimque
1273 514 1300 535 ut
1324 515 1473 535 extremum
1490 518 1551 534 eum
1569 509 1670 538 medio,
1694 509 1731 534 sie
1748 508 1867 535 medium

1072 555 1133 571 cum
1147 547 1234 580 primo
1245 546 1408 577 conferatur,
1429 546 1454 572 id
1465 546 1537 581 quod
1551 547 1670 572 medium
1682 551 1729 571 est.
1745 551 1800 572 tuin
1813 547 1869 580 pri·

1075 592 1146 609 ιιιιιιιι
1156 584 1192 613 lit,
1202 589 1257 609 ιιιιιι
1271 589 1448 618 postremum:
1464 589 1596 618 postrema
1605 592 1666 609 vero
1677 589 1702 608 et
1714 583 1799 617 prima
1811 591 1869 609 me-

1073 621 1115 646 dia
1129 621 1209 646 liunt:
1225 622 1258 646 ita
1274 622 1418 647 necessitas
1429 622 1513 655 cogit,
1529 626 1556 646 ut
1567 620 1659 646 eadem
1672 621 1725 646 sint
1737 629 1779 646 ca.
1798 628 1867 655 quae

1073 658 1208 684 disiuncta
1230 658 1346 684 suerunt.
1389 658 1486 684 liadcm
1509 663 1596 684 autem
1612 666 1697 692 quum
1715 657 1780 683 {acta
1801 658 1865 687 sint.

1073 695 1200 722 eflicitur.
1219 700 1246 721 ut
1260 696 1349 721 onmia
1362 696 1414 721 sint
1427 704 1521 721 unum.
1561 695 1637 727 Quod
1649 696 1672 720 si
1685 695 1868 720 universitatis

1071 741 1169 766 eorpus
1184 732 1294 766 planum
1306 738 1331 759 et
1343 733 1483 767 aequabile
1495 732 1687 767 explicaretur,
1702 740 1787 765 neque
1800 733 1825 757 in
1837 740 1868 757 eo

1073 770 1222 804 quidquam
1239 775 1309 796 esset
1325 770 1499 804 requisitum:
1524 778 1607 795 unum
1627 770 1794 795 interiectum
1812 777 1868 794 nic-

1073 807 1147 832 dium
1164 812 1230 833 etse
1247 808 1350 841 ipsum,
1367 812 1392 833 et
1407 816 1450 837 ea,
1467 807 1568 842 quibus
1583 811 1652 832 esset
1670 807 1865 841 interpositum,

1073 844 1219 879 colligaret.
1261 844 1312 870 Sed
1329 853 1414 879 quum
1431 844 1552 870 soliditas
1569 843 1669 870 mundo
1679 848 1865 878 quaereretur:

1073 881 1157 907 solida
1178 886 1266 907 autem
1286 882 1375 907 onmia
1398 890 1450 907 uno
1468 881 1555 907 medio
1576 889 1738 915 numquam,
1760 880 1867 906 duobus

1073 928 1178 953 semper
1188 918 1359 953 copulentur:
1376 919 1409 945 ita
1420 919 1540 954 contigit.
1559 924 1586 944 ut
1599 919 1666 944 inter
1679 919 1766 953 ignem
1779 922 1803 943 et
1815 922 1867 943 ter—

1074 965 1128 982 ram
1145 964 1241 990 aquam
1253 956 1320 982 deus
1332 957 1504 991 animamque
1517 960 1638 990 poneret,
1655 963 1739 990 eaque
1755 955 1824 981 inter
1838 962 1867 980 se

1072 998 1236 1027 compararet
1252 998 1277 1019 et
1291 995 1459 1028 proportione
1471 994 1658 1028 coniungeret,
1677 998 1718 1022 ut,
1735 991 1867 1027 quemad-

1074 1030 1182 1056 modum
1195 1032 1265 1066 ignis
1277 1031 1394 1059 animae,
1408 1032 1447 1057 sic
1459 1031 1546 1056 anima
1558 1038 1656 1064 aquae;
1670 1029 1796 1064 quodque
1808 1029 1867 1054 ani-

1074 1077 1115 1093 ma
1127 1076 1225 1102 aquae,
1239 1068 1266 1094 id
1278 1077 1346 1103 aqua
1359 1073 1442 1094 terrae
1455 1069 1622 1102 proportione
1635 1066 1766 1092 redderet.
1809 1066 1866 1097 Qua

1073 1114 1105 1131 cx
1121 1106 1308 1131 coniunctione
1323 1105 1427 1131 caelum
1446 1106 1479 1131 ita
1496 1110 1587 1139 aptum
1604 1109 1656 1134 est,
1681 1109 1708 1129 ut
1723 1104 1775 1129 sub
1789 1111 1867 1138 aspe—

1073 1147 1145 1168 ctum
1157 1147 1183 1168 et
1194 1147 1292 1168 tactum
1303 1142 1390 1168 cadat.
1431 1143 1521 1177 {taque
1533 1146 1559 1168 et
1572 1141 1607 1168 ob
1619 1149 1677 1167 eam
1689 1149 1825 1170 caussam,
1842 1145 1868 1166 et

1073 1179 1106 1205 ab
1119 1180 1152 1205 iis
1164 1180 1253 1210 rebus,
1268 1188 1379 1206 numero
1389 1185 1523 1214 quattuor,
1541 1178 1635 1204 mundi
1647 1183 1687 1204 est
1697 1186 1794 1212 corpus
1805 1177 1868 1203 ess'e-

1072 1222 1154 1247 ctum,
1168 1225 1197 1243 ea
1209 1218 1382 1243 constrictum
1395 1217 1602 1251 comparatione,
1617 1224 1669 1250 qua
1681 1215 1753 1241 dixi:
1769 1223 1803 1240 ex
1813 1222 1867 1249 quo

1074 1255 1130 1288 ipse
1146 1262 1174 1280 se
1189 1254 1314 1280 concordi
1330 1254 1447 1289 quadam
1463 1254 1582 1280 amicitia
1593 1258 1618 1279 et
1629 1253 1737 1279 caritate
1748 1251 1868 1286 comple-

1072 1293 1164 1323 ctitur,
1179 1297 1258 1326 atque
1270 1292 1305 1318 ita
1317 1296 1376 1326 apte
1388 1291 1524 1321 cohaeret,
1540 1296 1567 1316 ut
1578 1290 1691 1316 dissolvi
1705 1289 1778 1315 nullo
1790 1288 1867 1315 modo

1072 1333 1164 1363 queat,
1183 1329 1236 1355 nisi
1252 1329 1285 1355 ab
1301 1329 1409 1359 eodem,
1427 1338 1441 1355 a
1455 1337 1510 1363 quo
1520 1333 1559 1354 est
1574 1327 1728 1362 colligatus.
1768 1326 1867 1352 Earum

1072 1371 1160 1392 autem
1177 1371 1302 1401 quattuor
1313 1375 1416 1396 rerum,
1433 1375 1502 1401 quas
1517 1374 1598 1400 supra
1614 1364 1685 1394 dixi,
1701 1365 1740 1390 sic
1755 1364 1782 1389 in
1793 1364 1866 1390 omni

1073 1403 1173 1430 mundo
1184 1412 1278 1429 omnes
1289 1409 1377 1438 partes
1388 1403 1529 1430 collocatae
1540 1407 1612 1432 sunt,
1622 1401 1729 1428 utnulla
1741 1409 1803 1436 pars
1815 1400 1867 1426 bu-

1073 1441 1146 1466 iusce
1157 1442 1264 1476 generis
1275 1441 1416 1467 excederet
1427 1445 1514 1471 extra,
1537 1445 1617 1474 atque
1633 1440 1659 1465 in
1677 1439 1725 1465 boc
1740 1439 1867 1464 universo

1073 1479 1190 1504 inessent
1200 1487 1298 1513 genera
1311 1478 1356 1505 illa
1371 1479 1507 1504 universa.
1538 1477 1566 1503 Id
1577 1477 1611 1503 ob
1623 1485 1667 1502 eas
1678 1484 1797 1505 caussas,
1811 1475 1867 1510 pri-

1073 1524 1146 1541 mum
1159 1515 1318 1542 otmundus
1329 1517 1452 1542 animans
1464 1519 1553 1550 posset
1563 1523 1598 1540 ex
1608 1513 1734 1549 perfectis
1745 1512 1867 1547 partibus

1071 1561 1130 1578 esse
1143 1552 1289 1587 perfectus:
1302 1553 1400 1579 deinde
1412 1558 1440 1579 ut
1451 1561 1523 1579 unus
1534 1556 1617 1582 esset,
1631 1550 1703 1577 nulla
1716 1555 1802 1585 parte,
1816 1558 1868 1576 un-

1071 1589 1104 1615 de
1115 1590 1181 1616 alter
1190 1591 1360 1626 gigneretur,
1378 1590 1482 1616 relicta:
1506 1594 1640 1624 postremo
1654 1597 1686 1614 ne
1697 1588 1744 1622 qui
1757 1587 1867 1613 morbus

1071 1636 1133 1654 eum
1148 1633 1237 1662 posset
1253 1633 1298 1654 aut
1312 1632 1436 1654 senectus
1451 1628 1590 1663 attingere.
1631 1626 1725 1651 Omnis
1740 1625 1867 1650 enimco-

1071 1666 1233 1700 agmentatio
1247 1666 1365 1700 corporis
1381 1665 1423 1691 vel
1440 1664 1526 1691 calore
1546 1663 1588 1690 vel
1608 1662 1705 1698 frigore
1720 1661 1761 1687 vel
1776 1660 1867 1696 aliqua

1072 1701 1237 1736 impulsione
1253 1703 1406 1729 vehementi
1423 1701 1596 1728 labefactatur
1610 1705 1635 1726 et
1651 1699 1783 1734 frangitur
1797 1703 1822 1724 et
1833 1698 1867 1724 ad

1072 1739 1179 1765 morbos
1189 1745 1410 1774 senectutemque
1419 1738 1600 1773 compellitur.
1641 1737 1713 1762 Hanc
1725 1736 1807 1771 igitur
1819 1735 1866 1761 ha-

1072 1776 1131 1802 buit
1151 1777 1280 1802 rationem
1301 1776 1407 1803 effector
1427 1776 1522 1802 mundi
1547 1774 1706 1808 molitorque
1729 1773 1810 1803 deus,
1838 1777 1867 1798 ut

1072 1822 1156 1839 unum
1171 1822 1240 1848 opus
1257 1818 1340 1840 totum
1356 1818 1435 1848 atque
1451 1812 1598 1847 perfectum
1615 1819 1649 1837 ex
1661 1810 1789 1837 omnibus
1805 1809 1866 1836 totis

1071 1855 1150 1885 atque
1162 1850 1288 1885 perfectis
1299 1850 1491 1879 absolveretur,
1504 1849 1577 1885 quod
1587 1849 1661 1874 omni
1673 1847 1766 1874 morbo
1777 1847 1867 1873 senio-

1071 1896 1103 1913 ve
1117 1893 1228 1914 careret.
1268 1888 1312 1914 Vl.
1335 1888 1458 1914 Formam
1474 1892 1563 1913 autem
1579 1891 1605 1912 et
1620 1885 1737 1911 maxime
1751 1884 1805 1910 sibi
1821 1892 1867 1910 co-

1070 1929 1178 1960 gnatam
1203 1929 1227 1950 et
1251 1924 1374 1951 decoram
1398 1924 1482 1950 dedit.
1522 1924 1544 1950 Α
1563 1931 1619 1958 quo
1638 1922 1711 1948 enim
1731 1922 1866 1948 animante

1070 1970 1164 1988 omnes
1180 1961 1299 1997 reliquos
1314 1962 1445 1988 contineri
1463 1960 1543 1987 vellet
1564 1961 1727 1989 animantes,
1751 1958 1822 1984 hunc
1835 1966 1865 1984 ea

1072 1999 1155 2026 forma
1167 1999 1304 2035 figuravit,
1321 2007 1375 2034 qua
1391 2007 1443 2025 una
1455 2006 1548 2025 ornnes
1560 1997 1680 2032 reliquae
1691 1995 1791 2022 formae
1801 2003 1866 2022 con-

1070 2036 1230 2063 cluduntur:
1258 2041 1283 2063 et
1293 2035 1456 2072 globosum⁸
1469 2040 1509 2061 est
1521 2034 1679 2064 fabricatus,
1701 2032 1775 2068 quod
1785 2043 1864 2067 σφαι-

1070 2073 1167 2109 ροειδές
1177 2073 1273 2101 Graeci
1284 2078 1389 2100 vocant.
1429 2073 1514 2100 Cuius
1528 2072 1616 2098 omnis
1627 2070 1782 2097 extremitas
1793 2069 1866 2104 pari—

1070 2111 1122 2137 bus
1133 2120 1147 2137 a
1163 2110 1251 2137 medio
1268 2110 1350 2137 radiis
1366 2111 1519 2145 attingitur3
1542 2109 1625 2144 idque
1641 2109 1676 2134 ita
1691 2107 1819 2135 tornavit,
1837 2111 1866 2133 ut

1070 2148 1138 2174 nihil
1149 2148 1220 2174 effici
1231 2149 1316 2183 possit
1327 2147 1470 2174 rotundius
1478 2167 1484 2177 ,
1502 2145 1570 2172 nihil
1580 2150 1609 2171 ut
1619 2144 1770 2179 asperitatis
1782 2143 1866 2169 habe—

1070 2190 1122 2216 ret,
1145 2185 1214 2212 nihil
1232 2185 1403 2215 offensionis,
1429 2183 1498 2210 nihil
1514 2184 1631 2210 incisum
1651 2181 1773 2216 anguliS,
1795 2179 1863 2206 nihil

1069 2221 1252 2252 amfractibus.
1265 2221 1333 2248 nihil
1345 2222 1478 2252 eminens,
1491 2220 1560 2247 nihil
1573 2219 1744 2249 lacunosum,
1757 2225 1866 2244 omnes-

1069 2268 1122 2294 que
1133 2264 1221 2294 partes
1232 2259 1388 2285 simillimas
1398 2258 1521 2285 omnium
1529 2278 1535 2288 ,
1556 2256 1630 2292 quod
1644 2256 1704 2282 eius
1714 2253 1866 2290 praestabat

1069 2296 1171 2323 iudicio
1185 2296 1405 2323 dissimilitudini
1423 2294 1584 2322 similitudo.
1624 2293 1705 2319 Omni
1720 2296 1808 2318 autem
1825 2295 1864 2318 to-

1726 2330 1780 2355 Nec
1790 2328 1863 2354 enim

1067 2370 1153 2397 oculis
1164 2371 1268 2406 egebat,
1281 2371 1345 2406 quia
1357 2369 1425 2396 nihil
1437 2374 1525 2400 extra,
1538 2367 1612 2404 qnod
1621 2367 1695 2393 cerni
1705 2370 1808 2401 posset,
1821 2373 1865 2407 re-

1068 2408 1162 2434 lictum
1173 2413 1241 2434 erat:
1255 2416 1303 2434 nec
1314 2407 1435 2437 auribus.
1451 2407 1516 2442 quia
1527 2414 1559 2432 ne
1569 2404 1643 2440 quod
1654 2403 1792 2430 audiretur
1801 2410 1865 2436 qui-

1067 2445 1143 2471 dem:
1168 2453 1257 2480 neque
1267 2449 1342 2471 erant
1352 2445 1441 2471 anima
1451 2442 1615 2470 circumfusa
1625 2446 1743 2468 extrema
1755 2438 1860 2466 mundi.

1067 2487 1097 2509 ut
1106 2483 1309 2517 respirationem
1321 2482 1482 2517 requireret:
1505 2488 1554 2507 nec
1564 2487 1628 2506 vero
1638 2476 1807 2504 desiderabat
1818 2481 1864 2502 aut

1067 2519 1194 2546 alimenta
1209 2520 1341 2554 corporis,
1362 2523 1408 2545 aut
1422 2518 1613 2544 detractionem
1627 2513 1741 2541 confecti
1757 2518 1783 2540 et
1797 2521 1862 2540 con-

1067 2557 1169 2592 sumpti
1180 2556 1245 2583 cibi.
1286 2557 1379 2591 Neque
1393 2555 1467 2581 enim
1482 2554 1537 2581 ulla
1547 2552 1668 2580 decessio
1679 2551 1736 2577 fieri
1747 2555 1858 2592 poterat,

1066 2602 1154 2628 neque
1165 2594 1296 2620 accessio:
1317 2601 1405 2627 neque
1420 2600 1483 2618 vero
1492 2595 1560 2621 erat,
1583 2589 1674 2630 unde..
1705 2588 1742 2614 Ita
1758 2596 1786 2614 se
1802 2595 1860 2622 ipse

1065 2632 1271 2666 consumptione
1281 2635 1308 2657 et
1317 2631 1392 2657 senio
1403 2628 1491 2656 alebat
1501 2627 1554 2658 sui,
1569 2634 1655 2662 quum
1667 2633 1724 2660 ipse
1738 2633 1786 2660 per
1796 2632 1825 2650 se
1835 2629 1862 2650 et.

1065 2676 1080 2694 a
1095 2676 1124 2694 se
1134 2672 1161 2694 et
1169 2672 1305 2703 pateretur
1315 2672 1341 2694 et
1351 2666 1449 2693 faceret
1457 2665 1557 2692 omnia.
1597 2663 1643 2690 Sic
1653 2663 1726 2690 enim
1737 2667 1810 2689 ratus
1820 2665 1861 2688 est
