1941 3052
630 135 831 162 BRUTUS.
866 135 964 161 CAP.

999 136 1030 161 54
1050 151 1086 155 —
1107 137 1147 161 61.
1666 139 1708 163 1Ξ)Ι

77 205 216 235 tensionis,
233 204 305 231 nasci
321 204 353 231 de
371 205 474 240 integro
488 213 619 237 caussam,
636 214 721 240 quum
735 207 771 232 sit
784 206 817 232 ab
831 206 869 232 al-
888 205 898 249 11
920 206 1035 233 actione:
1066 210 1193 241 erantque
1219 206 1243 232 ei
1269 205 1401 241 quaedam
1427 215 1460 232 ex
1486 206 1529 232 his
1556 208 1628 241 paria
1652 216 1714 234 eum

76 248 130 268 tero
148 246 275 276 perorata.
311 243 369 268 209.
385 242 512 268 Omnium
527 244 599 269 enim
613 252 768 270 caussarum
783 252 868 270 unum

75 283 115 305 est
144 278 263 305 naturale
288 279 465 314 principium,
494 288 546 306 una
573 281 716 314 peroratio:
751 281 869 315 reliquae

75 320 171 352 partes,
187 317 264 351 quasi
280 316 407 347 membra,
424 325 473 343 suo
487 326 609 352 quaeque
621 317 677 344 loco
687 317 778 349 locata,
792 327 868 344 suam

75 359 100 380 et
121 354 177 380 vim
195 358 220 380 et
237 353 393 389 dignitatem
412 358 511 380 tenent.
545 354 635 386 Quum
653 360 741 381 autem
760 355 869 381 difficile

75 392 122 422 sit,
143 391 170 417 in
189 390 269 426 longa
286 391 403 417 oratione
421 400 473 417 non
491 391 635 426 aliquando
653 392 755 427 aliquid
773 393 808 418 ita
828 392 869 418 di-

74 437 147 459 cere,
173 432 202 454 ut
220 428 272 454 sibi
291 429 349 462 ipse
367 437 419 455 non
438 430 590 460 conveniat,
611 435 710 464 quanto
729 429 868 456 difficilius

74 473 180 497 cavere,
201 474 233 491 ne
251 466 317 500 quid
331 466 416 497 dicas,
433 466 506 501 quod
520 476 572 493 non
586 468 725 493 conveniat
740 468 798 493 eius
811 476 870 493 ora-

75 504 152 534 tioni,
172 503 220 537 qui
238 508 299 529 ante
317 508 341 530 te
356 503 470 530 dixerit?
502 504 556 530 Sed
573 505 636 539 quia
655 509 680 530 et
698 504 771 530 labor
785 504 869 530 multo

75 541 159 567 maior
177 544 229 571 est,
250 545 332 567 totam
348 550 480 572 caussam,
501 550 582 576 quam
601 546 703 576 partem
722 541 822 571 dicere,
844 546 869 567 et

74 578 137 613 quia
160 577 251 612 plures
274 578 401 604 ineuntur
417 579 529 613 gratiae,
549 579 573 604 si
592 587 645 604 uno
660 582 778 612 tempore
796 578 868 604 dicas
889 590 891 593 ’

75 624 122 650 pro
146 615 283 649 pluribus,
304 615 403 642 idcirco
421 616 488 642 hanc
506 615 727 642 consuetudinem
747 615 869 642 lubenter

75 661 230 679 ascivimus.

130 690 218 716 LVIII.
241 691 298 717 240.
318 690 399 715 Erant
417 694 513 720 tamen,
529 690 630 724 quibus
645 689 780 716 videretur
794 689 868 716 illius

75 727 166 753 aetatis
190 727 283 753 tertius
306 726 398 758 Curio,
421 728 485 761 quia
507 727 735 761 splendidioribus
758 727 869 754 fortasse

75 764 164 791 verbis
180 764 318 790 utebatur:
341 768 366 790 et
383 765 446 798 quia
464 764 556 790 Latine
571 773 622 791 non
640 765 757 799 pessime
776 764 870 799 loque-

74 802 160 831 batur,
177 810 238 832 usu,
254 801 340 832 credo,
357 801 446 836 aliquo
460 801 616 828 domestico.
639 803 705 828 Nam
720 802 868 828 litterarum

74 838 218 865 admodum
242 838 308 865 nihil
333 839 441 865 sciebat.
476 838 529 865 Sed
548 839 639 874 magni
657 839 779 870 interest,
800 848 868 874 quos

74 876 191 911 quisque
209 876 300 902 audiat
316 876 435 911 quotidie
453 876 539 907 domi,
560 877 725 912 quibuscum
744 876 869 912 loquatur

75 922 89 940 a
106 921 200 948 puero,
225 913 453 948 quemadmodum
472 918 573 948 patres,
594 914 754 949 paedagogi,
771 919 868 940 matres

73 951 152 977 etiam
170 950 322 986 loquantur.
357 953 415 978 211.
436 951 564 987 Legimus
582 951 706 986 epistolas
721 951 866 983 Corneliae,

74 989 166 1014 matris
180 988 374 1015 Gracchorum:
388 993 505 1023 apparet,
522 988 590 1015 filios
602 998 653 1015 non
664 993 717 1015 tam
728 989 755 1015 in
766 990 868 1025 gremio

73 1025 206 1057 educatos,
235 1035 316 1061 quam
342 1026 371 1052 in
397 1035 518 1052 sermone
544 1027 645 1052 matris.
686 1026 802 1052 Auditus
828 1031 869 1053 est

74 1063 151 1089 nobis
169 1063 273 1090 Laeliae
292 1063 320 1090 C.
340 1064 370 1090 F.
390 1072 469 1098 saepe
482 1072 579 1090 sermo.
612 1064 683 1099 Ergo
697 1064 771 1090 illam
785 1065 868 1098 patris

73 1099 202 1136 elegantia
216 1101 324 1127 tinctam
339 1101 457 1127 vidimus
467 1106 492 1127 et
504 1101 571 1127 filias
583 1102 641 1127 eius
651 1102 753 1128 Mucias
765 1102 866 1133 ambas,

73 1146 187 1172 quarum
211 1147 298 1165 sermo
320 1138 386 1164 mihi
407 1138 458 1165 fuit
475 1143 568 1170 notus,
586 1143 611 1165 et
629 1143 721 1173 neptes
740 1139 865 1170 Licinias,

72 1184 140 1210 quas
157 1184 205 1202 nos
223 1176 333 1211 quidem
352 1176 457 1207 ambas,
478 1176 546 1202 lianc
565 1185 627 1203 vero
641 1176 774 1211 Scipionis
788 1177 868 1203 etiam

72 1217 111 1243 tu,
127 1213 219 1244 Brute,
236 1213 322 1245 credo,
339 1213 483 1248 aliquando
497 1214 596 1240 audisti
611 1213 773 1248 loquentem.
812 1215 869 1249 Ego

73 1258 135 1277 vero
165 1259 194 1277 ae
225 1250 347 1277 lubenter
376 1251 501 1286 quidem,
529 1252 618 1286 inquit
643 1252 755 1285 Brutus,
786 1256 812 1277 et
837 1260 868 1278 eo

74 1287 220 1318 lubentius,
248 1288 321 1323 quod
347 1289 376 1315 L.
405 1288 492 1315 Crassi
518 1293 573 1315 erat
599 1289 667 1315 filia.

72 1325 207 1356 Crassum,
219 1325 339 1360 inquam,
354 1325 431 1352 illum
441 1334 542 1357 censes,
557 1327 760 1352 istiusLiciniae
771 1326 865 1358 filium,

72 1362 160 1389 Crassi
183 1366 340 1389 testamento
362 1364 409 1398 qui
432 1363 483 1390 fuit
505 1363 663 1398 adoptatus?
683 1364 796 1390 Summo
818 1365 869 1390 iste

72 1400 183 1434 quidem
205 1400 304 1427 dicitur
325 1401 432 1436 ingenio
455 1400 552 1432 fuisse,
573 1402 675 1436 inquit,
702 1406 727 1428 et
745 1410 807 1428 vero
825 1401 869 1427 hic

72 1437 170 1472 Scipio,
187 1437 288 1473 collega
302 1446 388 1469 meus,
405 1438 472 1464 mihi
486 1447 549 1464 sane
563 1439 630 1465 bene
641 1444 666 1465 et
677 1438 750 1474 loqui
763 1439 869 1465 videtur

71 1480 97 1501 ct
114 1475 211 1501 dicere.
245 1476 336 1506 Recte,
362 1476 486 1510 inquam.
509 1476 625 1507 iudicas,
641 1476 729 1502 Brute.
762 1476 868 1502 Etenim

71 1513 150 1539 istius
163 1521 250 1548 genus
261 1517 301 1539 est
311 1513 441 1548 exipsius
453 1514 597 1548 sapientiae
609 1514 691 1548 stirpe
700 1519 866 1549 generatum.

71 1550 138 1576 Nam
161 1554 187 1576 et
209 1550 242 1576 de
264 1550 371 1576 duobus
394 1551 451 1577 avis
474 1559 527 1577 lam
545 1551 679 1582 diximus,
701 1551 826 1586 Scipione
844 1556 869 1578 et
897 1550 898 1553 ’

71 1587 180 1620 Crasso;
212 1592 238 1613 et
267 1587 299 1614 de
326 1588 412 1614 tribus
439 1589 554 1623 proavis,
583 1588 614 1620 Q.
642 1589 761 1619 Metello,
790 1591 868 1616 cuius

71 1629 196 1660 quattuor
206 1624 263 1656 filii,
271 1625 300 1651 P.
313 1624 448 1660 Scipione,
460 1626 508 1660 qui
518 1634 551 1652 ex
562 1626 700 1652 dominatu
707 1627 746 1652 Ti.
755 1626 868 1653 Gracchi

71 1663 192 1697 privatus
215 1663 243 1689 in
268 1662 417 1689 libertatem
438 1663 633 1698 rempublicam
658 1663 814 1696 vindicavit,
834 1664 866 1697 Q.
897 1666 898 1670 ’

72 1699 197 1726 Scaevola
208 1708 317 1736 augure,
329 1701 377 1735 qui
392 1701 572 1735 peritissimus
587 1701 653 1727 iuris
667 1701 793 1736 idemque
808 1711 869 1737 per-

71 1737 154 1763 comis
168 1741 208 1763 est
221 1737 339 1764 habitus.
361 1740 420 1765 213.
436 1739 490 1764 13111
501 1738 616 1765 duorum
627 1739 774 1765 abavorum
786 1748 867 1774 quam

71 1779 111 1801 est
124 1774 229 1801 illustre
243 1784 353 1807 nomen,
373 1776 402 1802 P.
419 1775 562 1810 Scipionis,
579 1777 626 1811 qui
640 1776 682 1802 bis
697 1776 790 1803 consul
806 1777 865 1809 fuit,

71 1812 119 1847 qui
142 1817 182 1838 est
205 1812 349 1839 Corculum
371 1813 471 1844 dictus,
493 1813 602 1840 alterius
620 1814 742 1840 omnium
761 1815 868 1849 sapien-

72 1850 177 1881 tissimi,
199 1849 228 1876 C.
248 1850 344 1877 Laeliil
366 1850 388 1877 Ο
405 1860 574 1886 generosam,
596 1852 696 1886 inquit,
717 1852 828 1886 stirpem
842 1857 868 1878 et

71 1891 208 1922 tamquam
221 1887 249 1913 in
260 1896 341 1914 unam
356 1888 476 1914 arborem
492 1888 568 1923 plura
582 1897 688 1924 genera,
699 1889 738 1916 sic
749 1890 776 1916 in
788 1890 867 1916 istam

71 1924 180 1951 domum
205 1924 351 1951 multorum
373 1926 481 1952 insitam
505 1931 584 1961 atque
608 1926 738 1962 illigatam
760 1928 868 1962 sapien-

71 1962 148 1988 tiam!
182 1962 248 1988 LIX.
264 1962 392 1989 Similiter
403 1963 486 1998 igitur
499 1964 630 1998 suspicor,
646 1965 686 1998 (ut
699 1963 868 1991 conferamus

71 2007 152 2034 parva
171 2000 301 2035 magnis,)
319 2000 456 2031 Curionis,
478 2001 527 2027 etsi
547 2001 669 2036 pupillus
688 2001 797 2028 relictus
816 2007 865 2033 est,

71 2037 156 2071 patrio
186 2036 270 2063 fuisse
300 2038 423 2064 instituto
449 2046 516 2072 puro
542 2047 664 2065 sermone
690 2039 867 2066 assuefactam

70 2074 195 2100 domum:
222 2079 247 2100 et
265 2083 296 2101 eo
313 2076 400 2110 magis
420 2075 468 2101 hoc
479 2075 583 2106 iudico,
598 2075 671 2110 quod
685 2077 820 2103 neminem
835 2085 868 2104 ex

70 2111 104 2138 iis
117 2111 237 2146 quidem,
254 2111 300 2146 qui
314 2112 404 2147 aliquo
418 2113 445 2139 in
461 2121 572 2140 numero
585 2112 700 2145 fuerunt,
716 2115 829 2149 cognovi
840 2115 867 2141 in
897 2120 898 2123 ’

70 2149 142 2176 0111111
162 2157 259 2183 genere
278 2149 448 2176 honestarum
467 2151 564 2176 artium
579 2155 631 2177 tam
646 2151 797 2182 indoctum,
814 2156 867 2178 tam

71 2185 175 2213 rudem.
213 2187 272 2213 2⁴4.
298 2186 409 2213 Nullum
428 2186 473 2214 ille
494 2192 599 2222 poetam
619 2193 740 2219 noverat,
761 2188 867 2216 nullum

71 2222 170 2259 legerat
187 2228 330 2255 oratorem,
347 2224 448 2250 nullam
464 2226 619 2252 memoriam
633 2226 799 2261 antiquitatis
813 2227 868 2253 col-

72 2259 183 2297 legerat:
208 2270 260 2288 non
283 2261 424 2296 publicum
443 2262 499 2293 ius,
520 2271 572 2289 non
591 2263 726 2298 privatum
744 2268 770 2290 et
788 2264 868 2290 civile

71 2302 241 2334 cognoverat:
264 2307 429 2334 quamquam
444 2300 471 2325 id
485 2299 595 2334 quidem
611 2299 662 2327 fuit
675 2301 754 2327 etiam
769 2301 796 2328 in
808 2301 867 2328 aliis

72 2339 97 2362 et
119 2336 223 2371 magnis
246 2336 357 2371 quidem
381 2337 543 2368 oratoribus,
563 2346 631 2372 quos
650 2347 744 2373 parum
764 2338 806 2365 his
826 2339 869 2366 in-

71 2376 184 2400 structos
198 2374 300 2400 artibus
315 2374 442 2405 vidimus,
459 2374 657 2409 utSulpicium‚
671 2380 699 2402 ut
710 2375 866 2403 Antonium.

72 2409 124 2436 Sed
143 2411 161 2436 ii
176 2415 262 2437 tamen
281 2419 366 2438 unum
385 2411 453 2438 illud
469 2412 601 2439 habebunt
611 2412 717 2440 dicendi
731 2423 799 2449 opus
813 2414 868 2440 ela-

72 2446 207 2480 boratun13
221 2448 392 2484 idquequum
403 2454 535 2477 constaret
544 2459 577 2477 ex
588 2451 710 2485 quinque
721 2452 868 2478 notissimis

72 2485 206 2519 partibus,
227 2494 305 2513 nemo
322 2487 350 2513 in
365 2487 454 2522 aliqua
475 2493 548 2522 parte
567 2496 658 2514 earum
673 2489 782 2515 omnino
800 2489 866 2515 nibil

73 2526 182 2556 poterat.
216 2523 244 2549 ln
266 2532 438 2559 quacumque
461 2526 532 2551 enim
557 2534 607 2551 una
628 2525 705 2560 plane
722 2525 865 2558 clauderet,

73 2563 157 2586 orator
170 2568 229 2587 esse
244 2569 294 2587 non
309 2566 407 2596 posset.
441 2564 500 2589 215.
521 2562 574 2588 Sed
589 2567 676 2589 tamen
691 2562 761 2589 alius
776 2564 802 2589 in
817 2563 867 2590 alia

73 2596 218 2624 excellebat
231 2599 330 2634 magis:
353 2599 508 2634 reperiebat.
524 2600 590 2635 quid
605 2599 657 2626 dici
671 2609 740 2635 opus
751 2605 830 2632 esset,
843 2606 869 2627 et

72 2634 206 2668 quomodo
223 2636 373 2670 praeparari
391 2641 417 2663 et
433 2645 488 2672 quo
503 2636 558 2663 loco
571 2636 662 2663 locari:
686 2639 868 2673 memoriaque

73 2677 102 2696 ea
135 2672 377 2706 comprehendebat
411 2673 556 2701 Antonius:

889 418 897 427 „
920 392 1048 419 defuisse.

889 430 897 455 ¹1
919 431 972 456 cari
995 435 1094 465 potest,
1120 430 1195 456 nulla
1213 439 1241 456 re
1259 439 1311 456 una
1330 431 1415 466 magis
1433 435 1562 457 oratorem
1580 440 1717 457 commen-

710 1291 769 1316 ⁶212.
797 1288 868 1321 Quid
897 1285 898 1293 ¹

596 2674 741 2701 excellebat
777 2680 865 2702 autem
888 2672 897 2702 is

888 252 897 283 st
921 244 1028 275 Crasso,
1054 243 1185 278 quaedam
1207 244 1287 269 etiam
1304 244 1455 278 superiora:
1478 248 1503 270 at
1522 244 1610 270 Crassi
1628 246 1714 280 magis

896 284 898 328 1
921 281 1037 307 enitebat
1062 281 1152 307 oratio.
1199 281 1253 307 Nec
1279 290 1341 307 vero
1368 281 1489 315 Sulpicio
1515 290 1603 316 neque
1626 282 1715 308 Cottae

896 329 897 359 1
920 318 1007 344 dicere
1030 327 1175 353 possumus
1198 326 1285 353 neque
1307 319 1433 353 cuiquam
1456 318 1525 344 bono
1547 320 1641 345 oratori
1660 328 1714 345 rem

896 362 897 391 1
920 355 1003 381 ullam
1022 364 1056 382 ex
1073 355 1128 382 illis
1146 356 1268 390 quinque
1286 356 1407 390 partibus
1421 355 1499 390 plane
1514 360 1593 390 atque
1607 357 1716 382 omnino

896 395 897 401 ¹
1081 395 1139 419 ⁶216.
1155 394 1245 428 ltaque
1258 393 1286 419 in
1300 393 1414 419 Curione
1428 393 1477 419 hoc
1492 394 1631 419 verissime
1645 394 1717 419 iudi-

920 467 985 498 dari,
1001 476 1083 502 quam
1097 468 1239 494 verborum
1253 467 1394 502 splendore
1408 472 1433 494 et
1446 468 1530 502 copia.
1552 469 1619 494 Nam
1630 477 1716 503 quum

896 520 898 541 5
920 505 1011 531 tardus
1034 506 1062 531 in
1085 505 1236 540 cogitando,
1263 510 1319 531 tum
1340 506 1367 531 in
1389 506 1546 532 instruendo
1570 506 1716 540 dissipatus

921 541 982 568 fuit.
1016 542 1073 568 LX.
1098 542 1210 577 Reliqua
1233 542 1287 569 duo
1309 548 1384 573 sunt,
1411 552 1487 578 agere
1506 548 1531 569 et
1549 544 1714 569 meminisse.

920 580 949 605 ln
988 584 1101 614 utroque
1136 579 1280 606 cachinnos
1314 580 1483 606 irridentium
1519 581 1713 607 commovebat.

897 645 898 648 ,
920 617 1007 643 Motus
1025 621 1080 643 erat
1099 617 1136 647 is,
1156 625 1237 651 quem
1256 621 1281 643 et
1299 617 1326 644 C.
1345 617 1430 644 Iulius
1448 619 1475 644 in
1495 623 1655 653 perpetuum
1669 626 1717 644 no-

897 666 898 708 1
920 655 997 684 tavit,
1018 663 1104 688 quum
1123 662 1156 680 ex
1173 663 1204 680 eo
1220 655 1249 680 in
1266 659 1407 690 utramque
1427 661 1527 690 partem
1542 660 1595 682 toto
1608 664 1717 690 corpore

897 710 898 727 ,
920 691 1060 717 vacillante
1074 692 1220 726 quaesivit,
1242 694 1299 725 quis
1315 694 1461 726 loqueretur
1476 703 1487 718 e
1506 695 1597 719 lintre:
1622 698 1647 719 et
1666 693 1714 719 Cn.

897 732 898 742 ¹
921 728 1052 759 Sicinius,
1078 728 1158 755 homo
1180 729 1318 763 impurus,
1339 730 1387 755 sed
1410 730 1554 756 admodum
1573 730 1713 761 ridiculus,

897 746 898 787 1
920 775 1007 801 neque
1021 766 1095 792 aliud
1109 767 1136 792 in
1150 775 1180 792 eo
1194 767 1303 792 oratoris
1317 767 1405 793 simile
1419 768 1578 802 quidquam.
1609 769 1667 794 ΞΠ.
1692 769 1716 794 ls

920 812 1005 838 quum
1028 803 1154 830 tribunus
1176 804 1263 838 plebis
1287 804 1429 830 Curionem
1452 809 1477 830 et
1495 804 1635 831 Octavium
1654 814 1717 831 con-

896 842 898 891 1
921 841 994 867 sules
1017 841 1189 875 produxisset
1208 841 1341 875 Curioque
1360 842 1443 868 multa
1462 842 1587 873 dixisset,
1608 842 1716 868 sedente

897 893 898 925 1
920 878 968 905 Cn.
984 878 1094 905 Octavio
1119 878 1234 914 collega,
1262 879 1310 913 qui
1336 878 1477 905 devinctus
1501 884 1555 905 erat
1579 879 1668 905 fasciis
1692 884 1717 905 ct

897 929 898 945 1
920 915 1013 942 multis
1036 916 1237 942 medicamentis
1256 920 1363 950 propter
1380 916 1497 943 dolorem
1520 922 1626 943 artuum
1650 917 1718 943 deli-

897 949 898 975 1
920 954 1012 984 butus,
1025 954 1189 988 Numquam,
1201 953 1298 988 inquit,
1307 953 1408 985 Octavi,
1421 954 1537 989 collegae
1549 959 1594 981 tuo
1604 955 1716 990 gratiam

896 979 898 1007 1
920 990 1032 1017 referes:
1062 991 1109 1025 qui
1132 991 1185 1017 nisi
1208 1000 1237 1017 se
1252 999 1302 1017 suo
1320 1000 1392 1017 more
1411 992 1574 1022 iactat-isset,
1595 992 1674 1018 hodie
1694 997 1717 1017 te

897 1008 899 1057 1
921 1028 980 1054 istic
1003 1036 1111 1054 muscae
1133 1028 1321 1054 comedissent.
1356 1029 1482 1055 Memoria
1505 1035 1594 1055 autem
1613 1030 1648 1055 ita
1667 1029 1717 1055 fuit

897 1061 899 1105 l
920 1065 1007 1097 nulla,
1037 1070 1066 1092 ut
1091 1065 1242 1100 aliquoties,
1271 1066 1319 1092 tria
1346 1075 1430 1101 quum
1454 1068 1646 1101 proposuisset,
1672 1072 1717 1092 aut

897 1115 899 1143 1
920 1108 1045 1137 quartum
1064 1103 1172 1129 adderet
1194 1108 1240 1130 aut
1258 1104 1366 1130 tertium
1384 1109 1535 1139 quaereret:
1563 1105 1610 1139 qui
1629 1105 1656 1130 in
1675 1105 1717 1130 iu-

920 1141 990 1167 dicio
1019 1141 1123 1175 privato
1149 1140 1191 1167 vel
1216 1141 1346 1172 maximo,
1367 1150 1452 1176 quum
1472 1151 1521 1177 ego
1540 1150 1586 1176 pro
1600 1142 1716 1168 Titinnia

897 1202 898 1207 ,
920 1178 1009 1204 Cottae
1028 1179 1235 1213 peroravissem,
1256 1178 1302 1204 ille
1320 1184 1409 1205 contra
1429 1188 1470 1205 me
1485 1188 1532 1214 pro
1547 1179 1602 1205 Ser,
1618 1180 1717 1205 Naevio

897 1219 898 1241 ἐ
920 1216 1031 1247 diceret,
1044 1216 1133 1243 subito
1146 1220 1225 1242 totam
1238 1225 1360 1243 caussam
1371 1217 1470 1243 oblitus
1481 1221 1529 1248 est,
1544 1217 1625 1252 idque
1638 1225 1718 1243 vene>

897 1250 898 1268 l
921 1254 988 1279 ficiis
1011 1258 1036 1279 et
1058 1254 1228 1280 cantionibus
1251 1255 1383 1281 Titinniae
1406 1254 1506 1280 factum
1529 1263 1587 1280 esse
1601 1254 1714 1280 dicebat.

897 1297 898 1316 t
920 1293 978 1318 2⁴8.
995 1291 1089 1327 Magna
1104 1291 1168 1317 haec
1182 1292 1347 1318 immemoris
1361 1292 1463 1327 ingenii
1477 1293 1567 1327 signa:
1590 1292 1637 1318 sed
1649 1292 1716 1318 nibil

897 1326 898 1347 ἶ
921 1329 1039 1363 turpius,
1060 1338 1141 1363 quam
1155 1329 1229 1363 quod
1243 1330 1321 1355 etiam
1336 1330 1363 1355 in
1377 1330 1484 1364 scriptis
1498 1329 1714 1359 obliviscebatur,

897 1352 898 1394 1
920 1366 987 1400 quid
1011 1366 1102 1401 paullo
1124 1371 1183 1393 ante
1206 1367 1354 1401 posuisset;
1376 1371 1406 1393 ut
1424 1368 1451 1393 in
1470 1376 1500 1393 eo
1521 1366 1601 1397 libro,
1622 1367 1668 1393 ubi
1689 1375 1717 1393 se

897 1407 898 1425 1
920 1408 1062 1430 exeuntem
1090 1412 1103 1430 e
1128 1408 1223 1430 senatu
1249 1409 1275 1430 et
1300 1413 1362 1430 cum
1388 1405 1471 1430 Pansa
1496 1408 1585 1430 nostro
1607 1409 1633 1431 et
1655 1413 1717 1430 cum

897 1431 898 1470 1
921 1442 1035 1467 Curione
1065 1441 1120 1467 filio
1150 1441 1345 1476 colloquentem
1373 1441 1448 1473 facit,
1475 1440 1570 1477 [quum
1593 1446 1716 1468 senatum

920 1479 1015 1505 Caesar
1029 1478 1122 1505 consul
1137 1477 1296 1514 liabuisset,]
1311 1479 1453 1514 omnisque
1468 1479 1512 1504 ille
1523 1488 1609 1505 sermo
1620 1479 1717 1505 ductus

897 1542 898 1547 ,
920 1525 934 1542 e
952 1517 1148 1551 percontatione
1167 1516 1228 1547 filii,
1249 1516 1315 1551 quid
1330 1517 1357 1542 in
1371 1521 1465 1542 senatu
1480 1521 1550 1542 esset
1563 1521 1666 1542 actum:
1689 1517 1717 1542 in

897 1561 898 1577 1
920 1563 974 1589 quo
997 1554 1089 1580 multis
1112 1554 1201 1579 verbis
1224 1562 1309 1588 quum
1335 1553 1505 1580 inveberetur
1527 1554 1554 1580 in
1577 1554 1716 1580 Caesarem

896 1580 898 1631 1
920 1592 1000 1618 Curio
1014 1591 1214 1626 disputatioque
1228 1596 1298 1617 esset
1312 1592 1379 1617 inter
1393 1600 1446 1621 θος,
1464 1595 1491 1617 111
1502 1596 1542 1617 est
1552 1591 1717 1618 consuetudo

897 1635 898 1663 1
919 1628 1100 1664 dialogorum,
1132 1637 1218 1663 quum
1249 1637 1336 1654 sermo
1362 1634 1432 1654 essct
1458 1629 1597 1655 institutus
1623 1634 1716 1655 senatu

896 1673 898 1698 ι
920 1667 1011 1697 misso,
1025 1675 1105 1701 quem
1121 1671 1242 1692 senatum
1257 1666 1351 1692 Caesar
1364 1666 1457 1692 consul
1471 1666 1615 1697 habuisset,
1629 1675 1717 1701 repre-

896 1705 898 1720 ¹
920 1703 1013 1730 bendit
1030 1713 1074 1730 eas
1094 1713 1148 1734 res,
1169 1712 1237 1738 quas
1256 1704 1327 1730 idem
1342 1704 1437 1729 Caesar
1451 1712 1520 1729 anno
1534 1709 1593 1738 post
1607 1709 1631 1730 et
1641 1704 1717 1730 dein-

919 1750 982 1776 ceps
996 1741 1107 1776 reliquis
1122 1742 1198 1767 annis
1213 1741 1455 1767 administravisset
1469 1741 1495 1767 in
1511 1741 1606 1767 Gallia.

975 1779 1044 1805 Lxl.
1079 1780 1137 1806 2⁴9.
1165 1779 1233 1805 Tum
1264 1779 1363 1805 Brutus
1393 1779 1542 1809 admirans,
1572 1779 1717 1805 Tantamne

919 1816 1004 1843 fuisse
1017 1816 1190 1846 oblivionem,
1207 1817 1303 1851 inquit,
1320 1817 1347 1842 in
1359 1816 1457 1850 scripto
1467 1817 1631 1850 praesertim,
1645 1822 1673 1842 ut
1685 1825 1717 1842 ne

920 1854 1011 1889 legens
1033 1854 1143 1889 quidem
1167 1862 1297 1888 umquam
1320 1854 1445 1884 senserit,
1470 1858 1600 1888 quantum
1625 1853 1717 1889 flagitii

919 1891 1117 1918 commisisset?
1136 1891 1207 1923 Quid
1225 1896 1327 1921 autem,
1350 1892 1472 1926 inquam,
1490 1892 1578 1922 Brute,
1595 1891 1714 1918 stultius.

896 1953 897 1964 ,
919 1937 1009 1964 quam,
1026 1929 1049 1955 si
1065 1938 1094 1955 ea
1110 1929 1260 1963 vituperare
1272 1928 1385 1959 volebat,
1400 1937 1468 1963 quae
1480 1929 1650 1963 vituperavit.
1666 1938 1716 1955 non

896 1966 897 1991 l
919 1975 950 1993 eo
968 1971 1087 2001 tempore
1106 1967 1246 1993 instituere
1265 1974 1429 1996 sermonem,
1449 1975 1535 2001 quum
1554 1966 1660 1992 illarum
1677 1975 1716 1992 re-

896 1994 897 2040 ]
919 2013 979 2030 rum
998 2004 1051 2030 iam
1070 2008 1187 2039 tempora
1203 2003 1418 2038 praeteriissent?
1438 2003 1490 2030 Sed
1506 2004 1540 2030 ita
1555 2008 1624 2030 totus
1638 2010 1714 2031 errat.

897 2072 898 2075 Ἰ
919 2045 949 2068 111
967 2041 994 2067 111
1013 2041 1106 2067 codem
1124 2050 1246 2067 sermone
1265 2041 1348 2071 dicat,
1370 2041 1396 2067 in
1420 2046 1541 2067 senatum
1561 2050 1589 2067 se
1608 2042 1717 2068 Caesare

896 2078 1029 2115 ]consule
1055 2088 1106 2105 non
1133 2079 1270 2109 accedere,
1299 2079 1346 2104 sed
1374 2078 1400 2104 id
1428 2078 1498 2104 dieat
1520 2079 1579 2113 ipso
1607 2079 1717 2105 consule

897 2132 898 2147 1
919 2117 1012 2142 exiens
1030 2125 1044 2142 e
1058 2121 1161 2143 senatu.
1197 2117 1250 2142 lam
1269 2116 1316 2150 qui
1331 2116 1378 2142 hac
1393 2122 1466 2150 parte
1480 2117 1571 2146 animi,
1587 2125 1656 2151 quae
1669 2126 1717 2142 cu-

897 2150 898 2177 1
919 2158 975 2180 stos
998 2158 1038 2180 est
1055 2158 1202 2180 ceterarum
1221 2154 1321 2189 ingenii
1341 2154 1470 2188 partium,
1492 2159 1544 2180 tam
1563 2154 1660 2179 debilis
1675 2162 1717 2179 es-

897 2191 898 2211 1
919 2196 971 2222 set,
993 2196 1022 2217 ut
1036 2200 1069 2217 ne
1084 2192 1110 2217 in
1122 2191 1221 2225 scripto
1234 2191 1344 2225 quidem
1359 2191 1534 2221 meminisset,
1546 2191 1612 2226 quid
1628 2190 1717 2225 paullo

897 2220 898 2239 ¹
920 2233 979 2254 ante
998 2229 1145 2263 posuisset,
1163 2228 1226 2254 huic
1241 2228 1350 2255 minime
1365 2229 1463 2254 mirum
1487 2233 1527 2254 est
1544 2237 1576 2254 ex
1600 2233 1716 2262 tempore

919 2265 1018 2292 dicenti
1036 2265 1141 2292 solitam
1161 2265 1269 2292 effluere
1288 2270 1414 2291 mentem.
1448 2267 1507 2291 220.
1528 2266 1617 2300 ltaque
1631 2274 1715 2300 quum

920 2304 943 2329 ei
967 2312 1015 2329 nec
1037 2303 1156 2329 osticium
1181 2303 1285 2329 deesset
1308 2307 1334 2329 et
1352 2302 1472 2337 flagraret
1489 2303 1579 2328 studio
1598 2302 1714 2330 (licendi.

920 2349 1069 2375 perpaucae
1096 2340 1129 2366 ad
1155 2349 1217 2366 eum
1244 2349 1354 2366 caussae
1381 2340 1577 2366 deferebantur.
1624 2340 1717 2367 Orator

897 2390 899 2408 t
920 2382 1022 2408 autem,
1044 2378 1114 2403 vivis
1132 2378 1191 2404 eius
1201 2377 1373 2412 aequalibus,
1391 2378 1528 2411 proximus
1543 2378 1652 2412 optimis
1667 2387 1717 2404 nu-

896 2411 898 2444 J
920 2415 1072 2442 metabatur
1085 2419 1192 2449 propter
1206 2414 1347 2441 verborum
1362 2414 1515 2445 bonitatem.
1532 2419 1561 2441 ut
1575 2421 1634 2441 ante
1648 2415 1714 2445 dixi,

896 2447 898 2490 J
920 2458 945 2479 et
967 2452 1119 2487 expeditam
1143 2461 1172 2479 ac
1190 2451 1363 2487 profluentem
1382 2452 1580 2487 quodammodo
1597 2453 1716 2479 celerita-

896 2499 898 2517 3
920 2496 983 2516 tem.
1036 2491 1127 2525 ltaque
1161 2490 1221 2516 eius
1255 2490 1386 2516 orationes
1421 2489 1588 2524 aspiciendas
1628 2495 1715 2516 tamen

896 2518 898 2539 l
919 2536 1025 2554 censeo.
1047 2527 1116 2554 Sunt
1130 2527 1191 2554 illae
1204 2527 1314 2562 quidem
1327 2526 1516 2561 languidiores,
1531 2533 1714 2554 verumtamen

896 2542 898 2588 1
919 2569 1032 2599 possunt
1049 2573 1146 2601 augere
1160 2570 1185 2591 ct
1199 2565 1275 2599 quasi
1290 2564 1359 2591 alere
1373 2564 1400 2590 id
1415 2565 1529 2596 bonum,
1545 2565 1617 2600 quod
1632 2567 1658 2591 in
1671 2565 1717 2591 illo

896 2589 897 2636 1
920 2602 1087 2629 mediocriter
1111 2602 1195 2629 fuisse
1213 2601 1399 2633 concedimus,
1427 2602 1499 2637 quod
1519 2603 1597 2629 babet
1616 2608 1714 2629 tantam

896 2653 897 2670 t
920 2640 983 2671 vini,
1001 2644 1030 2666 ut
1043 2639 1140 2669 solum,
1157 2641 1215 2666 sine
1229 2639 1297 2669 aliis,
1315 2640 1340 2665 in
1353 2639 1466 2666 Curione
1478 2641 1594 2674 speciem
1605 2640 1715 2666 oratoris

919 2676 1034 2703 alicuius
1047 2677 1170 2704 effecerit.
1212 2676 1264 2703 Sed
1279 2676 1310 2702 ad
1327 2677 1446 2703 instituta
1462 2678 1610 2703 redeamus
