1941 3052
810 126 865 151 tlt.
897 125 931 150 M.

249 129 311 152 ⁴0⁰0

963 124 993 151 Τ.
1023 124 1297 151 CICERONIS

246 206 314 232 quos
329 196 432 222 dolores
449 200 473 221 vt
488 204 555 229 quas
572 194 706 221 molestias
718 195 929 228 ‹·x‹·1·1›turi.·unt.
942 203 1036 220 occae-
1063 195 1065 211 l
1089 194 1150 220 luris
1175 196 1263 221 :inuiis
1288 196 1403 230 privatio
1429 201 1499 222 recte
1524 197 1657 222 nominata
1678 201 1718 223 est
1739 196 1872 232 voluptas.

245 235 295 260 enti
307 234 453 267 vnpidituu·
466 242 515 258 nnn
529 231 677 266 provident,
694 231 831 265 similique
842 231 1033 266 suntinrulpa,

245 273 292 306 qui
309 271 395 296 oflicii·
413 270 538 294 ils-serunt
555 268 664 294 mollitia
685 269 781 297 animi,
801 268 826 294 id
843 273 895 298 est,
915 268 1035 294 laborum
1056 291 1057 306 ,

245 313 270 333 et
291 307 411 332 dolorum
435 306 506 338 tuga.
548 305 578 331 Ιίῑ
597 305 689 331 liarum
711 305 821 339 quidem
844 314 931 331 rerum
949 305 1035 332 facilis
1056 309 1058 318 *

1088 232 1302 266 Ueuiunquuiu
1311 232 1372 258 cibo
1386 238 1412 258 ct
1427 234 1531 267 potione
1543 233 1626 259 [arinen
1637 234 1750 268 sitisque
1760 234 1873 269 depulsa

1087 274 1139 298 est,
1168 269 1224 302 ipsa
1249 268 1376 295 detractio
1401 270 1536 296 molestiae
1559 272 1775 297 consecutionem
1801 271 1875 297 affert

1089 305 1245 340 voluptatis:
1272 307 1310 332 sic
1330 307 1355 332 in
1367 308 1440 334 omni
1457 316 1484 333 re
1499 307 1597 334 doloris
1613 310 1710 334 anuntio
1725 309 1875 334 successio-

245 350 284 370 fflt
296 349 319 370 vt
332 343 454 377 expe-dita
467 342 612 368 distinctio.
636 343 700 368 Nam
713 342 796 368 libero
807 347 937 377 tempore,
950 351 1034 377 quum
1056 359 1057 384 χ
1088 352 1147 368 nem
1164 343 1245 369 eflicit
1265 342 1418 378 voluptatis.
1459 346 1499 369 38.
1518 345 1607 379 ltaque
1623 354 1673 371 non
1694 345 1794 379 placuit
1809 346 1874 380 Epi-

245 381 330 407 solutu
348 380 474 406 nulii-aest
486 379 602 411 eligendi
614 380 699 414 optio,
717 388 856 414 quumque
869 379 936 406 nihil
951 381 1036 414 impe·
1062 397 1064 414 Α
1086 389 1163 409 curo,
1187 380 1306 406 medium
1321 389 1380 406 esse
1394 381 1529 416 quoddam
1547 382 1614 407 inter
1628 381 1746 408 dolorem
1757 388 1782 408 ct
1798 382 1874 408 volu·

245 418 297 447 dit,
316 426 368 451 quo
386 418 475 442 minus
491 416 526 445 id.
541 416 611 450 quud
625 418 741 442 maxime
752 416 862 451 placeat.
878 416 962 443 facere
974 426 1035 451 pos-

244 457 344 484 simus,
367 454 455 480 omnis
472 453 594 487 voluptas
609 454 769 480 assumenda
785 459 838 483 est,
857 455 945 480 onmis
961 453 1035 480 dolor

246 491 426 525 repellendus.
467 490 644 525 Temporibus
667 496 754 517 autem
769 491 933 525 quibusdam
950 496 975 517 et
990 496 1035 517 aut

244 528 341 554 (illiciis
353 528 452 553 debitis
463 533 508 553 aut
521 537 607 553 rerum
621 528 1032 562 necessitatibussaepeeveniet,

1062 435 1063 440 ,
1087 422 1195 451 ptateni.

1237 417 1304 443 lllud
1326 419 1397 444 enim
1416 419 1518 452 ipsum,
1541 418 1622 453 (quod
1637 419 1801 454 quibusdam
1819 428 1874 445 me-

1085 454 1160 480 dium
1179 454 1305 488 videtum
1319 464 1404 490 quum
1415 456 1487 481 omni
1500 455 1589 481 dolore
1599 461 1711 485 careret.
1730 466 1781 483 non
1797 456 1875 482 modo

1062 494 1063 515 ἱ
1088 491 1249 525 voluptatem
1265 501 1324 518 esse
1333 513 1338 522 ,
1357 501 1449 518 verum
1461 493 1540 518 etiam
1553 501 1686 519 summam
1699 493 1872 528 voluptati-in.

246 571 273 592 ut
294 570 319 591 et
341 565 490 599 voluptates
507 565 687 599 repudiandae
703 566 769 595 sint,
788 570 813 591 et
830 566 966 592 molestiae
983 574 1033 591 non
1062 582 1063 592 l

1062 621 1063 624 ,
1085 604 1180 629 Omnis
1199 609 1287 629 autem
1304 604 1451 638 privatione
1467 603 1566 630 doloris
1582 609 1656 638 putat
1673 604 1807 638 Epicurus
1822 610 1876 631 ter-

245 602 418 628 recusamlae.
460 603 549 637 ltaque
561 611 652 628 earum
665 612 753 628 rerum
767 603 809 628 liic
823 607 926 629 tem-tur
936 612 948 628 a
961 603 1034 637 sapi-

243 639 449 669 ente-delectum,
474 645 501 665 ut
522 640 731 666 autreiiciendis
751 639 933 674 voluptatibus
951 641 1034 666 maio-

245 687 286 703 res·
320 676 386 702 alias
410 681 602 711 consequatur,
639 682 684 703 aut
708 677 874 711 perferendis
895 677 1034 704 doloribus

243 715 392 749 asperiores
404 713 523 748 repellat.
1054 705 1056 735 l

300 752 341 777 at.
364 752 435 777 llanc
447 760 496 785 ego
508 759 592 786 quum
605 756 707 778 teneam
720 752 889 781 sententiam,
905 751 1031 786 quidest,
1054 740 1056 777 l

244 797 292 815 cur
305 797 408 818 verear,
423 798 455 814 ne
467 788 499 814 ad
511 798 569 814 eam
583 798 633 815 non
646 790 746 823 possim
759 789 958 815 accommodare
970 789 1034 814 Tor-

243 831 338 861 quatos
355 826 478 852 nostros?
510 835 577 860 quos
593 831 620 852 tu
638 826 729 860 paullo
741 832 799 852 ante
811 835 895 861 quum
908 826 1034 852 memori-

244 868 296 893 ter,
312 868 367 889 tum
383 864 462 889 etiam
474 872 535 897 erga
549 873 595 889 nos
610 864 694 889 amice
705 868 730 889 et
745 863 874 889 benevole
885 863 1030 898 collegisti:

245 909 293 927 nee
310 909 352 926 me
370 906 456 926 tamen
473 900 614 926 laudandis
631 901 778 926 maioribus
795 901 862 926 meis
878 901 1031 935 corrupisti,
1054 915 1055 931 χ

245 946 292 964 nec
313 939 464 973 segniorem
487 938 519 963 ad
537 938 753 972 respondendum
771 938 921 964 reddidisti.
962 941 1034 970 Quo—

239 970 304 1001 ¹rum
316 974 627 1010 factaquemadmodum,
643 984 751 1010 quaeso.
761 974 961 1009 interpretaris?
975 976 1034 1001 Sic·

243 1012 303 1038 cine
319 1020 363 1038 eos
381 1021 474 1039 censes
491 1017 535 1038 aut
550 1013 576 1038 in
592 1017 722 1038 armatum
736 1012 837 1038 bostem
850 1013 979 1047 impetum
995 1012 1034 1038 fe·
1055 1022 1056 1026 ¹

243 1050 326 1080 cisse,
350 1054 395 1076 aut
410 1051 437 1076 in
454 1049 551 1075 liberos
568 1054 647 1084 atque
664 1051 690 1075 in
709 1050 868 1085 sanguinem
885 1058 964 1075 suum
981 1055 1033 1075 tam

243 1086 366 1113 crudeles
383 1086 479 1117 fuisse,
503 1086 569 1113 niliil
587 1092 615 1113 ut
630 1087 663 1112 de
679 1087 854 1117 utilitatibus,
873 1086 940 1113 uiliil
959 1092 987 1113 ut
1001 1086 1034 1112 de

242 1124 391 1150 commodis
402 1125 460 1150 suis
471 1123 635 1159 cogitarent?
662 1124 694 1150 At
708 1124 733 1150 id
746 1132 778 1150 ne
791 1124 860 1150 serae
872 1124 982 1158 quidem
995 1124 1035 1150 sa-

242 1161 330 1192 ciunt,
347 1166 375 1187 ut
387 1162 420 1187 ita
433 1167 509 1188 ruant
520 1166 599 1196 atque
612 1161 764 1191 turbentur,
784 1166 824 1191 ut,
843 1170 934 1187 earum
947 1166 1034 1188 motus

242 1203 269 1225 et
284 1199 400 1233 impetus
416 1207 469 1233 quo
485 1199 646 1233 pertineant,
662 1207 713 1224 non
730 1199 927 1234 intelligamus:
951 1201 991 1226 35.
1007 1204 1034 1225 tu
1062 1197 1064 1228 ἶ

1062 1257 1064 1261 ,
1085 1238 1143 1263 sine
1169 1235 1287 1263 iucundo
1309 1240 1382 1262 motu
1403 1235 1558 1270 voluptatis.

243 1240 296 1262 tam
317 1236 440 1269 egregios
464 1237 535 1261 viros
556 1244 650 1262 censes
671 1240 755 1262 tantas
777 1245 818 1262 res
837 1237 955 1271 gessisse
976 1237 1035 1262 sine

241 1272 354 1299 caussa?
373 1275 445 1304 Quam
457 1273 536 1299 fuerit
547 1282 654 1304 caussa,
672 1282 735 1299 mox
746 1273 851 1299 videro:
875 1274 973 1300 interea
986 1274 1035 1300 hoc

244 1310 352 1336 tenebo:
378 1311 400 1336 si
412 1310 446 1336 ob
458 1310 576 1345 aliquam
588 1319 711 1336 caussam
723 1311 786 1341 ista,
800 1319 869 1345 quae
881 1311 939 1337 sine
951 1311 1035 1337 dubio
1062 1339 1064 1343 ,

1062 1352 1064 1355 “
1086 1358 1205 1379 manum,
1221 1357 1305 1384 quum
1319 1349 1352 1374 ita
1363 1353 1433 1374 esset
1443 1348 1548 1374 affecta:
1570 1347 1719 1374 secundum
1731 1356 1783 1374 non
1794 1353 1873 1376 recte.

1062 1402 1063 1418 3
1085 1387 1109 1412 si
1126 1386 1248 1420 voluptas
1259 1390 1329 1412 esset
1339 1385 1439 1411 bonum
1448 1406 1454 1416 ,
1475 1385 1559 1411 luisse
1570 1385 1791 1412 desideraturam.

242 1346 377 1382 praeclara
393 1352 469 1378 sunt,
493 1347 616 1379 fecerint,
639 1348 765 1374 virtutem
784 1348 825 1374 liis
842 1349 928 1383 ipsam
944 1357 992 1383 per
1006 1356 1035 1374 se

241 1393 364 1410 caussam
379 1393 431 1411 non
444 1384 538 1412 fuisse.
561 1385 693 1420 Torquem
705 1385 819 1412 detraxit
830 1385 914 1412 hosti:
937 1390 962 1412 et
973 1386 1035 1421 qui-

241 1422 303 1447 dem
324 1430 352 1448 se
373 1423 452 1452 texit,
471 1430 503 1448 ne
520 1423 648 1449 interiret.
689 1422 722 1448 At
739 1431 866 1458 magnum
882 1423 1034 1457 periculum

241 1459 321 1485 adiit:
357 1459 384 1485 in
400 1459 486 1485 oculis
501 1459 612 1494 quidem
630 1461 773 1486 exercitus.

241 1496 419 1522 consecutus?
451 1497 569 1523 Laudem
586 1502 611 1523 et
626 1497 777 1523 caritatem:
809 1506 878 1532 quae
889 1502 953 1524 sunt
964 1498 1034 1524 vitae

241 1535 299 1560 sine
321 1538 393 1560 metu
414 1533 551 1569 degendae
572 1534 704 1569 praesidia
727 1534 892 1561 firmissima.
934 1535 1034 1562 Filium

242 1575 327 1597 morte
340 1570 492 1597 mulctavit:
515 1572 537 1597 si
550 1572 607 1597 sine
619 1580 712 1597 caussa
722 1592 728 1602 ,
741 1571 840 1599 nollem
851 1580 893 1598 me
905 1572 938 1598 ab
949 1581 980 1598 eo
991 1581 1035 1598 or—

241 1613 311 1639 tum,
325 1612 378 1634 tam
390 1609 551 1643 importuno,
566 1614 673 1644 tamque
685 1609 798 1636 crudeli.
830 1609 887 1641 Sin,
903 1614 933 1636 ut
943 1609 1034 1636 dolore

240 1654 290 1672 suo
300 1646 416 1672 sanciret
427 1646 551 1672 militaris
562 1646 857 1681 imperiidisciplinam,
871 1648 1034 1673 exercitum—
1061 1673 1062 1682 ἶ

1061 1695 1062 1698 “
1085 1684 1178 1711 liorem
1193 1689 1239 1710 aut
1253 1684 1340 1719 magis
1355 1683 1535 1718 expetendum
1550 1691 1696 1717 possumus
1706 1681 1813 1709 dicere?
1831 1683 1875 1709 ln-

241 1691 294 1717 que
313 1683 340 1708 in
359 1684 521 1718 gravissimo
536 1683 607 1709 bello
622 1683 865 1710 animadversionis
882 1689 953 1711 metu
969 1693 1034 1710 con—-

240 1721 348 1751 tinerct;
371 1720 723 1755 salutiprospexitcivium,
737 1721 1033 1757 quaintelligebatcon-
1061 1751 1062 1754 Ἰ

241 1757 320 1783 tinet-i
331 1766 418 1783 suam.
450 1759 492 1784 36.
504 1758 590 1792 Atque
602 1758 667 1784 haec
679 1759 744 1784 ratio
756 1758 805 1784 late
817 1763 897 1793 patet.
938 1759 966 1785 ln
978 1767 1032 1793 quo

241 1802 313 1819 enim
329 1795 446 1820 maxime
460 1795 601 1821 consuevit
616 1796 712 1821 iactare
727 1800 815 1822 vestra
830 1804 858 1822 se
873 1797 969 1826 oratio,
987 1801 1032 1822 tua

241 1832 411 1865 praesertim,
434 1832 482 1866 qui
498 1832 618 1858 studiose
633 1833 743 1867 antiqua
754 1833 939 1867 persequeris,
952 1833 1031 1859 claris
1060 1859 1061 1862 ,

241 1873 266 1894 et
286 1867 400 1894 fortibus
421 1869 487 1894 viris
507 1869 764 1900 commemorandis,
786 1878 934 1904 eorumque
954 1869 1031 1896 factis
1052 1879 1054 1900 ε

241 1913 293 1931 non
309 1905 490 1932 emolumento
505 1906 609 1940 aliquo,
626 1906 674 1932 sed
689 1907 776 1940 ipsius
793 1906 938 1933 honestatis
952 1907 1032 1934 (leco-

241 1950 282 1972 re,
301 1941 456 1973 laudandis,
479 1943 507 1968 id
524 1947 607 1969 totum
627 1944 756 1970 evertitur
771 1951 801 1969 eo
813 1943 917 1970 delectu
930 1953 1028 1975 rerum,

240 1987 321 2014 quem
341 1979 419 2005 modo
434 1979 506 2010 dixi,
523 1981 679 2011 constituto,
697 1985 726 2006 ut
737 1985 782 2007 aut
792 1980 942 2015 voluptates
952 1983 1032 2008 omit—

241 2021 342 2046 tantur,
363 2017 495 2043 maiorum
517 2017 684 2051 voluptatum
701 2017 937 2052 adipiscendarum
952 2028 1032 2045 caus-

239 2062 282 2083 sa,
300 2058 345 2079 aut
355 2053 460 2079 dolores
474 2055 669 2089 suscipiantur,
687 2055 818 2081 maiorum
830 2055 952 2082 dolorum
964 2056 1032 2082 effu-

239 2090 400 2126 giendorum
419 2092 514 2126 gratia.
554 2092 600 2118 XI.
621 2092 662 2118 37.
679 2092 731 2118 Sed
746 2092 778 2118 de
795 2092 927 2119 clarorum
943 2093 1032 2120 homi-

241 2136 306 2154 num
327 2127 404 2154 factis
425 2128 576 2155 illustribus
591 2134 617 2155 et
631 2128 756 2164 gloriosis
772 2130 837 2156 satis
853 2129 902 2156 hoc
919 2130 975 2157 loco
988 2131 1032 2157 di-

239 2170 312 2191 ctum
327 2165 371 2191 sit.
411 2165 468 2192 Erit
482 2167 554 2192 enim
566 2166 619 2192 iam
630 2166 663 2192 de
674 2167 795 2192 omnium
807 2167 937 2194 virtutum
949 2177 1030 2194 cursu

239 2201 272 2228 ad
283 2201 446 2236 voluptatem
458 2204 583 2237 proprius
594 2203 745 2230 disserendi
760 2203 844 2230 locus.

294 2240 372 2265 Nunc
388 2245 477 2266 autem
492 2240 646 2275 explicabo,
665 2240 789 2275 voluptas
805 2241 863 2276 ipsa
878 2250 947 2276 quae
963 2251 1031 2277 qua·
1051 2266 1053 2273 ,

240 2276 327 2310 lisque
348 2277 396 2307 sit,
419 2282 448 2303 ut
464 2277 571 2304 tollatur
585 2286 657 2304 error
671 2279 760 2304 omnis
776 2279 976 2313 imperitorum,
988 2280 1031 2306 in·-

239 2313 437 2348 telligaturque,
460 2323 489 2340 ea
512 2323 581 2349 quae
603 2314 765 2350 voluptaria,
787 2315 914 2346 delicata,
940 2316 1030 2342 mollis
1051 2331 1052 2334 =

239 2350 369 2376 habeatur
384 2351 542 2386 disciplina,
560 2361 642 2387 quam
657 2353 761 2387 gravis,
779 2361 862 2387 quam
877 2354 1026 2384 continens,

238 2396 318 2422 quam
339 2396 432 2414 severa
447 2390 492 2416 sit.
532 2390 590 2415 Non
605 2390 678 2415 enim
693 2389 761 2415 hanc
776 2389 860 2416 solam
876 2391 1026 2425 sequimur,

238 2433 307 2458 quae
323 2426 454 2452 suavitate
469 2426 559 2461 aliqua
578 2431 699 2452 naturam
716 2428 802 2461 ipsam
815 2432 917 2457 movet,
930 2432 1027 2454 etcum

238 2462 402 2488 iucunditate
421 2463 537 2498 quadam
556 2464 703 2498 percipitur
717 2464 857 2495 sensibus,
877 2464 925 2490 sed
941 2465 1029 2491 maxi-

239 2507 309 2524 mam
330 2499 403 2525 illam
428 2500 590 2535 voluptatem
612 2501 756 2530 habemus,
779 2509 848 2535 quae
868 2502 1025 2536 percipitur,
1048 2503 1050 2524 l

237 2536 311 2560 omni
327 2535 416 2562 dolore
432 2537 557 2564 detracto.
597 2539 664 2563 Nam
682 2538 823 2572 quoniam,
841 2547 926 2573 quum
937 2539 1028 2573 priva—

240 2580 299 2597 mur
314 2572 416 2603 dolore,
433 2575 490 2608 ipsa
508 2575 663 2601 liberatione
678 2579 703 2600 et
719 2575 850 2601 vacuitate
865 2576 953 2601 omnis
969 2584 1027 2602 mo-

813 1459 885 1492 Quid
901 1469 935 1487 ex
948 1469 979 1487 eo
995 1465 1034 1487 est
1055 1495 1057 1499 Ι

1054 868 1055 872 ’
1084 864 1254 890 delet-tatum.

1062 547 1063 567 ἶ
1085 529 1216 563 Quisquis
1236 530 1308 555 enim
1331 530 1425 559 sentit,
1450 529 1678 564 quemadmodum
1701 530 1736 556 sit
1753 531 1872 560 allectus,

1085 575 1145 591 euni
1164 575 1272 591 neeesse
1286 572 1326 592 est
1342 572 1386 592 aut
1402 567 1427 593 in
1441 566 1575 601 voluptate
1586 575 1658 596 esse,
1677 572 1722 593 aut
1734 568 1760 593 in
1772 567 1871 594 dolore.

1086 641 1181 666 minari
1201 649 1334 666 summam
1357 641 1533 675 voluptatem:
1565 646 1593 668 ut
1608 646 1697 676 posta
1715 642 1811 668 variari
1828 650 1875 668 vo-

1086 678 1173 712 luptas
1194 678 1379 713 distinguique
1401 679 1498 712 possit.
1529 679 1621 713 augeri
1661 678 1874 713 amplificarique

1085 725 1135 741 uon
1156 716 1249 749 possit.
1290 717 1331 741 3¹³.
1353 716 1385 741 At
1400 716 1479 741 etiam
1491 715 1616 745 Atha—nis.
1629 720 1657 742 ut
1669 725 1682 741 a
1694 721 1767 750 patre
1781 715 1875 742 audie-

1086 752 1159 781 bam,
1190 752 1271 778 facete
1291 757 1316 778 et
1337 752 1437 779 urbane
1457 753 1559 778 Stoicos
1575 752 1716 783 irridente,
1733 757 1818 779 statua
1834 758 1874 779 est

1085 790 1111 816 in
1136 790 1286 819 Ceramico,
1313 789 1459 824 Chrysippi
1481 790 1614 819 sedentis,
1637 795 1755 824 porrecta
1776 799 1870 816 manu:

1083 835 1152 861 quae
1169 835 1263 852 :nanus
1282 827 1414 861 significet
1432 826 1507 852 illum
1521 828 1546 853 in
1559 827 1607 853 hac
1620 835 1679 853 esse
1690 826 1874 863 rogatiuncula

1295 864 1382 890 »Num
1399 864 1528 899 quidnam
1546 873 1642 890 manus
1658 869 1701 890 tua
1717 866 1756 890 sic
1771 864 1872 894 affecta,

1084 900 1313 936 quemadmodum
1335 901 1425 927 affecta
1447 910 1518 927 nunc
1538 907 1591 930 est,
1609 901 1774 928 desideram-
1799 901 1872 928 Nihil

1085 947 1158 965 sane.
1200 939 1252 968 nAt,
1276 939 1299 964 si
1322 938 1444 973 voluptas
1464 943 1534 964 esset
1553 938 1664 967 bonum,
1685 938 1873 965 desiderarem

1087 977 1121 1002 lta
1142 975 1230 1003 credo.
1272 976 1342 1001 nNon
1363 980 1402 1002 est
1419 976 1501 1011 igitur
1517 975 1640 1010 voluptas
1656 975 1781 1002 bonum«
1821 976 1874 1002 Hoc

1086 1021 1118 1039 ne
1139 1018 1252 1039 statuam
1269 1012 1380 1047 quidem
1397 1012 1528 1038 dicturam
1545 1018 1619 1047 pater
1633 1013 1733 1043 aiebat,
1760 1014 1784 1039 si
1801 1012 1873 1048 loqui

1085 1055 1185 1085 posset.
1224 1049 1387 1076 Conclusum
1403 1055 1443 1076 est
1454 1050 1526 1076 enim
1538 1055 1627 1076 contra
1638 1050 1798 1076 Cvrenaicos
1809 1051 1874 1076 satis

1062 1095 1063 1099 ¹
1085 1093 1175 1113 acute:
1208 1086 1274 1112 niliil
1287 1087 1320 1113 ad
1331 1087 1489 1121 Epicurum.
1530 1087 1596 1113 Nam
1607 1087 1630 1113 si
1642 1080 1738 1113 casola
1751 1087 1874 1122 voluptas

238 2608 329 2634 lestiae
345 2610 508 2644 gaudemus:
539 2620 618 2643 omne
633 2616 721 2638 autem
738 2611 778 2639 id,
796 2620 850 2646 quo
863 2612 1023 2648 gaudemus,

239 2645 362 2680 voluptas
377 2652 430 2678 est,
442 2653 472 2674 ut
482 2657 560 2675 omne
571 2649 607 2675 id.
621 2657 675 2683 quo
685 2648 855 2676 offendimur,
869 2649 956 2675 dolor:
977 2649 1026 2676 do-

1062 1534 1063 1562 }
1085 1540 1152 1566 tem.
1166 1544 1200 1562 ex
1211 1535 1260 1561 hoc
1273 1534 1399 1561 facillime
1411 1535 1529 1569 perspici
1539 1538 1634 1569 potest.

1062 1571 1063 1578 ¹
1085 1573 1203 1608 aliquem
1215 1573 1330 1608 magnis,
1343 1571 1446 1602 multis,
1459 1572 1596 1607 perpetuis
1607 1571 1738 1598 fruentem
1750 1576 1775 1597 et
1785 1572 1876 1598 animo

1062 1606 1063 1611 ¹
1085 1616 1111 1637 et
1127 1618 1236 1644 corpore
1249 1609 1446 1644 voluptatibus,
1463 1609 1538 1635 nullo
1549 1608 1638 1635 dolore
1650 1617 1698 1635 nec
1710 1608 1875 1643 impediente

1085 1130 1168 1154 esset,
1181 1133 1250 1159 quae
1265 1125 1344 1159 quasi
1360 1124 1479 1150 titillaret
1494 1132 1603 1155 sensus,
1625 1129 1653 1150 ut
1673 1125 1708 1150 ita
1723 1124 1825 1155 dicam,
1848 1129 1875 1151 et

1085 1161 1118 1188 ad
1140 1170 1185 1188 eos
1205 1170 1267 1187 cum
1288 1162 1420 1187 suavitate
1440 1160 1560 1187 afflueret
1579 1166 1605 1187 et
1625 1161 1792 1188 illaberetur:
1825 1170 1874 1188 nec

1086 1208 1182 1226 manus
1207 1207 1266 1224 esse
1290 1203 1410 1224 contenta
1437 1203 1525 1232 posset
1548 1198 1602 1224 ulla
1623 1199 1754 1225 vacuitate
1774 1198 1874 1225 doloris

1599 1235 1646 1262 Sin
1670 1240 1757 1262 autem
1768 1244 1874 1262 summa

1086 1274 1208 1309 voluptas
1219 1279 1268 1304 est,
1282 1278 1311 1300 ut
1321 1273 1437 1308 Epicuro
1448 1273 1542 1308 placet,
1557 1272 1624 1299 nihil
1635 1272 1738 1299 dolere:
1756 1274 1874 1308 primum

1085 1312 1135 1338 tibi
1147 1316 1224 1342 recte,
1238 1311 1398 1347 Clirysippe,
1411 1319 1568 1337 concessum
1579 1315 1629 1341 est,
1643 1310 1711 1337 nibil
1722 1310 1875 1337 desiderare

1085 1425 1156 1450 circo
1171 1424 1242 1449 enim
1260 1432 1311 1449 non
1327 1422 1504 1453 desideraret,
1521 1423 1595 1458 quia,
1607 1422 1680 1458 quod
1690 1421 1781 1449 dolore
1791 1427 1871 1453 caret.

1086 1461 1112 1487 id
1128 1462 1154 1487 in
1167 1460 1302 1495 voluptate
1314 1465 1363 1486 est.

1139 1498 1197 1524 XII.
1211 1499 1252 1524 40.
1267 1498 1424 1524 Extremum
1439 1501 1529 1523 autem
1539 1505 1598 1523 esse
1609 1496 1740 1523 honorum
1751 1495 1876 1531 volupta—

1674 1533 1875 1561 Constituamus

1085 1656 1133 1673 nec
1149 1646 1335 1682 impendente.-
1360 1654 1441 1681 quem
1457 1645 1564 1672 tandem
1581 1646 1631 1672 hoc
1645 1651 1715 1672 statu
1726 1645 1876 1680 praestabi-

1084 1730 1142 1748 esse
1159 1722 1231 1748 enim
1243 1729 1352 1747 necesse
1363 1725 1403 1746 est
1414 1721 1442 1746 in
1453 1728 1497 1750 eo,
1511 1721 1559 1755 qui
1570 1720 1606 1746 ita
1617 1720 1652 1746 sit
1661 1719 1780 1750 affectus.
1793 1724 1818 1746 et
1829 1720 1876 1746 fir-

1085 1760 1204 1785 mitatem
1225 1758 1321 1788 animi,
1344 1766 1392 1784 nec
1412 1762 1523 1783 mortem
1544 1765 1592 1783 uec
1607 1756 1726 1783 dolorem
1743 1757 1872 1788 timentis,

1084 1795 1157 1831 quod
1177 1804 1248 1822 mors
1267 1803 1349 1821 sensu
1364 1799 1464 1825 careat,
1491 1794 1567 1820 dolor
1581 1795 1609 1820 in
1625 1793 1820 1829 longinquitate
1837 1793 1875 1820 le-

1083 1834 1138 1864 vis,
1155 1833 1183 1859 in
1194 1833 1324 1868 gravitate
1338 1831 1428 1858 brevis
1439 1830 1523 1858 soleat
1533 1840 1607 1858 esse.-
1628 1836 1657 1857 ut
1666 1832 1726 1857 eius
1738 1832 1875 1867 magnitu-

1083 1870 1175 1897 dinem
1195 1869 1331 1900 celeritas,
1353 1869 1557 1895 diuturnitatem
1572 1868 1696 1894 allevatio
1711 1868 1872 1895 consoletur.

1083 1909 1124 1934 4⁴.
1146 1907 1187 1934 Ad
1205 1915 1234 1933 ea
1250 1915 1335 1942 quum
1354 1906 1469 1936 accedit.
1487 1910 1516 1932 ut
1531 1914 1618 1941 neque
1632 1905 1758 1932 divinum
1774 1914 1874 1932 numen

1084 1945 1200 1975 horreat,
1223 1952 1271 1970 nec
1287 1944 1442 1978 praeteritas
1457 1942 1608 1978 voluptates
1623 1942 1731 1969 effluere
1746 1943 1872 1977 patiatur,

1082 1990 1229 2016 earumque
1249 1981 1358 2008 assidua
1379 1980 1559 2007 recordatione
1580 1980 1704 2007 laetetur:
1735 1979 1803 2014 quid
1822 1985 1872 2010 est,

1082 2019 1155 2054 quod
1171 2019 1224 2045 huc
1239 2019 1337 2053 possit,
1354 2017 1427 2053 quod
1445 2017 1544 2044 melius
1555 2018 1602 2048 sit,
1621 2016 1765 2044 accedere?
1783 2016 1874 2044 Statue

1081 2062 1172 2083 contra
1192 2056 1310 2091 aliquem
1332 2055 1483 2082 confectum
1504 2055 1585 2081 tantis
1600 2055 1685 2081 animi
1699 2054 1873 2089 corporisque

1081 2093 1234 2124 doloribus,
1255 2093 1349 2128 quanti
1373 2093 1400 2119 in
1422 2092 1558 2119 hominem
1574 2092 1686 2118 maximi
1700 2091 1796 2118 cadere

1081 2135 1153 2162 sunt,
1167 2130 1240 2157 nulla
1252 2139 1300 2165 spe
1310 2130 1455 2165 proposita,
1468 2129 1523 2156 fore
1534 2129 1621 2156 levius
1632 2128 1786 2164 aliquando,
1797 2127 1873 2155 nulla

1081 2173 1216 2203 praeterea
1241 2176 1289 2194 nec
1314 2167 1449 2202 praesenti
1472 2175 1521 2193 nec
1545 2171 1696 2201 exspectata
1720 2165 1870 2200 voluptate:

1081 2205 1148 2240 quid
1172 2213 1203 2232 eo
1218 2205 1346 2231 miserius
1361 2204 1416 2230 dici
1432 2208 1477 2230 aut
1488 2203 1554 2239 fingi
1565 2202 1668 2238 potest?
1695 2201 1772 2235 Quod
1782 2203 1807 2228 si
1818 2203 1872 2228 vita

1081 2242 1220 2269 doloribus
1240 2241 1335 2268 referta
1355 2242 1473 2268 maxime
1497 2240 1625 2276 fugienda
1646 2245 1699 2267 est:
1732 2247 1871 2266 summum

1080 2279 1198 2314 profecto
1209 2278 1310 2305 malum
1321 2284 1374 2310 est,
1386 2279 1479 2304 vivere
1489 2286 1552 2304 cum
1563 2277 1663 2305 dolore.
1702 2276 1752 2303 Cui
1763 2281 1872 2303 senten-

1081 2317 1132 2343 tiae
1147 2321 1356 2343 consentaneum
1371 2320 1425 2346 est,
1442 2315 1569 2341 ultimum
1585 2323 1644 2342 esse
1654 2314 1794 2343 bonorum,
1807 2321 1871 2340 cum

1080 2353 1216 2388 voluptate
1227 2354 1330 2380 vivere.
1361 2353 1416 2379 Nec
1426 2353 1498 2378 enim
1511 2352 1591 2379 habet
1601 2355 1689 2378 nostra
1700 2358 1776 2376 mens
1787 2350 1871 2385 quid—

1080 2399 1176 2425 quam,
1194 2390 1242 2417 ubi
1258 2391 1399 2421 consistat,
1413 2395 1550 2424 tamquam
1561 2390 1588 2415 in
1599 2393 1731 2415 extremo:
1762 2396 1870 2414 omnes-

1079 2436 1132 2462 que
1147 2432 1173 2454 et
1188 2433 1276 2454 metus
1293 2432 1319 2454 et
1334 2426 1516 2463 aegritudines
1527 2426 1560 2452 ad
1570 2425 1689 2452 dolorem
1700 2423 1867 2451 reseruntur:

1079 2473 1128 2491 nec
1147 2470 1282 2499 praeterea
1297 2469 1337 2491 est
1352 2473 1394 2491 res
1410 2463 1478 2493 ulla,
1495 2471 1564 2498 quae
1574 2471 1623 2489 sua
1634 2467 1726 2488 natura
1738 2461 1870 2488 autsolli-

1079 2502 1160 2528 citare
1187 2502 1273 2536 possit
1297 2507 1343 2528 aut
1366 2508 1474 2536 angere.
1515 2501 1556 2526 42.
1582 2499 1718 2525 Praeterea
1739 2503 1765 2525 et
1786 2507 1870 2534 appe-

1078 2539 1152 2565 tendi
1163 2544 1189 2565 et
1199 2538 1352 2574 refugiendi
1361 2543 1387 2564 et
1396 2538 1506 2564 omnino
1516 2545 1606 2563 rerum
1620 2535 1800 2572 gerendarum
1815 2536 1870 2562 iui-

1078 2576 1112 2602 tia
1133 2575 1340 2610 proficiscuntur
1355 2579 1401 2601 aut
1415 2583 1429 2600 a
1443 2573 1578 2608 voluptate
1593 2579 1638 2599 aut
1649 2583 1663 2599 a
1676 2572 1777 2599 dolore.
1791 2572 1869 2605 Quod

1077 2621 1163 2647 quum
1179 2613 1215 2639 ita
1229 2613 1278 2643 sit,
1295 2612 1471 2647 perspicuum
1485 2615 1525 2636 est
1535 2619 1629 2637 omues
1639 2615 1724 2637 rectas
1735 2618 1778 2636 res
1787 2614 1868 2644 atque

1077 2649 1228 2676 laudabiles
1241 2658 1272 2676 eo
1284 2649 1385 2679 referri,
1399 2653 1428 2674 ut
1438 2656 1500 2674 cum
1515 2647 1651 2683 voluptate
1658 2649 1774 2674 vivatur.
1795 2646 1868 2679 Quo-
