1941 3052
463 140 516 166 DE
550 138 780 166 ORATORE
814 139 899 165 LIB.
934 139 976 165 111.

62 221 139 249 posse
153 212 254 243 docere,
271 212 323 238 nisi
337 216 366 237 ut
380 211 519 243 auderent3
546 211 619 246 quod
637 211 716 237 etiam
730 218 790 236 cum
805 209 854 236 bo-
879 210 881 213 “

61 252 103 278 nis
117 250 198 277 rebus
211 250 392 279 coniunctum,
404 257 452 283 per
465 257 493 274 se
506 249 597 283 ipsum
612 252 651 274 est
666 256 762 283 magno
775 255 853 281 opere

62 287 231 324 fugiendum.
264 287 318 312 Hoc
341 294 426 321 quum
446 294 531 312 unum
549 285 705 316 traderetur,
726 289 750 310 et
768 293 853 319 quum
880 282 882 287 ¹

61 325 244 360 impudentiae
268 323 348 349 ludus
371 327 449 353 esset,
475 324 568 357 putavi
590 331 649 349 esse
670 322 796 353 censoriS,
822 329 854 347 ne

63 362 169 398 longius
188 361 216 388 id
233 365 357 395 serperet,
379 360 528 394 providere.
563 361 604 386 95.
619 359 787 394 Quamquam
802 367 853 385 non

63 400 127 426 haee
140 400 175 425 ita
190 403 276 425 statuo
291 402 370 432 atque
384 398 543 428 deeerno‚ut
555 397 803 432 desperem‚Latine
813 404 851 426 ea,
882 402 883 411 ¹

63 437 96 463 de
114 436 215 471 quibus
234 435 442 470 disputavimus,
463 434 530 461 tradi
549 443 579 460 ac
592 434 731 469 perpoliri,
756 434 855 468 patitur

63 474 135 500 enim
153 478 178 499 et
196 473 287 508 lingua
301 476 388 498 nostra
402 476 427 498 et
441 476 534 498 natura
548 480 634 498 rerum
651 475 766 497 veterem
781 470 854 496 illam

64 510 291 545 excellentemque
309 509 478 544 prudentiam
497 509 657 536 Graecorum
680 507 712 533 ad
735 512 854 533 nostrum

65 557 144 575 usum
159 556 313 582 moremque
328 546 478 579 transferri,
505 546 553 572 sed
566 545 720 572 hominibus
734 553 802 578 opus
816 548 856 570 est

65 585 185 616 eruditis,
202 585 249 620 qui
264 584 352 610 adhuc
364 585 392 610 in
406 584 456 610 hoc
465 583 575 618 quidem
586 591 682 618 genere
693 581 775 607 nostri
787 581 855 607 nulli

64 622 185 655 fuerunt,
214 623 256 648 sin
269 621 377 657 quando
390 621 546 651 exstiterint,
563 621 641 646 etiam
657 619 764 646 Graecis
778 623 856 644 erunt

64 659 251 694 anteponendi.

120 697 205 724 XXV.
221 698 262 723 96.
278 695 392 723 Ornatur
405 695 488 730 igitur
501 694 583 720 oratio
595 702 691 729 genere
702 693 819 728 primum
830 697 855 718 et

64 735 142 770 quasi
156 734 241 761 colore
255 733 371 768 quodam
385 736 410 758 et
423 740 502 758 succo
516 740 575 757 suo.
598 732 663 756 Nam
678 735 707 756 ut
720 730 856 765 gravis,ut

65 773 166 803 suavis,
187 776 216 797 ut
229 770 333 797 erudita
346 770 388 800 sit,
405 774 435 795 ut
449 768 576 799 liberalis,
592 772 622 794 ut
635 767 809 798 admirabilis,
826 771 855 793 ut

64 809 155 844 polita,
175 812 205 835 ut
223 816 328 840 sensus,
348 812 378 833 ut
396 806 500 833 dolores
519 806 622 836 habeat,
642 809 773 840 quantum
787 813 855 838 opus

64 847 107 877 sit,
121 855 173 872 non
187 850 226 872 est
239 844 408 881 singulorum
422 843 608 876 articulorum,
630 843 658 869 in
672 847 724 869 toto
734 846 857 876 spectan-

65 888 109 910 tur
125 883 189 910 haec
207 891 325 918 corpore.
359 882 392 908 Ut
410 890 487 916 porro
502 889 644 915 conspersa
658 880 693 906 sit
706 880 783 914 quasi
798 887 858 904 ver-

65 921 160 947 borum
179 921 424 954 sententiarumque
441 918 565 951 ssoribns;
592 918 619 944 id
638 926 690 943 non
708 917 787 943 debet
800 925 858 942 esse

65 957 157 984 fusum
171 957 346 993 aequabiliter
359 966 406 992 per
419 964 526 983 omnem
540 956 693 985 orationem,
710 954 756 980 sed
770 954 804 979 ita
817 953 858 979 di-

65 996 202 1027 stinctum,
218 1000 248 1022 ut
261 995 323 1026 sint,
339 995 417 1030 quasi
430 995 458 1020 in
472 993 712 1027 ornatu,disp0sita
726 991 857 1026 quaedam
885 1010 886 1016 ,

64 1033 180 1068 insignia
198 1037 224 1059 et
242 1032 353 1059 lumina.
376 1032 417 1057 97.
434 1031 526 1058 Genus
539 1031 622 1066 igitur
636 1029 742 1055 dicendi
756 1033 796 1054 est
810 1028 859 1054 eli-

64 1070 192 1106 gendum,
200 1070 273 1105 quod
283 1070 398 1096 maxime
409 1072 495 1095 teneat
505 1067 609 1103 eos,qui
620 1067 737 1097 audiant,
750 1071 774 1092 et
785 1065 858 1100 quod

66 1116 118 1134 non
131 1107 219 1134 solum
233 1107 353 1138 delectet,
374 1106 421 1133 sed
435 1106 514 1132 etiam
528 1106 585 1131 sine
600 1105 718 1131 satietate
731 1102 856 1129 delectet:

66 1153 118 1171 non
136 1145 207 1171 enim
226 1153 240 1171 a
258 1153 300 1172 me
317 1145 370 1171 iam
389 1143 535 1178 exspectari
549 1147 622 1177 puto,
640 1146 669 1168 ut
682 1149 812 1171 moneam,
830 1144 859 1166 ut

66 1183 189 1214 caveatis,
214 1191 247 1209 ne
269 1181 356 1213 exilis,
382 1189 415 1208 ne
436 1180 537 1207 inculta
561 1181 595 1206 sit
613 1183 699 1205 vestra
718 1179 807 1209 oratio,
826 1186 858 1203 ne

65 1219 193 1255 vulgaris,
210 1228 243 1246 ne
256 1219 387 1252 obsoleta;
413 1218 487 1245 aliud
500 1217 629 1253 quiddam
644 1217 730 1242 maius
744 1220 770 1241 et
784 1215 859 1250 inge-

66 1257 108 1283 nia
123 1265 165 1283 me
179 1257 317 1284 hortantur
330 1260 418 1283 vestra
431 1259 457 1282 et
470 1259 576 1282 aetates.
603 1256 644 1280 98.
660 1252 772 1280 Difficile
786 1253 857 1278 enim

66 1293 139 1320 dictu
158 1299 206 1325 est,
227 1303 358 1329 quaenam
377 1302 471 1320 caussa
484 1293 527 1324 sit,
543 1301 591 1318 cur
605 1300 643 1323 ea,
660 1299 728 1326 quac
743 1290 858 1316 maxime

66 1340 162 1358 sensus
185 1336 288 1358 nostros
309 1330 453 1366 impellunt
474 1329 610 1364 voluptate
627 1333 652 1355 et
670 1328 759 1362 specie
773 1328 858 1362 prima

66 1369 192 1395 acerrime
214 1373 390 1399 commovent,
414 1368 447 1393 ab
465 1368 499 1393 iis
517 1366 654 1393 celerrime
671 1365 777 1392 fastidio
791 1373 860 1399 quo-

65 1406 127 1432 dam
146 1410 171 1432 et
188 1407 306 1433 satietate
324 1405 515 1432 abalienemur.
548 1403 652 1436 Quanto
665 1402 783 1429 colorum
798 1401 860 1436 pul-

66 1443 218 1470 chritudine
236 1448 261 1470 et
274 1444 399 1470 varietate
417 1441 549 1468 floridiora
567 1445 630 1467 sunt
643 1441 670 1466 in
685 1440 797 1475 picturis
812 1447 859 1465 no-

65 1481 107 1507 vis
122 1481 258 1516 pleraque,
271 1489 352 1516 quam
364 1481 390 1506 in
402 1479 551 1506 veteribus!
567 1486 635 1513 quae
646 1483 742 1508 tamen,
755 1476 859 1502 etiamsi

65 1518 153 1553 primo
171 1523 281 1553 aspectu
300 1527 348 1545 nos
366 1521 507 1552 ceperunt,
528 1516 631 1542 diutius
647 1524 698 1541 non
712 1514 857 1545 delectant3

66 1564 151 1590 quum
172 1556 252 1582 iidem
271 1564 319 1582 nos
333 1555 360 1581 in
375 1554 493 1589 antiquis
507 1553 606 1579 tabulis
620 1552 666 1578 illo
680 1553 739 1586 ipso
753 1550 860 1577 horrido

66 1592 238 1628 obsoletoque
252 1597 399 1619 teneamur.
433 1591 537 1623 Quanto
552 1590 684 1616 molliores
698 1593 762 1615 sunt
775 1593 800 1614 et
814 1588 861 1613 de-

68 1629 197 1656 licatiores
215 1630 243 1656 in
261 1634 340 1656 cantu
358 1629 484 1655 flexiones
503 1632 528 1654 et
548 1627 630 1653 salsae
644 1626 762 1656 voculae,
778 1634 860 1660 quam

66 1672 151 1694 certae
170 1671 195 1694 et
212 1668 332 1694 severae!
362 1666 463 1702 quibus
481 1670 569 1692 tamen
587 1673 639 1691 non
659 1663 737 1690 modo
751 1663 858 1693 austeri,

67 1704 122 1736 sed,
139 1706 162 1731 si
176 1705 284 1739 saepius
298 1704 373 1735 fiunt,
390 1703 534 1730 multitudo
547 1703 606 1737 ipsa
616 1701 750 1728 reclamat.
766 1702 807 1726 99.
817 1700 862 1725 Li-

67 1746 108 1768 cet
121 1742 170 1768 hoc
184 1742 274 1768 videre
288 1743 315 1768 in
329 1742 441 1776 reliquis
455 1740 589 1771 sensibus,
611 1738 756 1775 unguentis
770 1738 860 1763 minus

67 1779 115 1806 diu
134 1788 181 1806 nos
195 1779 328 1810 delectari,
349 1787 455 1805 summa
473 1783 499 1804 et
512 1778 639 1804 acerrima
653 1776 784 1803 suavitate
798 1783 862 1801 con-

68 1816 139 1848 ditis,
156 1825 237 1852 quam
251 1817 294 1843 his
309 1817 460 1847 moderatis,
477 1820 502 1842 et
516 1815 601 1850 magis
616 1813 807 1848 laudari,quod
818 1821 862 1838 ce—

68 1862 132 1886 ram,
141 1863 222 1889 quam
236 1854 308 1889 quod
320 1863 426 1880 crocum
436 1853 505 1880 olere
517 1853 652 1884 videatur,
677 1852 705 1878 in
720 1852 779 1886 ipso
790 1854 861 1876 tactu

69 1899 126 1918 esse
140 1891 250 1918 modum
269 1896 294 1918 et
308 1891 485 1918 mollitudinis
499 1894 524 1916 et
539 1890 662 1916 levitatis.
697 1888 767 1921 Quin
782 1888 860 1914 etiam

68 1933 199 1965 gustatus,
219 1929 267 1964 qui
286 1933 326 1955 est
343 1937 439 1954 sensus
459 1937 492 1954 ex
509 1927 635 1954 omnibus
654 1927 769 1953 maxime
785 1925 861 1951 volu-

68 1966 178 2001 ptarius,
204 1967 306 2002 quique
329 1965 496 1992 dulcitudine
519 1969 622 1999 praeter
643 1968 743 1990 ceteros
765 1971 861 1989 sensus

68 2008 258 2035 commovetur,
283 2012 364 2038 quam
387 2003 439 2029 cito
459 2002 496 2033 id,
521 2001 594 2036 quod
613 2001 690 2028 valde
713 2001 792 2027 dulce
810 2004 858 2031 est,
883 2001 891 2031 ,1

69 2045 224 2076 aspernatur
238 2049 267 2067 ac
282 2041 397 2075 respuit!
413 2039 479 2072 Quis
494 2040 599 2074 potione
613 2039 651 2065 uti
663 2043 708 2065 aut
718 2038 778 2064 cibo
788 2037 860 2063 dulci

69 2077 170 2104 diutius
185 2077 288 2113 potest?
309 2086 394 2112 quum
410 2081 522 2112 utroque
536 2077 563 2102 in
577 2085 673 2112 genere
687 2085 725 2107 ea,
741 2084 810 2110 quae
825 2074 863 2100 le-

69 2115 136 2142 viter
159 2123 269 2142 sensum
294 2114 427 2149 voluptate
450 2117 581 2145 moveant,
611 2113 736 2140 facillime
760 2112 863 2148 fugiant

69 2153 225 2179 satietatem.
261 2154 318 2178 ⁴00.
338 2152 382 2178 Sic
399 2151 525 2178 omnibus
544 2151 571 2177 in
585 2151 665 2177 rebus
680 2150 862 2185 voluptatibus

70 2190 194 2216 maximis
209 2189 346 2216 fastidium
362 2189 506 2216 finitimum
523 2192 576 2220 est,
599 2197 653 2223 quo
667 2188 716 2214 hoc
731 2188 821 2213 minus
835 2187 862 2213 in

70 2227 184 2254 oratione
204 2228 346 2259 miremur,
369 2227 396 2253 in
414 2235 467 2261 qua
483 2225 523 2252 vel
538 2234 571 2252 ex
586 2225 671 2261 poetis
687 2224 738 2261 [vel
753 2224 864 2251 oratori-

70 2263 131 2301 bus]
151 2273 297 2300 possumus
316 2264 433 2290 iudicare
450 2263 617 2294 concinnam,
638 2263 800 2293 distinctam,
820 2271 863 2288 or-
884 2291 885 2299 ἵ

71 2305 166 2333 natam.
188 2301 320 2333 festivam,
341 2302 399 2328 sine
416 2300 621 2332 intermissione,
642 2301 700 2327 sine
719 2300 863 2334 reprehen-

71 2339 153 2370 sione,
169 2340 226 2366 sine
241 2339 374 2370 varietate,
394 2338 519 2373 quamvis
533 2337 612 2364 claris
626 2338 661 2364 sit
673 2337 807 2364 coloribus
822 2337 864 2371 pi-

71 2381 110 2402 cta
130 2375 182 2413 [vel
201 2377 290 2411 poesis
309 2376 351 2402 vel
369 2374 472 2411 oratio],
490 2384 540 2401 non
556 2383 634 2409 posse
648 2375 675 2401 in
690 2374 863 2401 delectatione

71 2421 129 2440 esse
141 2413 278 2440 diuturna.
300 2414 387 2449 Atque
402 2422 432 2439 eo
445 2413 525 2439 citius
539 2413 566 2438 in
580 2412 690 2438 oratoris
704 2416 749 2438 aut
762 2412 790 2438 in
801 2420 865 2446 poe·
884 2423 893 2449 ῃ

72 2454 111 2477 tae
124 2451 255 2478 cincinnis
269 2459 298 2477 ac
312 2450 374 2477 fuco
385 2450 535 2480 offenditur,
547 2450 620 2484 quod
634 2458 729 2475 sensus
745 2449 771 2475 in
783 2449 863 2475 nimia

73 2487 205 2523 voluptate
224 2493 325 2520 natura,
347 2497 399 2515 non
413 2492 501 2514 mente
515 2487 657 2519 satiantur;
678 2487 704 2512 in
719 2487 825 2521 scriptis
839 2490 865 2512 et

71 2525 99 2551 in
117 2525 194 2552 dictis
213 2534 264 2552 non
278 2525 384 2552 aurium
398 2525 495 2556 solum,
512 2524 559 2550 sed
574 2524 655 2550 animi
670 2523 771 2550 iudicio
784 2524 863 2549 etiam

73 2563 165 2599 magis.
181 2562 297 2589 infucata
312 2563 375 2589 vitia
390 2566 545 2589 noscuntur.
579 2561 676 2588 xxvt.
694 2562 750 2587 ⁴0¹.
766 2560 861 2593 Quare,

73 2600 138 2630 bene,
146 2604 171 2626 et
178 2600 451 2635 praeclaro‚quan1vis
463 2599 539 2625 nobis
549 2607 628 2633 saepo
638 2598 754 2631 dicatur3
763 2599 831 2627 belle,
840 2602 864 2624 et

72 2638 166 2669 festive,
175 2637 289 2664 nimium
300 2646 379 2672 saepe
391 2637 459 2663 nolo.
471 2636 638 2671 Quamquam
651 2635 696 2661 illa
707 2636 764 2670 ipsa
776 2635 864 2661 exelu-

74 2674 165 2700 matio:
183 2675 239 2701 Non
249 2679 331 2708 potest
345 2676 443 2706 melius,
455 2675 490 2701 sit
500 2673 580 2700 velim
591 2673 696 2705 erebi-213
712 2673 758 2699 sed
771 2673 864 2699 habeat

1012 138 1109 165 CAP.

1144 139 1175 164 22
1195 153 1231 156 —
1253 138 1293 163 ΞΤ.
1648 138 1694 162 ⁴235

905 214 991 236 tamen
1005 209 1050 235 illa
1065 209 1091 235 in
1105 208 1218 235 dicendo
1231 207 1370 234 admiratio
1384 215 1413 233 ac
1431 215 1536 232 summa
1558 206 1615 232 laus
1635 215 1695 232 um-

880 272 882 276 ,
905 247 978 272 bram
993 246 1110 281 aliquam
1125 251 1150 272 et
1164 254 1370 280 recessum,quo
1381 245 1466 279 magis
1478 243 1594 278 id‚quod
1605 245 1652 269 erit
1663 244 1696 269 il-

905 284 1074 314 luminatum,
1083 288 1185 310 exstare
1196 287 1275 317 atque
1286 283 1401 308 eminere
1408 281 1538 307 videatur.
1551 281 1697 306 40⁴2.Num-

905 330 985 356 quam
997 322 1051 356 agit
1061 321 1133 347 hune
1148 329 1255 346 versum
1268 320 1380 346 Roscius
1394 328 1424 345 eo
1433 323 1520 354 gestu,
1533 327 1587 353 quo
1600 323 1694 352 potest,

943 359 1010 384 Νάνη
1023 361 1125 391 sapiens
1137 360 1230 384 virtuli
1242 360 1359 383 honorem
1372 358 1523 390 praemium,
1539 358 1608 381 haud
1619 364 1697 388 prae-

1395 396 1453 419 riam
1465 396 1540 426 petit.-

906 437 953 463 sed
968 437 1058 463 abiicit
1071 445 1189 472 prorsus,
1207 441 1236 462 ut
1249 437 1276 462 in
1291 436 1426 470 proximos

943 475 1042 507 Ecquid
1055 474 1147 501 video?
1166 477 1235 507 ser-ro
1248 478 1332 506 septus
1344 475 1455 505 possidet
1467 474 1537 498 sede's
1549 480 1648 500 sacras,

906 511 1018 543 incidat,
1044 512 1166 546 aspiciat,
1191 511 1349 541 admiretur,
1376 513 1520 544 stupescat.
1559 508 1629 540 Quid
1653 508 1698 534 ille

907 549 984 575 alter:

946 595 1014 626 Quid
1024 599 1109 627 petam
1121 592 1255 627 praesidi?

883 645 884 652 ι
908 640 989 666 quam
1004 631 1106 662 leniter,
1123 639 1204 665 quam
1219 631 1338 661 remisse,
1354 638 1435 664 quani
1451 638 1501 655 non
1517 629 1636 655 actuose!
1658 628 1699 653 in-

907 673 957 695 stat
971 669 1042 694 enim

946 714 967 741 O
978 717 1061 747 pater,
1083 723 1097 739 o
1109 715 1206 745 patria,
1227 721 1241 738 ο
1255 713 1352 738 Priami
1365 713 1467 737 domus!

907 752 935 777 in
956 760 1010 786 quo
1034 755 1103 777 tanta
1126 750 1286 775 commoveri
1311 750 1377 775 actio
1400 758 1451 775 non
1471 753 1568 782 posset,
1588 749 1611 774 si
1630 753 1697 774 esset

884 803 885 818 1
907 793 1064 823 consumpta
1087 788 1224 821 superiore
1246 791 1318 813 motu
1342 791 1367 812 et
1389 786 1527 812 exhausta.
1563 786 1654 820 Neque
1672 785 1699 810 id

876 837 878 856 ¹,
907 831 1007 852 actores
1021 826 1096 860 prius
1110 824 1243 853 viderunt,
1259 833 1340 858 quam
1354 824 1407 858 ipsi
1421 828 1610 857 poetae,quam
1624 822 1700 848 deni-

908 872 961 898 que
975 863 1015 889 illi
1029 863 1117 893 etiam,
1134 863 1182 896 qui
1196 861 1314 887 fecerunt
1329 861 1430 891 modos,
1443 869 1456 886 a
1467 860 1567 895 quibus
1580 860 1700 893 utrisque

908 901 1085 927 summittitur
1099 899 1209 934 aliquid,
1226 898 1321 924 deinde
1335 903 1459 933 augetur,
1476 902 1642 927 extenuatur,
1660 898 1701 922 in-

908 937 993 968 flatur,
1010 938 1135 967 variatur,
1152 936 1337 971 distinguitur.
1362 937 1417 961 103.
1434 936 1470 961 Ita
1484 935 1518 961 sit
1529 934 1605 961 nobis
1620 935 1701 969 igitur

909 979 1016 1002 ornatus
1027 979 1053 1000 et
1063 974 1156 1000 suavis
1167 978 1259 1004 orator,
1272 974 1329 1008 (nec
1340 978 1428 999 tamen
1440 977 1525 1007 potest
1536 972 1610 998 aliter
1621 972 1701 1005 esse.)

911 1017 939 1039 ut
957 1013 1115 1038 suavitatem
1134 1011 1229 1037 habeat
1247 1015 1377 1037 austeram
1397 1014 1422 1036 et
1436 1009 1557 1039 solidam,
1575 1018 1626 1035 non
1640 1008 1701 1034 dul-

909 1059 967 1076 cem
986 1054 1065 1084 atque
1085 1049 1229 1075 decoctam.
1263 1049 1330 1074 Nam
1344 1048 1402 1082 ipsa
1416 1047 1449 1073 ad
1463 1046 1611 1073 ornandum
1626 1054 1702 1080 prae—

909 1092 993 1122 cepta,
1019 1095 1088 1122 quae
1106 1086 1211 1117 dantur,
1237 1085 1367 1111 eiusmodi
1386 1089 1458 1115 sunt,
1479 1089 1508 1110 ut
1522 1093 1560 1114 ea,
1577 1084 1701 1118 quamvis

910 1125 1102 1151 vitiosissimus
1115 1128 1209 1154 orator,
1226 1123 1358 1158 explicare
1372 1122 1466 1156 possit.
1488 1122 1582 1153 Quare,
1600 1126 1629 1147 ut
1643 1126 1702 1146 ante

909 1162 974 1193 dixi,
991 1162 1109 1197 primum
1124 1160 1192 1187 silva
1206 1169 1293 1186 rerum
1305 1169 1334 1186 ac
1344 1160 1534 1185 sententiarum
1546 1167 1702 1193 comparan-

909 1200 941 1225 da
956 1204 1004 1231 est,
1024 1208 1078 1234 qua
1092 1198 1124 1225 de
1138 1202 1212 1233 parte
1226 1197 1294 1224 dixit
1307 1197 1448 1223 Antonius.
1483 1197 1550 1222 Haec
1565 1195 1701 1222 formanda

911 1237 955 1263 tilo
974 1238 1032 1272 ipso
1050 1241 1075 1262 et
1088 1244 1184 1272 genere
1200 1236 1334 1265 orationis,
1350 1233 1526 1260 illuminanda
1542 1234 1639 1263 verbis,
1657 1242 1701 1258 va-

910 1275 1000 1301 rianda
1014 1274 1162 1300 sententiis.

967 1329 1023 1355 ⁴04.
1044 1328 1155 1354 Summa
1169 1332 1257 1354 autem
1272 1327 1329 1353 laus
1343 1326 1509 1361 eloquentiae
1524 1329 1571 1355 est,
1588 1324 1703 1359 ampliti-

909 1374 967 1392 care
992 1374 1047 1392 rem
1065 1365 1191 1396 ornando,
1212 1364 1284 1400 quod
1302 1364 1372 1390 valet
1389 1372 1441 1390 non
1455 1362 1542 1389 solum
1557 1362 1589 1388 ad
1604 1370 1704 1397 augen—

910 1403 975 1429 dum
994 1403 1097 1437 aliquid
1115 1407 1141 1429 et
1158 1402 1306 1429 tollendum
1325 1401 1404 1427 altius
1422 1400 1542 1430 dicendo,
1563 1399 1703 1425 sedetiam

910 1440 942 1466 ad
957 1440 1155 1466 extenuandum
1170 1444 1249 1474 atque
1263 1438 1452 1465 abiiciendum.
1487 1437 1595 1463 xxvn.
1616 1436 1644 1462 Id
1658 1436 1704 1462 de-

911 1478 1042 1504 sideratur
1059 1477 1184 1503 omnibus
1202 1478 1236 1503 iis
1254 1477 1281 1502 in
1298 1476 1370 1506 loeis,
1386 1484 1454 1510 quos
1468 1475 1501 1500 ad
1516 1474 1593 1500 tidem
1609 1474 1704 1500 oratio-

911 1516 952 1541 nis
969 1514 1115 1541 faciendam
1130 1514 1250 1540 adhiberi
1266 1513 1333 1539 dixit
1347 1513 1487 1541 Antonius.
1505 1512 1545 1537 vel
1558 1520 1642 1546 quum
1657 1519 1705 1536 ex-

887 1566 888 1569 =
911 1552 1051 1587 planamus
1070 1551 1172 1586 aliquid
1190 1551 1231 1577 vel
1251 1559 1335 1585 quum
1353 1550 1526 1576 conciliamus
1545 1549 1647 1574 animos
1664 1547 1702 1573 vel

888 1638 889 1647 ι

888 1703 890 1711 ⁴

888 1714 890 1730 l

889 1735 890 1747 1

889 1750 890 1768 1

889 1769 890 1784 1

889 1801 890 1809 l

910 1598 996 1624 quum
1010 1590 1184 1615 concitamus.
1206 1590 1262 1614 ⁴05.
1279 1588 1331 1614 Sed
1346 1588 1372 1614 in
1387 1588 1444 1617 hoc,
1453 1587 1524 1621 quod
1541 1591 1703 1620 postremum

911 1627 976 1658 dixi,
1002 1626 1172 1661 amplificatio
1190 1630 1276 1661 potest
1294 1624 1450 1659 plurimum,
1477 1632 1560 1658 eaque
1580 1632 1630 1648 una
1647 1622 1704 1648 laus

910 1665 1021 1692 oratoris
1035 1668 1075 1690 est
1088 1664 1193 1699 propria
1208 1663 1333 1689 maxime.
1349 1662 1435 1688 Etiam
1451 1662 1533 1687 maior
1547 1666 1584 1686 cst
1600 1660 1643 1686 illa
1658 1668 1704 1685 ex-

911 1702 1037 1733 ercitatio,
1058 1710 1139 1736 quam
1158 1705 1275 1727 extremo
1293 1708 1414 1726 sermone
1433 1698 1558 1724 instruxit
1574 1698 1704 1723 Antonius

911 1739 1008 1774 (primo
1022 1738 1166 1773 reiiciebat)
1185 1737 1311 1764 laudandi
1325 1741 1350 1763 et
1363 1736 1542 1770 vituperandi.
1580 1735 1651 1761 Nihil
1666 1740 1705 1760 est

912 1777 983 1803 enim
1002 1776 1035 1803 ad
1054 1775 1266 1811 exaggerandam
1284 1779 1310 1800 et
1327 1773 1541 1809 amplificandam
1560 1773 1703 1798 orationem

912 1813 1145 1844 accommodatius,
1170 1822 1251 1848 quam
1274 1817 1425 1846 utrumque,
1439 1811 1534 1837 horum
1548 1810 1706 1836 cumulatis—

912 1852 979 1877 sime
994 1851 1078 1877 l'acere
1093 1859 1180 1885 posse.
1209 1852 1265 1876 ⁴06.
1281 1849 1484 1884 Consequentur
1497 1848 1575 1874 etiam
1591 1847 1630 1873 illi
1646 1846 1703 1873 loci.

889 1886 890 1917 1
912 1889 969 1924 qui,
985 1897 1150 1924 quamquam
1170 1887 1271 1922 proprii
1288 1894 1443 1913 caussarum
1458 1890 1484 1912 et
1498 1885 1664 1911 inhaerentes
1680 1884 1705 1910 in

913 1935 1004 1953 earum
1019 1934 1108 1952 nervis
1122 1934 1181 1951 esse
1195 1925 1300 1955 debent,
1314 1923 1482 1958 tamen,quia
1496 1922 1528 1949 de
1544 1923 1667 1948 universa
1680 1930 1706 1947 re

913 1964 1017 1990 tractari
1032 1963 1126 1994 solent,
1142 1970 1299 1989 communes
1313 1970 1327 1988 a
1341 1961 1476 1988 veteribus
1490 1960 1617 1986 nominati
1628 1964 1704 1986 sunt:

913 2009 1028 2036 quorum
1043 2001 1138 2036 partim
1153 2000 1251 2026 habent
1264 1999 1390 2025 vitiorum
1405 2003 1429 2025 et
1444 2002 1610 2033 peccatorum
1621 2005 1706 2022 aerem

913 2038 1057 2074 quamdam
1075 2047 1137 2064 cum
1156 2036 1359 2072 amplificatione
1377 2036 1568 2062 incusationem
1584 2039 1628 2060 aut
1642 2043 1707 2069 que-

913 2075 1004 2107 relam,
1025 2079 1113 2102 contra
1131 2083 1212 2110 quam
1231 2074 1284 2100 dici
1303 2073 1369 2100 nihil
1384 2073 1450 2100 solet
1465 2082 1512 2098 nee
1527 2077 1620 2106 potest,
1638 2076 1665 2097 ut
1681 2072 1706 2096 in

913 2113 1136 2148 depeculatorem,
1154 2113 1180 2138 in
1195 2111 1364 2147 proditorem,
1376 2112 1403 2137 in
1418 2110 1589 2145 parricidaniz
1606 2109 1708 2143 quibus

915 2151 1132 2181 uti,conlirmatis
1146 2149 1436 2183 criminibusoportet:
1453 2147 1527 2173 aliter
1542 2148 1611 2172 enini
1625 2147 1706 2172 ieiuni

914 2192 977 2214 sunt
990 2192 1069 2222 atque
1084 2188 1189 2219 inanes,
1208 2186 1316 2212 tomani
1331 2190 1418 2212 autem
1435 2185 1531 2211 habent
1546 2184 1707 2218 ‹leprecatio-

914 2234 974 2252 nem
989 2230 1034 2251 aut
1048 2225 1258 2255 miserationem
1275 2223 1319 2249 alii
1335 2231 1396 2249 vero
1410 2222 1538 2256 ancipites
1549 2221 1708 2255 ‹lisputatio-

915 2271 970 2293 neS,
992 2263 1019 2289 in
1037 2262 1138 2297 quibus
1156 2261 1189 2287 de
1205 2262 1329 2287 universo
1342 2268 1438 2296 genere
1453 2260 1478 2285 in
1494 2264 1633 2292 utramque
1649 2266 1708 2292 pnr-

915 2305 967 2326 tcm
981 2300 1076 2326 disseri
1090 2300 1196 2333 copiose
1211 2298 1280 2324 licct.
1310 2298 1383 2330 Quae
1397 2297 1549 2323 exercitatio
1563 2304 1633 2321 nune
1648 2303 1707 2328 pro—

915 2338 970 2372 pria
994 2337 1107 2363 duarum
1132 2335 1372 2371 pliilosopliiarum,
1397 2334 1429 2360 de
1447 2333 1548 2368 quilius
1566 2337 1625 2358 ante
1639 2332 1705 2358 dixi.

916 2379 1036 2409 putatur;
1059 2373 1130 2408 apud
1149 2374 1272 2408 antiquos
1290 2377 1344 2398 crat
1362 2380 1462 2400 eorum,
1479 2380 1492 2396 a
1507 2370 1607 2404 quibus
1621 2370 1708 2395 omnis

915 2412 947 2437 de
966 2411 1046 2437 robus
1066 2410 1217 2436 forensibus
1231 2409 1336 2435 ‹lieendi
1353 2409 1418 2435 ratio
1431 2413 1456 2434 et
1469 2408 1543 2442 eopia
1559 2407 1706 2441 petebatur.

916 2450 950 2474 De
970 2449 1066 2474 virtute
1085 2448 1165 2478 enim,
1181 2447 1214 2473 dc
1228 2446 1324 2476 ostii-in,
1340 2446 1373 2472 de
1387 2454 1473 2480 aequo
1486 2450 1510 2470 et
1526 2445 1602 2473 bono,
1619 2444 1651 2470 de
1665 2444 1708 2470 di-

915 2486 1023 2519 gnitate,
1041 2485 1162 2515 utilitate,
1179 2484 1286 2515 honore,
1303 2483 1458 2518 ignominia,
1475 2482 1599 2516 praemio,
1614 2490 1706 2516 poena,

915 2520 1106 2557 similibusque
1127 2522 1160 2548 do
1184 2521 1264 2547 rebus
1288 2521 1314 2547 in
1330 2525 1470 2555 utramque
1489 2524 1587 2554 purtem
1601 2518 1707 2544 dicendi

915 2561 1018 2586 animos
1036 2564 1061 2586 et
1080 2560 1134 2585 vim
1153 2564 1178 2585 et
1196 2563 1278 2585 artem
1293 2558 1388 2584 habere.
1402 2558 1540 2583 debemus.
1578 2558 1632 2582 ⁴08.
1656 2556 1707 2581 Sed

915 2598 1041 2632 quoniam
1056 2597 1089 2623 (le
1104 2601 1190 2623 nostra
1205 2596 1373 2631 possessione
1387 2595 1492 2630 depulsi
1508 2595 1534 2620 in
1549 2602 1630 2628 parvo
1644 2598 1666 2619 et
1678 2602 1709 2618 eo

917 2634 1031 2669 litigioso
1056 2634 1189 2669 praediolo
1212 2633 1295 2659 relicti
1319 2641 1414 2658 sumus
1432 2637 1456 2658 et
1474 2631 1587 2658 aliorum
1607 2632 1707 2666 patroni

917 2676 1003 2698 nostra
1027 2676 1114 2698 tenere
1138 2672 1261 2706 tuerique
1284 2679 1334 2697 non
1354 2671 1503 2705 potuimus:
1527 2669 1560 2694 ul)
1579 2670 1619 2695 iis.
1636 2669 1707 2702 ιμιιιιι
