1941 3052
216 137 261 161 ΠΗ
787 137 827 161 m.
864 136 896 161 M.
933 135 961 161 T.

215 207 334 232 onmium
353 205 481 231 bellorum
498 214 606 230 caussae
623 214 652 231 νγ
671 205 831 239 reipublivm·
843 206 1008 231 contentione

217 249 290 269 natue
302 248 373 269 suut.
415 244 448 268 bs·
466 244 585 276 prnxinm
602 242 754 268 belim-ivili
769 252 817 268 non
832 243 895 268 libet
906 242 1005 268 dicere:

217 282 307 312 ignoro
318 289 452 305 ‹uitis-ant:
467 280 581 305 ‹lena-ator
591 280 703 305 exitum.

215 318 338 352 ‹piintum
354 317 432 342 viui«.-
448 318 561 350 geritur:
584 317 672 350 (atque
688 317 774 342 omnia
792 318 818 342 in
835 322 950 343 nostrum
965 326 1007 343 ae-

216 360 292 380 tatu-m
312 354 480 387 ins-iderunt.)
498 354 612 387 primum
633 363 683 379 non
701 353 778 379 modo
793 364 844 380 non
863 355 888 380 in
904 354 1009 380 ‹lissen-
1036 363 1037 391 ζ

215 393 288 417 sion:-
300 396 324 416 et
335 390 465 416 ‹list-ordin
478 391 592 421 civium,
610 391 656 416 sed
671 391 695 417 in
709 392 822 417 maxima
835 392 1008 417 consensione

217 428 419 462 itu-redibiliqnc
436 428 583 453 eoncordia.
624 429 724 453 Omnes
741 428 810 454 idem
824 428 924 458 volunt,
938 428 1007 454 idi-m

215 465 369 494 defendunt,
385 466 446 490 item
459 465 587 491 sentiunt.
622 467 710 497 Quum
723 474 815 492 omnes
826 466 894 495 (lieo,
907 475 952 492 eos
963 475 1010 492 ex-

214 503 292 536 ‹·ipi0,
306 511 372 536 quos
389 510 465 528 numo
475 503 581 528 visitate
592 502 687 538 dignos
701 508 783 537 putat.
824 504 897 535 Quae
908 508 947 529 est
960 504 1010 537 igi-

216 545 257 565 ιιιι·
272 540 296 565 in
311 539 397 564 medin
409 539 470 564 belli
483 548 576 565 caussa
590 540 693 574 posita?
713 541 766 566 Nos
777 540 887 566 deorum
901 541 1010 567 immor-

216 577 306 602 talium
320 576 426 611 templa,
441 586 487 602 nos
501 585 599 607 muros,
614 587 660 603 nos
672 577 805 603 domicilia
818 578 950 613 sedesque
962 587 1009 613 po-

215 613 270 648 puli
285 615 403 644 Romani,
423 619 539 647 penates,
552 623 619 644 aras,
636 614 716 643 focos,
729 614 850 649 scpulcra
863 615 1007 641 maiorum:

215 660 262 677 nos*
275 651 359 685 leges,
379 651 476 676 iudicia
486 671 491 681 ,
511 651 670 682 libertatem,
684 653 824 687 coniuges.
839 652 950 683 liberos,
964 661 1010 687 pa-

215 689 290 714 triam
307 688 492 714 defendimus:
511 693 599 715 contra
613 690 646 715 M.
660 690 792 715 Antonius
804 689 829 715 id
843 690 963 718 molitur,
983 689 1009 715 id

215 730 328 760 pugnat,
353 730 380 751 ιιι
402 726 464 752 baec
480 726 567 752 omnia
585 727 732 760 perturbet,
751 731 863 757 evertat,
884 727 1008 762 praedam

215 763 377 797 reipublicae
388 771 510 789 caussam
523 763 585 789 belli
599 768 684 798 putet,
706 763 823 791 fortunas
835 769 937 791 nostras
949 773 1010 800 par-

215 801 261 826 tim
274 800 395 835 dissipet,
410 801 504 835 partim
516 801 655 835 dispertiat
667 801 815 835 parricidis.

268 839 293 863 9.
317 838 343 863 ln
361 837 409 863 bac
426 842 476 863 tam
498 837 598 872 dispari
621 839 720 865 ratione
742 839 804 865 belli
827 839 1007 865 miserrimum

214 874 282 901 illud
293 879 340 905 est,
355 875 426 909 quod
439 874 482 901 ille
497 875 642 901 latronibus
653 876 711 902 suis
723 876 876 911 pollicetur,
890 877 1007 911 primum

214 912 320 938 domos:
346 912 441 938 Urbem
454 913 524 938 enim
537 921 565 938 se
576 913 726 939 divisurum
739 914 889 940 confirmat:
912 913 1009 940 deinde

208 950 339 976 .0mnibus
352 950 442 984 portis,
456 958 510 984 qno
523 949 612 980 velint,
626 950 814 977 deducturum.
849 950 948 977 Omnes
960 952 1009 978 Ca-

214 987 325 1021 pbones.
339 995 430 1013 omnes
438 987 522 1013 Saxae
533 992 687 1022 ceteraeque
698 993 796 1023 pestes,
809 997 878 1023 quac
889 997 1009 1023 sequun-

213 1061 315 1088 Albana
331 1061 470 1088 deliniunt.
511 1061 598 1096 Atque
613 1063 692 1089 etiam
705 1063 826 1089 homines
837 1068 967 1098 agrestes.
985 1064 1008 1089 si

214 1099 335 1125 homines
348 1098 386 1125 illi
398 1108 427 1125 ae
439 1108 490 1125 non
503 1100 617 1134 pecudes
630 1101 727 1134 potiuS,
741 1100 813 1126 inani
824 1109 871 1135 spe
882 1100 914 1126 ad
925 1109 1008 1135 aquas

214 1144 300 1171 usque
311 1141 336 1162 ct
348 1136 469 1163 Puteolos
482 1137 673 1171 provebuntur.
698 1137 768 1173 Ergo
781 1137 1006 1169 habetAntonius,

213 1174 285 1208 quod
301 1174 358 1199 suis
375 1173 539 1208 polliccatur.
580 1174 650 1206 Quid
665 1174 731 1201 nos?
746 1175 879 1210 numquid
896 1175 946 1202 tale
962 1175 1010 1201 ba-

213 1210 328 1237 bemus?
346 1211 385 1237 Dii
398 1211 515 1238 meliora.
547 1212 574 1237 Id
587 1213 657 1238 enim
670 1213 759 1246 ipsum
771 1213 886 1247 agimus,
903 1221 935 1239 ne
946 1213 1008 1247 quis

213 1248 324 1282 posthac
335 1249 466 1275 eiusmodi
478 1249 626 1284 quidquam
640 1250 724 1284 possit
735 1249 864 1284 polliceri.
905 1250 1008 1276 Invitus

213 1286 286 1316 dieo,
305 1285 350 1311 sed
363 1285 506 1312 dicendum
519 1291 567 1312 est.
608 1287 687 1313 uasta
701 1286 830 1318 Caesaris,
848 1292 936 1322 patres
946 1296 1009 1314 con-

212 1323 318 1357 scripti,
342 1323 434 1349 multis
451 1324 580 1359 improbis
595 1328 621 1350 et
637 1333 712 1358 spem
727 1324 801 1350 affert
815 1329 841 1351 et
859 1325 1007 1351 audaciam.

212 1360 342 1386 Viderunt
353 1361 423 1387 enim
432 1381 438 1391 ,
455 1369 488 1387 ex
500 1361 630 1388 mendicis
642 1361 697 1388 lieri
709 1366 816 1396 repente
826 1362 938 1389 divites:
960 1363 1010 1388 ita-

212 1405 265 1433 que
281 1397 383 1424 hastam
399 1406 505 1433 semper
516 1398 606 1424 videre
621 1399 734 1434 cupiunt
744 1400 776 1431 ii,
794 1400 841 1434 qui
854 1401 950 1426 nostris
961 1400 1009 1426 bo-

213 1435 254 1461 nis
266 1435 419 1462 imminent:
436 1436 537 1470 quibus
549 1436 636 1462 omnia
648 1436 789 1471 pollicetur
798 1437 940 1464 Antonius.
966 1439 1007 1463 40.

212 1472 282 1504 Quid
294 1472 359 1498 nos‘?
371 1474 467 1499 nostris
480 1474 641 1500 exercitibus
652 1474 719 1509 quid
730 1474 906 1509 pollicemur?
926 1475 1010 1502 Multo

213 1509 321 1536 meliora
336 1514 415 1545 atque
432 1511 540 1537 maiora.
581 1510 718 1538 Scelerum
734 1512 805 1538 enim
822 1513 964 1547 promissio
984 1517 1010 1539 et

212 1547 260 1578 iis,
274 1547 319 1582 qui
332 1552 499 1582 exspectant,
513 1549 660 1583 perniciosa
673 1553 720 1580 est,
738 1553 764 1575 et
774 1550 821 1581 iis,
839 1550 886 1584 qui
898 1551 1010 1585 promit-

212 1589 280 1610 tunt.
322 1585 375 1611 Nos
391 1586 488 1612 nostris
504 1586 636 1612 militibus
653 1586 815 1617 libertatem,
836 1587 907 1619 iura,
925 1587 1006 1623 leges,

213 1622 322 1652 indicia,
345 1623 489 1657 imperium
504 1623 576 1649 orbis
593 1628 689 1654 terrae,
711 1624 882 1659 dignitatem,
905 1633 1006 1659 pacem,

212 1660 296 1685 otium
312 1659 479 1694 pollicemur.
520 1660 626 1687 Antonii
642 1661 725 1696 igitur
739 1661 871 1696 promissa
889 1667 1007 1693 cruenta,

213 1701 306 1728 taetra,
325 1697 464 1729 scelerata,
481 1697 532 1723 diis
544 1698 756 1732 hominibusque
769 1699 870 1730 invisa,
889 1707 937 1726 nec
947 1699 1010 1726 diu-
1036 1719 1037 1722 ι

213 1738 289 1759 tnrna
307 1742 355 1760 nec
374 1734 513 1767 salutaria;
536 1739 623 1762 nostra
642 1740 731 1761 contra
748 1735 872 1767 honesta,
894 1737 1006 1773 integra,

211 1770 335 1806 gloriosa,
350 1771 426 1805 plena
440 1771 561 1803 laetitiae,
576 1772 653 1807 plena
665 1773 780 1806 pietatis.

268 1808 311 1834 IV.
335 1810 374 1834 Η.
399 1809 446 1834 Hic
467 1809 534 1835 mibi
554 1810 633 1836 etiam
649 1809 680 1842 Q.
698 1810 805 1841 Fufius,
828 1810 868 1836 vir
889 1809 963 1837 fortis
979 1819 1009 1837 ac

211 1850 347 1876 strenuus,
363 1846 466 1872 amicus
477 1855 563 1877 meus,
577 1847 650 1881 pacis
661 1847 798 1873 commoda
808 1853 1007 1875 commemorat.

211 1881 294 1914 Quasi
306 1890 380 1913 vero,
397 1883 420 1909 si
433 1883 563 1910 laudanda
576 1892 628 1919 pax
643 1889 724 1915 esset,
743 1893 792 1920 ego
802 1884 829 1911 id
841 1893 926 1920 aeque
935 1893 1009 1912 com-

212 1919 290 1945 mode
307 1919 390 1946 lacere
402 1928 454 1946 non
469 1929 586 1955 possem.
627 1921 715 1947 Semel
731 1923 802 1948 enim
813 1931 905 1957 pacem
915 1922 1009 1949 defen-

212 1956 258 1983 di‘?
278 1965 329 1983 non
350 1966 456 1992 semper
475 1959 528 1984 otio
547 1958 658 1984 studui‘?
682 1959 754 1993 quod
775 1968 862 1994 quum
882 1960 1008 1986 omnibus

211 1993 290 2020 bonis
302 1993 367 2020 utile
377 2000 427 2025 est,
442 2000 497 2021 tum
508 1996 651 2030 praecipue
663 1996 739 2022 mibi.
765 1996 849 2029 Quem
864 1998 936 2024 enim
947 2006 1009 2024 cur-

211 2040 273 2057 sum
294 2031 424 2058 industria
445 2040 502 2059 mea
523 2037 611 2059 tenere
631 2034 763 2068 potuisset
781 2035 839 2060 sine
856 2033 1008 2061 forensibus
1030 2049 1031 2055 .

212 2069 324 2099 caussis,
333 2070 391 2095 sine
403 2069 517 2105 legibuS,
526 2071 585 2096 sine
595 2070 722 2097 iudiciis?
732 2079 801 2106 quae
811 2080 870 2098 esse
882 2080 934 2098 non
946 2080 1009 2107 pos—

212 2110 288 2136 sunt,
309 2106 382 2132 civili
399 2115 463 2141 pace
478 2107 592 2133 sublata.
635 2110 675 2133 ⁴⁶2.
697 2108 750 2134 Sed
765 2117 878 2143 quaeso,
895 2109 1005 2136 Calene:

211 2142 297 2178 quid‘?
316 2147 343 2169 tu
360 2144 517 2171 servitutem
537 2153 630 2179 pacem
651 2145 747 2172 vocas‘?
767 2146 879 2172 Maiores
896 2147 1007 2181 quidem

212 2181 295 2207 nostri
306 2190 358 2207 non
370 2181 460 2212 modo,
477 2186 507 2208 ut
517 2181 595 2209 liberi
605 2187 702 2214 essent,
716 2182 764 2209 sed
775 2184 868 2215 etiam,
882 2189 912 2210 ut
922 2184 1009 2219 impe-

211 2222 312 2248 rarent,
326 2227 398 2244 arma
408 2219 560 2253 capiebant3
578 2224 606 2246 tu
618 2228 690 2246 arma
702 2220 851 2247 abiicienda
862 2229 965 2252 censes,
978 2226 1009 2248 ut

211 2255 372 2282 serviamus.
416 2255 489 2288 Quae
509 2265 604 2283 caussa
625 2258 720 2284 iustior
740 2263 780 2284 est
800 2258 863 2285 belli
886 2259 1005 2294 gerendi,

211 2300 292 2327 quam
304 2294 442 2319 servitutis
457 2293 599 2329 depulsio?
618 2295 645 2320 in
660 2304 713 2330 qua
727 2296 832 2322 etiamsi
843 2304 895 2322 non
907 2297 941 2322 sit
951 2305 1009 2323 mo·-

212 2328 295 2356 lestus
307 2330 447 2357 dominus:
469 2336 557 2358 tamen
567 2335 607 2358 est
618 2332 814 2363 miserrimum,
828 2341 915 2368 posse,
927 2334 951 2360 si
963 2342 1008 2360 ve-

212 2365 250 2392 lit.
291 2367 375 2401 immo
391 2367 457 2394 aliae
471 2377 581 2395 caussae
596 2369 695 2401 iustae,
712 2370 778 2397 haec
793 2372 942 2397 necessaria
956 2376 1006 2397 est.

211 2403 269 2429 Nisi
281 2403 345 2430 sorte
360 2405 391 2431 ad
408 2410 432 2431 te
448 2405 497 2432 boc
512 2415 564 2432 non
581 2411 659 2441 putas
674 2408 818 2442 pertinere,
835 2408 909 2443 quod
924 2413 949 2435 te
963 2418 1008 2435 so-

211 2441 283 2466 cium
299 2441 354 2468 fore
369 2451 461 2477 speras
480 2443 670 2470 dominationis
685 2444 803 2471 Antonii.
843 2446 873 2472 In
893 2454 948 2481 quo
965 2446 1007 2472 bis

212 2476 322 2504 laberis:
340 2480 467 2513 primum,
480 2481 552 2515 quod
564 2485 623 2507 tuas
635 2482 748 2508 rationes
759 2483 949 2509 communibus
959 2492 1008 2509 an-

212 2515 329 2547 teponis:
350 2516 459 2548 deinde,
476 2517 549 2552 quod
563 2518 713 2553 quidquam
724 2519 819 2545 stabile
831 2520 858 2546 in
869 2529 951 2556 regno
962 2525 1008 2546 aut

212 2550 360 2578 iucundum
372 2558 460 2587 putas.
501 2555 572 2586 Non,
590 2556 613 2581 si
625 2556 673 2581 tibi
685 2561 760 2582 antea
772 2556 885 2591 profuit,
901 2566 1008 2592 semper

212 2587 337 2621 proderit.
380 2591 419 2615 43.
441 2590 511 2622 Quin
527 2593 606 2618 etiam
621 2593 654 2618 de
670 2592 717 2619 illo
732 2593 840 2619 homine
850 2595 927 2629 queri
937 2595 1007 2621 sole-

213 2624 273 2650 bas:
295 2625 361 2660 quid
382 2631 406 2652 te
426 2626 557 2654 facturum
578 2629 611 2655 de
631 2629 719 2656 bellua
743 2630 841 2665 putas?
859 2632 946 2666 Atque
967 2632 1006 2658 ais

212 2669 274 2687 eum
285 2666 310 2688 te
320 2671 388 2694 esse,
400 2665 447 2698 qui
459 2673 564 2700 semper
575 2674 666 2700 pacem
677 2667 785 2702 optaris,
797 2676 904 2703 semper
913 2677 1006 2695 omnes

745 280 786 305 lll.
800 284 824 305 8.
843 280 894 305 lloe
907 279 1007 305 bellum
1036 283 1037 290 ¹

1035 205 1038 234 ἶ
1060 208 1132 232 vises
1144 206 1232 232 salvos
1247 207 1369 233 volueri».

997 136 1272 163 (llfllz'ltmxls

1412 208 1522 235 {lunesto
1533 210 1629 235 oratio:
1653 209 1698 234 sed
1711 215 1757 239 ita,
1772 211 1793 235 si
1807 210 1854 236 bo-

1061 252 1107 269 nos
1119 248 1144 269 et
1157 243 1235 269 utile-s
1246 249 1271 269 vt
1282 253 1296 269 e
1308 244 1444 279 republica
1461 247 1546 277 cives,
1567 247 1608 272 sin
1621 255 1678 277 eos,
1696 248 1742 281 qui
1761 252 1852 272 natura

1060 281 1132 305 cives
1143 285 1214 309 sunt,
1226 281 1358 307 vuluntate
1371 282 1467 311 hostes,
1477 283 1563 309 salvos
1577 283 1656 309 velis:
1670 284 1735 318 quid
1747 284 1852 309 tandem

1062 318 1169 343 interest
1181 319 1247 344 inter
1258 324 1281 343 te
1293 324 1317 344 et
1329 318 1407 344 illos‘!
1428 320 1501 346 l'ater
1511 320 1620 355 quidem
1634 326 1696 346 tuus
1705 342 1710 350 ,
1728 330 1781 356 qun
1798 326 1854 346 ute-

1061 355 1107 380 bar
1118 364 1180 381 sene
1192 355 1353 385 adolescens,
1369 356 1446 382 bomo
1457 366 1566 383 severus
1578 363 1602 384 et
1615 358 1740 392 prudens,
1756 359 1855 392 primas

1061 393 1180 418 oninium
1196 393 1296 418 civium
1310 393 1337 418 l'.
1351 393 1472 424 Nasicae,
1489 395 1536 429 qui
1551 395 1592 420 Ti.
1608 395 1757 421 Gracchum
1775 396 1855 421 inu—r·

1062 429 1134 459 lecit,
1161 429 1223 455 dare
1243 430 1357 456 solebat:
1388 432 1446 457 eius
1469 432 1578 462 virtute,
1600 432 1724 461 consilio.
1751 433 1855 467 magni-

1036 483 1038 486 >
1062 466 1154 492 tudine
1181 467 1263 493 animi
1291 467 1426 494 liberatam
1448 469 1640 503 rempublicam
1667 470 1853 495 arbitrabatur.

1037 1008 1038 1011 ι
1060 990 1173 1024 eiusque
1189 989 1242 1015 dno
1257 989 1447 1015 adolescentuli
1464 989 1522 1015 lilii.

214 1029 256 1051 tur
267 1025 426 1055 Antonium,
440 1024 519 1050 aedes
530 1025 582 1050 sibi
596 1025 719 1059 optimas,
734 1025 831 1056 hortos,
846 1026 1006 1056 Tusculana,
1037 1036 1039 1059 ¹,

1037 1062 1039 1090 i
1061 1069 1132 1090 runt.
1166 1064 1197 1090 V.
1221 1065 1261 1090 45.
1282 1063 1322 1090 Ad
1339 1064 1459 1098 propiora
1476 1065 1626 1090 veniamus.

1062 505 1102 530 ⁴¹5.
1124 504 1213 535 Quid?
1224 513 1270 530 nos
1282 513 1295 530 a
1308 505 1429 539 patribus
1441 515 1504 532 num
1517 506 1592 532 aliter
1603 507 1773 541 accepimus?
1787 507 1856 542 Ergo

1061 541 1083 566 is
1097 541 1142 567 tibi
1157 542 1237 571 civis,
1255 542 1278 568 si
1295 543 1460 576 temporibus
1472 543 1525 569 illis
1538 543 1649 573 fuisses,
1668 553 1718 570 non
1731 544 1856 578 probare-

1061 583 1116 608 tur,
1134 579 1196 613 quia
1213 588 1264 605 non
1280 587 1373 605 omnes
1390 579 1477 605 salvos
1489 589 1547 606 esse
1561 581 1699 606 voluisset.
1741 582 1813 612 Quod
1825 581 1854 607 L.

1061 616 1178 649 Θριήιιίιε
1189 618 1276 642 consul
1287 618 1363 642 verba
1374 620 1433 649 serit
1442 619 1473 643 de
1483 619 1622 650 republica,
1630 620 1660 643 dc
1671 627 1700 643 ea
1712 627 1739 643 re
1750 622 1785 644 ιἰα
1797 627 1856 644 cen-

1060 658 1174 682 suerunt,
1195 663 1240 679 υῐι
1262 663 1284 679 ι..
1306 663 1549 680 ‹irruit-sennen
1571 664 1781 682 annuntient
1803 664 1856 681 nz—

1061 699 1225 716 rizsnizaer.
1270 691 1383 717 Senatus
1405 691 1468 717 baec
1490 692 1591 723 verbis,
1618 691 1742 726 Opimius
1763 693 1854 718 armiS.

1061 728 1130 754 Num
1143 728 1225 763 igitur
1235 737 1310 759 curn,
1324 729 1346 754 si
1359 734 1415 754 tum
1429 737 1516 759 esses,
1533 731 1702 755 temerarium
1713 730 1799 755 civem
1811 734 1856 755 aut

1060 765 1195 791 crudelem
1213 765 1338 799 putares?
1357 770 1402 792 aut
1417 766 1448 798 Q.
1466 766 1615 796 Metellum.
1638 767 1716 792 cuius
1731 772 1856 801 quattuor

1061 802 1109 828 lilii
1130 802 1302 829 consulares?
1325 803 1353 828 Ρ.
1377 803 1534 834 Lentulum,
1562 804 1710 838 principem
1735 809 1853 834 senatus,

1060 840 1212 875 complures
1233 840 1299 866 alios
1316 849 1436 866 summos
1453 841 1536 870 viros,
1559 842 1605 875 qui
1626 850 1687 867 cnm
1704 841 1733 867 L.
1750 841 1856 876 Opimio

1059 877 1169 904 consule
1189 878 1282 903 armati
1308 878 1457 903 Gracchum
1483 878 1510 904 in
1536 878 1697 904 Aventinum
1723 879 1855 913 persecuti

1060 914 1140 941 sunt‘?
1158 923 1212 949 quo
1228 915 1254 940 in
1271 915 1370 949 praelio
1382 915 1511 941 Lentulus
1527 924 1606 948 grave
1624 915 1722 941 vulnus
1737 916 1853 950 accepit:

1061 951 1215 978 interfectus
1235 957 1275 978 est
1295 952 1446 981 Gracchus,
1472 957 1498 978 et
1518 953 1552 978 M.
1576 952 1687 979 Fulvius
1708 953 1855 979 consularis

1562 990 1601 1016 Illi
1619 991 1702 1025 igitur
1718 990 1766 1016 viri
1785 991 1856 1016 vitu-

1221 1027 1278 1053 Non
1300 1027 1371 1052 enim
1392 1027 1464 1053 cives
1480 1035 1572 1053 omnes
1587 1027 1676 1053 salvos
1691 1036 1750 1053 esse
1764 1027 1856 1053 volue-

1667 1064 1695 1091 C.
1714 1064 1808 1094 Mario,
1824 1064 1854 1090 L.

1060 1101 1162 1128 Valerio
1182 1101 1339 1127 consulibus
1360 1106 1468 1127 senatus
1493 1101 1685 1136 rempublicam
1710 1101 1857 1128 defenden-

1060 1138 1121 1165 dam
1139 1138 1224 1165 dedit:
1251 1139 1280 1165 L.
1303 1138 1465 1165 Saturninus
1481 1139 1605 1165 tribunus
1622 1138 1722 1173 plebis,
1745 1138 1855 1165 Glaucia

1061 1180 1164 1211 praetor
1175 1181 1216 1202 est
1227 1175 1390 1202 interfectus.
1424 1176 1523 1202 Omnes
1535 1176 1581 1202 illo
1591 1176 1634 1202 die
1646 1176 1751 1207 Scauri.
1764 1175 1857 1202 Metel-

1061 1027 1170 1061 perandi

1037 1229 1039 1244 2
1062 1214 1093 1245 li,
1112 1213 1230 1244 Claudii,
1248 1213 1348 1244 Catuli,
1367 1212 1521 1244 Scaevolae,
1540 1213 1627 1240 Crassi
1644 1222 1715 1239 arma
1731 1221 1856 1248 sumpse-

1037 1627 1038 1632 *
1060 1625 1194 1661 quidquid
1205 1630 1246 1651 est
1257 1624 1428 1659 pestiferum,
1442 1629 1604 1659 amputetur.

1061 1255 1132 1278 runt.
1173 1251 1243 1277 Num
1260 1255 1305 1277 aut
1319 1250 1444 1277 consules
1460 1250 1520 1277 illos
1541 1256 1585 1277 aut
1605 1250 1769 1277 clarissimos
1785 1251 1856 1278 viros

1061 1288 1250 1323 vituperandos
1263 1287 1360 1323 putas‘?
1370 1288 1571 1324 EgoCatilinam
1584 1288 1669 1323 perire
1681 1288 1763 1315 volui.
1785 1288 1856 1315 Num

1061 1331 1098 1357 tu,
1112 1327 1159 1361 qui
1170 1334 1263 1352 omnes
1274 1325 1363 1352 salvos
1375 1326 1428 1356 νίς,
1442 1325 1582 1352 Catilinam
1593 1325 1699 1352 salvum
1709 1334 1768 1352 esse
1779 1325 1857 1352 volu-

1061 1363 1123 1390 isti?
1142 1364 1195 1390 Hoc
1210 1364 1334 1394 interest.
1351 1362 1460 1394 Calene,
1478 1364 1546 1390 inter
1560 1372 1646 1390 meam
1661 1363 1819 1390 sententiam
1830 1368 1857 1390 et

1061 1407 1148 1428 tuam:
1162 1409 1211 1436 ego
1221 1400 1282 1427 nolo
1292 1408 1456 1435 quemquam
1467 1401 1553 1427 civem
1565 1401 1738 1431 committere,
1746 1405 1775 1427 ut
1786 1409 1858 1427 mor-

1060 1443 1085 1465 te
1097 1438 1267 1465 mulctandns
1279 1439 1326 1464 sit:
1340 1442 1382 1468 tu,
1397 1438 1500 1464 etiamsi
1512 1438 1684 1468 commiserit.
1696 1446 1857 1464 conservan-

1060 1476 1125 1502 dum
1142 1480 1230 1511 putaS.
1270 1476 1299 1502 In
1313 1483 1421 1510 corpore
1436 1476 1460 1502 si
1480 1475 1547 1510 quid
1561 1475 1693 1502 eiusmodi
1714 1479 1763 1506 est,
1784 1474 1856 1510 quod

1061 1514 1164 1548 reliquo
1183 1513 1286 1548 corpori
1307 1517 1411 1543 noceat,
1437 1513 1479 1538 uri
1504 1513 1643 1548 secarique
1666 1513 1796 1547 patimur,
1827 1516 1858 1538 ut

1061 1551 1242 1577 membrorum
1258 1549 1365 1585 aliquod
1381 1550 1482 1585 potius,
1504 1558 1586 1585 quam
1603 1554 1687 1576 totum
1702 1558 1800 1584 corpus
1814 1549 1857 1576 in-

1061 1593 1155 1615 tereat:
1169 1588 1246 1614 sicin
1257 1587 1420 1622 reipublicae
1431 1595 1548 1621 corpore,
1558 1591 1587 1613 ut
1598 1591 1681 1614 totum
1693 1586 1798 1613 salvum
1810 1587 1855 1618 sit,

1647 1626 1686 1650 46.
1707 1624 1776 1650 Dura
1792 1632 1854 1650 vox.

1060 1662 1145 1689 Multo
1154 1662 1200 1688 illa
1211 1662 1317 1688 durior:
1331 1661 1404 1688 Salvi
1416 1662 1470 1687 sint
1481 1661 1607 1696 improbi,
1619 1661 1748 1692 scelerati,
1761 1661 1854 1695 impii:

1060 1699 1199 1726 deleantur
1210 1700 1378 1730 innocentes,
1396 1699 1514 1727 honesti,
1530 1699 1607 1729 boni,
1625 1703 1676 1725 tota
1692 1698 1854 1733 respublica.

1036 1743 1038 1759 ἰ
1059 1738 1117 1764 Uno
1127 1738 1155 1764 in
1167 1737 1288 1767 bomine,
1301 1735 1333 1768 Q.
1346 1736 1403 1762 Fufi
1412 1757 1418 1766 ,
1436 1735 1518 1762 fateor
1528 1740 1553 1762 te
1564 1735 1666 1762 vidisse
1680 1735 1741 1770 plns
1750 1756 1756 1766 ,
1773 1744 1855 1771 quam

1060 1783 1112 1802 me.
1153 1775 1210 1810 Ego
1224 1774 1250 1800 P.
1268 1773 1392 1800 Clodium
1407 1773 1555 1799 arbitrabar
1565 1773 1745 1808 perniciosum
1756 1773 1854 1803 civem,

1059 1812 1231 1842 sceleratum,
1246 1810 1434 1842 libidinosum,
1451 1810 1580 1845 impium,
1597 1810 1738 1841 audacem,
1756 1809 1857 1837 facino-

1059 1858 1164 1876 rosum:
1178 1854 1206 1875 tu
1217 1853 1305 1875 contra
1317 1853 1448 1879 sanctum,
1462 1852 1661 1883 temperantem,
1676 1848 1854 1878 innocentem,

1059 1887 1226 1917 modestum,
1243 1885 1413 1912 retinendum
1428 1886 1514 1912 civem
1530 1889 1556 1911 et
1567 1884 1724 1920 optandum.
1764 1885 1793 1911 In
1806 1885 1857 1911 hoc

1059 1933 1113 1951 uno
1124 1929 1148 1950 te
1160 1923 1306 1958 plurimum
1318 1922 1429 1954 vidisse,
1438 1931 1480 1949 me
1491 1921 1606 1949 multum
1617 1930 1719 1949 errasse
1730 1921 1854 1948 concedo.

1059 1963 1126 1988 Nam
1147 1960 1220 1996 quod
1240 1969 1283 1987 me
1303 1965 1392 1986 tecum
1411 1959 1539 1986 iracunde
1556 1968 1634 1995 agere
1647 1959 1740 1986 dixisti
1754 1958 1854 1986 solere:

1060 2008 1112 2026 non
1128 2003 1167 2025 est
1182 1999 1228 2024 ita.
1267 1997 1445 2024 Vehementer
1459 2005 1502 2023 me
1516 2005 1593 2033 agere
1612 1996 1707 2027 fateor,
1729 1995 1858 2023 iracunde

1061 2045 1137 2072 nego.
1176 2035 1292 2062 Omnino
1306 2035 1386 2062 irasci
1400 2035 1494 2061 amicis
1509 2043 1561 2061 non
1577 2038 1675 2060 temere
1686 2033 1771 2065 solem
1789 2033 1855 2060 nesi

1060 2078 1196 2100 merentur
1205 2073 1326 2108 quidem.
1369 2073 1409 2098 ⁴7.
1431 2073 1522 2107 ltaque
1537 2072 1595 2098 sine
1610 2071 1752 2097 verborum
1761 2075 1856 2098 contu-

1059 2111 1139 2137 melia
1154 2119 1168 2137 a
1184 2115 1208 2137 te
1223 2110 1365 2136 dissentire
1381 2118 1506 2145 possum,
1521 2109 1580 2135 sine
1595 2108 1677 2135 animi
1691 2116 1798 2134 summo
1807 2107 1857 2134 do-

1060 2148 1114 2175 lore
1134 2157 1186 2174 non
1208 2155 1329 2182 possum.
1369 2147 1452 2173 Parva
1473 2150 1513 2172 est
1531 2146 1603 2172 enim
1623 2145 1691 2171 mihi
1707 2150 1794 2171 tecum
1809 2149 1856 2172 aut

1059 2195 1140 2220 parva
1151 2185 1184 2211 de
1195 2193 1222 2211 re
1233 2183 1385 2211 dissensio?
1395 2184 1451 2220 Ego
1462 2184 1525 2210 huic
1535 2182 1577 2209 vel
1588 2182 1758 2209 illividelioet
1768 2181 1852 2213 faveo,

1036 2225 1038 2231 ¹
1060 2229 1087 2250 tn
1099 2221 1158 2249 illi?
1178 2223 1262 2248 Immo
1273 2230 1335 2248 vero
1345 2229 1395 2257 ego
1404 2222 1435 2247 D.
1447 2221 1528 2247 Bruto
1539 2220 1623 2251 faveo,
1637 2224 1666 2246 tu
1676 2220 1712 2246 M.
1725 2220 1852 2246 Antonio:

1059 2269 1108 2296 ego
1118 2259 1269 2286 conservari
1280 2259 1410 2285 coloniam
1426 2257 1519 2293 populi
1531 2257 1641 2284 Romani
1655 2257 1747 2292 cupio,
1764 2261 1793 2282 tu
1807 2264 1857 2283 ex—

1059 2298 1174 2333 pugnari
1185 2296 1289 2323 studes.
1323 2296 1364 2323 Vl.
1383 2296 1424 2322 An
1435 2296 1484 2322 hoc
1495 2303 1591 2331 negare.
1600 2298 1689 2329 potes:
1701 2294 1749 2328 qui
1759 2302 1854 2320 omnes

1059 2343 1147 2362 moras
1162 2334 1329 2369 interponas,
1350 2333 1452 2369 quibus
1466 2332 1617 2359 infirmetur
1630 2331 1742 2362 Brutus,
1760 2330 1856 2358 melior

1059 2372 1104 2398 fiat
1113 2370 1264 2398 Antonius?
1283 2370 1430 2405 Quousque
1444 2371 1516 2396 enim
1531 2369 1604 2395 dices
1619 2376 1711 2403 pacem
1727 2367 1796 2394 velle
1810 2366 1856 2394 te?

1058 2410 1110 2436 Res
1120 2409 1235 2445 geritur:
1252 2407 1397 2435 conductae
1407 2408 1500 2434 vineae
1514 2410 1590 2432 sunt:
1607 2410 1743 2441 pugnatur
1756 2405 1852 2432 acerri—

1059 2455 1111 2473 me.
1144 2446 1197 2479 Qui
1207 2446 1423 2475 intercurrerent,
1441 2444 1566 2470 misimus
1576 2447 1629 2468 tres
1641 2443 1775 2477 principes
1785 2443 1854 2469 civi-

1059 2484 1130 2510 tatis.
1170 2483 1222 2510 Hos
1233 2483 1406 2518 contempsit,
1423 2481 1525 2511 reiecit,
1543 2479 1693 2514 repudiavit
1703 2480 1850 2506 Antonius:

1058 2526 1087 2548 tu
1104 2526 1190 2548 tamen
1205 2528 1345 2555 permanes
1355 2518 1587 2546 constantissimus
1599 2516 1723 2543 defensor
1732 2517 1850 2543 Antonii.

1060 2560 1099 2584 ⁴8.
1121 2559 1154 2584 Et
1164 2557 1275 2593 quidem
1283 2578 1289 2588 ,
1301 2566 1355 2592 quo
1367 2555 1460 2582 melior
1469 2559 1576 2581 senator
1586 2554 1720 2584 videatur,
1733 2557 1813 2589 negat
1821 2561 1852 2580 so

1058 2595 1097 2622 illi
1113 2596 1230 2621 amicum
1245 2603 1305 2621 esse
1319 2594 1430 2620 debere:
1452 2600 1538 2627 quum
1553 2599 1604 2617 suo
1614 2599 1712 2627 magno
1723 2595 1794 2617 esset
1804 2590 1852 2617 be—

1057 2632 1164 2662 neficio,
1182 2632 1289 2658 venisse
1300 2639 1362 2658 eum
1372 2634 1462 2657 contra
1472 2637 1510 2655 se.
1550 2628 1629 2659 Vide,
1646 2633 1745 2663 quanta
1755 2628 1851 2670 caritas

1057 2670 1092 2696 sit
1102 2670 1213 2704 patriae.
1251 2668 1341 2701 Quum
1355 2668 1455 2694 homini
1467 2667 1502 2693 sit
1511 2666 1609 2698 iratus,
1623 2670 1710 2692 tamen
1720 2664 1857 2700 reipubli-
