1941 3052
219 135 280 160 «340
789 130 846 155 ΞΜ.

214 214 235 229 ,τι
247 206 292 229 tibi
302 205 369 236 falsa
382 204 480 229 alnisio,
494 203 568 226 recide
581 203 713 227 rationem,
726 204 847 232 qmtttlum
857 202 1008 232 patrimonii

215 243 350 274 accept-rix.
359 242 420 273 quia!
432 241 475 264 tibi
487 240 572 263 tintms
583 239 788 269 nccrm·e·1-i1,qun
801 245 833 261 cs
843 239 950 268 pecunia
961 239 1006 261 ‹10-

215 287 281 303 mum
288 286 430 310 purum-rm,
443 276 611 300 'lum-utamini
622 279 643 299 et
653 275 829 306 Pompeianum
836 276 1007 305 infinitosum-

214 320 259 348 ptu
271 317 458 347 (tertulii-ureris:
473 317 529 340 mit.
542 314 563 337 si
576 316 675 339 rein-1¹⁸,
693 313 733 335 cui
743 315 822 342 poti-st
833 312 936 335 dubium
947 319 1006 338 esce,

215 355 277 385 quin
287 353 440 383 opulentiam
453 352 525 374 istum
537 358 570 373 αι’
580 351 704 380 παιιςμιιήι·
714 353 735 373 et
748 349 1008 380 miscrffsciviumpu-

215 388 334 414 rureris?
374 387 414 412 Ill.
441 387 538 414 Verum,
556 390 582 411 ut
595 388 696 418 opinor,
713 386 784 409 homo
798 393 876 410 riorus
888 385 1006 417 Arpinas,
1029 399 1031 403 ·

216 435 248 451 cni·
266 426 290 450 (’.
309 425 387 450 Murci
402 424 515 455 funu'tirt,
533 425 586 447 eius
600 425 718 447 virtutem
734 424 857 451 imitatur,
875 424 1008 447 contemni!

215 463 367 488 simuHutem
379 462 506 485 lioininum
518 461 651 487 nobilium,
668 460 850 491 rempublicam
863 467 950 484 caram
962 460 1008 483 tm-

217 501 261 528 bvt,
275 508 351 531 tir-qur
364 502 467 525 terrore,
481 506 558 529 neque
569 499 655 528 ‹Jrutiu
666 501 788 521 vitot-elur.
824 497 849 521 5.
872 496 939 521 Illud
950 504 1009 520 vero

215 538 344 561 urnii-ilina
355 539 461 564 tantum,
476 543 507 560 uc
518 536 621 559 virtutis
632 538 666 558 est
677 535 766 558 animi.
806 533 884 558 Immo
896 541 953 558 vero
964 534 1008 557 tio-

217 583 254 598 um
266 574 418 601 lenissimus,
439 572 548 604 suppleat
559 573 681 598 inimicis,
699 573 789 595 amicis
805 571 1006 598 contumeliosus,

216 612 286 635 inodo
298 611 396 637 burum,
411 610 481 633 modo
493 610 597 633 illm-um
608 610 729 640 portium,
742 610 807 640 fidus
819 609 920 637 nemini,
933 608 1006 632 lecis-

214 650 292 673 simus
307 651 421 675 senator,
437 647 610 671 mercenarius
623 649 760 677 patronus,
783 646 855 669 cuius
866 645 936 669 nullu
946 652 1009 676 pars

216 686 330 717 corporis
340 693 355 709 ιι
368 684 526 715 turpitudine
538 687 624 711 vacat,
637 683 724 714 linqua
735 690 815 711 vanu,
829 690 918 706 manus
930 690 1008 713 rupa-

216 724 339 749 eissimue,
351 722 413 753 qula
424 722 553 748 immensa,
566 721 640 752 pedes
650 722 766 752 fuyaccs:
778 727 843 752 quae
853 720 952 743 honeste
964 726 1008 743 no-

216 760 311 784 minari
330 766 379 783 non
398 761 515 790 possunt,
541 758 751 782 inhonestissima.
791 757 871 789 Atque
891 758 912 781 is
932 764 1008 788 quum

215 797 336 821 eiusmodi
347 797 388 823 sit,
401 799 483 820 tamen
494 795 570 819 uiuIct
581 795 678 819 dicere:

252 831 287 859 »O
300 831 457 858 fortunatam
471 836 557 857 natam
571 839 612 856 me
623 829 732 856 consule
744 830 853 855 Romam
863 829 867 854 !
877 839 888 854 «

218 870 249 895 Te
261 871 361 895 consule
371 871 541 902 fortunatam,
561 866 669 900 Cicero?
690 868 768 893 Immo
782 875 841 892 vero
851 868 975 899 infelicem
986 871 1008 892 et

214 910 333 933 miserum
341 927 346 936 ,

214 990 255 1007 sos
270 989 354 1006 omnes
367 982 442 1006 bonos
455 988 548 1012 parcre
564 980 711 1005 crudelitati
727 983 784 1004 time
795 980 912 1011 cossebas:
933 987 1009 1011 quum

215 1020 299 1044 omnin
315 1019 424 1046 iudicia,
441 1025 525 1042 ornnes
541 1018 606 1049 {eyes
621 1019 648 1042 in
663 1020 706 1041 tua
719 1017 822 1041 libidine
831 1020 918 1041 crant:
933 1024 1008 1048 quum

215 1060 242 1081 tu
252 1056 353 1081 sublata
365 1056 416 1087 leye
430 1054 529 1083 Porcia,
541 1058 625 1085 crepta
638 1054 760 1082 libertate,
776 1055 885 1078 omnium
898 1056 1010 1077 nostrum

213 1095 281 1118 vitae
292 1094 409 1125 necisque
417 1095 564 1124 potestatem
574 1093 608 1116 ad
619 1095 640 1116 te
652 1099 728 1115 unum
740 1098 912 1115 revocavi-ras.
928 1091 952 1114 6.
965 1090 1011 1114 At-

214 1138 262 1163 quc
270 1137 364 1162 parum
377 1133 424 1158 est,
441 1130 508 1162 quod
523 1130 623 1160 impune
637 1130 732 1160 fecisti,
754 1136 840 1152 rerum
855 1129 931 1152 etiam
943 1135 1010 1152 com-

214 1168 376 1192 memorando
386 1167 537 1198 exprobras,
552 1173 631 1198 neque
642 1166 699 1190 licet
710 1165 824 1190 oblivisci
831 1162 889 1199 [his]
901 1165 1011 1189 servitu-

215 1206 248 1229 tis
261 1212 330 1230 suae.
370 1202 472 1235 Emi-is,
490 1211 535 1227 oro
551 1206 585 1231 te,
604 1202 704 1228 Cicero,
720 1203 858 1234 perfeceris
875 1201 1010 1234 quidlibet:

213 1243 278 1267 satis
293 1244 328 1265 est
342 1248 473 1272 perpessos
487 1248 553 1264 esse.-
574 1241 681 1264 etiamne
695 1247 772 1264 aures
787 1243 888 1264 nostras
901 1239 958 1263 odio
969 1242 1011 1263 tuo

214 1276 352 1303 ont-rabis?
366 1279 474 1302 etiamne
485 1278 666 1302 molestissimis
677 1277 759 1301 verbis
770 1273 942 1301 insectabere?

253 1313 368 1341 »Cedant
378 1322 450 1340 arma
463 1318 547 1349 togae,
560 1312 687 1339 concedat
699 1312 787 1338 laurea
800 1312 932 1347 linguaes(

216 1351 297 1384 Quasi
306 1360 365 1377 vero
377 1355 489 1384 loqutus,
507 1355 529 1376 et
545 1359 595 1376 non
610 1354 726 1376 armatus
740 1359 782 1379 ea,
799 1358 864 1383 quae
878 1351 1009 1383 qloriaris,

214 1391 352 1422 confeceris
359 1398 366 1420 ,⁴
382 1393 458 1421 atque
469 1391 535 1413 inter
550 1392 571 1413 te
583 1387 731 1420 Sullanique
740 1389 898 1417 dictatorem,
909 1391 1011 1420 praeter

214 1434 303 1451 ¹nomen
314 1428 422 1458 imperii,
434 1427 574 1458 quidquam
585 1426 737 1458 interfuerit.

214 1471 258 1496 eyn
266 1464 344 1495 ptura
355 1464 385 1488 dc
396 1467 440 1488 tua
451 1463 586 1488 insolentia
601 1460 807 1488 commemorem?
826 1470 899 1494 quem
913 1461 1011 1487 Miner-

216 1509 246 1525 va
260 1508 344 1525 omncs
358 1505 428 1526 artes
443 1502 554 1528 edocuit,
577 1499 691 1531 Iuppiter
706 1501 815 1532 optimus
834 1501 965 1524 mamimus
984 1500 1011 1524 in

215 1539 349 1563 concilium
360 1539 464 1562 deorum
474 1538 591 1565 admisit,
611 1537 690 1562 Italia
705 1538 818 1562 exsulem
833 1537 944 1561 humeris
957 1538 1012 1561 suis

214 1576 361 1607 reportavit.
384 1574 436 1600 Oro
449 1579 479 1603 te,
493 1574 595 1599 Romule
606 1575 779 1606 Arpinas,qui
789 1576 891 1606 eqreqia
902 1577 946 1599 tua
957 1575 1012 1598 uir-

215 1616 265 1637 tute
279 1620 362 1636 omnes
378 1611 493 1641 Paullos,
510 1610 653 1643 Scipiones,
675 1610 768 1636 Fabios
782 1613 923 1643 superasti,
939 1618 1012 1643 quem

215 1650 315 1674 tandem
331 1650 413 1674 locum
429 1650 455 1674 in
469 1650 516 1674 hac
533 1650 635 1674 civitate
650 1647 765 1674 obtines?
784 1656 850 1681 quae
866 1649 912 1673 tibi
924 1651 1012 1680 partes

214 1687 368 1718 reipublicae
378 1684 500 1718 placent?
520 1694 594 1718 quem
604 1687 722 1715 amicum,
738 1693 811 1718 quem
824 1687 955 1711 inimicum
965 1686 1012 1710 ba-

215 1722 274 1748 bes?
297 1722 344 1748 Cui
355 1725 380 1748 in
391 1725 493 1749 ciuitate
503 1725 586 1755 fecisti
600 1724 721 1751 insidias,
733 1723 883 1752 ancillaris,
899 1722 960 1755 (quo
971 1725 1012 1747 iu-

214 1768 254 1790 re,
267 1768 343 1793 quum
355 1762 384 1785 de
395 1761 488 1785 exsilio
498 1764 540 1785 tuo
552 1760 714 1792 Dyrrhachio
724 1761 836 1789 rediisti,
853 1767 909 1784 eum
923 1767 1012 1792 seque-

215 1795 314 1829 baris?)
330 1805 392 1830 quos
403 1801 527 1829 tyrannos
536 1798 693 1829 appellabas,
708 1805 795 1822 eorum
808 1804 876 1822 nunc
885 1798 1012 1828 potentiae

214 1832 304 1866 faves?
318 1836 363 1867 qui
374 1835 419 1860 tibi
429 1838 487 1859 (inte
497 1836 630 1866 optimates
639 1835 800 1864 videbantur,
814 1835 911 1859 eosdem
923 1831 1010 1868 [nunc]
1033 1839 1034 1844 ¹

214 1873 337 1896 dementes
353 1879 384 1897 ac
398 1873 510 1904 furiosos
524 1869 620 1896 vocas?
645 1871 740 1896 Vatinii
756 1879 874 1896 caussam
886 1869 963 1903 aqis?
982 1871 1012 1895 de

215 1907 304 1933 Sea-tio
318 1909 383 1933 male
398 1908 550 1934 existimas?
570 1908 690 1933 Bibulum
701 1909 915 1940 petulantissimis
929 1909 1012 1933 verbis

216 1944 315 1970 laedis?
326 1946 419 1970 laudas
431 1943 584 1970 Caesarem?
595 1953 668 1977 quem
678 1947 790 1970 maxime
800 1946 885 1974 odisti,
892 1946 915 1970 ei
924 1947 1012 1970 maa-i-

214 1989 253 2006 me
267 1980 430 2014 obsequeris?
450 1983 523 2007 aliud
537 1986 622 2012 stans,
643 1983 716 2007 aliud
731 1983 819 2007 sedens
835 1983 866 2007 de
880 1983 1012 2014 republica

214 2021 306 2051 sentis:
317 2020 356 2044 bis
367 2019 507 2048 maledicis,
520 2020 578 2044 illos
587 2020 672 2047 odisti,
681 2019 804 2044 levissime
815 2021 958 2052 tmusfuqa,
968 2027 1013 2044 ne—

216 2057 301 2088 quein
311 2057 367 2086 hac,
380 2063 459 2089 neque
470 2057 497 2081 in
507 2056 553 2081 itta
560 2060 636 2088 parte
646 2056 720 2088 fidem
728 2057 828 2082 babens.

496 2140 719 2153 ν-ροοοῦ-

583 2243 641 2269 281.

378 2294 590 2322 CICERONIS
623 2295 848 2323 PERSONATI

574 2357 611 2374 {N

291 2398 664 2428 C.SALUST1UM
707 2398 936 2429 CRISPUM

453 2457 774 2483 RESPONslo.

270 2578 290 2603 1.
314 2580 336 2604 t.
358 2574 399 2604 Ea
410 2579 520 2606 demum
535 2588 632 2615 magna
646 2579 771 2614 voluptas
785 2584 838 2610 est,
856 2579 886 2606 C.
898 2579 1008 2611 Salusfi,

216 2614 354 2649 aequalem
369 2624 398 2641 ac
412 2624 504 2650 parem
515 2617 606 2643 verbis
617 2617 700 2643 vitam
711 2625 804 2652 agere:
827 2625 915 2651 neque
928 2617 1011 2652 quid-

216 2660 296 2686 quam
308 2657 361 2679 tam
374 2652 522 2680 obscenum
535 2653 638 2685 dicere,
655 2655 700 2681 cui
715 2663 768 2681 non
781 2654 816 2681 ab
830 2654 908 2681 initio
918 2655 1011 2690 pueri-

382 914 447 939 quae
467 907 669 931 crudelissimum
686 906 897 937 proscriptionem
917 905 1009 929 civium
1030 922 1032 930 .

208 952 332 980 perpessu
343 948 387 972 est,
395 952 472 976 quum
484 947 518 971 tu,
525 943 673 975 perturbata
686 943 824 974 republica,
832 945 897 966 metu
907 942 1009 973 percul-
1031 948 1032 979 ζ

879 129 913 154 Μ.
945 128 974 154 Τ,
1006 127 1257 154 CICERONIS

1058 199 1107 224 tine
1126 198 1198 224 omni
1219 205 1316 232 genere
1338 197 1462 224 facinoris
1477 203 1548 225 aetas
1567 203 1610 224 tua
1627 199 1797 234 respondeat:
1821 204 1849 226 ut

1057 236 1143 261 ouini<
1159 236 1242 261 oratio
1258 235 1377 261 moribus
1390 241 1526 262 consonet.
1568 236 1659 271 Neque
1669 237 1741 263 enim
1753 236 1800 272 qui
1814 237 1848 263 ita

1060 273 1134 301 vivit,
1149 273 1187 298 uti
1199 276 1236 302 tu,
1250 272 1334 301 aliter,
1348 281 1377 297 ac
1389 277 1426 303 tu,
1441 272 1513 307 loqui
1525 278 1623 307 potest:
1637 282 1723 309 neque
1736 275 1783 308 qui
1796 278 1848 300 tam

1060 310 1131 336 illoto
1151 318 1273 335 sermone
1295 310 1391 340 utitur,
1417 311 1470 336 vita
1493 310 1688 337 honestiorem.
1728 312 1787 343 Quo
1807 318 1850 337 me

1060 351 1173 376 vertam.
1201 351 1287 380 patres
1311 347 1474 381 conscripti?
1500 346 1571 373 unde
1597 348 1703 374 initium
1727 346 1852 374 sumam?

1059 385 1144 410 Maius
1155 384 1226 409 enim
1240 383 1306 409 milii
1321 383 1428 410 dicendi
1439 392 1508 410 onus
1520 385 1679 419 imponitur,
1696 393 1750 420 quo
1765 385 1851 411 notior

1059 427 1097 447 est
1114 426 1224 455 uterque
1241 425 1375 451 nostrunn
1398 421 1469 455 quod
1486 422 1508 447 si
1524 426 1569 447 aut
1583 421 1616 447 de
1631 430 1687 448 mea
1705 423 1757 448 vita
1771 427 1851 456 utque

1059 458 1163 484 actibus
1176 458 1238 483 Inui(¹
1249 458 1420 484 conviciatori
1433 458 1606 493 respondem.
1624 458 1726 485 invidia
1737 458 1850 494 gloriam

1059 500 1249 530 consequetur:
1263 499 1316 523 aut.
1330 496 1353 521 si
1366 495 1447 521 huius
1460 495 1525 521 lacta
1534 516 1540 526 ,
1553 504 1649 526 mores,
1662 505 1768 522 omnem
1780 500 1851 522 oeta-

1060 538 1110 559 tem
1128 532 1277 562 nudavere,
1295 533 1319 558 in
1336 531 1406 558 idem
1424 533 1519 559 vitium
1537 532 1653 559 incidam
1672 533 1849 568 procacitatis,

1058 569 1129 605 quod
1144 570 1206 595 liuic
1216 569 1325 595 obiicio.
1367 569 1394 595 Id
1413 578 1473 600 vos,
1490 570 1513 596 si
1533 569 1597 596 torte
1610 569 1791 599 offendimini.
1810 570 1852 596 iu-

1059 608 1126 634 stius
1140 607 1215 636 huic,
1233 615 1313 641 quam
1327 607 1408 636 mihi,
1429 615 1586 633 succensere
1600 606 1718 637 debetis,
1734 607 1782 642 qui
1798 607 1853 634 ini-

1059 646 1125 671 tium
1144 644 1300 670 introduxit.
1341 645 1365 670 2.
1387 644 1442 679 Ego
1456 644 1658 679 dabooperam.
1676 649 1739 670 utet
1751 653 1798 679 pro
1809 651 1853 670 mo

1060 682 1172 708 minimo
1181 690 1242 707 cum
1255 680 1361 707 fastidio
1373 681 1561 716 respondeam,
1579 686 1604 708 et
1617 682 1644 708 in
1657 681 1729 707 hunc
1740 681 1852 707 minimo

1060 719 1186 745 mentitus
1198 726 1256 743 esse
1271 718 1370 744 videar.
1411 719 1472 745 Scio
1484 727 1540 749 me,
1553 723 1641 753 patres
1651 719 1810 753 conscripti,
1824 718 1852 744 in

1060 755 1245 790 respondendo
1269 764 1319 782 non
1347 756 1444 782 habere
1469 764 1592 792 magnam
1613 757 1850 790 exspectationem.

1059 794 1130 828 quod
1149 792 1253 819 nullum
1269 802 1315 818 vos
1327 794 1418 819 sciatis
1430 802 1529 819 novum
1545 795 1647 820 crimen
1664 794 1691 819 in
1703 792 1851 820 Salustium

1060 831 1211 860 audituros.
1238 829 1286 856 sed
1306 831 1394 856 omnia
1417 835 1504 856 vetera
1527 831 1722 866 recognitiiros,
1745 832 1808 864 quis
1827 834 1854 856 et

1061 876 1134 894 meae
1148 872 1173 894 et
1189 872 1291 893 vestrae
1307 868 1359 893 iam
1375 872 1401 894 et
1417 869 1503 902 ipsius
1518 876 1596 893 aures
1616 867 1712 894 calent.
1752 867 1852 893 Verum

1060 914 1090 931 eo
1107 905 1192 939 magis
1207 904 1296 930 odisse
1312 904 1416 930 debetis
1433 905 1584 935 hominem,
1606 905 1654 939 qui
1671 913 1703 930 ne
1718 904 1852 939 incipiens

1060 942 1170 977 quidem
1187 950 1296 976 peccare
1317 942 1438 968 minimis
1454 942 1535 967 rebus
1549 942 1639 976 posuit
1653 941 1851 968 rudimentum:

1060 979 1106 1005 sed
1125 980 1158 1005 ita
1176 980 1314 1014 ingressus
1330 984 1382 1009 est,
1405 979 1444 1005 uti
1460 987 1547 1013 neque
1561 979 1595 1005 ab
1610 978 1662 1005 alio
1674 979 1745 1005 vinci
1757 978 1851 1012 possit,

1061 1025 1147 1051 neque
1160 1017 1216 1050 ipse
1228 1024 1256 1041 se
1266 1017 1376 1042 omnino
1387 1016 1489 1050 reliqua
1500 1021 1583 1042 aetate
1594 1016 1747 1050 praeterire.
1765 1017 1789 1041 3.
1803 1015 1854 1041 Ita-

1060 1063 1112 1088 que
1125 1053 1191 1079 nihil
1204 1053 1277 1079 aliud
1290 1053 1393 1083 studet,
1412 1054 1478 1083 nisi,
1497 1054 1535 1079 uti
1552 1052 1700 1079 lutulentus
1711 1061 1773 1083 sus,
1791 1059 1853 1078 cum

1061 1092 1157 1126 quovis
1170 1090 1293 1116 volutari.
1334 1091 1423 1125 Longe
1435 1098 1497 1116 vero
1509 1089 1610 1116 fallitur
1619 1090 1755 1124 opinione.
1796 1089 1854 1115 Non

1061 1129 1132 1154 enim
1150 1129 1307 1162 procacitate
1324 1127 1431 1162 linguae
1447 1127 1517 1153 vitae
1532 1126 1624 1154 sordes
1643 1127 1783 1152 eluuntur:
1806 1125 1854 1152 sed

1038 1173 1040 1200 ᾗ
1061 1170 1100 1191 est
1111 1164 1242 1200 quaedam
1253 1164 1401 1195 calumnia,
1424 1172 1505 1199 quam
1522 1172 1593 1190 unus
1606 1164 1723 1199 quisque
1734 1167 1855 1190 nostrum

1039 1204 1040 1212 ¹
1062 1207 1172 1229 testante
1184 1203 1272 1228 animo
1284 1210 1333 1228 suo
1345 1201 1407 1232 sert,
1421 1201 1454 1228 de
1465 1210 1508 1232 eo,
1522 1202 1570 1236 qui
1582 1200 1679 1227 salsum
1691 1201 1792 1227 crimen
1806 1199 1856 1227 bo-

1062 1241 1104 1266 nis
1115 1239 1239 1266 obiectat.
1279 1239 1355 1271 Quod
1371 1239 1394 1265 si
1411 1239 1465 1265 vita
1482 1239 1561 1265 istius
1577 1238 1732 1265 memoriam
1745 1238 1852 1264 vicerit:

1039 1277 1040 1280 ’
1062 1277 1149 1307 illam,
1167 1281 1255 1311 patres
1265 1277 1424 1310 conscripti.
1441 1284 1493 1302 non
1505 1284 1539 1303 ex
1548 1276 1679 1306 oratione,
1695 1274 1742 1301 sed
1753 1283 1787 1301 ex
1798 1282 1856 1301 mo-

1062 1314 1137 1340 ribus
1149 1315 1206 1340 suis
1216 1318 1335 1348 spectare
1346 1313 1461 1340 debetis.
1492 1314 1546 1339 Iam
1560 1312 1630 1340 dabo
1642 1320 1760 1348 operam,
1772 1319 1854 1347 quam

1062 1353 1179 1378 maxime
1196 1356 1298 1386 potero,
1322 1351 1397 1377 brevi
1409 1355 1439 1377 ut
1449 1349 1555 1377 faciam.
1595 1350 1688 1385 Neque
1700 1349 1765 1376 haec
1775 1348 1856 1375 alter-

1038 1391 1040 1406 v'
1061 1390 1129 1416 catio
1141 1393 1228 1415 nostra
1240 1388 1318 1415 vobis
1329 1387 1435 1414 inutilis
1445 1388 1505 1418 erit,
1518 1392 1606 1422 patres
1619 1388 1775 1422 conscripti.
1797 1385 1856 1412 Ple-

776 1424 820 1450 lV.
841 1424 867 1449 7.
889 1423 939 1450 Sed
949 1426 1011 1457 quid
1039 1428 1040 1436 ¹

1062 1435 1176 1461 rumque
1190 1427 1262 1452 enim
1278 1425 1431 1460 respublica
1450 1425 1563 1460 privatis
1577 1425 1674 1451 crescit
1689 1423 1854 1451 inimicitiis:

1039 1471 1041 1476 ·
1062 1464 1110 1490 ubi
1122 1471 1200 1490 nemo
1211 1463 1289 1494 civis,
1301 1462 1390 1498 qualis
1401 1463 1436 1489 sit
1447 1463 1497 1492 vir.
1510 1467 1597 1497 potest
1607 1461 1697 1489 latere.

1115 1539 1149 1564 lI.
1170 1539 1194 1564 4.
1217 1538 1336 1563 Primum
1349 1537 1445 1572 igitur,
1466 1537 1594 1571 quoniam
1608 1537 1730 1563 omnium
1741 1537 1857 1564 maiores

1059 1575 1089 1602 C.
1102 1575 1238 1601 Salustius
1249 1574 1282 1600 ad
1294 1583 1378 1600 unum
1392 1574 1549 1609 exemplum
1563 1579 1588 1600 et
1604 1574 1724 1610 regulam
1739 1575 1854 1609 quaerit,

1061 1612 1141 1639 velim
1154 1612 1222 1638 mihi
1233 1611 1405 1646 respondeat,
1429 1610 1563 1646 numquid
1580 1610 1645 1647 [hi],
1662 1620 1730 1646 quos
1746 1611 1858 1646 protulit

1060 1651 1201 1684 Scipiones
1212 1654 1238 1675 et
1250 1648 1368 1675 Metellos
1380 1648 1421 1674 vel
1434 1648 1530 1675 Fabios
1539 1669 1546 1679 ,
1558 1653 1618 1675 ante
1630 1648 1730 1675 fuerint
1741 1653 1787 1675 aut
1796 1649 1857 1683 opi-

1060 1688 1147 1714 nionis
1163 1692 1208 1713 aut
1223 1686 1337 1721 gloriae,
1357 1694 1439 1720 quam
1455 1694 1499 1712 eos
1516 1694 1558 1711 res
1572 1690 1664 1721 gestae
1681 1694 1745 1712 suae
1760 1690 1786 1712 et
1801 1685 1856 1712 vita

1062 1724 1283 1751 innocentissime
1299 1728 1355 1749 acta
1370 1722 1579 1749 commendavit.
1618 1722 1695 1755 Quod
1710 1723 1734 1748 si
1747 1722 1796 1748 hoc
1807 1721 1859 1749 tuit

1062 1762 1117 1788 illis
1130 1761 1236 1787 initium
1249 1760 1365 1786 nominis
1377 1764 1402 1786 et
1415 1759 1570 1795 dignitatis:
1592 1767 1641 1785 cur
1656 1768 1708 1785 non
1723 1767 1808 1794 aeque
1822 1759 1857 1786 de

1063 1799 1140 1825 nobis
1151 1799 1333 1827 existimetur,
1350 1797 1429 1823 cuius
1440 1801 1464 1823 et
1476 1804 1517 1822 res
1527 1800 1618 1832 gestae
1630 1796 1748 1823 illustres
1761 1795 1855 1832 [sunt],

1062 1841 1088 1862 et
1098 1837 1153 1862 vita
1165 1835 1336 1870 integerrime
1347 1833 1422 1860 acta‘?
1436 1833 1518 1865 Quasi
1534 1842 1597 1860 vero
1612 1839 1640 1860 tu
1651 1835 1690 1860 sis
1700 1833 1734 1859 ab
1746 1832 1801 1859 illis
1815 1835 1857 1860 vi-

1062 1874 1113 1903 ris,
1135 1872 1248 1901 Salusti,
1269 1876 1354 1898 ortus.
1394 1870 1470 1903 Quod
1487 1871 1510 1897 si
1531 1879 1618 1901 esseS‚
1640 1870 1784 1897 nonnullos
1803 1871 1857 1897 iam

1063 1915 1122 1936 tuae
1143 1908 1320 1943 turpitudinis
1343 1909 1456 1944 pigeret.
1496 1909 1522 1934 5.
1543 1908 1600 1943 Ego
1620 1908 1688 1934 meis
1708 1907 1857 1934 maioribus

1063 1948 1160 1973 virtute
1172 1955 1230 1972 mea
1242 1945 1364 1980 praeluxi
1373 1966 1379 1976 ,
1392 1946 1445 1976 uti,
1458 1945 1482 1971 si
1493 1945 1570 1979 prius
1583 1945 1640 1972 noti
1650 1953 1702 1971 non
1717 1944 1829 1975 fuerint,
1842 1953 1856 1971 a

1063 1993 1104 2010 me
1120 1984 1253 2018 accipiant
1268 1983 1375 2009 initium
1392 1983 1536 2008 memoriae
1551 1990 1623 2008 suae.
1663 1982 1702 2008 Tu
1720 1982 1775 2008 tuis
1790 1983 1854 2012 vita,

1063 2030 1144 2057 quam
1160 2021 1273 2055 turpiter
1287 2020 1380 2056 egisti,
1401 2028 1512 2055 magnas
1527 2019 1648 2046 effudisti
1662 2019 1799 2045 tenebras:
1816 2024 1854 2050 ut,

1063 2060 1168 2085 etiamsi
1181 2058 1281 2084 fuerint
1291 2057 1393 2092 egregii
1403 2057 1487 2087 cives,
1495 2061 1565 2083 certe
1575 2057 1698 2083 venerint
1708 2055 1858 2083 inoblivio-

1063 2105 1135 2122 nem.
1175 2095 1262 2127 Quare
1274 2095 1328 2121 noli
1339 2094 1408 2120 mihi
1419 2094 1544 2129 antiquos
1554 2094 1627 2120 viros
1637 2093 1780 2119 obiectare.
1808 2092 1858 2119 Sa-

1063 2135 1117 2160 tius
1127 2138 1167 2159 est
1177 2133 1250 2159 enim
1262 2141 1304 2158 me
1317 2132 1385 2157 meis
1396 2131 1477 2157 rebus
1487 2131 1571 2166 gestis
1582 2129 1687 2161 florere,
1703 2138 1786 2165 quam
1799 2138 1858 2156 ma-

1063 2171 1150 2197 iorum
1161 2164 1287 2205 opinion'e
1299 2169 1362 2195 niti:
1380 2173 1406 2194 et
1417 2169 1452 2195 ita
1464 2169 1566 2198 vivere,
1579 2172 1609 2194 ut
1619 2176 1668 2203 ego
1679 2168 1731 2194 sim
1743 2167 1857 2202 posteris

1063 2208 1130 2234 meis
1149 2206 1296 2234 nobilitatis
1312 2206 1420 2232 initium
1435 2209 1462 2232 et
1475 2206 1585 2231 virtutis
1598 2204 1764 2239 exemplum.
1803 2205 1858 2231 Ne-

1062 2253 1115 2280 que
1127 2253 1169 2271 me
1179 2253 1241 2271 cum
1252 2244 1286 2269 iis
1297 2242 1412 2269 conferri
1425 2242 1514 2273 decet,
1531 2246 1620 2277 patres
1633 2241 1792 2276 conscripti,
1808 2241 1856 2276 qui

1064 2284 1116 2309 iam
1131 2282 1304 2308 decesserunt
1317 2281 1446 2315 omnique
1461 2279 1523 2306 odio
1533 2284 1624 2305 carent
1632 2284 1658 2305 et
1668 2278 1785 2310 invidia;
1808 2277 1856 2304 sed

1062 2329 1124 2346 cum
1136 2320 1180 2346 iis.
1193 2319 1241 2353 qui
1254 2326 1360 2344 mecum
1373 2325 1424 2343 una
1437 2317 1463 2343 in
1475 2315 1613 2351 republica
1624 2316 1723 2343 versati
1733 2320 1806 2342 sunt.
1829 2316 1854 2341 6.

1063 2357 1116 2383 Sed
1131 2357 1155 2382 si
1172 2356 1269 2382 luerim
1284 2359 1329 2380 aut
1345 2355 1373 2380 in
1385 2353 1532 2381 honoribus
1542 2352 1666 2388 petendis
1676 2353 1758 2379 nimis
1768 2351 1857 2378 ambi-

1063 2395 1161 2423 tiosus,
1179 2393 1241 2427 (non
1254 2392 1322 2418 hanc
1333 2391 1393 2417 dico
1403 2390 1560 2426 popularem
1574 2390 1760 2418 ambitionem.
1776 2389 1856 2415 cuius

1063 2440 1105 2457 me
1116 2431 1266 2465 principem
1277 2429 1416 2458 confiteor,
1433 2428 1482 2454 sed
1492 2427 1565 2454 illam
1577 2427 1754 2462 perniciosam
1765 2430 1856 2452 contra

1064 2468 1149 2504 leges,
1169 2467 1248 2493 cuius
1264 2467 1366 2501 primos
1385 2465 1492 2492 ordines
1508 2464 1643 2491 Salustius
1652 2463 1752 2496 duxit.)
1767 2467 1813 2488 aut
1828 2463 1856 2488 in

1061 2504 1188 2541 gerendis
1200 2503 1415 2539 magistratibus,
1438 2502 1521 2528 autin
1532 2500 1704 2527 vindicandis
1716 2499 1856 2525 maleficiis

1062 2548 1116 2569 tam
1134 2549 1260 2570 severus,
1281 2545 1327 2567 aut
1346 2541 1374 2566 in
1389 2538 1488 2566 tuenda
1502 2538 1640 2573 republica
1654 2542 1708 2563 tam
1727 2536 1854 2571 vigilans,

1062 2588 1143 2614 quam
1155 2584 1182 2606 tu
1193 2578 1416 2613 proscriptionem
1426 2584 1520 2602 vocas:
1532 2573 1688 2609 credoquod
1699 2582 1751 2600 non
1762 2581 1856 2600 omnes

1063 2617 1102 2643 tui
1113 2616 1218 2643 similes
1229 2615 1378 2641 incolumes
1389 2614 1417 2640 iu
1429 2613 1478 2639 hac
1488 2612 1555 2639 urbe
1565 2612 1712 2638 vixissent:
1725 2614 1856 2645 atquanto

1062 2653 1172 2680 meliore
1183 2653 1240 2680 loco
1251 2650 1404 2687 respublica
1415 2654 1504 2680 staret,
1512 2649 1580 2680 situ,
1588 2656 1636 2683 par
1645 2656 1676 2674 ac
1687 2647 1786 2674 similis
1796 2655 1856 2673 sce-
