1941 3052
722 130 1053 158 FRAGMENTA.

65 209 137 228 nunc
148 208 190 227 me
202 199 301 231 velitis,
316 201 411 227 vestris
422 200 520 235 opibus
531 200 682 232 defensum,
696 200 859 228 incolumem

67 239 95 264 in
107 238 156 264 1130
167 238 274 264 civitate
286 239 412 264 retinere:
427 246 495 273 quae
506 247 591 273 quum
603 248 617 265 a
629 238 756 265 scelerata
766 239 860 265 coniu-

67 276 167 302 ratione
182 280 253 301 esset
268 275 391 306 incensa,
413 284 472 302 meo
487 275 570 302 ductu
585 284 615 302 ac
631 275 719 302 labore
735 276 859 302 restincta

66 317 119 339 est:
142 320 191 339 nec
207 312 347 347 patiamini
364 321 419 343 me,
437 321 451 338 a
466 312 558 339 liberis
573 314 640 339 meis
651 313 828 344 abstractum,
845 322 859 339 a

64 350 180 385 coniuge
191 349 346 384 abreptum,
369 350 402 376 ab
417 351 470 376 aris
485 349 606 385 focisque
619 351 786 377 innocentem
798 359 860 385 pro-

65 388 179 417 iectum,
198 387 281 413 vitam
296 387 393 422 degere
409 388 436 413 in
452 387 561 417 exsilio,
579 388 723 414 miserrimi
741 387 859 414 mortalis

64 433 158 450 casum
173 424 276 451 subire.
317 426 355 450 30.
381 425 523 451 Proiicitur
542 424 648 451 Tullius
671 425 698 451 in
720 424 858 451 exsilium.

64 462 122 488 Ata
134 461 205 496 quo‘?
221 462 350 488 nimirum
363 463 491 488 innocens
505 461 538 488 ab
551 462 674 493 inimico,
691 462 835 497 religiosus
846 470 860 488 a

65 498 200 529 scelerato,
214 498 362 525 benevolus
375 499 438 525 huic
449 499 551 525 civitati
562 499 595 525 ab
610 499 695 526 hoste.

65 537 134 563 vitae
146 537 225 567 ratio,
242 545 311 571 quae
322 536 425 562 tamdiu
437 535 539 562 resides
553 537 580 562 in
597 536 746 571 voluptate,
764 545 860 571 quam-

64 573 111 600 diu
125 573 245 600 t'ortunae
256 574 342 608 poscit
353 573 449 600 libido!
472 574 562 608 Egone
577 574 704 600 inimicus
717 574 781 600 huic
792 575 860 600 civi-

64 610 129 637 tati‘?
140 610 334 646 quamobrem?
353 611 417 645 quia
429 611 553 637 inimicos
564 611 669 637 necavi.
709 611 800 646 Egone
811 611 860 637 ho-

64 647 131 675 51159
140 648 209 683 quid
221 647 274 674 ita?
283 649 348 682 quia
360 648 449 674 hostes
461 648 592 674 interfeci.
628 648 667 674 En
679 649 859 675 conditionem

65 686 146 712 huius
162 685 304 720 temporis!
327 690 404 712 antea
418 685 503 721 gloria
515 690 540 711 et
552 685 629 711 laude
640 685 796 721 dignissimi
808 686 860 712 du-

63 722 202 753 cebantur,
216 723 264 757 qui
276 722 340 748 haec
352 722 534 757 perfecerunt:
548 731 619 749 nunc
630 723 751 749 scelerati
763 728 789 749 et
798 732 860 757 par-

64 759 163 786 ricidae
174 768 234 786 esse
245 759 381 791 dicuntur,
394 760 442 795 qui
453 760 519 786 haec
529 760 760 786 administrarant.
801 760 860 786 Sint

63 805 127 824 sane
139 797 274 823 scelerati:
297 802 406 832 superet
416 798 528 824 istorum
540 798 664 829 victoria,
686 799 709 824 si
725 797 804 824 modo
818 799 860 824 vi-

63 835 144 861 ctoria
156 834 315 869 appellanda
327 839 375 866 est,
384 835 412 861 in
423 843 476 870 qua
487 835 603 861 civitatis
615 835 685 861 inest
695 834 797 861 luctus:
812 835 860 861 113-

64 872 143 898 beant
164 872 233 898 hanc
250 871 367 907 palmam
383 881 417 899 ex
432 873 582 899 innocentis
597 881 704 898 cruore:
727 877 830 898 tantum
846 881 860 898 a

64 909 142 936 vobis
155 908 237 940 illud,
254 910 360 944 equites
371 910 497 940 Romani,
516 914 577 944 peto
588 914 613 936 et
624 918 701 945 rogo,
719 914 761 940 ut,
777 918 859 944 quem

63 954 257 981 saepenumero
268 951 355 973 vestra
368 946 446 973 laude
459 947 666 978 eohonestastis,
689 946 816 973 eumdem
831 947 859 973 in

63 984 156 1011 dubiis
168 984 238 1011 vitae
248 984 378 1019 periculis
389 989 476 1011 vestra
489 985 586 1011 virtute
597 985 771 1011 conservetis.

352 1094 571 1106 ψ

431 1224 490 1249 283.

239 1275 438 1304 INCERTI
475 1275 722 1304 AUCTORIS

80 1332 839 1372 CONSOLATlO.

118 1476 138 1501 l.
161 1477 185 1501 1.
208 1469 386 1510 Quamquam
402 1475 555 1502 recentibus
576 1475 678 1502 morbis
694 1474 857 1501 medicinam

62 1511 191 1539 adhibere
208 1517 298 1539 vetant
312 1513 461 1547 sapientes,
485 1512 609 1547 nihilque
620 1512 727 1539 adversi
739 1512 858 1538 homini-

61 1550 113 1576 bus
125 1549 245 1576 accidere
260 1549 327 1576 solet
342 1551 370 1576 in
384 1551 452 1582 vita,
469 1549 543 1585 quod
557 1555 602 1576 aut
617 1550 796 1584 improvisum
812 1554 858 1576 aut

61 1588 275 1622 inexspectatum
288 1587 424 1614 videatur:
437 1596 566 1614 conemur
576 1587 765 1622 tamen,siqua
777 1587 858 1613 ratio-

61 1633 94 1651 ne
114 1633 273 1659 possumuS,
301 1625 402 1651 mederi
426 1625 630 1660 nobismetipsis
650 1629 676 1651 et
695 1624 857 1651 domesticae

60 1661 207 1688 subvenire
226 1661 382 1688 calamitati.
423 1662 452 1689 Si
473 1663 560 1693 enirn,
586 1663 693 1697 quoties
718 1662 854 1692 usuvenit,

60 1698 249 1726 consuluimus
264 1700 374 1731 ceteris,
397 1708 445 1726 cur
460 1709 512 1727 non
527 1699 673 1734 aliquando
684 1699 762 1725 nobis
773 1698 858 1734 ipsis?

60 1741 95 1768 et,
110 1737 134 1762 si
146 1736 301 1771 mala,quae
313 1745 362 1763 nee
374 1737 452 1763 vitari
464 1745 512 1763 nec
522 1737 606 1763 averti
618 1737 744 1763 humanis
751 1736 857 1763 viribus

60 1778 186 1809 possunt,
200 1773 361 1809 pertulimus
373 1773 526 1805 toleranter,
542 1783 590 1801 cur
601 1783 653 1801 11011
665 1783 708 1805 03,
726 1775 749 1800 51
761 1782 859 1809 possu-

60 1819 135 1842 111115,
153 1812 254 1838 13110110
270 1811 371 1838 1ον1013
387 1811 536 1838 faciamus?
554 1812 712 1846 praesertim
726 1820 812 1847 quum
824 1811 856 1838 ad

60 1848 244 1884 aegritudines
255 1853 279 1875 et
291 1849 427 1876 molestias
438 1849 612 1884 depellendas
618 1858 648 1875 eo
655 1849 857 1875 acriusincum-

59 1885 123 1912 here
134 1885 257 1912 homines
268 1886 391 1918 debeant,
405 1895 459 1922 quo
471 1886 568 1913 melius
579 1891 627 1917 est,
635 1887 694 1912 sine
705 1894 767 1912 cura
780 1887 859 1912 vive-

60 1932 101 1953 re,
117 1931 214 1958 quam,
232 1923 305 1950 euris
320 1928 346 1950 et
360 1924 507 1959 angoribus
523 1932 684 1959 oppressum
700 1932 729 1950 ac
740 1924 858 1950 circum-

60 1964 170 1987 ventum
191 1960 336 1987 humanam
359 1961 554 1992 conditionem,
576 1962 641 1988 satis
660 1969 707 1996 per
725 1969 755 1987 se
775 1962 858 1987 mise-

59 2006 126 2028 ram,
139 1997 201 2024 aliis
211 1998 291 2024 etiam
303 1998 482 2025 incommodis
493 1998 598 2025 efficere
610 1999 787 2025 miseriorem.
829 2000 855 2025 2.

58 2034 130 2068 Quid
141 2043 220 2070 porro
230 2036 420 2070 praestantius,
433 2035 500 2071 quid
510 2036 604 2063 utilius
615 2041 663 2066 est,
672 2044 762 2070 quam,
771 2044 856 2070 quum

59 2080 168 2108 corpore
180 2072 282 2104 valeas.
296 2081 403 2105 curare,
417 2078 446 2100 ut
456 2074 537 2100 etiam
548 2074 638 2100 animo
650 2073 738 2099 valere
750 2072 857 2107 possis?

58 2109 196 2145 siquidem
209 2118 307 2145 corpus
322 2111 406 2137 animi
421 2110 618 2146 gubernaculo.
641 2110 748 2137 animus
766 2114 856 2136 autem

58 2147 210 2174 ministerio
220 2148 339 2182 corporis
354 2148 466 2183 indiget.
506 2148 540 2175 At
555 2156 642 2183 neque
659 2147 766 2174 animus
777 2155 856 2183 aeger

58 2184 127 2212 bene
138 2184 310 2220 gubernabit,
326 2193 376 2212 nec
387 2185 510 2212 affectum
521 2194 619 2220 corpus
630 2185 714 2211 animi
726 2188 796 2211 recte
807 2193 857 2219 pa-

58 2222 128 2249 rebit
139 2222 262 2257 imperio.
302 2223 334 2249 11.
354 2224 377 2249 3.
395 2222 577 2255 Quamobrem
588 2221 734 2257 prudenter
744 2230 758 2248 a
770 2221 855 2248 doctis

57 2264 84 2286 et
94 2259 263 2294 sapientibus
276 2260 342 2286 viris
353 2264 379 2286 et
389 2261 535 2295 cogitatum
546 2264 572 2286 et
584 2260 683 2286 l'actum
694 2263 746 2290 est,
763 2259 810 2294 qui
822 2259 856 2285 do

59 2296 132 2323 luctu
144 2296 291 2323 minuendo
302 2301 362 2324 ante
373 2305 421 2323 nos
431 2298 610 2332 seripserunt:
623 2305 739 2331 quorum
750 2301 857 2323 exstant

57 2335 123 2361 satis
134 2333 227 2365 multa,
236 2342 300 2360 sane
310 2335 447 2369 sapienter
459 2334 553 2361 litteris
567 2333 700 2365 mandata,
710 2334 737 2360 in
744 2334 857 2369 primis-

59 2379 110 2407 que
126 2380 140 2398 a
156 2371 353 2406 Theophrasto,
370 2371 519 2398 Xenocrate
534 2376 560 2398 et
578 2371 717 2398 Crantore:
739 2379 854 2406 quorum

61 2408 141 2436 libros
151 2417 238 2444 quum
248 2417 328 2443 saepe
339 2409 424 2435 animi
434 2417 529 2435 caussa
540 2409 739 2444 sumpserimus
755 2409 781 2435 in
798 2417 855 2434 ma-

57 2454 118 2477 nus,
132 2445 257 2472 admirati
268 2454 360 2472 eorum
372 2445 559 2473 saluberrimis
570 2446 719 2481 praeceptis
731 2445 854 2472 refertam

56 2487 83 2510 et
93 2482 227 2510 conditam
234 2482 425 2518 eloquentiam,
435 2488 490 2510 tum
498 2484 620 2518 proxime
633 2483 749 2519 legimus
761 2491 855 2510 neces-

56 2521 136 2547 sario.
177 2521 201 2548 4.
224 2520 308 2548 Casus
324 2521 396 2547 enim
412 2525 517 2556 ereptae
532 2521 610 2548 nobis
626 2520 709 2551 tiliae,
732 2528 814 2555 quam
826 2521 853 2547 in

55 2557 142 2584 oculis
163 2557 330 2590 serebamus,
352 2558 462 2585 eximiis
481 2563 507 2585 et
524 2558 632 2585 virtutis
652 2562 678 2584 et
695 2557 853 2592 prudentiae

58 2594 186 2622 laudibus
197 2600 386 2630 praestantem.
405 2596 440 2622 ita
452 2603 500 2622 nos
512 2595 553 2622 vel
566 2594 681 2630 perculit
692 2594 734 2621 vel
746 2594 850 2625 afflixit,

56 2637 86 2659 ut
101 2632 134 2659 ab
151 2633 184 2659 iis
199 2641 278 2668 opem
294 2633 327 2660 ad
340 2632 495 2660 leniendum
507 2637 533 2659 et
543 2631 721 2668 mitigandum
735 2631 853 2659 dolorem

56 2674 146 2704 petere
160 2671 244 2698 coacti
259 2671 359 2702 simus,
381 2679 497 2706 quorum
512 2670 630 2697 maxime
642 2668 762 2696 doctrina
773 2674 853 2705 atque

729 499 751 526 Ο
762 500 859 525 11115013
880 501 881 510 ¹

1641 137 1704 162 4345

911 203 1065 229 auctoritate
1076 207 1153 229 antea
1164 203 1348 230 movebamur.
1383 204 1474 239 ltaque
1486 204 1578 235 multa,
1592 213 1660 240 quae
1671 207 1704 232 ab

911 239 966 265 illis
978 240 1020 266 vel
1031 245 1106 267 acute
1121 242 1248 276 cogitata,
1271 240 1314 267 vel
1329 241 1465 277 eleganter
1480 243 1617 269 enuntiata
1631 248 1703 270 sunt.

911 276 943 303 ad
955 276 1073 304 dolorem
1084 282 1205 304 nostrum
1219 278 1428 314 abstergendum
1439 278 1612 315 colligemus:
1630 285 1668 311 ut,
1682 282 1705 306 si

911 314 1002 340 minus
1016 320 1116 341 ceteros
1131 316 1159 341 in
1175 320 1246 342 tanto
1260 324 1379 343 maerore
1398 316 1530 343 delectare
1545 318 1704 352 poterimus,

910 351 984 386 quod
999 351 1065 378 alias
1081 357 1106 379 et
1120 352 1235 379 dicendo
1251 358 1277 380 et
1291 353 1434 380 scribendo
1445 353 1550 381 efficere
1560 355 1647 381 conati
1658 363 1706 381 su-

912 397 972 414 mus
990 394 1015 415 et
1029 388 1139 416 fortasse
1154 390 1289 417 interdum
1304 392 1502 426 praestitimus,
1519 391 1612 418 saltem
1629 391 1705 418 nobis

911 427 979 460 ipsis
994 426 1160 453 medeamur.
1200 429 1225 454 5.
1248 427 1301 454 Sed
1317 437 1365 455 nos
1381 429 1460 455 etiam
1477 430 1504 455 in
1520 429 1570 455 hoc
1584 429 1706 456 fortiores

911 464 1022 494 erimus,
1035 473 1117 498 quam
1128 465 1221 495 ceteri,
1237 466 1338 500 quihus
1349 465 1460 492 difficile
1472 475 1523 493 non
1536 466 1599 497 fuit,
1620 475 1705 501 quum

911 499 1010 527 doloris
1022 507 1144 536 expertes
1155 503 1208 536 ipsi
1220 507 1321 534 0550111,
1344 503 1410 530 31105
1424 503 1556 530 0011501311
1567 509 1593 530 01
1607 513 1621 530 3
1633 512 1706 530 11130-

911 546 968 564 rore
980 538 1126 565 abducere:
1150 548 1197 565 nos
1214 544 1302 566 autem
1318 540 1408 567 dolore
1423 540 1528 571 afflicti.
1547 540 1706 568 consolatio-

912 584 973 601 nem
988 584 1001 601 a
1018 576 1095 602 nobis
1111 581 1244 611 1101011105,
1267 579 1445 612 nosmetipsos
1465 580 1491 604 in
1508 578 1598 605 dolore
1614 579 1706 604 vince-

912 621 981 643 mus,
990 622 1019 639 30
1031 618 1139 640 naturae
1150 614 1296 648 quamdam
1307 616 1386 650 quasi
1399 616 1453 641 vim
1465 616 1616 642 afferemus.
1632 615 1705 648 Quae

912 651 1014 676 utinam
1028 652 1092 677 tanti
1104 651 1147 681 sit,
1164 656 1193 677 ut
1203 657 1303 678 ceteros
1315 661 1422 687 quoque
1434 654 1461 679 in
1473 654 1531 688 pari
1542 653 1645 680 fortuna
1658 652 1706 679 do-

911 692 968 714 ceat
983 687 1110 714 adversos
1125 697 1204 715 casus
1220 690 1351 723 patienter
1366 689 1448 716 serre.-
1470 691 1517 725 qui
1529 699 1583 725 quo
1597 691 1706 725 saepius

911 726 1083 760 contingunt,
1110 734 1140 752 eo
1159 727 1297 761 propiores
1322 727 1478 754 hominibus
1498 727 1610 762 putandi
1632 733 1703 757 sunt,

911 763 1043 797 quasique
1059 763 1087 789 in
1104 764 1162 797 ipsa
1179 763 1296 791 humana
1311 770 1403 791 natura
1419 766 1503 791 innati
1519 770 1598 800 atque
1620 765 1704 795 insiti,

912 799 1026 834 ideoque
1041 799 1128 826 levius
1140 800 1253 827 ferendi.
1293 801 1345 834 Qui
1361 803 1434 828 enim
1451 802 1587 828 hominem
1603 810 1630 828 se
1646 811 1705 828 esse

912 838 1044 872 agnoscit,
1068 837 1240 873 hominisque
1260 847 1357 865 nomen
1377 839 1430 865 sibi
1448 839 1578 869 vindicat,
1601 848 1649 865 0111
1664 848 1703 869 03,

911 883 980 909 (11130
991 874 1109 901 hominis
1121 876 1237 902 maxime
1249 877 1356 910 propria
1367 881 1438 907 sunt,
1446 885 1569 903 recusare
1576 878 1706 903 30101100-

911 920 938 937 re
949 911 1062 938 audeat‘?
1072 912 1149 944 Quod
1160 913 1241 939 simul
1254 918 1282 940 ut
1294 913 1409 944 fecisset,
1422 918 1448 940 et
1459 914 1617 948 imprudens
1628 919 1653 940 et
1665 915 1707 940 in-

912 949 999 975 iustus
1011 950 1105 976 merito
1117 950 1268 977 haberetur.
1309 953 1334 977 6.
1356 951 1443 986 Atque
1455 951 1498 977 hic
1510 951 1583 978 locus
1595 960 1608 977 a
1620 951 1707 977 Theo-

911 986 1020 1021 phrasto
1031 987 1138 1022 egregie
1150 992 1276 1014 tractatus
1287 992 1312 1014 et
1323 988 1472 1023 perpolitus
1483 993 1535 1015 est:
1558 990 1676 1023 itemque
1692 998 1705 1014 3

912 1024 1073 1050 Xenocrate:
1087 1033 1203 1059 quorum
1213 1029 1326 1059 uterque
1338 1034 1392 1056 eos,
1400 1027 1448 1060 qui
1459 1034 1616 1052 communes
1627 1034 1706 1052 casus

912 1066 1048 1092 recusant.
1068 1062 1266 1096 imprudentiae
1282 1066 1361 1097 atque
1372 1063 1520 1089 iniustitiae
1531 1063 1703 1089 condemnat:

912 1099 977 1126 alter
991 1100 1072 1125 etiam
1087 1099 1140 1125 diis
1156 1100 1223 1134 ipsis
1239 1099 1366 1127 adversos
1380 1109 1432 1126 non
1444 1100 1550 1126 dubitat
1561 1100 1704 1135 appellare.

911 1136 988 1169 Quod
999 1137 1079 1163 etiam
1089 1138 1200 1173 gravius
1211 1137 1313 1163 crimen
1324 1142 1373 1169 est,
1381 1146 1411 1164 ac
1426 1138 1473 1164 vix
1484 1138 1511 1164 in
1524 1138 1632 1164 homine
1643 1137 1708 1164 tole-

912 1174 1010 1200 rabile:
1033 1175 1095 1209 qui,
1116 1183 1202 1209 quum
1216 1175 1306 1201 omnia
1321 1174 1375 1201 diis
1392 1174 1589 1201 immortalibus
1600 1180 1706 1210 accepta

912 1211 1009 1238 referre
1020 1211 1129 1242 debeat,
1147 1220 1262 1246 quorum
1279 1221 1328 1247 ope
1341 1213 1422 1243 vivit,
1436 1212 1578 1248 intelligit,
1592 1213 1659 1248 agit:
1685 1214 1707 1238 si

911 1257 1002 1275 eorum
1020 1249 1149 1276 voluntati
1166 1254 1309 1285 repugnet,
1332 1258 1394 1276 cum
1409 1249 1463 1276 diis
1478 1251 1618 1285 gigantum
1635 1258 1707 1276 more

911 1286 1010 1312 bellare
1022 1286 1168 1313 videbitur.
1209 1288 1253 1313 111.
1267 1287 1292 1313 7.
1308 1287 1377 1313 Haec
1387 1292 1475 1313 autem
1489 1287 1582 1321 perite,
1596 1292 1625 1313 ut
1636 1287 1704 1316 dixi,

910 1333 924 1350 a
939 1323 1031 1350 multis
1053 1328 1160 1350 tractata
1174 1329 1247 1351 sunt.
1288 1324 1339 1350 Sed
1355 1333 1404 1360 ego
1419 1324 1572 1351 Crantorem
1594 1332 1704 1359 sequor:

909 1362 987 1387 cuius
1000 1361 1052 1396 legi
1064 1361 1173 1388 brevem
1185 1360 1263 1388 illum
1275 1362 1400 1396 quidem,
1413 1361 1459 1388 sed
1472 1370 1533 1388 vere
1545 1369 1657 1388 aureum
1671 1367 1705 1389 et.

910 1403 939 1425 ut
951 1399 1073 1425 Panaetio
1085 1398 1200 1433 placuit,
1221 1399 1254 1425 ad
1271 1399 1383 1425 verbum
1400 1399 1577 1425 ediscendum
1589 1398 1622 1425 de
1634 1398 1706 1426 luctu

911 1436 1020 1466 librum,
1031 1445 1084 1471 quo
1095 1441 1171 1462 acute
1183 1435 1337 1463 universam
1350 1436 1450 1463 doloris
1461 1436 1623 1462 medicinam
1634 1445 1707 1463 com—

910 1473 1006 1508 plexus
1018 1479 1068 1500 est.
1108 1473 1160 1500 Sed
1172 1473 1305 1500 humanae
1317 1479 1426 1500 naturae
1438 1473 1606 1500 incommoda
1619 1474 1653 1500 ita
1665 1473 1708 1499 di-

911 1511 1023 1546 ligenter
1032 1516 1057 1537 et
1067 1515 1189 1537 accurate
1200 1512 1342 1546 expressit,
1351 1517 1388 1541 ut,
1397 1512 1475 1546 quasi
1484 1511 1642 1537 luendorum
1649 1520 1708 1537 sce-

910 1548 995 1575 lerum
1006 1557 1101 1575 caussa
1112 1549 1186 1575 nasci
1199 1549 1321 1575 homines
1333 1554 1358 1576 et
1369 1550 1395 1575 in
1412 1549 1479 1575 hanc
1492 1548 1578 1575 lucem
1590 1548 1704 1584 ingredi,

908 1586 997 1620 possis
1007 1594 1162 1622 agnoscere.
1204 1588 1227 1612 8.
1250 1587 1301 1612 Fac
1312 1587 1394 1617 enim.
1408 1586 1482 1612 nasci
1495 1586 1630 1612 hominem
1643 1591 1668 1612 et
1680 1587 1706 1611 in

911 1623 997 1650 lucem
1009 1623 1067 1650 edi:
1087 1624 1214 1650 continuo
1225 1624 1338 1655 senties.
1357 1633 1409 1650 non
1424 1632 1513 1650 rerum
1528 1623 1706 1650 humanarum

909 1660 1051 1695 dominum
1063 1666 1088 1687 et
1098 1661 1304 1696 gubernatorem
1316 1666 1448 1691 exortum,
1462 1661 1509 1687 sed
1522 1661 1613 1687 verius
1625 1661 1707 1687 mise—

910 1699 1010 1725 riarum
1028 1707 1138 1725 servum
1159 1703 1238 1733 atque
1257 1699 1496 1726 incommodorum.
1537 1699 1603 1724 Nam
1620 1697 1708 1724 infan-

910 1736 974 1762 tiam
985 1740 1011 1762 et
1022 1737 1165 1771 pueritiam
1178 1737 1294 1772 vagitus,
1304 1736 1436 1766 lacrimae,
1451 1735 1632 1765 imbecillitas,
1647 1735 1707 1762 nul-

912 1773 952 1799 lus
965 1782 1013 1800 nec
1025 1774 1132 1800 rationis
1144 1782 1192 1800 nec
1203 1775 1321 1808 corporis
1332 1782 1412 1805 usus,
1435 1773 1540 1800 dolores
1555 1773 1707 1800 molestiae-

909 1820 962 1846 que
982 1820 1064 1846 quam
1090 1810 1222 1846 plurimae
1243 1811 1452 1846 amplectuntur.
1492 1810 1706 1838 adolescentiam

909 1849 987 1875 ardor
998 1849 1109 1884 quidam
1121 1849 1222 1884 excipit
1233 1849 1335 1879 11013115,
1345 1858 1392 1875 nec
1404 1848 1562 1884 prudentiae
1574 1857 1622 1875 nec
1635 1848 1707 1874 iudi-

909 1887 944 1913 cii
963 1895 1086 1921 compos:
1109 1895 1198 1912 rerum
1219 1886 1327 1913 utilium
1343 1895 1373 1912 30
1395 1886 1574 1912 laudabilium
1587 1891 1707 1913 contem—

910 1925 978 1958 ptio:
997 1924 1143 1959 voluptatis
1159 1928 1185 1950 et
1199 1932 1279 1958 saepe
1294 1924 1470 1958 turpitudinis
1485 1924 1626 1958 appetitio:
1651 1924 1706 1950 veri

910 1962 973 1988 boni
986 1962 1130 1997 ignoratio:
1154 1962 1181 1987 in
1193 1969 1270 1996 pares
1283 1960 1389 1992 ferocia,
1407 1962 1433 1987 in
1448 1962 1600 1995 superiores
1612 1969 1708 1996 super-

910 1999 968 2030 bia,
992 1999 1019 2026 in
1036 1999 1143 2025 infimos
1159 1999 1318 2034 arrogantia.
1359 2000 1384 2025 9.
1407 1998 1501 2025 Exhis
1512 1999 1705 2029 contentiones,

910 2037 996 2067 rixae,
1019 2036 1212 2067 contumeliae,
1237 2036 1364 2062 assiduus
1384 2036 1503 2070 denique
1524 2035 1706 2062 molestiarum

908 2082 1057 2100 concursus
1071 2074 1191 2101 exsistit:
1214 2082 1248 2100 ex
1263 2073 1345 2100 rebus
1361 2073 1480 2100 honestis
1491 2074 1651 2108 contemptis
1667 2074 1707 2099 in·

910 2110 1023 2137 felicitas
1039 2116 1066 2138 et
1081 2110 1205 2137 infamia:
1225 2119 1259 2137 ex
1276 2111 1401 2146 turpibus
1422 2111 1527 2137 curiose
1547 2111 1660 2145 arreptis
1682 2116 1707 2136 et

908 2149 1070 2183 conquisitis
1095 2147 1198 2178 luctus,
1221 2148 1321 2178 morbi,
1344 2153 1503 2183 perpetuum
1527 2148 1644 2182 denique
1663 2149 1705 2173 sui

909 2186 996 2220 ipsius
1007 2185 1110 2215 odium,
1119 2193 1152 2211 ex
1159 2186 1264 2221 cognita
1277 2194 1365 2211 10111111
1378 2186 1497 2220 turpium
1509 2185 1631 2211 mercede
1642 2193 1705 2210 con-

908 2222 1010 2249 flatum.
1053 2224 1092 2248 to.
1115 2221 1190 2248 Adde
1214 2223 1322 2249 insanas
1342 2224 1517 2257 pecuniarum
1541 2222 1703 2257 largitiones,

909 2260 1010 2286 nullam
1022 2259 1104 2286 futuri
1117 2260 1244 2294 temporis
1255 2268 1362 2289 curam,
1376 2268 1427 2286 non
1441 2260 1560 2295 inopiae.
1574 2268 1624 2285 non
1637 2259 1706 2285 libe-

908 2306 1011 2328 rorum.
1034 2306 1086 2324 non
1103 2298 1208 2327 uxoris,
1232 2305 1283 2323 non
1300 2301 1480 2331 posterorum.
1503 2305 1554 2323 non
1576 2296 1703 2322 furniliae.

907 2335 980 2367 Quae
991 2335 1014 2361 si
1026 2335 1088 2369 quis
1099 2335 1192 2360 aetatis
1205 2335 1294 2369 potius
1306 2335 1384 2364 vitia,
1400 2343 1481 2369 quam
1500 2339 1608 2360 naturae
1623 2334 1706 2359 mise-

908 2373 960 2398 rias
983 2371 1047 2398 velit
1069 2371 1218 2407 appellare:
1246 2380 1410 2406 quamquam
1433 2372 1549 2398 nominis
1569 2372 1705 2405 quaestio-

908 2418 968 2436 nem
981 2409 1102 2439 inducat.
1117 2417 1167 2435 non
1181 2414 1267 2435 13111011
1281 2409 1353 2443 ipsas
1365 2408 1399 2434 ab
1411 2408 1519 2434 homine
1532 2409 1654 2434 miserias
1665 2413 1704 2434 at-

907 2456 960 2482 que
972 2446 1139 2473 incommoda
1153 2446 1311 2472 removebit.
1348 2448 1386 2472 tt.
1410 2446 1463 2471 Nee
1476 2454 1537 2471 vero
1552 2445 1704 2471 audiendus

906 2485 965 2514 erit,
978 2485 1026 2519 qui
1038 2484 1103 2510 haec
1114 2484 1148 2509 ab
1160 2484 1293 2509 humanae
1306 2488 1414 2509 naturae
1427 2483 1544 2509 miseriis
1555 2482 1703 2517 separanda

907 2526 994 2556 putet,
1016 2521 1088 2556 quod
1101 2530 1152 2547 non
1166 2521 1192 2547 in
1211 2526 1302 2547 natura
1321 2521 1399 2546 insita
1415 2521 1482 2549 sint,
1500 2519 1547 2546 sed
1563 2521 1644 2546 unius
1661 2520 1703 2546 vel

906 2558 1059 2593 aliquorum
1071 2558 1211 2585 hominum
1225 2566 1327 2584 errores
1343 2557 1497 2584 videantur:
1522 2559 1602 2584 totius
1613 2563 1702 2584 autem

907 2601 1015 2622 naturae
1027 2595 1072 2622 illa
1084 2604 1143 2622 esse
1154 2595 1277 2625 aflirmet.
1286 2603 1373 2630 quaea
1386 2594 1460 2621 nullo
1472 2603 1582 2629 prorsus
1594 2594 1702 2621 homine

905 2634 1013 2669 seiungi
1026 2638 1148 2668 possunt.
1173 2633 1255 2665 Quasi
1269 2640 1330 2659 vero
1342 2632 1490 2659 humanum
1503 2641 1554 2659 non
1566 2633 1601 2659 sit
1613 2633 1700 2661 irasci,

905 2670 978 2706 quod
994 2671 1071 2698 multi
1088 2679 1139 2697 non
1156 2671 1318 2701 irascantur,
1341 2675 1386 2697 aut
1401 2678 1454 2697 non
1467 2669 1615 2697 humanum
1629 2669 1702 2705 loqui

1448 2718 1496 2744 169
