1941 3052
222 140 270 164 ‚¹3⁸0
683 137 724 161 551.
761 135 794 160 M.

221 218 253 244 ge
266 209 346 235 l’lotin
360 208 533 237 suitillodius,
547 205 632 241 quoad
642 206 716 231 vixit.
739 205 796 236 Quo
807 204 912 230 tandein
925 205 1013 229 animo

222 247 270 273 boc
286 251 425 281 tyrannum
439 245 514 271 illum
530 244 622 270 tulisse
634 242 758 268 creditis?
777 246 906 276 quantuni
920 241 1011 266 odium

222 284 304 313 illius,
323 288 346 308 ct
363 284 388 308 in
402 283 507 308 bomine
523 282 591 306 iusto
604 288 685 314 qutun
702 279 780 304 ctiam
799 280 898 304 iustum
913 277 1014 304 fuisse?

278 321 345 346 XIV.
359 322 397 344 lis».
414 318 554 352 lleliquum
567 322 615 346 cst,
630 321 657 342 ut
670 317 720 341 iani
733 315 809 341 illuni
823 320 914 341 natura
927 316 1012 349 ipsius
1035 344 1036 349 1

220 357 437 390 consuetudoque
466 354 603 383 defendat,
631 353 702 379 bunc
726 357 813 378 nutem
836 353 899 378 baec
921 352 1011 377 eadem

219 398 371 427 coarguant.
414 392 484 418 Nibil
507 401 553 425 per
575 391 628 416 vini
646 399 773 424 umquam
786 389 906 419 Clodius,
923 390 1010 415 onmia

221 440 266 465 per
278 432 329 456 vini
345 429 418 455 Milo!
450 429 519 460 Quid
535 437 604 462 ergo,
620 426 740 453 iudices?
763 435 857 461 quum,
872 427 1012 452 maerenti-

221 470 270 494 bus
283 467 366 497 vobis,
382 467 449 492 Urbe
459 466 537 496 cessi,
552 465 716 491 iudiciumne
731 464 827 490 timui?
848 472 897 490 non
909 472 1010 494 servos,
1034 487 1035 494 ,

1034 500 1035 507 ’
1065 506 1122 526 vota
1136 499 1264 531 laceretis,
1279 506 1307 527 ut
1318 501 1408 528 Miloni
1421 502 1458 527 uti
1472 503 1567 528 virtute
1578 510 1626 527 sua
1639 502 1749 528 liberet?

220 514 270 531 uon
290 513 370 533 arma,
390 513 439 529 non
458 502 529 528 vini‘?
549 502 621 534 Quae
637 501 731 527 suisset
747 501 828 536 igitur
840 501 907 526 iusta
919 510 1011 526 caussa

219 541 375 568 restituendi
398 541 458 570 mei,
476 540 528 566 nisi
545 539 639 565 suisset
659 539 755 565 iniusta
771 538 914 564 ciicicncli‘?
939 539 1011 564 Diem

220 579 294 608 mibi,
307 578 394 608 credo,
406 577 516 604 dixerat.
526 576 651 602 mulctam
663 577 798 610 irrogarat,
811 576 940 602 actionem
952 584 1012 610 per·-

218 616 361 642 ‹luellionis
384 615 543 641 intenderat:
566 618 591 640 ct
606 614 672 639 milii
689 613 812 639 videlicet
825 614 850 639 in
862 621 956 638 caussa
967 617 1012 638 aut

219 653 339 679 malauut
349 661 415 683 mea,
429 661 479 678 non
491 656 516 678 ct
527 651 736 686 praeclarissima
743 655 768 676 et
776 655 870 680 vestra,
880 650 1010 676 iudicium

219 690 366 717 timendum
386 689 445 716 suit.
486 689 627 715 Servorum
639 693 664 714 et
676 688 812 723 egentium
824 688 924 714 civium
937 692 961 713 et
973 687 1011 713 Ia-

217 729 399 754 cinorosorum
420 727 501 753 armis
518 734 589 752 meos
600 726 683 756 cives,
698 725 763 751 ineis
774 725 894 751 consiliis
907 725 1011 759 pericu-

219 765 306 799 lisque
326 769 452 795 servatos,
471 772 518 798 pro
533 772 575 789 me
590 763 669 789 obiici
687 762 771 788 nolui.
797 763 838 788 37.
857 762 915 788 Vidi
927 763 1008 792 enim,

218 802 282 833 vidi,
301 802 373 828 hune
388 803 477 836 ipsum
492 800 523 833 Q.
536 800 716 830 Hortensium,
731 800 819 826 lumen
832 804 858 826 et
871 808 1011 826 ornamen-

217 844 273 867 tum
285 838 455 874 reipublicae,
465 847 546 873 paene
557 837 667 864 interlici
682 845 819 863 servorum
828 845 916 867 manu,
925 845 1009 872 quum
1039 845 1041 867 ζ

1039 883 1041 908 3
1063 874 1142 900 bendi
1155 874 1251 908 palam,
1264 874 1400 900 sedetiam
1412 883 1480 909 quae
1491 875 1605 901 obscure
1615 875 1723 910 cogitari
1731 879 1854 909 possunt,

217 877 284 903 milii
297 876 422 908 adesset:
445 885 496 910 qua
514 876 540 902 in
556 875 632 901 turba
648 874 677 901 C.
690 874 820 901 Vibienus
836 879 948 904 senator,
971 875 1011 900 vir

217 915 343 949 optimus,
361 922 422 940 cum
439 913 487 939 boc
498 921 582 948 quum
595 916 664 938 essct
679 921 739 942 una,
757 912 790 937 ita
805 917 845 937 cst
855 911 1008 941 mulctatus,

211 956 247 978 ¹ut
267 952 347 978 vitani
364 951 490 977 amiserit.

217 989 271 1019 illa,
289 997 304 1023 q

217 1138 290 1169 baec,
304 1138 367 1164 haec
379 1137 480 1168 eadem,
495 1137 572 1173 longo
583 1136 730 1166 intervallo,
743 1144 870 1162 conversa
882 1136 1009 1162 rursusin

217 1184 272 1205 me,
305 1184 390 1210 nuper
409 1174 528 1210 quidem,
548 1179 576 1200 ut
591 1174 678 1204 scitis,
702 1182 744 1199 me
759 1173 791 1199 ad
811 1174 909 1208 regiam
927 1182 1010 1208 paene

215 1212 337 1239 confecit.
369 1214 410 1238 38.
433 1211 503 1244 Quid
518 1211 607 1237 simile
623 1210 747 1237 Milonis?
770 1210 849 1236 cuius
866 1212 906 1237 vis
922 1211 1009 1237 omnis
1030 1231 1033 1238 ⁴

216 1249 280 1276 haec
291 1258 398 1284 semper
409 1249 467 1280 l'uit,
481 1257 513 1275 ne
523 1249 551 1275 P.
564 1248 682 1279 Clodius,
690 1256 775 1283 quum
786 1248 813 1274 in
825 1248 955 1274 iudicium
963 1248 1010 1274 de-

216 1287 284 1313 trahi
309 1296 360 1313 non
386 1290 488 1321 posset,
519 1287 545 1312 vi
568 1294 723 1320 oppressam
743 1285 878 1311 civitatem
899 1290 1007 1312 teneret.
1031 1289 1032 1292 ’

214 1325 300 1356 Quem
311 1325 334 1350 si
349 1324 495 1350 interficere
509 1323 646 1354 voluisset,
658 1323 763 1357 quoties
774 1327 800 1348 et
809 1327 924 1357 quantae
935 1331 1010 1349 occa-

214 1362 311 1393 siones,
325 1370 406 1396 quam
417 1360 565 1396 praeclarae
577 1360 698 1386 fuerunt!
720 1360 850 1391 Potuitne,
864 1369 949 1395 quum
962 1360 1010 1387 do-

215 1407 290 1426 mum
306 1407 335 1425 ac
349 1399 414 1425 deos
432 1402 541 1433 penates
556 1406 620 1424 suos
636 1397 682 1424 illo
696 1402 867 1433 oppugnante
882 1397 1010 1424 defende-

214 1441 261 1468 ret,
284 1437 342 1463 iure
353 1444 381 1462 se
393 1435 505 1462 ulcisci?
525 1435 653 1470 potuitne,
666 1435 724 1461 eive
735 1435 841 1470 egregio
852 1439 878 1461 et
888 1435 945 1461 viro
957 1434 1010 1461 sor-

214 1474 327 1504 tissimo,
344 1474 373 1499 P.
390 1473 488 1504 Sextio,
505 1472 606 1508 collega
621 1481 678 1503 suo,
696 1471 853 1498 vulnerato?
877 1472 1006 1507 potuitne,

213 1510 244 1543 Q.
267 1511 396 1542 Fabricio,
414 1511 472 1537 viro
486 1510 595 1545 optimo,
612 1518 698 1544 quum
709 1509 741 1535 de
753 1509 840 1535 reditu
851 1518 910 1536 meo
923 1509 1008 1545 legem

213 1548 300 1580 ferret,
323 1548 410 1583 pulso,
433 1547 619 1574 crudelissima
639 1548 666 1573 in
688 1546 743 1573 foro
757 1546 837 1573 caede
852 1546 937 1573 facta?
961 1555 1009 1581 po-

214 1586 308 1617 tuitne,
323 1586 352 1612 L.
369 1585 486 1616 Caecilii,
503 1585 646 1611 iustissimi
658 1583 851 1618 fortissimique
869 1585 1006 1619 praetoris,

213 1627 366 1659 oppugnata
381 1622 478 1649 domo?
498 1623 618 1657 potuitne
633 1621 679 1648 illo
690 1621 741 1652 die,
753 1629 839 1656 quum
851 1626 891 1648 est
903 1621 953 1647 lata
966 1621 1009 1648 lex

212 1660 246 1687 de
261 1660 322 1687 me‘?
341 1669 426 1695 quum
438 1660 519 1686 totius
530 1659 620 1686 Italiae
631 1667 786 1689 concursus,
802 1667 883 1693 quem
895 1667 953 1685 mea
964 1667 1009 1685 sa-

214 1697 256 1724 lus
267 1698 417 1728 concitarat,
427 1696 487 1723 facti
499 1696 573 1723 illius
583 1696 695 1732 gloriam
707 1695 792 1722 libens
799 1696 959 1731 agnovisset,
968 1700 1005 1726 ut,

213 1735 317 1762 etiamsi
328 1734 355 1761 id
366 1734 429 1761 Milo
440 1733 555 1765 fecisset,
568 1738 662 1760 cuncta
673 1733 768 1760 civitas
779 1741 837 1759 eam
848 1732 953 1759 laudem
962 1741 1008 1767 pro

213 1781 261 1798 sua
281 1771 446 1798 vindicaret?
474 1771 533 1797 XV.
550 1772 591 1797 39.
607 1770 641 1797 At
655 1770 727 1805 quod
739 1775 793 1796 erat
804 1769 929 1805 tempus?
949 1770 1009 1797 Cla-

213 1809 338 1836 rissimus
359 1813 385 1835 et
405 1808 567 1835 fortissimus
584 1807 691 1839 consul,
713 1807 839 1834 inimicus
855 1807 959 1838 Clodio,
976 1808 1006 1834 P.

214 1846 352 1877 Lentulus,
375 1846 445 1872 ultor
465 1845 572 1872 sceleris
587 1845 675 1876 illius,
693 1849 873 1880 propugnator
887 1849 1005 1875 senatus,

212 1883 338 1911 defensor
357 1887 460 1910 vestrae
480 1882 639 1913 voluntatis,
662 1886 788 1917 patronus
809 1882 884 1908 illius
906 1881 1007 1917 publici

212 1929 369 1951 consensuS,
383 1921 519 1947 restitutor
529 1919 624 1946 salutis
638 1927 725 1946 meae:
747 1924 850 1954 septem
862 1924 1005 1954 praetores,

212 1963 270 1985 octo
289 1958 391 1984 tribuni
411 1957 507 1992 plebis,
523 1957 597 1983 illius
608 1956 762 1987 adversarii,
775 1956 928 1983 defensores
939 1957 1005 1983 mei:

212 1996 261 2023 Cn.
277 1995 420 2030 Pompeius
432 1999 522 2021 auctor
532 1998 557 2020 et
567 1994 624 2020 dux
635 1994 686 2020 mei
698 1993 808 2024 reditus,
821 1994 895 2020 illius
907 1994 1005 2021 hostis:

212 2033 290 2059 cuius
305 2033 464 2059 sententiam
478 2036 586 2058 senatus
597 2031 684 2058 omnis
694 2030 727 2057 de
738 2030 824 2057 salute
835 2040 892 2057 mea
903 2032 1008 2067 gravis-

211 2070 308 2097 simam
320 2074 345 2096 et
355 2070 552 2096 ornatissimam
563 2073 672 2095 secutus
684 2073 737 2094 est:
754 2069 801 2103 qui
813 2068 943 2103 populum
954 2069 1008 2095 Ro-

212 2116 322 2134 manum
342 2107 493 2134 cohortatus
512 2111 565 2133 est:
587 2106 644 2141 qui,
662 2114 747 2141 quum
763 2105 796 2132 de
811 2114 854 2132 me
870 2106 1006 2132 decretum

211 2144 317 2179 Capuae
328 2144 398 2175 fecit,
412 2145 470 2179 ipse
480 2143 684 2170 cunctaeltaliae
693 2143 822 2177 cupienti,
831 2143 920 2169 eteius
927 2143 1006 2170 Iidem

211 2181 373 2217 imploranti,
390 2182 499 2217 signum
515 2181 596 2212 dedit,
612 2184 642 2207 ut
651 2180 684 2206 ad
696 2189 737 2206 me
749 2181 944 2207 restituendum
955 2181 1007 2207 Ro-

212 2228 283 2246 mam
298 2223 497 2246 concurrerent:
519 2218 607 2245 omnia
623 2222 681 2244 tum
692 2218 808 2252 denique
819 2218 846 2244 in
858 2217 935 2244 illum
946 2218 1006 2244 odia

210 2257 312 2283 civium
322 2256 449 2283 ardebant
459 2255 591 2282 desiderio
602 2256 668 2282 mei:
691 2263 771 2290 quem
785 2255 832 2290 qui
846 2256 1007 2282 tumintere-

210 2294 312 2325 misset,
331 2302 383 2320 non
398 2293 432 2320 de
445 2293 603 2328 impunitate
613 2293 681 2323 eius,
694 2292 741 2318 sed
751 2292 785 2318 de
795 2293 921 2327 praemiis
933 2293 1006 2329 cogi-

211 2335 319 2358 taretur.
351 2332 392 2357 40.
415 2331 514 2357 Tamen
529 2339 558 2356 se
573 2329 636 2356 Milo
650 2329 790 2360 continuit,
803 2334 828 2356 et
839 2330 868 2356 P.
881 2330 1004 2357 Clodium

211 2369 238 2394 in
258 2368 388 2394 iudicium
405 2368 456 2398 bis,
475 2367 508 2394 ad
523 2368 579 2394 vim
595 2375 744 2402 numquam
760 2368 872 2394 vocavit.
916 2367 1006 2399 Quid?

212 2406 314 2439 privato
325 2405 430 2436 Milone,
439 2410 465 2432 et
475 2414 519 2432 reo
530 2405 562 2431 ad
570 2404 710 2440 populum,
719 2404 1002 2436 accusantePAElodio,

211 2450 296 2476 quum
316 2443 344 2469 in
359 2443 406 2469 Cn.
423 2443 580 2477 Pompeium
595 2451 642 2477 pro
658 2441 755 2467 Milone
769 2441 902 2468 dicentem
918 2441 1004 2476 impe-

212 2483 254 2504 tus
275 2479 359 2505 factus
374 2484 422 2511 est,
438 2488 508 2515 quae
523 2485 579 2506 tum
589 2487 641 2506 non
652 2478 731 2505 modo
742 2479 853 2509 occasio,
866 2478 914 2505 sed
925 2480 1004 2505 etiam

211 2523 305 2541 caussa
325 2516 398 2542 illius
412 2517 581 2551 opprimendi
598 2515 666 2542 suit‘?
695 2516 787 2550 Nuper
798 2524 954 2550 veroquam
966 2516 1002 2542 M.

211 2552 342 2578 Antonius
362 2562 494 2580 summam
509 2563 584 2589 spem
599 2553 694 2579 salutis
709 2552 787 2579 bonis
798 2553 925 2579 omnibus
935 2557 1005 2579 attu-

212 2588 295 2620 lisset,
319 2591 560 2626 gravissimamque
580 2590 735 2617 adolescens
750 2589 936 2616 nobilissimus
952 2591 1004 2616 rei-

212 2626 335 2660 publicae
359 2631 459 2661 partem
480 2627 623 2654 sot-tissime
643 2627 816 2662 suscepisset,
829 2631 909 2662 atque
929 2627 1004 2654 illam

212 2662 337 2695 belluam,
354 2663 447 2690 iudicii
468 2664 576 2700 laqueos
596 2664 788 2696 declinantem,
804 2664 857 2691 iam
875 2665 1004 2692 irretitam

532 951 621 984 Itaque
636 949 743 984 quando
760 949 833 975 illius
850 954 938 983 postea
956 950 1010 975 sica
1039 965 1040 975 ³

309 997 370 1015 uam
387 997 400 1014 a
416 987 527 1014 Catilina
540 991 683 1022 acceperat,
698 986 870 1021 conquievit?
890 987 958 1012 Ilaec
969 986 1011 1012 in·
1031 986 1040 1016 {¹

218 1031 313 1052 tentata
330 1026 406 1052 nobis
422 1030 470 1056 est,
485 1025 547 1051 liuic
562 1033 611 1060 ego
625 1033 671 1050 vos
682 1024 761 1050 obiici
774 1032 821 1058 pro
832 1032 873 1049 me
885 1033 936 1049 non
949 1032 1008 1049 sum
1038 1036 1040 1064 ἰ

217 1072 322 1098 passus,
336 1063 400 1089 baec
410 1062 533 1089 insidiata
540 1062 664 1096 Pompeio
673 1066 721 1092 est,
731 1061 876 1087 liaecistam
885 1061 1007 1096 Appiam,
1031 1069 1039 1093 J

217 1105 419 1127 monumentum
441 1100 484 1126 sui
506 1100 635 1130 nominis,
658 1107 721 1125 nece
737 1099 834 1133 Papirii
849 1099 1007 1129 cruentavit,
1031 1115 1032 1137 3

830 134 859 160 Τ.
894 133 1169 160 (tter-:noxis
1202 134 1387 160 ORATIO

1065 208 1177 230 teneret.-
1208 204 1255 239 qui
1272 203 1355 234 locus,
1372 204 1443 239 quod
1461 209 1565 239 tempus
1581 204 1656 234 illud,
1670 204 1706 231 dni
1720 206 1856 232 immorta-

1066 241 1112 270 les,
1127 240 1189 266 suit!
1212 240 1300 272 Quum
1318 250 1345 267 se
1361 241 1405 267 ille
1422 241 1526 275 lugiens
1542 242 1568 268 in
1585 242 1714 268 scalarum
1732 242 1855 269 tenebras

1065 277 1219 307 abdidisset,
1230 286 1356 310 inagnum
1369 278 1459 304 Miloni
1472 278 1522 305 [uit
1532 280 1659 305 conticere
1672 279 1743 305 illam
1752 285 1853 314 pestem

1066 314 1137 340 nulla
1150 323 1198 340 sua
1211 313 1320 343 invidia,
1335 315 1369 341 M.
1379 316 1551 342 veroAntonii
1565 318 1678 342 maxima
1690 316 1791 350 gloria?
1812 318 1838 343 Η
1848 337 1853 343 .

1064 351 1152 383 Quid‘?
1171 352 1286 378 comitiis
1299 353 1324 378 in
1336 361 1430 386 campo
1440 354 1544 387 quoties
1557 359 1671 387 potestas
1684 353 1751 380 suit?
1770 363 1854 389 quum

1065 389 1110 414 illc
1128 389 1152 414 vi
1170 390 1196 415 in
1215 394 1288 424 septa
1305 390 1454 424 irrupisset,
1471 390 1574 423 gladios
1589 390 1802 426 destringendos.
1819 391 1857 417 lo-

1065 426 1140 460 pide-⁸
1158 426 1290 452 iaciendos
1301 427 1457 455 curavisset.
1471 427 1567 453 deinde
1578 428 1676 458 subito,
1691 429 1766 454 vultu
1779 428 1857 454 Milo-

1065 464 1106 489 nis
1119 464 1282 497 [mr-territus,
1296 463 1399 497 Ingeret
1412 464 1577 494 adTiberim.
1592 473 1638 490 vos
1653 470 1678 491 et
1689 474 1781 492 omnes
1793 465 1855 492 boni

1121 538 1188 564 xvi.
1215 540 1299 570 Qut-ui
1326 539 1407 573 igitur
1426 548 1487 564 cum
1511 540 1632 565 omnium
1655 540 1737 572 gratia
1759 539 1853 570 noluit.

1065 575 1135 601 bunc
1147 575 1231 601 voluit
1241 584 1302 601 cum
1309 576 1459 610 aliquorum
1468 575 1594 611 querela‘?
1613 572 1692 611 quem
1701 577 1854 612 iure,qucm

1065 612 1131 642 loco.
1155 621 1235 647 quem
1261 618 1391 647 tempore,
1413 622 1494 648 quem
1516 614 1626 648 impune
1641 622 1691 640 non
1708 618 1746 639 est
1762 622 1854 644 ausus.

1063 649 1134 675 bunc
1156 650 1262 680 iniuria,
1285 651 1377 685 iniquo
1401 650 1464 678 loco.
1485 651 1571 677 alieno
1590 656 1719 685 tempore.
1738 651 1858 685 periculo

1061 688 1165 721 capitis,
1184 696 1234 713 non
1250 687 1382 713 dubitavit
1393 688 1530 714 noviom-0⁶?
1555 689 1595 714 42.
1609 689 1772 723 praesertim,
1786 688 1857 714 iudi-

1061 733 1114 755 ces,
1132 733 1216 759 quum
1235 725 1340 751 lionoris
1355 725 1659 760 ainplissimicontentio
1669 731 1694 752 et
1704 725 1764 752 dies
1773 726 1858 752 comi-

1063 763 1159 788 tiorum
1184 762 1320 792 subesset,
1344 771 1398 797 quo
1417 763 1526 797 quidem
1549 767 1668 797 tempore
1688 763 1752 797 (scio
1771 763 1854 793 enim,

1061 808 1142 834 quam
1166 799 1257 825 timida
1274 801 1309 825 sit
1324 800 1434 826 ambitio
1448 805 1602 835 quantaque
1615 805 1640 826 et
1650 809 1731 835 quam
1743 799 1856 826 sollicita

1061 837 1195 871 cupiditas
1215 837 1390 871 consulatus,)
1411 838 1498 863 omnia
1515 846 1566 863 non
1583 837 1670 867 modo,
1687 846 1755 872 quae
1768 845 1857 872 repre-

1062 912 1196 941 timemus.
1221 920 1363 941 rumorem,
1383 911 1499 938 fabulam
1517 912 1617 942 [ictam.
1637 912 1729 938 falsam
1746 912 1857 947 perhor-

1062 949 1201 979 rescimus,
1217 957 1260 975 ora
1273 949 1392 975 omnium
1405 954 1483 984 atque
1494 949 1585 975 oculos
1597 950 1742 975 intuemur.
1782 948 1855 975 Nihil

1062 991 1101 1012 est
1120 987 1191 1012 enim
1211 991 1261 1012 tani
1278 986 1365 1016 molle,
1380 991 1431 1012 tam
1444 991 1573 1016 tenerum,
1588 992 1639 1013 tam
1651 992 1696 1012 aut
1708 986 1800 1021 fragile
1811 992 1857 1012 aut

1061 1023 1185 1054 flexibile,
1207 1032 1288 1058 quam
1305 1023 1428 1049 voluntas
1444 1032 1504 1059 erga
1521 1033 1568 1050 nos
1583 1032 1732 1058 sensusque
1743 1024 1854 1054 civium,

1061 1061 1107 1096 qui
1130 1069 1180 1087 non
1202 1061 1281 1087 modo
1300 1061 1462 1095 improbitati
1480 1062 1630 1087 irascuntur
1643 1061 1853 1091 candidatorum,

1061 1098 1107 1124 sed
1123 1099 1201 1124 etiam
1219 1099 1244 1124 in
1262 1103 1330 1124 recte
1345 1098 1420 1124 Iactis
1436 1107 1514 1133 saepe
1527 1098 1676 1125 fastidiunt.
1718 1099 1757 1124 43.
1780 1098 1857 1124 Hunc

1060 1135 1130 1162 diem
1143 1136 1226 1171 igitur
1236 1135 1323 1170 campi
1335 1140 1470 1170 speratum
1481 1140 1561 1171 atque
1572 1141 1724 1171 exoptatum
1737 1135 1788 1161 sibi
1796 1144 1857 1170 pro-

1061 1181 1162 1208 ponens
1179 1172 1250 1203 Milo,
1268 1174 1386 1199 cruentis
1402 1173 1527 1199 manibus
1543 1173 1631 1199 scelus
1642 1178 1668 1199 et
1679 1173 1782 1199 facinus
1793 1181 1856 1207 prae

1060 1218 1089 1236 se
1110 1209 1196 1237 ferens
1217 1215 1242 1236 ct
1262 1210 1403 1240 confitens,
1426 1210 1458 1236 ad
1479 1210 1524 1236 illa
1545 1215 1657 1246 augusta
1676 1211 1855 1236 centuriarum

1060 1248 1179 1282 auspicia
1199 1246 1339 1273 veniebat?
1363 1246 1448 1279 Quam
1470 1247 1518 1274 boc
1539 1256 1590 1274 non
1605 1247 1732 1274 credibile
1748 1247 1774 1273 in
1791 1247 1854 1273 hoc!

1060 1294 1141 1320 quam
1154 1285 1224 1311 idem
1236 1285 1262 1311 in
1275 1284 1366 1311 Clodio
1378 1293 1429 1311 non
1440 1284 1628 1314 dubitandum,
1641 1285 1707 1319 quin
1719 1293 1748 1311 se
1758 1283 1803 1310 ille
1814 1285 1857 1311 in-

1061 1322 1169 1349 terfecto
1180 1321 1278 1349 Milone
1293 1326 1466 1358 regnaturum
1482 1323 1599 1357 putaret!
1621 1321 1711 1354 Quid‘?
1728 1321 1802 1357 quod
1812 1330 1857 1348 ca-

1061 1364 1109 1394 put
1129 1364 1169 1386 est
1189 1359 1328 1390 audaciae,
1351 1360 1468 1386 iudices·
1500 1360 1562 1394 quis
1578 1359 1692 1395 ignorat,
1710 1359 1855 1386 maximam

1061 1397 1213 1423 illecebram
1229 1405 1288 1424 esse
1304 1397 1429 1432 peccandi
1457 1397 1625 1431 impunitatis
1639 1396 1734 1432 spem?
1753 1397 1782 1423 In
1798 1400 1859 1424 utro

1061 1435 1143 1470 igitur
1158 1435 1222 1461 haec
1238 1434 1306 1461 fuit?
1325 1435 1354 1460 In
1370 1433 1485 1460 Milone?
1503 1434 1552 1469 qui
1567 1434 1646 1461 etiam
1660 1442 1732 1460 nunc
1743 1441 1804 1460 reus
1815 1438 1857 1460 est

1060 1471 1122 1498 facti
1133 1476 1178 1498 aut
1190 1472 1316 1507 praeclari
1327 1476 1373 1498 aut
1382 1476 1452 1498 certe
1463 1472 1616 1498 necessarii.
1655 1471 1696 1498 An
1707 1471 1734 1497 in
1746 1469 1857 1498 Clodio?

1060 1510 1107 1544 qui
1124 1510 1159 1536 ita
1170 1509 1269 1536 iudicia
1280 1517 1447 1545 poenamque
1457 1513 1660 1544 contempserat,
1673 1513 1703 1535 ut
1713 1516 1775 1535 eum
1787 1507 1855 1534 nihil

1060 1546 1214 1576 delectaret.
1236 1547 1309 1582 quod
1329 1551 1374 1573 aut
1395 1555 1443 1582 per
1462 1550 1583 1573 naturam
1604 1546 1643 1573 Ias
1663 1550 1734 1572 esset
1747 1550 1794 1572 aut
1808 1553 1857 1580 per

1061 1584 1133 1620 leges
1148 1584 1246 1610 liceret.

1116 1623 1157 1648 44.
1180 1621 1232 1648 Sed
1247 1621 1313 1656 quid
1324 1630 1373 1658 ego
1383 1620 1573 1657 argumentor?
1591 1620 1658 1655 quid
1672 1619 1748 1655 plura
1759 1619 1856 1654 dispu-

1061 1658 1104 1684 to‘?
1132 1659 1176 1690 Te,
1198 1658 1230 1691 Q.
1248 1659 1342 1690 Petilli,
1360 1658 1474 1694 appello,
1491 1659 1622 1693 optimum
1637 1663 1663 1684 et
1679 1657 1855 1683 fortissimum

1059 1696 1160 1722 civem:
1193 1701 1226 1726 te,
1244 1696 1278 1722 M.
1296 1696 1368 1727 Cato,
1384 1701 1478 1722 testor:
1509 1704 1577 1730 quos
1592 1695 1658 1721 mibi
1669 1694 1761 1720 divina
1771 1701 1856 1728 quae-

1059 1733 1120 1759 dam
1132 1741 1189 1759 sors
1206 1733 1281 1759 dedit
1291 1733 1403 1760 iudices.
1443 1733 1496 1759 Vos
1507 1741 1541 1759 ex
1551 1733 1587 1758 M.
1601 1732 1717 1758 Favonio
1727 1731 1853 1762 audistis,

1060 1770 1184 1797 Clodium
1205 1771 1257 1797 sibi
1273 1770 1383 1801 dixisse,
1397 1775 1422 1796 et
1433 1770 1546 1796 audistis
1563 1770 1624 1796 vivo
1639 1769 1740 1799 Clodio,
1753 1769 1855 1803 peritu-

1059 1816 1119 1834 rum
1140 1807 1266 1834 Milonem
1289 1808 1386 1835 triduo.
1426 1807 1488 1834 Post
1510 1807 1582 1833 diem
1597 1807 1704 1833 tertium
1718 1811 1793 1842 gesta
1811 1813 1854 1832 res

1059 1849 1108 1876 est,
1125 1853 1206 1880 quani
1221 1845 1334 1872 dixerat.
1373 1844 1462 1877 Quum
1479 1844 1524 1871 ille
1535 1853 1587 1870 non
1597 1843 1730 1870 dubitaret
1740 1843 1852 1878 aperire,

1059 1882 1125 1917 quid
1145 1883 1284 1918 cogitaret,
1302 1891 1350 1909 vos
1369 1886 1480 1918 potestis
1500 1881 1636 1912 dubitare,
1659 1880 1725 1916 quid
1744 1879 1857 1907 fecerit?

1059 1920 1140 1947 XVII.
1167 1921 1208 1946 45.
1235 1919 1468 1952 Quemadmodum
1489 1920 1572 1955 igitur
1592 1927 1654 1945 eum
1673 1918 1731 1944 dies
1747 1925 1799 1944 non
1814 1916 1855 1944 fe-

1060 1957 1146 1983 l'ellit‘?
1164 1957 1224 1983 Dixi
1235 1957 1361 1992 equidem
1374 1957 1462 1983 modo.
1493 1957 1632 1983 Dictatoris
1643 1955 1775 1982 Lanuvini
1786 1958 1854 1981 stata

1059 1995 1187 2021 sacrificia
1203 2003 1281 2021 nosse
1293 1995 1390 2030 negotii
1402 1994 1470 2020 nibil
1484 1999 1548 2020 erat.
1589 1993 1661 2019 vidit
1674 1999 1782 2019 necesse
1794 1999 1854 2018 esse

1058 2032 1151 2059 Miloni
1171 2032 1303 2067 proficisci
1323 2032 1475 2058 Lanuvium
1495 2031 1542 2057 illo
1561 2031 1633 2066 ipso,
1650 2038 1704 2065 quo
1720 2028 1854 2065 profectus

1058 2074 1111 2100 est,
1133 2069 1186 2095 die.
1226 2070 1318 2104 Itaque
1337 2069 1487 2096 antevertit.
1526 2068 1561 2094 At
1582 2076 1635 2103 quo
1655 2066 1716 2094 die?
1735 2075 1802 2102 quo,
1823 2070 1855 2092 ut

1058 2112 1117 2133 ante
1140 2106 1212 2136 dixi,
1234 2107 1406 2133 insanissima
1426 2106 1518 2133 concio
1537 2105 1570 2131 ab
1584 2105 1672 2140 ipsius
1691 2103 1854 2131 mercenario

1058 2144 1165 2170 tribuno
1186 2143 1273 2178 plebis
1291 2148 1333 2170 est
1349 2144 1492 2170 concitata:
1513 2150 1595 2177 quem
1610 2142 1682 2168 diem
1697 2141 1755 2172 ille,
1771 2148 1853 2176 quam

1057 2182 1220 2212 concionem,
1242 2189 1311 2216 quos
1325 2180 1463 2211 clamores,
1481 2180 1535 2206 nisi
1549 2179 1582 2205 ad
1592 2180 1737 2215 cogitatum
1749 2177 1853 2204 facinus

1057 2222 1256 2253 approperaret,
1284 2226 1432 2253 numquam
1457 2217 1620 2252 reliquisset.
1668 2216 1739 2252 Ergo
1757 2214 1798 2241 illi
1819 2222 1853 2240 ne

1056 2264 1151 2282 caussa
1170 2255 1281 2290 quidem
1301 2255 1414 2286 itineris,
1436 2255 1516 2281 etiam
1531 2262 1625 2280 caussa
1640 2251 1779 2279 manendi:
1801 2251 1853 2277 Mi-

1058 2293 1111 2319 loni
1131 2292 1257 2319 manendi
1273 2292 1347 2319 nulla
1363 2291 1483 2323 facultas,
1500 2290 1617 2318 exeundi
1632 2298 1684 2317 non
1699 2297 1793 2316 caussa
1808 2297 1852 2315 sc-

1058 2330 1123 2361 lum,
1140 2330 1188 2356 sed
1203 2331 1282 2356 etiam
1295 2330 1438 2356 necessitas
1451 2328 1510 2355 fuit.
1549 2327 1638 2360 Quid?
1657 2327 1690 2357 si,
1703 2331 1733 2352 ut
1742 2325 1789 2352 ille
1798 2326 1853 2352 sci-

1057 2368 1104 2399 vit,
1126 2367 1251 2394 Milonem
1273 2366 1327 2394 sore
1342 2375 1373 2393 eo
1388 2366 1431 2392 die
1446 2366 1473 2392 in
1489 2366 1540 2396 via,
1557 2365 1597 2391 sic
1607 2364 1730 2391 Clodium
1745 2362 1808 2390 Milo
1818 2371 1852 2389 ne

1056 2405 1188 2440 suspicari
1208 2404 1318 2439 quidem
1340 2403 1442 2439 potuit?
1472 2404 1512 2429 46.
1534 2402 1653 2428 Primum
1673 2409 1785 2436 quaero,
1801 2400 1851 2435 qui

1056 2443 1124 2468 scire
1136 2441 1269 2477 potuerit?
1292 2441 1367 2476 quod
1377 2449 1424 2467 vos
1435 2440 1507 2466 idern
1518 2439 1545 2465 in
1557 2438 1649 2465 Clodio
1659 2446 1787 2472 quaerere
1798 2445 1851 2464 non

1056 2480 1175 2514 potestis.
1216 2479 1250 2505 Ut
1269 2479 1340 2505 enim
1357 2478 1490 2504 neminem
1507 2475 1599 2506 alium,
1613 2476 1664 2502 nisi
1676 2476 1706 2501 T.
1718 2476 1848 2506 Patinam,

1056 2516 1296 2542 familiarissimum
1307 2524 1397 2546 suum,
1410 2518 1535 2549 rogasset,
1548 2514 1616 2539 scire
1626 2513 1721 2547 potuit,
1733 2512 1781 2539 illo
1790 2512 1850 2547 ipso

1055 2553 1101 2580 die
1110 2553 1224 2579 Lanuvii
1240 2561 1254 2579 a
1264 2553 1390 2579 dictatore
1399 2551 1497 2577 Milone
1507 2550 1582 2585 prodi
1594 2549 1728 2576 flaminem
1739 2557 1850 2576 necesse

1055 2599 1125 2617 esse.
1163 2590 1215 2616 Sed
1230 2594 1304 2616 erant
1319 2588 1445 2624 permulti
1455 2587 1510 2618 alii,
1528 2595 1560 2613 ex
1571 2587 1672 2621 quibus
1683 2586 1710 2613 id
1721 2585 1850 2613 facillime

1054 2628 1122 2654 scire
1133 2631 1237 2662 posset:
1259 2635 1352 2653 omnes
1365 2625 1467 2652 scilicet
1478 2624 1619 2650 Lanuvini.
1641 2624 1705 2650 Milo
1718 2623 1751 2650 de
1762 2623 1849 2650 Clodii

1054 2664 1142 2691 reditu
1153 2664 1226 2691 unde
1233 2662 1385 2699 quaesivit?
1403 2662 1553 2694 Quaesierit
1562 2669 1637 2688 sane.
1666 2660 1768 2693 Videte,
1779 2659 1848 2696 quid
