1941 3052
614 132 815 159 BRUTUS.
850 131 947 158 CAP.
983 131 1131 156 39—46.
1649 132 1691 156 137

55 206 155 233 iudicio
173 210 232 236 tuo,
263 203 344 230 simul
363 203 432 230 illud
446 203 557 239 gaudeo,
578 203 650 238 quod
664 208 689 230 et
703 202 849 237 aequalitas

57 248 142 270 vestra
156 247 181 269 et
195 251 272 277 pares
286 242 417 268 honorum
431 241 530 276 gradus
542 246 566 267 et
577 242 674 267 artium
685 241 849 267 studiorum-

55 290 108 316 que
121 281 199 315 quasi
214 280 326 305 finitima
340 279 462 304 vicinitas
476 283 579 304 tanturn
594 279 667 304 abest
679 278 711 304 ab
721 278 850 304 obtrecta-

56 320 127 345 tione
149 317 315 351 invidiaque,
340 325 409 350 quae
427 315 494 342 solet
513 315 625 341 lacerare
644 315 794 350 plerosque,
811 315 850 340 uti

56 365 86 382 ea
100 364 152 382 non
166 354 244 381 modo
258 362 310 380 non
324 353 477 379 exulcerare
491 358 606 379 vestram
620 353 741 388 gratiam,
754 352 801 378 sed
812 356 851 378 et-

56 394 110 419 iam
132 391 272 418 conciliare
295 390 425 417 videatur.
460 390 537 422 Quali
557 391 627 416 enim
646 395 671 416 te
694 399 754 425 erga
772 389 850 416 illum

57 430 198 465 perspicio,
212 428 257 455 tali
272 428 349 454 illum
363 429 391 454 in
405 433 431 454 te
444 428 580 454 voluntate
590 427 743 462 iudicioque
754 435 852 462 cogno-

59 468 94 493 vi.
115 467 172 493 457.
184 467 275 501 ltaque
288 465 364 492 doleo
378 470 403 491 et
416 465 491 492 illius
505 465 616 491 consilio
629 469 655 491 et
668 469 712 490 tua
727 473 791 490 voce
805 473 852 498 po-

56 504 153 540 pulum
166 504 316 530 Romanum
330 511 418 529 carere
432 507 484 529 tam
499 503 559 529 diu:
581 502 654 537 quod
667 510 753 536 quum
767 510 814 536 per
823 510 852 527 se

57 541 204 568 dolendum
218 545 266 571 est,
283 545 340 567 tum
351 540 436 567 multo
447 541 533 575 magis
543 539 729 569 consideranti,
739 538 771 564 ad
783 547 851 573 quos

57 580 107 605 ista
121 587 173 605 non
188 578 280 604 tralata
294 578 355 609 sint,
369 578 416 604 sed
430 578 519 603 nescio
533 585 586 612 quo
600 581 674 611 pacto
685 576 850 602 devenerint.

56 617 105 643 Hic
118 616 232 646 Atticus.
248 616 380 646 Dixeram,
397 615 494 649 inquit,
507 623 521 640 a
535 614 675 648 principio,
688 613 721 639 de
732 613 853 647 republi—

57 663 88 680 ca
101 658 131 680 ut
145 653 302 679 sileremus:
325 653 415 687 itaque
430 652 569 677 faciamus.
591 652 657 677 Nam
673 651 695 676 si
709 652 760 676 isto
774 650 853 676 modo

58 691 185 717 volumus
199 690 320 726 singulas
334 698 376 715 res
390 689 548 719 desiderare,
558 697 610 714 non
621 688 700 714 modo
711 688 850 723 querendi,

58 728 106 755 sed
120 737 153 754 ne
165 727 276 763 lugendi
290 727 400 761 quidem
415 726 495 752 finem
511 726 686 760 reperiemus.

114 766 206 791 XL111.
223 766 280 790 458.
295 765 441 799 Pergamus
456 772 525 799 ergo,
539 764 658 797 inquam,
672 762 705 789 ad
716 762 818 797 reliqua
829 767 854 788 et

57 804 211 829 institutum
225 801 345 827 ordinem
359 809 563 836 persequamur.
589 801 698 826 Paratus
711 800 794 835 igitur
808 809 855 826 ve-

58 840 148 867 niebat
161 839 282 869 Crassus,
298 838 511 873 exspectabatur,
527 837 699 870 audiebatur,
725 846 739 863 a
754 838 855 872 princi—

59 878 102 913 pio
120 877 218 907 statim.
239 876 312 912 quod
331 880 386 902 erat
403 875 475 910 apud
493 884 555 902 eum
570 883 676 909 semper
689 879 851 905 accuratum,

58 915 254 950 exspectatione
274 913 374 949 dignus
396 913 549 945 videbatur,
576 921 629 939 non
648 912 731 938 multa
750 913 854 938 iactatio

57 952 185 987 corporis,
201 960 254 978 non
267 951 404 977 inclinatio
414 951 497 981 vocis,
513 950 587 976 nulla
600 949 784 980 inambulatio,
802 958 854 976 non

57 990 148 1016 crebra
167 988 306 1024 supplosio
324 988 414 1023 pedis;
440 988 586 1014 vehemens
600 992 625 1014 et
640 987 775 1014 interdum
789 987 854 1013 irata

58 1032 84 1053 et
97 1027 175 1062 plena
191 1027 255 1053 iusti
274 1025 373 1052 doloris
390 1027 481 1056 oratio,
498 1025 597 1051 multae
612 1029 637 1051 et
650 1034 711 1051 cum
726 1025 854 1060 gravitate

59 1064 180 1094 facetiae:
202 1063 329 1099 quodque
343 1063 452 1090 difficile
466 1067 513 1094 est,
530 1062 602 1089 idem
620 1067 644 1088 et
658 1067 815 1097 perornatus
830 1066 855 1088 et

58 1102 206 1137 perbrevis.
239 1103 296 1128 459.
312 1102 366 1127 Iam
380 1102 408 1127 in
422 1100 572 1127 altercando
586 1101 689 1126 invenit
703 1108 793 1135 parem
808 1108 855 1126 ne-

58 1140 173 1166 minem:
195 1143 316 1165 versatus
331 1143 371 1165 est
383 1139 410 1164 in
424 1139 498 1164 omni
512 1138 566 1164 fere
576 1146 673 1173 genere
682 1146 852 1171 caussarum;

59 1181 161 1203 mature
175 1177 203 1203 in
217 1176 305 1203 locum
319 1176 472 1211 principum
487 1180 620 1202 oratorum
635 1176 717 1201 venit.
738 1175 855 1201 Accusa-

59 1214 97 1240 vit
111 1214 140 1241 C.
156 1214 312 1245 Carbonem,
333 1213 585 1248 eloquentissimum
601 1213 746 1244 hominem,
763 1213 855 1239 admo—

58 1251 123 1278 dum
137 1251 304 1284 adolescens;
321 1260 455 1278 summam
469 1251 570 1287 ingenii
586 1259 637 1277 non
648 1250 754 1277 laudem
766 1250 852 1282 modo,

59 1289 107 1315 sed
121 1289 200 1315 etiam
214 1289 416 1315 admirationem
430 1293 470 1315 est
483 1293 653 1315 consecutus.
687 1289 743 1314 ⁴60.
759 1288 856 1314 Defen-

58 1326 98 1352 dit
116 1331 206 1361 postea
224 1326 354 1353 Liciniam
372 1326 513 1362 virginem,
534 1334 619 1360 quum
634 1334 716 1352 annos
730 1335 794 1352 xxvii
809 1334 855 1352 na-

59 1368 103 1390 tus
125 1368 203 1390 esset.
237 1364 267 1390 In
289 1372 319 1390 ea
345 1364 404 1398 ipsa
427 1372 522 1390 caussa
545 1363 596 1390 fuit
617 1363 855 1397 eloquentissimus

59 1402 240 1436 orationisque
261 1402 320 1427 eius
342 1402 454 1436 scriptas
476 1400 607 1436 quasdam
630 1405 717 1435 partes
735 1400 854 1435 reliquit.

58 1439 149 1465 Voluit
167 1438 321 1465 adolescens
338 1439 366 1465 in
385 1438 486 1465 colonia
505 1439 670 1464 Narbonensi
684 1446 794 1464 caussae
808 1446 856 1473 po-

59 1476 162 1512 pularis
180 1476 283 1511 aliquid
301 1477 430 1512 attingere
448 1484 560 1510 eamque
578 1475 718 1506 coloniam,
739 1480 769 1502 ut
782 1475 852 1507 fecit,

59 1515 117 1549 ipse
131 1513 271 1540 deducere.
287 1514 381 1540 Exstat
394 1514 421 1539 in
435 1522 493 1539 eam
509 1513 595 1549 legem
609 1514 705 1543 senior,
722 1517 751 1539 ut
764 1513 800 1539 ita
814 1513 856 1539 di—

59 1561 126 1583 cam,
146 1560 228 1586 quam
247 1551 292 1577 illa
307 1556 378 1577 aetas
393 1550 501 1581 ferebat,
517 1551 610 1576 oratio.
646 1550 745 1576 Multae
759 1550 856 1576 deinde

59 1597 183 1621 caussae;
214 1588 262 1615 sed
284 1589 320 1614 ita
343 1589 439 1614 tacitus
462 1588 623 1619 tribunatus,
648 1592 685 1614 ut.
709 1588 761 1614 nisi
780 1589 807 1614 in
826 1597 856 1614 eo

59 1627 217 1663 magistratu
230 1626 396 1652 caenavisset
410 1625 481 1660 apud
495 1633 651 1660 praeconem
663 1625 802 1656 Granium,
815 1625 857 1651 id—

59 1673 114 1700 que
131 1664 174 1690 bis
193 1663 270 1690 nobis
289 1664 449 1690 narravisset
467 1662 597 1694 Lucilius,
614 1663 753 1689 tribunum
769 1662 856 1697 plebis

61 1702 225 1728 nesciremus
243 1700 338 1728 fuisse.
374 1702 430 1727 161.
451 1701 487 1726 Ita
501 1709 620 1735 prorsus,
640 1700 729 1735 inquit
742 1701 854 1732 Brutus,

60 1739 107 1766 sed
122 1747 155 1765 ne
168 1739 201 1765 de
215 1738 356 1765 Scaevolae
370 1738 480 1773 quidem
495 1738 631 1764 tribunatu
645 1737 795 1773 quidquam
810 1746 857 1764 au-

61 1777 163 1803 divisse
180 1776 281 1807 videor,
301 1780 327 1802 et
345 1784 407 1802 eum
421 1775 550 1811 collegam
565 1775 653 1802 Crassi
667 1775 746 1801 credo
761 1774 854 1801 fuisse.

61 1814 194 1841 Omnibus
216 1813 327 1848 quidem
349 1813 418 1844 aliis,
443 1813 563 1848 inquam,
588 1813 616 1839 in
638 1813 854 1847 magistratibus;

61 1851 108 1878 sed
127 1851 252 1878 tribunus
271 1859 339 1877 anno
357 1855 418 1885 post
435 1849 486 1876 suit
503 1858 588 1885 eoque
601 1850 629 1876 in
643 1850 735 1876 rostris
749 1849 858 1876 sedente
879 1868 880 1875 κ

61 1889 147 1915 suasit
160 1888 302 1915 Serviliam
317 1887 403 1923 legem
418 1887 539 1914 Crassus.
563 1888 628 1913 Nam
643 1895 784 1913 censuram
799 1887 857 1913 sine

62 1925 187 1953 Scaevola
204 1926 301 1962 gessit3
329 1934 391 1952 eum
410 1925 481 1951 enim
500 1925 684 1960 magistratum
704 1933 782 1951 nemo
798 1933 858 1951 um-

61 1972 143 1999 quam
161 1963 349 1990 Scaevolarum
372 1963 476 1997 petivit.
512 1962 564 1988 Sed
583 1962 646 1988 haec
665 1962 752 1989 Crassi
771 1970 857 1997 quum

62 2001 132 2028 edita
154 2001 237 2027 oratio
259 2004 307 2031 est,
331 2009 413 2035 quam
435 2004 461 2026 te
483 2008 562 2034 saepe
585 1999 682 2035 legisse
703 2004 774 2025 certo
792 1999 855 2031 scio,

62 2042 188 2074 quattuor
210 2042 235 2064 et
258 2038 365 2073 triginta
388 2041 445 2063 tum
464 2037 579 2063 habebat
597 2045 679 2063 annos
694 2036 858 2071 totidemque

62 2077 139 2103 annis
163 2075 229 2102 mihi
253 2079 336 2101 aetate
355 2074 513 2109 praestabat.
548 2075 594 2100 His
613 2075 684 2100 enim
699 2074 858 2100 consulibus

63 2122 121 2141 eam
145 2113 230 2148 legem
253 2112 346 2143 suasit,
371 2112 474 2146 quibus
498 2112 551 2138 nati
569 2120 674 2143 sumus,
699 2120 785 2146 quum
800 2112 858 2146 ipse

63 2155 133 2178 esset
146 2150 177 2183 Q.
194 2150 325 2184 Caepione
339 2149 448 2175 consule
463 2153 540 2175 natus
555 2153 580 2175 et
594 2149 728 2180 C.Laelio,
745 2149 858 2175 triennio

63 2189 122 2224 ipso
136 2189 231 2218 minor,
248 2195 329 2222 quam
344 2186 484 2213 Antonius.
510 2186 587 2218 Quod
601 2186 698 2213 idcirco
713 2186 800 2221 posui,
818 2191 856 2217 ut,

63 2225 170 2252 dicendi
185 2225 276 2251 Latine
291 2225 376 2258 prima
391 2224 529 2250 maturitas
543 2224 570 2250 in
583 2233 636 2259 qua
648 2228 730 2250 aetate
741 2224 859 2250 exstitis-

64 2267 112 2294 set,
138 2267 229 2298 posset
246 2262 330 2288 notari
349 2266 374 2287 et
393 2261 588 2297 intelligeretur
606 2261 658 2287 iam
673 2261 705 2287 ad
719 2270 858 2287 summum

64 2308 147 2336 paene
170 2308 229 2326 esse
250 2299 416 2334 perductam,
441 2303 470 2324 ut
488 2307 519 2324 eo
533 2298 600 2324 nihil
616 2298 698 2325 ferme
711 2299 857 2333 quisquam

65 2337 161 2365 addere
184 2341 282 2372 posset,
308 2337 360 2362 nisi
378 2336 425 2371 qui
443 2345 457 2362 a
477 2335 654 2370 philosophia,
675 2345 689 2362 a
704 2336 760 2362 iure
774 2335 857 2366 civili,
881 2351 882 2356 ,

65 2375 98 2401 ab
113 2375 222 2401 historia
238 2374 334 2400 fuisset
344 2374 506 2400 instructior.
523 2373 614 2399 XLtv.
628 2375 684 2399 ⁴62.
697 2373 762 2403 Erit.
772 2373 859 2408 inquit
888 2371 889 2375 ¹

65 2412 172 2444 Brutus,
193 2421 225 2438 an
239 2411 252 2425 ⁸*
270 2412 323 2438 iam
342 2415 382 2437 est
396 2412 455 2442 iste,
470 2419 552 2446 quem
567 2410 724 2445 exspectas?
753 2411 857 2441 Nescio,

65 2450 186 2485 inquam.
220 2448 273 2475 Sed
294 2453 335 2475 est
357 2449 435 2474 etiam
460 2449 489 2474 L.
510 2448 597 2474 Crassi
616 2448 643 2474 in
657 2447 797 2474 consulatu
813 2456 860 2482 pro

65 2486 97 2520 Q.
116 2486 247 2522 Caepione
264 2485 418 2512 defensione
436 2486 524 2512 iuncta
543 2494 594 2511 non
609 2485 707 2515 brevis,
724 2489 754 2511 ut
768 2484 859 2511 lauda-

66 2524 110 2555 tio,
127 2528 158 2550 ut
170 2524 252 2551 oratio
265 2527 354 2549 autem
370 2523 468 2554 brevis,
489 2527 621 2557 postrema
635 2523 753 2548 censoris
766 2522 858 2553 oratio,

65 2569 119 2596 qua
132 2569 201 2588 anno
214 2560 529 2595 duodequinquagesimo
540 2569 606 2586 usus
616 2564 665 2585 est.
683 2560 709 2585 ln
722 2559 763 2585 his
774 2559 862 2585 omni-

66 2597 118 2625 bus
131 2598 201 2625 inest
213 2598 324 2633 quidam
339 2598 396 2624 sine
410 2597 466 2624 ullo
480 2597 541 2624 fuco
555 2597 673 2623 veritatis
687 2596 767 2623 color.
789 2596 859 2628 Quin

67 2635 146 2662 etiarn
164 2635 367 2670 comprehensio
385 2639 410 2661 et
428 2635 545 2661 ambitus
558 2634 603 2660 ille
618 2634 760 2660 verborum
774 2633 807 2669 (si
822 2634 860 2660 sic

68 2672 189 2710 περίοδον
207 2672 334 2708 appellari
353 2672 448 2708 placet)
465 2677 520 2699 erat
533 2671 604 2707 apud
619 2671 696 2698 illum
710 2675 860 2698 contractus

901 206 925 227 et
939 201 1038 231 brevis,
1059 205 1084 227 et
1104 201 1131 226 in
1147 200 1265 226 membra
1278 200 1418 235 quaedam,
1435 208 1504 234 quae
1517 201 1586 226 κῶλα
1601 201 1694 227 Graeci

902 243 1004 269 vocant,
1025 238 1198 272 dispertiebat
1216 239 1360 264 orationem
1379 237 1526 263 lubentius.
1565 239 1621 263 163.
1642 239 1694 264 Hoc

903 276 959 302 loco
972 276 1078 306 Brutus,
1095 275 1319 310 Quandoquidem
1333 279 1361 301 tu
1376 275 1441 301 istos
1455 279 1579 305 oratores,
1596 276 1692 309 inquit.

902 318 974 339 tanto
992 321 1070 347 opere
1090 312 1195 345 laudas;
1219 312 1315 339 vellem
1334 312 1437 347 aliquid
1454 312 1577 342 Antonio,
1594 317 1696 346 praeter

902 351 980 376 illum
994 350 1027 377 de
1041 350 1141 376 ratione
1155 350 1260 376 dicendi
1275 358 1338 376 sane
1356 349 1453 376 exilem
1469 349 1600 380 libellum,
1618 349 1695 384 plura

903 388 997 414 Crasso
1016 387 1140 413 libuisset
1158 388 1287 413 scribere:
1314 396 1399 422 quum
1414 388 1485 413 enim
1499 387 1625 413 omnibus
1641 396 1697 413 me-

903 426 1014 451 moriam
1028 425 1079 455 sui,
1096 429 1153 451 tum
1167 425 1247 451 etiam
1261 424 1430 459 disciplinam
1443 424 1550 450 dicendi
1565 424 1641 450 nobis
1656 433 1698 450 re-

904 462 1055 497 liquissent.
1090 463 1157 488 Nam
1176 462 1317 488 Scaevolae
1335 462 1441 488 dicendi
1460 462 1618 497 elegantiam
1633 462 1697 487 satis

903 508 936 526 ex
954 500 986 526 iis
1001 500 1175 530 orationibus,
1192 508 1259 534 quas
1274 499 1390 534 reliquit,
1408 499 1538 525 habemus
1552 500 1696 534 cognitam.

906 538 963 563 ⁴64.
987 538 1020 563 Et
1038 545 1095 572 ego,
1121 537 1186 562 Mihi
1201 537 1310 571 quidem
1325 546 1338 562 a
1354 537 1465 571 pueritia
1480 537 1557 571 quasi
1571 537 1697 572 magistra

906 574 964 605 fuit,
985 575 1105 609 inquam,
1126 574 1172 600 illa
1186 575 1213 600 in
1229 574 1314 609 legem
1330 574 1469 608 Caepionis
1485 575 1580 600 oratio:
1602 574 1630 600 in
1645 582 1697 608 qua

905 616 930 638 et
948 611 1090 638 auctoritas
1109 616 1215 637 ornatur
1229 616 1346 642 senatus,
1363 620 1416 646 quo
1431 620 1477 645 pro
1491 611 1583 637 ordine
1597 611 1642 637 illa
1657 611 1699 637 di-

904 653 1001 675 cuntur
1015 653 1040 674 et
1054 649 1155 674 invidia
1169 649 1315 675 concitatur
1333 649 1360 674 in
1374 649 1495 674 iudicum
1509 654 1534 674 et
1548 650 1575 674 in
1590 657 1699 675 accusa-

905 691 991 712 torum
1006 685 1156 717 factionem,
1173 690 1261 712 contra
1276 695 1391 720 qnorum
1406 687 1550 720 potentiam
1562 686 1699 720 populari-

905 729 943 750 ter
955 728 1012 749 tum
1026 723 1171 749 dicendum
1185 722 1246 749 fuit.
1283 723 1365 749 Multa
1380 724 1407 749 in
1422 723 1466 748 illa
1480 724 1595 749 oratione
1609 724 1699 759 gravi-

905 766 952 792 ter,
977 760 1061 786 multa
1086 760 1188 791 leniter,
1215 760 1299 787 multa
1313 769 1414 795 aspere,
1435 761 1518 786 multa
1534 760 1615 786 facete
1629 761 1698 787 dicta

905 803 981 830 sunt,
1005 797 1081 832 plura
1096 798 1175 823 etiam
1189 797 1267 829 dicta,
1288 806 1369 832 quam
1383 798 1489 832 scripta,
1506 798 1578 832 quod
1592 807 1625 824 ex
1638 799 1700 832 qui-

906 836 1020 862 busdam
1043 835 1177 869 capitibus
1200 836 1338 870 expositis,
1366 844 1413 861 nec
1431 835 1570 869 explicatis
1586 835 1699 870 intelligi

906 877 1001 908 potest.
1028 873 1087 907 Ipsa
1102 872 1147 898 illa
1161 874 1280 899 censoria
1294 877 1382 899 contra
1398 872 1445 899 Cn.
1460 873 1606 899 Domitium
1620 872 1700 898 colle-

905 919 966 946 gam
981 919 1033 936 non
1047 915 1088 936 est
1100 910 1190 941 oratio,
1211 910 1259 936 sed
1273 911 1350 945 quasi
1363 911 1449 944 capita
1463 918 1552 936 reruni
1567 915 1591 935 et
1605 911 1701 936 oratio-

907 949 948 974 nis
971 948 1192 974 commentarium
1216 947 1307 982 paullo
1329 947 1446 982 plenius.
1482 947 1561 973 Nulla
1576 952 1615 973 est
1629 948 1700 973 enim

883 1010 884 1019 ἶ
906 985 1040 1012 altercatio
1071 985 1234 1011 clamoribus
1261 994 1391 1020 umquam
1422 985 1511 1011 habita
1543 985 1699 1010 maioribus.

883 1032 884 1048 ῐ
908 1025 964 1049 465.
979 1023 1013 1049 Et
1027 1031 1089 1049 vero
1104 1022 1154 1048 fuit
1168 1023 1196 1048 in
1210 1023 1259 1049 hoc
1275 1023 1353 1048 etiam
1368 1022 1505 1057 popularis
1519 1022 1599 1048 dictio
1614 1022 1702 1048 excel-

908 1061 978 1087 lens:
1009 1060 1118 1086 Antonii
1140 1069 1226 1096 genus
1246 1060 1353 1086 dicendi
1372 1060 1457 1086 multo
1475 1060 1564 1094 aptius
1583 1059 1699 1086 iudiciis,

906 1107 987 1133 quam
1001 1098 1185 1124 concionibus.

960 1136 1040 1162 XLV.
1066 1136 1120 1162 Hoc
1142 1135 1199 1162 loco
1220 1136 1311 1170 ipsum
1333 1135 1478 1161 Domitium
1498 1143 1549 1161 non
1567 1133 1700 1169 relinquo.

907 1174 973 1199 Nam
992 1173 1041 1199 etsi
1060 1181 1113 1199 non
1131 1172 1183 1199 fuit
1195 1173 1224 1199 in
1237 1177 1369 1199 oratorum
1384 1180 1503 1203 numero,
1520 1177 1607 1198 tamen
1623 1180 1699 1206 pono,

906 1211 971 1237 satis
989 1211 1017 1237 in
1030 1219 1061 1237 eo
1075 1210 1161 1237 fuisse
1175 1211 1300 1237 orationis
1319 1215 1397 1245 atque
1412 1210 1522 1245 ingenii,
1539 1218 1593 1244 quo
1607 1214 1632 1235 et
1647 1218 1703 1235 ma-

906 1249 1035 1284 gistratus
1053 1257 1194 1283 personam
1213 1253 1238 1274 et
1254 1247 1421 1274 consularem
1440 1247 1596 1282 <lignitatem
1616 1251 1704 1273 tuere-

907 1291 963 1313 tur:
985 1286 1058 1321 quod
1076 1286 1148 1312 idem
1167 1286 1199 1312 de
1214 1286 1242 1312 C.
1259 1285 1347 1312 Caelio
1360 1285 1484 1315 dixerim,
1500 1284 1660 1310 industriam
1676 1285 1703 1310 in

907 1333 937 1350 eo
955 1333 1090 1350 summam
1109 1323 1193 1350 fuisse
1211 1332 1386 1358 summasque
1400 1323 1520 1353 virtutes,
1536 1322 1703 1356 eloquentiae

907 1366 1020 1392 tantum,
1039 1361 1113 1396 quod
1131 1365 1201 1387 esset
1218 1361 1246 1387 in
1264 1361 1345 1386 rebus
1359 1360 1470 1395 privatis
1484 1360 1577 1385 amicis
1591 1360 1659 1390 eius,
1676 1360 1703 1385 in

908 1398 1044 1433 republica
1059 1399 1145 1433 ipsius
1159 1398 1281 1434 dignitati
1297 1398 1371 1424 satis.
1399 1399 1455 1423 ⁴66.
1471 1397 1571 1423 Eodem
1586 1401 1703 1431 tempore

909 1437 944 1463 M.
961 1437 1111 1462 Herennius
1126 1436 1153 1462 in
1169 1435 1348 1461 mediocribus
1362 1435 1511 1461 oratoribus
1526 1434 1617 1460 Latine
1628 1439 1652 1460 et
1663 1434 1704 1460 di-

908 1474 1022 1509 ligenter
1036 1473 1208 1508 loquentibus
1223 1477 1379 1499 numeratus
1393 1477 1446 1498 est:
1468 1473 1516 1506 qui
1531 1477 1617 1497 tamen
1629 1480 1704 1497 snm—

909 1521 951 1538 ma
966 1511 1103 1537 nobilitate
1118 1510 1263 1541 hominem,
1279 1510 1443 1544 cognatione,
1460 1508 1607 1539 sodalitate,
1623 1508 1704 1535 colle-

907 1550 960 1585 gio,
976 1557 1082 1575 summa
1097 1548 1176 1574 etiarn
1190 1548 1350 1582 eloquentia,
1372 1548 1401 1573 L.
1418 1546 1582 1581 Philippum,
1600 1546 1626 1572 in
1641 1555 1704 1572 con-

908 1586 1012 1613 sulatus
1027 1586 1152 1620 petitione
1166 1585 1312 1619 superavit.
1346 1584 1446 1610 Eodem
1461 1589 1578 1618 tempore
1590 1583 1704 1610 C.Clau-

885 1655 887 1659 ἲ
908 1624 978 1654 dius,
995 1623 1045 1650 etsi
1059 1627 1166 1657 propter
1179 1631 1313 1649 summam
1329 1622 1492 1648 nobilitatem
1504 1626 1528 1647 et
1539 1620 1703 1656 singularem

909 1661 1053 1696 potentiam
1082 1669 1195 1694 magnus
1222 1664 1289 1690 erat,
1318 1664 1405 1685 tamen
1432 1660 1510 1685 ctiam
1537 1658 1705 1692 eloquentiae

908 1698 1053 1734 quamdam
1068 1698 1275 1724 mediocritatem
1290 1697 1422 1723 afferebat.
1442 1698 1497 1722 467.
1510 1696 1638 1722 Eiusdem
1652 1695 1704 1722 sere

909 1736 1036 1771 temporis
1054 1735 1106 1761 suit
1123 1743 1206 1769 eques
1220 1735 1356 1761 Romanus
1371 1734 1400 1761 C.
1416 1734 1510 1764 Titius,
1527 1734 1574 1768 qui
1590 1742 1649 1759 meo
1664 1734 1704 1759 iu-

909 1774 979 1800 dicio
996 1782 1027 1799 eo
1045 1773 1200 1807 pervenisse
1218 1772 1333 1803 videtur,
1353 1780 1408 1806 quo
1427 1772 1512 1806 potuit
1527 1771 1580 1797 sere
1594 1771 1705 1797 Latinus

908 1816 994 1838 orator
1012 1811 1069 1837 sine
1084 1810 1192 1837 Graecis
1214 1809 1307 1835 litteris
1326 1814 1351 1835 et
1369 1810 1427 1835 sine
1446 1808 1530 1835 multo
1545 1817 1596 1835 usu
1612 1816 1706 1842 perve-

910 1849 975 1875 nire.
1010 1848 1096 1874 lluius
1118 1847 1248 1874 orationes
1272 1851 1375 1873 tantum
1400 1847 1574 1882 argutiarum,
1601 1850 1703 1872 tantum

909 1885 1104 1920 exemplorum,
1130 1889 1233 1911 tantum
1258 1885 1415 1910 urbanitatis
1437 1884 1542 1915 habent,
1571 1888 1599 1910 ut
1624 1892 1706 1917 paene

909 1924 996 1950 Attico
1009 1922 1071 1949 stilo
1085 1923 1198 1957 scriptae
1213 1930 1271 1948 esse
1286 1922 1436 1948 videantur.
1458 1921 1572 1947 Easdem
1588 1922 1705 1955 argutias

911 1961 937 1987 in
962 1960 1118 1996 tragoedias,
1144 1960 1208 1985 satis
1231 1959 1277 1985 ille
1299 1959 1409 1994 quidem
1434 1964 1518 1989 acute,
1545 1959 1591 1984 sed
1611 1967 1704 1993 parum

911 1998 1008 2033 tragice
1033 1996 1177 2024 transtulit.
1212 1996 1297 2029 Quem
1316 1996 1441 2022 studebat
1464 1997 1560 2022 imitari
1581 1997 1609 2022 L.
1630 1995 1706 2022 Atra-

911 2037 972 2062 nius
996 2040 1080 2070 poeta,
1107 2035 1186 2061 homo
1204 2039 1372 2070 perargutuS,
1390 2034 1415 2060 in
1431 2033 1528 2060 sabulis
1542 2034 1652 2068 quidem
1668 2039 1706 2059 et-

910 2074 972 2104 iam,
990 2077 1019 2099 ut
1032 2073 1115 2103 scitis,
1136 2072 1262 2098 disertus.
1301 2074 1356 2098 ⁴68.
1373 2072 1433 2098 Fuit
1447 2072 1525 2097 ctiam
1540 2072 1571 2103 Q.
1590 2071 1705 2097 ltuhrius

910 2111 1000 2141 Varro,
1025 2111 1073 2145 qui
1097 2118 1110 2135 a
1134 2114 1228 2136 senatu
1248 2109 1332 2135 hostis
1350 2118 1412 2135 cum
1431 2109 1459 2135 C.
1477 2109 1558 2135 Mario
1573 2108 1705 2134 iudicatus

910 2152 958 2179 est,
980 2156 1038 2174 acer
1056 2152 1082 2173 et
1100 2147 1244 2173 vehemens
1263 2152 1408 2173 accusator.
1442 2147 1470 2172 ln
1490 2156 1520 2172 eo
1533 2154 1629 2182 genere
1643 2154 1705 2171 sune

911 2185 1065 2221 probabilis,
1081 2184 1175 2211 doctus
1189 2189 1277 2210 autem
1293 2184 1401 2211 Graecis
1416 2183 1518 2214 litteris,
1538 2184 1706 2218 propinquus

911 2227 1007 2253 noster.
1030 2222 1114 2248 factus
1132 2221 1164 2248 ad
1183 2221 1337 2252 dicendum,
1359 2222 1393 2247 M.
1411 2221 1556 2251 Gratidius,
1574 2221 1608 2246 M.
1626 2221 1706 2246 Anto-

911 2261 948 2287 nii
963 2259 1160 2295 perfamiliaris.
1181 2259 1260 2285 cuius
1274 2258 1423 2293 praefectus
1437 2267 1522 2293 quum
1538 2263 1607 2284 esset
1622 2258 1647 2283 in
1663 2258 1707 2284 Ci-

913 2297 980 2328 liciu,
997 2301 1037 2323 est
1051 2295 1219 2326 inter-sectus;
1242 2297 1289 2331 qui
1304 2296 1439 2322 accusavit
1453 2296 1482 2322 C.
1499 2296 1654 2325 Fimbriam.
1669 2295 1704 2321 M.

912 2335 986 2361 Marii
1002 2333 1149 2360 Gratidiani
1166 2338 1248 2367 pater.

968 2371 1058 2397 XLVI.
1081 2373 1137 2396 ⁴69.
1159 2371 1245 2405 Atque
1263 2371 1342 2396 etiam
1360 2370 1431 2404 apud
1451 2370 1535 2395 socios
1555 2374 1579 2395 et
1600 2370 1706 2395 Latinos

911 2414 1026 2435 oratores
1049 2408 1132 2434 habiti
1155 2412 1218 2434 sunt
1235 2407 1266 2439 Q.
1287 2408 1390 2433 Vettius
1406 2407 1551 2437 Vettianus,
1572 2416 1586 2433 e
1602 2407 1704 2437 Marsis.

911 2455 991 2480 quem
1008 2446 1064 2480 ipse
1078 2445 1199 2479 cognovi,
1215 2445 1332 2479 prudens
1347 2445 1387 2470 vir
1401 2449 1426 2470 et
1440 2445 1466 2470 in
1478 2444 1591 2470 dicendo
1602 2444 1704 2471 brevis:

889 2515 890 2522 ἵ
911 2484 943 2515 Q.
959 2488 984 2509 ct
998 2483 1027 2509 D.
1045 2482 1140 2508 Valerii
1155 2482 1257 2512 Sorani,
1275 2482 1355 2508 vicini
1374 2486 1399 2508 et
1418 2481 1561 2507 fantium-es
1576 2482 1637 2512 mci,
1655 2491 1706 2508 non

913 2526 964 2547 tam
987 2521 1014 2546 in
1037 2519 1150 2545 dicendo
1173 2519 1353 2549 admirabiles,
1373 2528 1455 2554 quam
1470 2518 1539 2545 docti
1556 2524 1581 2545 et
1595 2520 1704 2545 Graecis

913 2558 1006 2584 litteris
1021 2562 1046 2583 et
1061 2557 1173 2585 Latinis:
1191 2557 1218 2583 C.
1233 2556 1405 2583 Rusticcllius
1420 2556 1602 2587 Bononiensis.
1612 2557 1634 2582 is
1645 2557 1706 2591 qui-

911 2595 971 2621 dem
987 2599 1012 2621 et
1022 2595 1180 2620 exercitatus
1190 2599 1215 2620 ct
1226 2599 1318 2620 natura
1330 2593 1466 2620 volubilis,
1478 2593 1605 2620 Omnium
1618 2599 1705 2620 nutem

912 2632 1150 2667 eloquentissimus
1164 2636 1237 2658 extra
1252 2631 1319 2657 hane
1334 2631 1427 2657 urbem
1438 2631 1706 2658 T.Betiu·iusllarrus

913 2669 1072 2701 Asculunus,
1091 2670 1170 2696 cuius
1187 2674 1251 2696 sunt
1264 2668 1365 2704 aliquot
1378 2670 1509 2695 orationes
1523 2669 1614 2695 Asculi
1631 2669 1706 2695 hahi-

1444 2718 1473 2741 ’11)
1490 2716 1499 2726 ⁸
