1941 3052
214 135 276 159 ¹¹20
784 128 839 152 421.
872 126 906 151 Μ.
938 125 968 151 Τ.

1003 125 1275 150 (thjliltssNlS

210 208 309 238 [nini-tu»
326 201 452 235 tempori-⁴
467 199 533 225 nlius
551 199 636 228 nasci,
662 197 727 223 alios
743 195 868 222 interire?
887 195 963 227 Quod
979 195 1002 221 si
1022 195 1031 227 ’ᾖ
1055 195 1184 221 serarum!
1202 196 1249 230 qui
1266 194 1404 221 volucrum
1418 194 1509 229 lapsus
1521 201 1600 230 atque
1610 196 1717 222 cantus!
1740 196 1788 230 qui
1800 204 1847 231 pe-

212 240 342 266 mundum
354 239 457 264 enirm·
470 241 711 270 puteacum-ursus
723 238 1003 266 at0m‹›rum,‹·urpor-
1023 231 1032 267 kl
1054 233 1155 258 endum
1172 233 1276 266 pastus!
1299 241 1368 267 ‘1⁰³⁰
1386 233 1437 258 vita
1453 232 1632 258 silvestrium!
1657 233 1726 264 Quid
1747 234 1798 259 iam
1814 232 1848 259 de

211 283 303 306 tivum,
317 286 364 301 cur
377 273 514 308 templum,
528 282 576 298 cur
586 272 710 300 domum,
727 280 774 296 cur
787 270 879 296 urbem
893 278 943 295 non
957 278 1003 303 po-

212 351 285 377 lium.
321 351 394 375 (In—ru·
411 349 443 373 ita
461 352 557 372 temere
569 346 602 371 de
619 345 718 371 mundo
733 344 871 374 effutiunt,
890 348 918 369 ut
936 343 1002 369 milii

210 388 320 422 «ΙιιίιΙι-ιιι
338 393 484 419 numquam
502 384 573 409 bunc
589 381 776 409 admirabilem
791 381 857 407 caeli
869 385 1001 411 ornatum,

209 426 256 459 qui
277 424 348 449 lun-us
363 427 402 447 est
419 422 570 456 proxumis,
593 420 750 455 suspexisse
770 418 920 444 videantur.
961 419 1002 443 955.

212 461 344 487 l'raeelare
356 468 418 492 ergo
430 457 593 487 Aristoteles,
606 460 628 483 si
639 461 727 484 inserit.
737 456 832 490 inquit,
841 459 886 489 qui
896 456 942 481 suli
954 460 1004 480 ter-

210 508 239 524 rn
256 507 352 529 semper
364 498 556 525 habituri-ssent,
577 497 647 520 bonis
663 498 685 519 et
701 495 843 519 illustribus
858 494 1002 522 domiciliis,

209 545 274 569 quiue
284 539 363 560 essen!
375 538 467 559 ormua
477 535 557 565 siynis
568 537 644 565 utque
653 533 762 564 picturis
774 533 949 563 instructaque
962 538 990 555 re
999 544 1004 548 ·

1023 280 1032 323 l

211 316 279 340 tiz-tt?
294 322 362 347 qusn-
379 316 440 336 sunt
457 311 546 335 minus
561 318 670 343 operosa
683 313 708 334 et
720 307 803 333 multo
815 307 925 341 quidem
938 306 1003 332 saei·
1024 322 1032 346 M

1056 270 1194 295 bominum
1207 279 1303 304 geni-re
1314 269 1420 295 dicam?
1430 271 1477 304 qui
1488 270 1687 304 quasin-ultores
1695 276 1848 297 terraeeon-

1054 308 1139 333 stituti
1158 316 1208 332 non
1224 307 1362 340 patiuntur
1376 315 1434 332 eum
1451 315 1498 332 nec
1514 307 1677 333 immanitate
1697 307 1848 333 belluarum

1030 359 1032 381 ¹.
1055 344 1156 369 ell'erari
1178 353 1226 370 uec
1245 344 1370 378 stirpium
1389 345 1530 378 asperitate
1547 344 1656 370 vastari:
1678 352 1849 379 quorumque

1031 399 1032 421 ἶ
1054 381 1182 415 operibus
1198 382 1269 414 agri,
1287 380 1390 407 insulae
1406 380 1546 416 littoraque
1559 381 1705 411 collucent.
1723 382 1849 408 distincta

1031 433 1032 439 ι
1056 419 1131 444 tectis
1143 423 1167 444 et
1180 418 1301 444 urbibus.
1331 418 1404 450 Quae
1415 418 1448 448 si,
1466 423 1494 444 ut
1504 419 1612 447 animis,
1625 419 1664 444 sic
1674 418 1760 445 oculis
1774 418 1850 445 vide-

1031 467 1033 492 ξ
1056 464 1082 482 re
1095 464 1244 489 possemus,
1259 464 1337 481 nemo
1347 460 1471 481 cunctam
1485 456 1591 481 intuens
1603 460 1698 482 terram
1711 455 1745 482 de
1755 456 1849 482 divina

1031 507 1033 574 1

1056 493 1155 519 ratione
1170 492 1314 518 dubitaret.
1349 494 1404 518 ⁴00.
1418 494 1450 519 At
1462 501 1524 518 vero
1535 498 1633 527 quanta
1645 494 1726 519 maris
1737 498 1777 519 est
1788 492 1850 528 pul-

1055 530 1192 556 chritudo!
1215 538 1284 564 quae
1298 530 1403 564 species
1422 530 1555 556 universi!
1577 538 1646 565 quae
1662 529 1806 557 multitudo
1825 535 1852 556 et

209 575 254 598 bns
266 574 297 597 iis
307 573 433 599 omnibus,
450 572 541 603 quibus
551 571 682 595 ubumlunt
694 571 726 598 ii,
741 577 783 601 qui
796 570 1002 600 ῠειιιίρυίαιιιιιν,
1031 576 1033 608 i
1057 569 1170 593 varietas
1182 567 1345 593 insularum!
1368 575 1437 602 quae
1453 568 1625 593 amoenitates
1639 576 1747 594 orarum
1762 576 1792 593 ac
1807 567 1850 594 lit-

208 618 253 635 ncc
270 614 352 634 (suiten
367 611 477 633 ‹ni-issent
492 616 613 640 umquam
626 615 706 639 supra
721 610 830 635 terram,
849 607 1004 637 accepissent

208 651 292 672 nutem
301 649 371 679 samu
383 650 404 671 et
418 647 556 673 auditione,
564 645 748 677 essequmtclam
755 651 845 668 numen
855 644 934 667 eloim
945 643 1004 666 cleo-

208 693 279 714 rum,·
291 685 381 708 ‹leimle
391 684 479 715 aliquo
490 687 599 714 tempore
608 682 743 714 patefactis
754 685 839 706 terrae
848 680 1004 712 saucibuaeoe

209 723 262 747 illis
271 722 366 746 abditis
376 722 477 745 sedibus
486 721 592 744 evadere
603 721 628 744 iu
640 719 700 743 haec
712 719 780 747 loca,
797 726 862 750 quae
878 725 922 742 uos
934 718 1004 742 inco-

209 760 296 787 limus,
312 762 388 790 atque
402 759 474 783 exire
489 758 644 789 potuissent:
665 764 742 788 quum
756 758 857 787 repente
872 758 967 779 terram
982 758 1004 779 et

207 797 293 821 maria
305 796 450 828 caelumque
460 796 588 822 vidissent,
596 794 698 818 nubium
710 793 908 825 maynitudinem
918 795 1004 816 vento-

207 841 315 866 rumque
330 835 379 857 rim
396 833 567 864 coqnovissent
583 832 791 863 aspexissentque
805 830 882 855 solem
902 830 1004 861 eiusque

209 874 261 896 tum
277 871 475 902 muynitudmem
489 869 766 901 pulchritudinemque,
787 871 839 892 tum
854 868 930 892 etiam
950 867 1005 898 elfi-

209 909 327 933 cientiam
347 908 531 939 coqnenissent,
548 908 615 939 quod
630 907 651 931 is
667 907 732 930 diem
747 905 856 937 efficeret
872 908 922 929 toto
936 904 1005 928 caelo

209 946 264 970 luce
274 946 384 977 diffusa:
397 952 473 977 quum
484 948 567 969 nutem
579 947 662 969 terras
673 950 726 968 nox
737 946 875 974 opacasset,
884 945 935 966 tum
947 949 1005 966 cne-

209 980 261 1008 lu'm
272 986 350 1007 totum
362 985 490 1007 cernerent
502 983 581 1006 astris
591 982 737 1006 distinctum
748 983 770 1004 et
781 983 907 1004 ornatum.
916 979 1005 1003 lunae-

208 1028 257 1053 que
272 1020 395 1044 luminum
410 1021 558 1044 varietatem
573 1023 625 1044 tum
637 1018 772 1043 crescentis
783 1021 835 1042 tum
845 1017 1003 1044 senescentis,

209 1065 344 1089 eorumque
355 1058 466 1081 omnium
477 1060 548 1081 ortus
558 1060 580 1081 et
591 1062 705 1084 occasus,
720 1058 797 1087 atque
807 1056 833 1079 in
844 1055 912 1078 omni
921 1057 1005 1078 aeter-

207 1096 288 1120 nitate
298 1098 369 1119 ratos
381 1094 597 1126 immutabilesque
609 1100 711 1119 cursus:
723 1092 785 1117 haec
795 1099 871 1124 quum
882 1092 1004 1119 viderent,

207 1134 320 1164 profecto
335 1135 357 1156 et
372 1140 424 1156 esse
437 1132 495 1155 deos
506 1135 528 1155 et
539 1132 600 1155 haec
612 1134 683 1155 tanta
694 1137 771 1162 opera
782 1130 885 1153 deorum
896 1136 949 1153 esse
959 1136 1006 1153 ar-

209 1169 378 1194 bitrarentur.
418 1167 564 1193 xxxvm.
587 1168 629 1192 96.
651 1167 737 1201 Atque
749 1165 814 1191 haec
825 1164 936 1199 quidem
948 1163 1004 1190 ille.

208 1205 262 1232 Nos
274 1210 362 1231 autem
375 1205 497 1231 tenebras
508 1204 657 1239 cogitemus
672 1208 770 1233 tantas,
788 1207 903 1237 quantae
918 1210 1006 1236 quon-

208 1242 270 1269 dam
285 1243 424 1276 eruptione
436 1242 612 1268 Aetnaeorum
625 1241 730 1276 ignium
743 1240 870 1266 linitimas
882 1239 1005 1275 regiones

208 1279 397 1306 obscuravisse
408 1279 543 1310 dicuntur,
553 1283 581 1305 ut
591 1287 639 1313 per
650 1278 765 1304 biduum
777 1285 855 1304 nemo
868 1277 1005 1303 bominem

210 1317 288 1343 homo
299 1321 467 1352 agnosceret:
490 1325 575 1351 quum
591 1321 680 1342 autem
696 1316 772 1342 tertio
787 1315 831 1341 die
845 1313 884 1341 sol
897 1313 1006 1340 illuxis-

208 1359 261 1385 set,
284 1358 340 1380 tum
358 1359 385 1380 ut
400 1354 532 1380 revixisse
547 1353 600 1379 sibi
617 1353 781 1379 viderentur.
822 1351 899 1384 Quod
918 1352 941 1378 si
957 1351 1006 1377 hoc

209 1391 281 1418 idem
292 1400 326 1417 ex
337 1392 452 1418 aeternis
463 1391 581 1418 tenebris
591 1391 766 1426 contingeret,
775 1394 804 1416 ut
815 1389 905 1416 subito
918 1389 1005 1415 lucem

210 1429 407 1463 aspiceremus:
430 1437 562 1464 quaenam
579 1428 684 1463 species
699 1427 766 1454 caeli
783 1425 937 1453 videretur?
953 1425 1006 1452 Sed

208 1466 365 1493 assiduitate
386 1466 542 1501 quotidiana
557 1470 582 1492 et
597 1465 792 1492 consuetudine
806 1464 946 1491 oculorum
963 1472 1006 1489 as-

208 1508 337 1530 suescunt
357 1504 441 1530 animi
461 1512 550 1538 neque
570 1503 737 1529 admirantur
757 1511 845 1537 neque
865 1502 1006 1536 requirunt

208 1542 322 1567 rationes
339 1550 431 1567 earum
447 1549 551 1572 rerum,
567 1549 635 1576 quas
646 1548 753 1575 semper
764 1540 869 1572 vident3
893 1538 1006 1574 proinde

207 1579 286 1613 quasi
299 1579 403 1605 novitas
415 1587 463 1604 nos
477 1579 578 1614 magis,
594 1587 676 1613 quam
688 1577 846 1612 magnitudo
858 1585 946 1602 rerum
959 1575 1007 1601 de-

207 1615 269 1641 beat
281 1615 313 1641 ad
325 1615 506 1650 exquirendas
517 1624 626 1642 caussas
637 1616 762 1642 excitare.
797 1615 839 1640 97.
854 1613 921 1646 Quis
933 1613 1006 1639 enim

207 1652 280 1679 hunc
292 1652 429 1679 hominem
440 1653 547 1683 dixerit,
556 1653 614 1688 qui,
623 1661 708 1688 quum
715 1658 768 1679 tam
774 1656 860 1678 certos
870 1650 937 1677 caeli
949 1659 1007 1677 mo—

207 1694 260 1720 tus,
274 1695 327 1716 tam
339 1695 408 1716 ratos
420 1695 552 1717 astrorum
567 1690 689 1721 ordines,
707 1695 815 1725 tamque
830 1689 919 1715 omnia
937 1688 1006 1714 inter

207 1735 236 1753 se
248 1735 367 1754 connexa
378 1732 404 1754 et
419 1732 479 1762 apta
494 1727 607 1759 viderit,
624 1732 702 1763 neget
717 1728 745 1753 in
761 1727 804 1753 his
818 1726 901 1752 ullam
917 1726 1006 1751 inesse

208 1765 347 1795 rationem,
360 1773 444 1799 eaque
455 1773 519 1791 casu
532 1765 589 1791 lieri
601 1765 685 1796 dicat,
701 1773 770 1799 quae
782 1769 882 1799 quanto
893 1762 1006 1789 consilio

207 1806 344 1837 gerantur,
360 1802 434 1828 nullo
445 1802 558 1829 consilio
569 1803 678 1837 assequi
689 1800 854 1837 possumus‘.>
868 1801 908 1826 An
920 1808 1005 1834 quum

208 1838 406 1866 machinatione
426 1839 544 1874 quadam
565 1840 668 1866 moveri
689 1838 793 1874 aliquid
813 1837 953 1867 videmus.
978 1841 1006 1863 ut

207 1875 360 1910 sphaeram,
373 1881 403 1903 ut
414 1876 501 1908 horas,
514 1876 607 1903 utalia
618 1875 760 1911 permulta,
774 1884 826 1902 non
837 1875 1003 1904 dubitamus,

207 1913 275 1947 quin
295 1913 341 1939 illa
355 1922 434 1948 opera
449 1914 504 1940 sint
519 1914 643 1940 rationis:
666 1922 751 1948 quum
768 1917 858 1939 autem
873 1917 1005 1946 impetum

207 1949 276 1976 caeli
286 1949 440 1976 admirabili
452 1959 514 1977 cum
526 1950 659 1977 celeritate
671 1951 773 1977 moveri
784 1951 906 1984 vertique
914 1949 990 1975 videa
1027 1952 1029 1964 ¹

208 1996 279 2019 mus,
292 1989 508 2014 constantissime
520 1988 706 2014 conficientem
717 1987 921 2014 vicissitudines
928 1987 1007 2013 anni-

208 2025 340 2051 versarias
356 2034 418 2051 cum
434 2034 540 2051 summa
556 2025 642 2052 salute
658 2030 683 2052 et
697 2025 900 2052 conservatione
916 2033 1006 2050 rerum

207 2063 345 2089 omnium:
359 2062 601 2097 dubitamus,quin
613 2071 643 2089 ea
655 2071 706 2089 non
719 2062 807 2089 solum
819 2062 919 2088 ratione
931 2061 1003 2093 fiant,

208 2099 256 2126 sed
276 2100 357 2126 etiam
378 2099 520 2126 excellenti
539 2100 687 2135 divinaque
707 2099 826 2126 ratione?
865 2101 907 2126 98.
933 2099 1007 2126 Licet

208 2137 282 2163 enim
293 2137 360 2169 iam,
374 2142 474 2164 remota
485 2137 634 2164 subtilitate
647 2137 819 2172 disputandi,
835 2136 923 2164 oculis
938 2145 1006 2172 quo-

208 2173 351 2201 dammodo
366 2174 540 2209 contemplari
555 2174 788 2209 pulchritudinem
800 2183 890 2201 rerum
901 2183 1003 2206 earum,

207 2221 276 2247 quas
289 2212 382 2238 divina
394 2212 562 2247 providentia
573 2212 691 2238 dicimus
701 2213 870 2239 constitutas.

263 2249 392 2276 xxxlx.
413 2250 451 2276 Ac
470 2250 604 2284 principio
625 2254 692 2276 terra
718 2251 846 2276 universa
871 2254 1004 2280 cernatur,

208 2286 290 2313 locata
303 2288 330 2313 in
342 2286 431 2313 media
442 2287 538 2313 mundi
549 2287 622 2318 sede,
635 2286 721 2313 solida
733 2292 758 2313 et
769 2287 879 2323 globosa
891 2292 916 2313 et
925 2286 1007 2313 undi—

208 2332 260 2358 que
272 2325 330 2359 ipsa
342 2325 369 2351 in
383 2333 442 2351 sese
453 2324 566 2351 nutibus
576 2325 635 2351 suis
645 2324 812 2360 conglobata,
826 2325 922 2350 vestita
934 2323 1006 2350 ssori-

209 2360 274 2392 bus,
292 2362 398 2393 herbis,
420 2361 575 2393 arboribus,
594 2361 734 2397 frugibus,
750 2370 867 2397 quorum
882 2362 1006 2388 omnium

210 2398 377 2425 incredibilis
396 2398 541 2426 multitudo
555 2398 703 2425 insatiabili
717 2400 843 2425 varietate
858 2398 1006 2434 distingui-

209 2439 261 2461 tur.
301 2436 375 2462 Adde
387 2436 441 2463 huc
452 2435 567 2462 fontium
577 2436 681 2471 gelidas
695 2436 899 2471 peremnitates,
917 2435 1007 2470 liquo-

209 2479 252 2497 res
263 2472 415 2506 perlucidos
426 2474 557 2504 amnium,
566 2474 686 2508 riparum
692 2474 806 2500 vestitus
813 2472 1004 2503 viridissimos,

209 2508 399 2542 speluncarum
410 2519 540 2537 concavas
552 2510 708 2537 altitudines
716 2531 722 2541 ,
738 2519 865 2537 saxorum
876 2510 1007 2545 asperita-

210 2549 263 2576 tes,
281 2546 495 2580 impendentium
509 2548 642 2574 montium
661 2547 818 2574 altitudines
837 2548 1006 2573 immensita-

211 2587 304 2623 tesque
314 2591 483 2618 camporum;
500 2585 569 2611 adde
584 2586 665 2611 etiam
679 2584 829 2611 reconditas
840 2585 898 2610 auri
909 2593 1006 2619 argen-

211 2623 285 2653 tique
306 2628 388 2646 venas
403 2621 589 2656 infinitamque
604 2623 661 2648 vim
676 2623 827 2648 marmoris.
869 2623 910 2648 99.
932 2621 1005 2653 Quae

1032 613 1034 669 l

1032 679 1033 723 ι

1032 811 1034 839 l

1032 860 1034 875 l

1056 605 1155 631 torum!
1179 609 1243 639 quot
1257 613 1354 640 genera
1375 613 1512 639 quamque
1535 604 1652 639 disparia
1672 605 1768 639 partim
1784 604 1852 631 sub-

1056 651 1217 672 mersarum,
1237 642 1333 676 partim
1349 641 1511 668 fluitantium
1532 647 1558 668 et
1578 643 1729 668 innantium
1746 641 1852 668 bellun·

1056 688 1128 709 rum.
1156 680 1254 714 partim
1279 679 1311 705 ad
1336 688 1399 705 saxa
1424 679 1522 705 nativis
1543 680 1617 705 testis
1638 679 1848 705 inhaerentium!

1056 717 1146 751 ipsum
1162 722 1250 743 autem
1267 725 1338 743 mare
1354 717 1393 743 sie
1409 721 1504 742 terram
1520 722 1648 751 appetens
1664 716 1797 743 littoribus
1811 715 1852 742 al-

1057 754 1133 784 ludit,
1143 759 1171 780 ut
1183 763 1234 780 una
1245 763 1279 781 ex
1290 754 1397 780 duabus
1409 754 1511 780 naturis
1521 753 1631 780 conflata
1643 754 1775 780 videatur.
1793 755 1850 780 iot.

1055 791 1160 817 Exinde
1181 792 1246 818 mari
1264 792 1394 818 finitimus
1412 800 1457 817 aer
1471 791 1515 817 die
1531 796 1557 817 et
1573 796 1647 818 nocte
1663 791 1849 826 distinguitur,

1032 842 1033 852 κ
1057 829 1133 863 isque
1152 834 1208 855 tum
1225 829 1302 855 lusus
1318 834 1343 855 et
1358 834 1517 855 extenuatus
1534 828 1652 855 sublime
1673 828 1769 858 fertur,
1794 833 1851 855 tum

1032 878 1033 891 ι
1055 871 1144 892 autem
1160 872 1299 893 concretus
1315 867 1341 892 in
1356 866 1443 892 nubes
1453 867 1558 902 cogitur
1569 866 1764 901 humoremque
1775 864 1853 892 colli·

1032 917 1034 939 ¹.
1055 912 1122 939 gens
1139 909 1233 930 terram
1250 909 1330 939 auget
1345 904 1493 934 imbribus,
1512 909 1568 930 tum
1582 903 1695 930 effluens
1711 903 1764 930 huc
1777 907 1803 929 et
1818 902 1852 929 il-

1057 941 1099 967 luc
1112 946 1204 968 ventos
1215 941 1307 968 elficit.
1347 941 1420 967 ldem
1436 950 1538 967 annuas
1555 941 1684 977 frigorum
1696 946 1722 967 et
1731 939 1851 966 calorum

1033 991 1035 1000 ι
1057 978 1119 1004 lacit
1131 979 1285 1010 varietates,
1303 978 1429 1014 idemque
1443 984 1469 1004 et
1480 978 1583 1005 volatus
1595 978 1690 1005 alitum
1700 978 1817 1004 sustinet
1827 981 1854 1003 et

1033 1026 1035 1030 ·
1056 1016 1153 1050 spiritu
1170 1016 1268 1043 ductus
1284 1015 1331 1042 alit
1343 1021 1368 1042 et
1379 1021 1510 1042 sustentat
1521 1017 1680 1042 animantes.

1721 1015 1778 1041 XL.
1800 1015 1853 1041 Re-

1034 1054 1035 1058 ’
1056 1058 1107 1079 stat
1123 1053 1236 1080 ultimus
1249 1059 1275 1080 et
1290 1062 1303 1079 a
1322 1053 1468 1080 domiciliis
1485 1054 1581 1079 nostris
1597 1053 1746 1079 altissimus
1761 1052 1853 1078 omnia

211 2663 274 2683 vero
284 2661 310 2683 et
320 2665 401 2692 quam
411 2659 485 2685 varia
495 2667 593 2694 genera
606 2659 755 2686 bestiarum
770 2658 813 2686 vel
828 2659 951 2686 cicurum
964 2657 1005 2685 vel
1033 2652 1036 2681 ἶ

1056 1091 1168 1126 cingens
1180 1096 1205 1117 et
1215 1099 1340 1117 coercens
1351 1090 1418 1117 caeli
1429 1090 1587 1125 complexus
1596 1111 1602 1121 ,
1619 1091 1666 1125 qui
1679 1090 1750 1116 idem
1762 1089 1854 1116 aether

1057 1133 1178 1159 vocatur,
1197 1133 1314 1155 extrema
1329 1137 1374 1155 ora
1391 1133 1416 1154 et
1429 1128 1616 1154 determinatio
1628 1127 1736 1160 mundi3
1760 1127 1787 1153 in
1799 1134 1853 1161 quo

1057 1174 1119 1192 cum
1135 1165 1342 1192 admirabilitate
1357 1166 1474 1192 maxima
1487 1166 1580 1201 igneae
1592 1164 1691 1191 formae
1702 1172 1799 1191 cursus
1809 1172 1854 1190 or-

1057 1203 1162 1230 dinatos
1175 1203 1318 1230 deliniunt.
1360 1205 1416 1230 ⁴02.
1438 1203 1458 1229 E
1470 1202 1572 1238 quibus
1586 1202 1639 1232 sol,
1657 1202 1736 1228 cuius
1747 1201 1855 1237 magni-

1058 1241 1150 1267 tudine
1166 1241 1259 1267 multis
1274 1241 1397 1276 partibus
1413 1245 1481 1267 terra
1499 1244 1655 1275 superatur,
1675 1239 1778 1268 circum
1794 1246 1854 1265 eam

1058 1278 1144 1313 ipsam
1159 1278 1278 1305 volvitur
1289 1279 1366 1313 isque
1377 1278 1468 1304 oriens
1479 1282 1504 1304 et
1514 1277 1639 1304 occidens
1651 1276 1723 1303 diem
1735 1281 1855 1303 noctem-

1057 1324 1109 1350 que
1121 1316 1237 1347 conficit,
1253 1321 1279 1342 et
1293 1315 1371 1343 modo
1382 1315 1526 1346 accedens,
1540 1319 1596 1341 tum
1609 1319 1697 1341 autem
1713 1313 1852 1344 recedens,

1057 1352 1135 1379 binas
1151 1354 1178 1380 in
1194 1353 1312 1389 singulis
1327 1354 1405 1379 annis
1421 1353 1587 1379 reversiones
1603 1351 1637 1378 ab
1652 1356 1772 1378 extremo
1789 1359 1855 1378 con-

1057 1391 1151 1418 trarias
1172 1390 1248 1422 facit,
1270 1399 1386 1425 quarum
1408 1389 1548 1417 intervallo
1568 1394 1625 1416 tum
1645 1390 1724 1424 quasi
1745 1388 1855 1415 tristitia

1057 1428 1174 1463 quadam
1185 1428 1317 1455 contrahit
1331 1433 1442 1459 terram,
1460 1432 1518 1454 tum
1533 1427 1656 1454 vicissim
1672 1426 1808 1456 laetificat,
1824 1429 1856 1452 ut

1057 1474 1119 1492 cum
1131 1465 1204 1492 caelo
1215 1465 1326 1492 hilarata
1338 1465 1470 1492 videatur.
1514 1466 1570 1491 ⁴03.
1586 1465 1660 1491 Luna
1671 1469 1770 1493 autem.
1784 1470 1855 1498 quae

1057 1508 1111 1534 est,
1129 1508 1158 1530 ut
1168 1503 1313 1530 ostendunt
1325 1502 1515 1534 mathematici,
1529 1503 1627 1532 maior,
1644 1510 1725 1536 quam
1740 1500 1855 1527 dimidia

1057 1549 1118 1575 pars
1130 1545 1228 1572 terrae,
1248 1540 1346 1567 iisdem
1361 1541 1456 1575 spatiis
1472 1545 1597 1576 vagatur,
1613 1539 1715 1574 quibus
1730 1538 1783 1565 sol:
1806 1536 1856 1565 sed

1058 1583 1114 1604 tum
1129 1577 1306 1614 congrediens
1317 1586 1380 1604 cum
1390 1577 1454 1608 sole,
1467 1582 1524 1604 tum
1535 1576 1692 1612 digrediens
1705 1581 1732 1603 et
1741 1584 1801 1602 eam
1812 1574 1856 1602 lu-

1057 1624 1129 1647 cem,
1147 1624 1229 1650 quam
1240 1624 1254 1642 a
1266 1614 1321 1642 sole
1337 1615 1453 1650 accepit,
1470 1615 1552 1641 mittit
1566 1615 1594 1640 in
1610 1619 1707 1645 terras,
1725 1618 1751 1640 et
1766 1613 1855 1639 varias

1058 1653 1116 1687 ipsa
1128 1653 1290 1679 mutationes
1302 1652 1370 1679 lucis
1382 1651 1475 1683 habet,
1491 1652 1656 1686 atqueetiam
1665 1656 1722 1678 tum
1733 1650 1856 1677 subiecta

1057 1695 1137 1725 atque
1148 1690 1270 1724 opposita
1281 1689 1332 1716 soli
1346 1689 1434 1716 radios
1446 1690 1505 1715 eius
1515 1694 1541 1715 et
1552 1688 1643 1715 lumen
1653 1688 1788 1718 obscurat,
1797 1693 1854 1714 tum

1058 1728 1116 1762 ipsa
1132 1727 1255 1753 incidens
1271 1727 1299 1753 in
1315 1726 1439 1753 umbram
1454 1731 1552 1756 terrae,
1569 1734 1655 1760 quum
1670 1730 1711 1752 est
1721 1733 1735 1751 e
1746 1725 1856 1760 regione

1057 1764 1136 1795 solis,
1155 1764 1314 1798 interpositu
1326 1764 1522 1798 interiectuque
1534 1768 1618 1789 terrae
1635 1767 1743 1798 repente
1753 1762 1854 1788 deficit.

1057 1801 1210 1836 Iisdemque
1222 1802 1317 1836 spatiis
1327 1809 1373 1827 eae
1384 1800 1485 1831 stellae,
1494 1809 1562 1835 quas
1574 1809 1655 1835 vagas
1667 1800 1793 1830 dicimus,
1802 1800 1856 1826 cir-

1057 1847 1120 1865 cum
1131 1844 1227 1865 terram
1239 1838 1361 1865 feruntur
1372 1838 1520 1872 eodemque
1530 1837 1609 1864 modo
1619 1837 1743 1864 oriuntur
1753 1837 1856 1863 etocci-

1057 1876 1133 1906 dunt,
1149 1884 1264 1911 quarum
1276 1881 1364 1902 motus
1375 1881 1432 1902 tum
1445 1876 1598 1905 incitantur,
1608 1880 1665 1901 tum
1676 1873 1854 1904 retardantur,

1057 1922 1137 1948 saepe
1148 1914 1228 1939 etiam
1241 1914 1379 1939 insistunt.
1417 1913 1472 1939 ⁴04.
1493 1912 1552 1944 Quo
1563 1911 1716 1947 spectaculo
1727 1911 1796 1938 nihil
1807 1919 1856 1946 po-

1057 1955 1108 1977 test
1128 1950 1317 1976 admirabilius
1340 1958 1412 1981 esse,
1440 1949 1509 1976 nihil
1534 1949 1687 1985 pulchrius⁴
1726 1948 1857 1984 Sequitur

1057 1987 1196 2014 stellarum
1207 1988 1383 2014 inerrantium
1395 1989 1512 2014 maxima
1523 1986 1668 2014 multitudo
1676 2007 1682 2018 ‚
1693 1994 1809 2021 quarum
1819 1986 1856 2012 ita

1057 2025 1192 2060 descripta
1203 2025 1340 2052 distinctio
1354 2030 1407 2055 est.
1425 2030 1454 2051 ut
1469 2033 1503 2052 ex
1518 2030 1641 2051 notarum
1657 2024 1804 2060 figurarum
1817 2025 1857 2050 si-

1058 2062 1214 2089 militudine
1225 2063 1334 2089 nomina
1345 2063 1507 2089 invenerint.
1549 2062 1618 2088 XLI.
1639 2062 1726 2096 Atque
1737 2060 1787 2088 hoc
1799 2060 1856 2087 1000

1058 2108 1100 2126 me
1112 2101 1230 2131 intuens,
1243 2100 1315 2131 Utar,
1328 2100 1425 2135 inquit,
1439 2099 1607 2126 carminibus
1618 2099 1704 2129 Arati,
1721 2098 1770 2129 eis,
1785 2106 1856 2133 quae

1057 2147 1072 2164 a
1092 2142 1117 2164 te
1137 2137 1284 2164 admodum
1301 2136 1501 2164 adolescentulo
1515 2145 1644 2163 conversa
1663 2137 1699 2163 ita
1719 2144 1761 2162 me
1781 2134 1856 2162 dele-

1058 2180 1142 2206 ctant,
1160 2175 1225 2210 quia
1240 2175 1334 2201 Latina
1349 2179 1425 2205 sunt,
1446 2179 1476 2201 ut
1491 2173 1575 2200 multa
1588 2182 1622 2200 ex
1633 2174 1667 2200 iis
1677 2173 1805 2199 memoria
1816 2177 1856 2198 te-

1058 2221 1146 2239 neam.
1186 2212 1271 2247 Ergo,
1287 2217 1317 2238 ut
1330 2211 1417 2238 oculis
1432 2211 1542 2238 assidue
1556 2211 1698 2242 videmus,
1720 2211 1778 2237 sine
1799 2208 1855 2236 ulla

1058 2250 1205 2276 mutatione
1216 2254 1262 2276 aut
1273 2251 1399 2275 varietate

1095 2300 1178 2321 cetera
1190 2296 1313 2321 labuntur
1327 2296 1404 2321 celeri
1415 2296 1533 2321 caelestia
1544 2298 1622 2324 motu,

1095 2341 1152 2358 cum
1166 2333 1285 2365 coeloque
1294 2333 1371 2358 simul
1382 2337 1514 2365 noctesque
1523 2333 1626 2364 diesque
1633 2333 1761 2364 seruntur,

1059 2379 1116 2404 ⁴05.
1138 2386 1254 2412 quorum
1274 2376 1498 2412 contemplatione
1518 2376 1622 2403 nullius
1641 2374 1745 2409 expleri
1768 2379 1855 2409 potest

1057 2415 1174 2446 animus,
1187 2420 1298 2441 naturae
1311 2415 1488 2441 constantiam
1498 2413 1590 2440 videre
1601 2412 1746 2447 cupientis.

1094 2452 1282 2486 Extremusque
1291 2455 1355 2478 odeo
1363 2453 1462 2485 duplici
1471 2453 1502 2477 de
1512 2453 1617 2478 cordine
1626 2454 1715 2476 vertex

1094 2492 1192 2516 dicitur
1202 2498 1254 2516 esse
1261 2491 1346 2523 polus.

1056 2535 1134 2561 Hunc
1149 2535 1252 2561 circum
1267 2534 1356 2571 ἄρκτοι
1371 2534 1441 2561 duae
1457 2533 1591 2563 teruntur,
1615 2539 1763 2566 numquam
1781 2532 1854 2558 occi—

1056 2572 1160 2598 dentes.

1094 2621 1136 2647 Eoe
1146 2623 1186 2647 his
1195 2623 1279 2647 attera
1289 2622 1360 2654 apud
1372 2620 1466 2646 Graios
1479 2619 1610 2652 Cynosura
1624 2623 1736 2648 vocatur,

1094 2659 1178 2685 altera
1188 2660 1285 2685 dicitur
1294 2666 1346 2684 esse
1357 2657 1452 2687 Helice,
