1941 3052
238 113 299 139 4225
813 113 868 138 436.
900 112 935 138 Μ.

236 182 379 209 iuuinullao
400 181 571 215 disciplinae,
599 190 667 215 quae
689 182 832 216 propositis
853 182 983 208 honorum
1004 187 1029 208 et
1049 187 1059 214 Γ

236 220 365 246 malorum
379 220 477 244 litulfus
488 218 607 243 osticium
619 228 696 244 onme
709 224 870 253 pervertant.
903 220 1028 254 Numqui

235 266 372 283 sumntum
392 256 489 281 lunium
506 256 544 280 sit·
567 256 695 285 instituit,
717 260 745 281 ut
762 256 828 281 nihil
852 256 947 282 habeat
966 265 1028 282 cum

237 295 334 319 virtute
345 295 527 321 ‹onium-tum,
542 292 622 325 idque
634 293 691 318 suis
702 292 865 323 commodis,
882 302 933 319 non
947 293 1029 319 lione-
1049 305 1057 332 ,i

235 337 300 356 stati·
314 331 434 358 metitur,
449 329 504 359 hic,
519 330 541 354 si
554 329 606 354 sibi
620 330 676 363 ipse
688 331 835 356 consentiat
846 335 871 356 et
883 340 933 356 nou
948 332 1029 356 inter-
1048 349 1051 367 Ι

235 369 299 393 ‹lum
313 372 419 392 naturai·
433 367 548 391 bonitate
561 367 692 397 vim-atur,
702 376 787 401 neque
798 368 944 393 amicitiam
956 367 1028 393 cole·
1049 382 1050 390 κ

235 415 261 431 η-
273 405 364 438 possit,
379 413 426 429 nec
439 403 576 431 iustitiam,
590 412 637 429 nec
650 404 850 430 liberalitatem:
868 405 942 430 [ortis
956 413 1025 435 vero,
1048 407 1050 418 ¹

234 441 351 467 dolorem
367 449 504 466 summum
521 440 621 466 malum
640 441 776 472 iudicans,
798 447 843 468 aut
865 447 1026 476 temperans,
1048 443 1057 474 l,

235 478 396 512 wluptatem
409 486 546 503 summum
560 477 659 504 honum
672 483 800 508 statuens,
814 488 872 505 esse
884 484 953 505 certe
967 479 1028 505 nul-

234 515 258 541 lo
273 515 350 541 inodo
365 519 458 548 potest.
481 517 506 540 6.
519 515 591 546 Quae
603 524 766 550 quamquam
780 517 812 542 ita
824 521 887 542 sunt
900 517 925 542 iu
938 525 1028 551 prom-

233 558 289 587 ptu,
304 557 331 578 ut
342 561 383 578 res
394 552 575 586 disputatione
587 562 638 578 nou
650 558 734 586 egeat,
752 558 838 579 tamen
851 559 937 580 sunta
949 553 1027 580 nobis

232 590 284 615 alio
297 589 352 615 loeo
363 589 508 623 disputata,
535 590 586 615 llae
598 590 758 624 disciplinae
772 592 853 624 igitur
863 591 886 617 si
898 591 951 617 sihi
963 600 1027 617 con-

231 632 372 654 sentaneae
387 636 444 652 esse
462 626 557 657 velint,
580 626 612 652 de
627 627 716 653 ollii-io
731 628 798 654 nihil
810 633 910 662 queant
921 628 1024 654 dicere:

232 673 319 698 neque
331 663 384 689 ulla
395 663 477 689 oflicii
491 670 628 698 praecepta
643 665 716 691 lirma
726 686 731 696 ,
750 665 856 691 stabilia
866 687 871 695 ,
885 666 1025 692 coniuncta

232 706 340 728 naturae
353 701 419 727 tradi
432 707 557 735 possunt.
577 703 628 728 nisi
640 703 729 728 autab
742 703 788 733 iis,
804 704 852 737 qui
867 703 965 733 solam,
982 707 1027 729 aut
1048 730 1049 734 ,

231 739 499 773 at›iis,‹1ui111axiine
512 738 675 765 honestatem
688 745 794 774 propter
804 749 832 766 se
844 740 934 766 dicant
944 748 1027 774 expe·
1047 745 1049 778 1

231 776 348 803 tendam.
390 777 425 802 lta
449 777 555 810 propria
580 782 619 803 est
640 786 668 802 ea
693 778 844 812 praeceptio
863 778 1023 808 Stoicorum,
1047 785 1049 803 ῐ

229 813 461 843 Academicorum,
477 814 725 847 Peripateticorum:
742 815 871 849 quoniam
883 816 1023 845 Aristoni&
1047 813 1049 821 '

230 850 392 886 Pyrrhonis,
410 850 502 876 llerilli
519 851 570 876 iam
585 851 688 885 pridem
705 852 814 886 explosa
829 853 958 878 sententia
970 858 1022 882 est:

230 889 278 923 qui
291 893 377 914 tamen
391 887 518 914 habereut
531 889 572 913 ius
583 897 663 914 suum
678 889 834 923 disputandi
847 889 880 915 de
891 889 988 919 oslicio,
1002 890 1024 915 si
1048 897 1049 902 ¹

231 934 320 951 rerum
333 925 450 960 aliquem
463 925 596 952 delectum
609 926 791 961 reliquissent,
807 932 834 953 ut
845 927 877 952 ad
889 927 971 953 oflicii
985 928 1026 953 in-

224 963 382 991 ¹ventionem
395 963 483 989 aditus
494 969 573 990 esset.
603 964 748 999 Sequimur
760 965 842 999 igitur
855 964 903 991 lioc
914 964 1025 999 quidem
1047 983 1048 986 η

232 1004 349 1034 tempore
360 1005 385 1026 et
397 1000 446 1026 hac
458 1001 484 1026 iu
495 1002 650 1035 quaestione
663 1003 833 1036 potissimum
847 1002 959 1032 Stoicos,
974 1010 1024 1027 non
1047 1007 1055 1018 ²

230 1042 259 1064 ut
272 1038 442 1071 interpretes3
456 1038 513 1068 sed,
528 1043 555 1064 ut
566 1039 693 1067 solemus,
709 1048 723 1064 e
736 1038 854 1065 {ontibus
867 1048 969 1070 eorum,
983 1039 1024 1064 iu-
1046 1048 1054 1066 1,

229 1074 300 1100 dicio
311 1075 475 1110 arbitrioque
487 1080 584 1107 nostro,
597 1081 728 1111 quantum
737 1085 845 1111 quoque
858 1077 936 1103 modo
948 1076 1024 1103 vide·
1046 1070 1054 1114 l³

228 1111 310 1142 bitur.
326 1112 491 1138 hauriemus.

283 1150 308 1175 7.
330 1149 417 1175 Placet
432 1150 526 1185 igitur,
544 1151 671 1184 quoniam
683 1151 770 1177 omnis
781 1151 928 1185 disputatio
939 1151 972 1177 de
983 1151 1023 1177 ol'-
1046 1169 1054 1183 ,ν

229 1186 289 1212 [icio
301 1185 389 1212 sutura
401 1192 449 1217 est,
463 1192 521 1212 ante
533 1187 658 1217 delinire,
672 1188 738 1222 quid
750 1189 785 1214 sit
795 1188 913 1214 osticium
924 1199 929 1215 .·
951 1188 1022 1223 quod

228 1232 242 1249 a
260 1224 382 1249 Panaetio
399 1225 617 1258 praetermissum
634 1234 692 1251 esse
712 1226 802 1252 miror.
843 1226 937 1252 Omnis
951 1227 1023 1252 enim

227 1269 296 1295 quae
310 1259 343 1296 [a]
358 1263 457 1287 ratione
469 1262 617 1296 suscipitur
628 1262 661 1288 de
672 1262 762 1297 aliqua
774 1271 801 1289 re
813 1264 959 1294 institutio,
976 1263 1024 1289 de·
1045 1271 1053 1300 ξ’

228 1298 272 1324 bet
283 1306 296 1323 a
308 1298 462 1325 delinitione
475 1299 618 1333 proficisci,
632 1305 661 1326 ut
673 1300 847 1336 intelligatur,
860 1301 926 1335 quid
938 1301 973 1327 sit
984 1300 1021 1332 id.
1045 1305 1047 1338 ζ

227 1335 260 1361 de
275 1344 329 1370 quo
340 1335 502 1370 disputetur.
544 1338 587 1363 111.
606 1337 701 1364 Omnis
716 1337 748 1363 de
762 1337 850 1364 officio
866 1338 968 1373 duplex
984 1343 1024 1365 est
1045 1335 1053 1376 {l

225 1373 358 1407 quaestio.
399 1374 487 1400 Unum
503 1383 590 1409 genus
605 1379 658 1405 est,
676 1374 748 1409 quod
763 1376 878 1410 pertinet
893 1376 927 1401 ad
944 1375 1024 1402 finem

226 1410 372 1436 bonorum:
396 1410 522 1442 alterum,
544 1412 617 1447 quod
634 1413 751 1447 positum
766 1418 806 1439 est
821 1414 847 1439 in
862 1414 1021 1448 praeceptis,
1045 1442 1047 1447 ,

225 1447 326 1481 quibus
342 1448 368 1473 in
384 1457 477 1475 omnes
493 1454 580 1483 partes
597 1458 662 1476 usus
675 1451 744 1476 vitae
755 1450 914 1477 conformari
927 1451 1022 1486 possit.
1045 1448 1053 1482 1]

224 1484 377 1519 Superioris
388 1486 495 1521 generis
507 1486 792 1522 liuiusmodiexempla
801 1487 883 1524 [sunt]
894 1499 899 1515 z
912 1488 1024 1515 Omnia-
1052 1522 1053 1527 Ἰ

226 1530 258 1548 ne
273 1522 360 1548 officia
372 1523 488 1558 perfecta
503 1525 570 1551 sint:
594 1525 728 1559 numquid
743 1525 864 1551 osticium
880 1525 955 1552 aliud
971 1526 1024 1552 alio
1044 1525 1046 1550 l

225 1560 313 1585 maius
330 1560 377 1586 sit:
401 1565 426 1587 et
441 1570 509 1595 quae
525 1566 588 1588 sunt
602 1562 709 1597 generis
729 1562 861 1589 eiusdem.
903 1564 1023 1595 Quorum

225 1602 314 1623 autem
325 1596 475 1624 officiorum
488 1604 626 1634 praecepta
640 1599 789 1631 traduntur,
813 1609 842 1627 ea
856 1609 1022 1636 quamquam

224 1635 358 1668 pertinent
369 1635 401 1661 ad
414 1636 493 1661 linem
506 1636 646 1667 bonorum,
661 1642 748 1664 tamen
761 1638 851 1664 minus
863 1637 890 1664 id
902 1643 1020 1673 apparet,

224 1671 288 1706 quia
300 1673 386 1708 magis
402 1672 434 1699 ad
450 1673 646 1700 institutionem
658 1675 727 1700 vitae
738 1676 890 1701 communis
902 1681 1022 1710 spectare

224 1708 364 1736 videntur:
378 1710 411 1736 de
422 1711 523 1745 quibus
535 1716 575 1737 est
585 1712 663 1738 nobis
675 1712 717 1738 his
730 1712 807 1738 libris
818 1712 1021 1747 explicandum.

225 1747 250 1772 8.
263 1746 350 1780 Atque
362 1749 441 1774 etiam
453 1748 504 1775 alia
515 1748 616 1775 divisio
626 1754 666 1775 est
677 1749 770 1776 oflicii.
798 1750 866 1776 Nam
877 1755 902 1777 et
914 1753 1023 1776 mettium

223 1783 361 1817 quoddam
376 1788 486 1819 ofliciitm
505 1786 617 1818 dicitur,
643 1791 668 1813 et
681 1790 830 1820 perfectum.
871 1787 1022 1814 Perfectum
1043 1802 1045 1819 ι,

223 1820 343 1847 osticium
356 1828 459 1850 ret-lum.
470 1824 574 1858 opinor,
588 1832 724 1855 vocemuS,
737 1824 810 1859 quod
822 1825 917 1851 Graeci
927 1825 1023 1861 καιὸρ-
1043 1831 1045 1861 ]

222 1859 315 1892 θωμα,
323 1859 372 1885 hoc
383 1865 471 1886 autem
483 1869 626 1888 commune
634 1860 774 1898 [osticium]
783 1864 902 1895 καθῆκον
914 1867 1019 1889 vocant.

223 1895 310 1929 Atque
321 1905 351 1922 ea
363 1897 402 1923 sic
414 1897 555 1929 deliniunt,
570 1904 607 1929 ut,
619 1904 715 1925 rectum
727 1898 800 1933 quod
811 1899 854 1929 sit,
871 1899 898 1925 id
910 1902 1021 1933 officium
1042 1905 1051 1927 ³,

221 1935 360 1965 perfectum
372 1942 430 1960 esse
441 1934 570 1961 deliniant
578 1955 584 1966 ‚
597 1938 705 1961 medium
716 1940 805 1962 autem
816 1939 927 1969 officinm
940 1936 967 1963 id
978 1945 1022 1963 es-

223 1978 252 1994 se
263 1969 366 2000 dicant,
379 1971 452 2005 quod
463 1980 512 1998 eur
524 1972 622 1998 sactum
637 1974 685 2003 sit,
701 1974 767 2000 ratio
782 1973 932 2008 probabilis
944 1974 1020 2000 reddi

222 2007 318 2040 possit.
359 2009 383 2034 9.
406 2009 514 2043 Triplex
536 2010 618 2045 igitur
638 2015 690 2041 cst,
717 2015 745 2036 ut
760 2011 885 2037 Panaetio
901 2011 1017 2043 videtur,
1048 2012 1050 2046 ᾖ

222 2044 330 2070 consilii
344 2046 469 2080 capiendi
480 2046 648 2074 deliberatio.
690 2048 771 2079 Nam,
790 2049 968 2075 honestumne
981 2048 1021 2075 sa—

222 2085 266 2107 ctu
281 2082 324 2112 sit,
339 2091 372 2108 an
383 2087 469 2117 turpe,
483 2083 620 2114 dubitant,
638 2084 664 2110 id
676 2085 748 2119 quod
760 2087 787 2112 in
798 2085 1019 2113 deliberationem

221 2117 302 2144 cadit.
335 2119 365 2146 ln
377 2129 430 2154 quo
441 2121 637 2148 considerando
648 2130 727 2157 saepe
739 2124 823 2149 animi
836 2124 862 2150 in
874 2125 1020 2150 contrarias

221 2157 367 2182 sententias
383 2157 579 2185 distrahuntur.
621 2160 688 2185 Tum
709 2165 799 2186 autem
813 2166 858 2187 aut
872 2162 1020 2196 anquirunt

221 2198 266 2219 aut
276 2193 436 2221 consultant.
452 2195 485 2221 ad
498 2196 568 2222 vitae
579 2196 796 2224 commoditatem
808 2198 1020 2225 iucunditatem-

220 2238 283 2264 que,
296 2231 328 2256 ad
342 2231 479 2258 facultates
491 2241 579 2259 rerum
591 2238 671 2268 atque
681 2235 781 2269 copias,
795 2235 828 2262 ad
838 2244 912 2270 opes,
927 2236 960 2262 ad
971 2245 1020 2271 po-

221 2268 340 2299 tentiam,
353 2269 455 2303 quibus
466 2275 492 2296 et
502 2279 530 2296 se
542 2272 646 2305 possint
657 2272 749 2298 iuvare
763 2277 788 2298 et
800 2281 872 2304 suos,
886 2273 1019 2301 conducat

221 2304 257 2335 id,
271 2314 363 2337 necne,
377 2306 410 2332 de
421 2315 475 2341 quo
486 2307 645 2335 deliberant.
675 2308 748 2341 Quae
759 2309 918 2337 deliberatio
929 2312 1018 2338 omnis

220 2342 247 2368 in
261 2343 389 2369 rationem
402 2344 525 2371 utilitatis
536 2345 616 2372 cadit.
644 2346 763 2373 Tertium
775 2347 919 2374 dubitandi
930 2357 1017 2384 genus

219 2384 271 2410 est,
288 2389 374 2414 quum
390 2389 510 2416 pugnare
523 2382 628 2409 videtur
638 2392 701 2409 cum
713 2384 823 2410 honesto
835 2385 876 2416 id,
889 2385 963 2420 quod
975 2387 1018 2412 vi-

218 2415 296 2443 detur
315 2426 374 2444 esse
390 2419 465 2445 utile.
506 2419 596 2452 Quum
612 2421 684 2446 enim
700 2421 802 2447 utilitas
818 2421 852 2448 ad
868 2431 898 2448 se
912 2431 1013 2457 rapere,
1044 2424 1047 2439 ¹

219 2451 343 2480 honestas
353 2461 443 2482 contra
455 2465 578 2483 revocare
589 2457 623 2483 ad
633 2466 662 2484 se
673 2457 794 2489 videtur,
813 2459 854 2489 fit,
872 2465 903 2486 ut
917 2460 1016 2487 distra—

219 2489 297 2516 hatur
314 2490 362 2527 [in]
384 2493 559 2520 deliberando
577 2495 684 2521 animus
704 2495 849 2530 afferatque
868 2498 1015 2532 ancipitem
1037 2497 1045 2519 ii

218 2534 310 2553 curam
321 2530 466 2564 cogitandi.
495 2533 534 2557 ⁴0.
550 2532 603 2557 Hac
614 2531 758 2563 divisione,
772 2542 857 2567 quum
870 2535 1015 2568 praeterire
1036 2532 1045 2551 ¹³

218 2563 322 2598 aliquid
337 2567 485 2593 maximum
498 2569 597 2594 vitium
609 2570 636 2595 in
647 2569 795 2596 dividendo
806 2571 854 2601 sit,
871 2571 925 2598 duo
936 2581 1015 2606 prae·
1042 2591 1044 2604 ,

217 2602 340 2627 termissa
351 2608 422 2629 sunt.
459 2605 512 2631 Nec
524 2606 597 2632 enim
607 2606 709 2637 solum,
723 2612 814 2633 utrum
826 2607 968 2635 honestum
980 2618 1014 2636 an
1036 2626 1037 2632 ι

219 2643 294 2673 turpe
308 2639 351 2670 sit,
365 2639 508 2668 deliberari
519 2642 594 2674 solet,
607 2643 656 2670 sed
667 2645 756 2676 etiam,
770 2644 879 2672 duobus
889 2647 1014 2681 proposi-

1054 561 1057 588 l

1054 591 1056 605 l

360 2739 371 2746 s

1057 242 1058 249 ,
1081 220 1175 254 positis
1190 220 1312 250 utilibus,
1329 226 1418 247 utrum
1431 221 1535 248 utilius.

1052 1377 1053 1385 ¹
1075 1380 1101 1402 et
1115 1377 1229 1403 maiores
1241 1377 1273 1404 ad
1286 1386 1341 1404 rem
1355 1378 1501 1414 gerendam
1519 1378 1590 1405 facit.

1049 1943 1051 1951 ¹
1072 1938 1121 1968 sit,
1135 1938 1207 1972 quod
1218 1938 1324 1968 deceat,
1341 1939 1369 1964 in
1380 1938 1456 1965 factis
1467 1938 1602 1974 dictisque
1613 1940 1662 1974 qui
1674 1939 1780 1966 modus.

1046 2270 1048 2277 ⁴
1070 2275 1145 2310 gitet.

969 111 999 138 T.
1030 112 1283 138 etet-:noxis

1081 183 1114 208 tis
1128 182 1260 211 hom-stin,
1278 188 1366 209 utrum
1379 183 1531 211 honestius:
1551 186 1682 221 itemque.
1695 186 1803 213 duobus
1814 196 1876 222 pro-

1576 224 1622 253 lta,
1637 232 1719 258 quani
1733 224 1776 250 ille
1789 225 1877 259 tripli-

1080 266 1137 282 ‹·‹·m
1151 258 1254 291 putavit
1266 266 1325 283 esse
1337 259 1475 288 rationem,
1485 259 1510 284 in
1517 261 1639 295 quinque
1651 266 1737 295 inurit-s
1747 261 1876 289 distribui

1080 294 1177 319 ‹lc-here
1190 295 1327 328 reperitur.
1369 295 1487 321 Primum
1499 298 1676 332 estigiturde
1691 300 1805 328 Ιιυιιειιιυ,
1828 299 1875 326 sed

1079 330 1238 365 dupliciter,
1252 336 1307 357 tum
1321 333 1377 366 pari
1390 333 1489 359 ratione
1501 333 1534 360 de
1545 337 1614 365 utili,
1627 341 1686 370 post
1695 335 1729 362 do
1741 346 1877 370 corripui-a-

1081 371 1146 393 tione
1160 378 1245 394 eorum
1257 369 1456 395 disserendum.

1136 405 1178 431 w.
1204 407 1242 431 it.
1265 406 1400 440 l'rincipio
1413 408 1505 441 generi
1521 408 1698 435 animantium
1712 411 1786 436 omni
1801 416 1841 437 est
1861 419 1876 437 a

1081 447 1173 468 natura
1186 443 1330 473 tributum,
1345 448 1373 470 ut
1384 453 1426 474 se,
1442 445 1522 470 vitam
1534 453 1686 480 corpusque
1697 450 1815 476 tueatur,
1827 448 1878 474 de-

1079 480 1215 514 clinetque
1237 489 1281 510 ea,
1309 489 1377 515 quae
1398 482 1518 508 nocitura
1542 482 1697 513 videantur,
1719 486 1873 520 omniaque.

1078 526 1147 551 quae
1159 517 1192 543 ad
1206 517 1352 544 vivendum
1364 523 1427 544 sunt
1442 520 1604 548 necessaria,
1621 521 1745 555 anquirat
1755 526 1780 548 et
1791 527 1873 556 paret,

1080 559 1107 580 ut
1119 559 1235 588 pastum,
1250 560 1278 581 ut
1290 554 1410 586 latibula,
1426 561 1453 582 ut
1464 556 1514 582 alia
1526 556 1648 583 eiusdem
1660 559 1776 593 generis.
1796 559 1877 586 Com-

1079 600 1159 617 mune
1180 597 1268 618 autem
1290 594 1468 619 animantium
1483 594 1605 620 omnium
1621 599 1661 621 est
1679 596 1876 623 coniunctionis

1054 648 1055 651 ,
1078 630 1212 663 appetitus
1225 630 1381 663 procreandi
1393 639 1497 661 caussa,
1519 636 1544 658 et
1554 640 1617 658 cura
1628 632 1760 667 quaedam
1771 642 1873 665 eorum.

1054 689 1055 694 ,
1078 674 1147 700 quae
1159 672 1294 700 procreata
1305 673 1376 694 sunt.

1054 705 1055 715 ¹
1079 703 1128 729 hoc
1150 705 1266 730 maxime
1283 705 1405 735 interest,
1425 705 1498 740 quod
1519 706 1583 732 haec
1603 711 1720 737 tantum,
1743 713 1876 742 quantum

1417 668 1469 694 Sed
1485 669 1552 695 inter
1568 668 1704 696 hominem
1719 675 1745 697 et
1756 670 1875 698 belluam

1078 749 1159 767 sensu
1181 746 1316 773 movetur,
1340 742 1373 768 ad
1390 742 1416 769 id
1437 742 1539 774 solum,
1564 743 1636 778 quod
1653 744 1728 770 adest
1747 745 1875 780 quodque

1078 786 1205 812 praesens
1216 784 1264 808 est,
1277 788 1305 805 se
1316 780 1507 811 accommodat,
1521 781 1642 815 paullum
1655 781 1801 808 admodum
1812 791 1876 809 sen-

1078 815 1146 841 tiens
1158 817 1331 850 praeteritum
1343 823 1388 843 aut
1403 817 1534 844 futurum.
1576 819 1659 845 llomo
1676 824 1778 850 autem,
1801 819 1874 855 quod

1077 853 1187 879 rationis
1199 859 1238 879 est
1250 855 1397 889 particeps,
1415 863 1463 889 per
1476 864 1559 890 quam
1574 857 1767 891 consequentia
1777 858 1872 887 cernit,

1077 898 1186 916 caussas
1203 899 1291 916 rerum
1309 892 1394 921 videt,
1415 901 1563 927 earumque
1577 902 1736 928 progressus
1752 899 1777 920 et
1795 895 1875 929 quasi

1077 929 1274 954 antecessiones
1286 937 1337 954 non
1351 930 1467 964 ignorat,
1485 930 1681 957 similitudines
1692 937 1836 966 comparat,
1849 937 1875 958 et

1077 964 1158 990 rebus
1179 966 1368 999 praesentibus
1388 966 1512 1002 adiungit
1527 973 1606 1002 atque
1622 969 1739 994 annectit
1755 968 1872 995 suturas:

1078 1001 1155 1028 facile
1167 1003 1247 1028 totius
1260 1003 1329 1029 vitae
1341 1012 1451 1030 cursum
1464 1004 1545 1035 videt,
1554 1004 1587 1031 ad
1599 1013 1712 1040 eamque
1723 1005 1876 1041 degendam

1077 1044 1216 1073 praeparat
1231 1048 1272 1066 res
1288 1042 1462 1068 necessarias.
1506 1043 1545 1068 ⁴2.
1567 1042 1723 1077 Eademque
1740 1048 1832 1069 natura
1847 1044 1875 1070 vi

1078 1077 1186 1102 rationis
1199 1077 1335 1104 hominem
1346 1078 1470 1105 conciliat
1482 1078 1585 1105 homini
1596 1084 1622 1106 et
1633 1080 1665 1106 ad
1676 1081 1804 1107 orationis
1810 1085 1835 1107 et
1841 1080 1875 1107 ad

1078 1114 1146 1139 vitae
1158 1115 1323 1147 societatem,
1346 1116 1539 1151 ingeneratque
1551 1117 1577 1143 in
1590 1117 1686 1151 primis
1697 1119 1875 1153 praecipuum

1075 1150 1221 1186 quemdam
1233 1160 1351 1178 amorem
1363 1153 1391 1179 in
1402 1161 1460 1184 eos,
1478 1154 1525 1188 qui
1538 1155 1668 1188 procreati
1678 1159 1753 1186 sunt;
1777 1155 1876 1190 impel-

1076 1188 1170 1224 litque,
1185 1195 1212 1216 ut
1224 1189 1365 1216 hominum
1376 1195 1468 1217 coetus
1479 1196 1504 1217 et
1514 1191 1707 1218 celebrationes
1718 1197 1744 1218 et
1754 1200 1814 1219 esse
1824 1198 1851 1219 et
1860 1201 1875 1219 a

1075 1235 1103 1252 se
1119 1227 1188 1253 obiri
1206 1227 1284 1258 velit,
1306 1228 1340 1254 ob
1356 1236 1457 1264 easque
1472 1237 1582 1255 caussas
1602 1229 1709 1256 studeat
1723 1238 1816 1264 parare
1834 1238 1875 1262 ea,

1075 1272 1144 1298 quae
1155 1265 1330 1299 suppeditent
1340 1270 1366 1292 et
1376 1265 1410 1292 ad
1421 1265 1525 1293 cultum
1536 1271 1562 1292 et
1572 1265 1605 1293 ad
1617 1267 1719 1293 victum
1727 1287 1733 1297 ,
1755 1275 1804 1293 nec
1818 1267 1875 1294 sibi

1074 1301 1134 1332 soli,
1148 1302 1195 1328 sed
1207 1303 1326 1338 coniugi,
1336 1302 1429 1330 liberis
1439 1305 1600 1339 ceterisque,
1613 1312 1681 1339 quos
1691 1313 1767 1331 caros
1779 1304 1876 1332 babeat

1075 1340 1199 1374 tuerique
1210 1339 1316 1367 debeat.
1359 1340 1433 1373 Quae
1444 1349 1507 1368 cura
1519 1342 1667 1368 exsuscitat
1677 1343 1757 1368 etiam
1770 1343 1875 1370 animos

1633 1381 1672 1405 ⁴3.
1692 1380 1875 1415 lnprimisque

1076 1413 1194 1440 hominis
1205 1420 1245 1441 est
1256 1416 1364 1450 propria
1375 1416 1433 1442 veri
1445 1417 1588 1451 inquisitio
1598 1421 1678 1451 atque
1691 1417 1872 1453 investigatio.

1075 1451 1166 1486 ltaque
1176 1460 1262 1486 quum
1277 1461 1374 1479 sumus
1388 1454 1548 1480 necessariis
1562 1454 1677 1489 negotiis
1687 1455 1815 1489 curisque
1827 1463 1876 1481 va-

1052 1503 1053 1511 i
1075 1489 1133 1519 cui,
1152 1494 1208 1515 tum
1225 1498 1337 1516 avemus
1349 1490 1453 1526 aliquid
1469 1491 1575 1522 videre,
1593 1491 1700 1522 audire,
1718 1491 1871 1524 addiscere3

1074 1527 1310 1562 cognitionemque
1325 1536 1414 1554 rerum
1431 1533 1477 1555 aut
1491 1528 1657 1555 occultarum
1671 1534 1717 1555 aut
1727 1529 1875 1556 admirabi-

1076 1562 1142 1589 lium
1160 1564 1192 1590 ad
1205 1565 1280 1591 beate
1296 1565 1446 1592 vivendum
1462 1567 1641 1592 neeessariam
1655 1566 1793 1593 ducimus.
1832 1567 1874 1594 Ex

1074 1609 1128 1635 quo
1144 1601 1316 1638 intelligitur,
1334 1603 1407 1637 quod
1424 1612 1533 1634 verum,
1551 1604 1669 1639 simplex
1683 1605 1875 1639 sincerumque

1074 1639 1122 1669 sit,
1140 1638 1168 1665 id
1184 1648 1242 1665 esse
1258 1645 1368 1666 naturae
1383 1640 1502 1667 hominis
1513 1641 1696 1676 aptissimum.
1736 1642 1805 1668 Huic
1816 1642 1875 1668 veri

1074 1675 1187 1702 videndi
1207 1677 1350 1712 cupiditati
1371 1677 1498 1704 adiuncta
1521 1683 1562 1704 est
1586 1679 1716 1713 appetitio
1739 1678 1874 1714 quaedam

1074 1714 1256 1748 principatus,
1279 1719 1309 1740 ut
1323 1715 1426 1741 nemini
1442 1723 1536 1750 parere
1551 1715 1659 1741 animus
1674 1715 1742 1742 bene
1753 1725 1767 1742 a
1778 1721 1874 1742 natura

1074 1749 1234 1777 informatus
1246 1751 1320 1781 velit,
1330 1752 1383 1777 nisi
1394 1753 1571 1787 praecipienti
1582 1758 1626 1779 aut
1637 1752 1754 1783 docenti,
1762 1758 1807 1779 aut
1819 1754 1874 1780 uti-

1074 1787 1157 1814 litatis
1168 1797 1262 1815 caussa
1275 1789 1344 1814 iuste
1356 1794 1381 1815 et
1393 1789 1513 1825 legitime
1525 1790 1682 1824 imperanti:
1705 1798 1739 1816 ex
1750 1799 1804 1825 quo
1816 1799 1874 1816 ma-

1073 1825 1187 1860 gnitudo
1198 1826 1282 1852 animi
1293 1827 1399 1852 exsistit
1410 1827 1644 1862 humanarumque
1656 1833 1873 1854 rerunicontem-

1073 1864 1139 1896 pti0.
1173 1864 1212 1889 ⁴4.
1235 1864 1289 1889 Nec
1301 1872 1363 1890 vero
1376 1863 1420 1890 illa
1432 1873 1514 1899 parva
1526 1865 1567 1891 vis
1578 1869 1688 1891 naturae
1698 1870 1738 1891 est
1748 1865 1874 1891 rationis-

1073 1908 1134 1934 que,
1148 1900 1221 1935 quod
1233 1909 1319 1927 unum
1331 1901 1380 1927 hoc
1391 1901 1490 1928 animal
1502 1903 1592 1932 sentit,
1601 1902 1668 1937 quid
1678 1902 1713 1928 sit
1722 1901 1796 1934 ordo,
1804 1902 1873 1937 quid

1820 1940 1873 1966 Ita-

1072 1983 1124 2009 que
1136 1984 1229 2001 eorum
1241 1976 1371 2010 ipsorum,
1385 1984 1454 2011 quae
1465 1982 1576 2011 aspectu
1586 1977 1749 2008 sentiuntur,
1765 1976 1872 2004 nullum

1072 2012 1147 2038 aliud
1158 2013 1257 2039 animal
1268 2012 1511 2048 pulchritudinem,
1521 2019 1698 2045 venustatem,
1707 2015 1872 2041 convenien-

1072 2050 1135 2075 tiam
1148 2051 1265 2085 partium
1277 2051 1366 2077 sentit.
1405 2050 1491 2083 Quam
1502 2051 1712 2078 similitudinem
1723 2056 1818 2078 natura
1828 2060 1872 2078 ra-

1072 2087 1162 2122 tioque
1174 2088 1207 2114 ab
1218 2087 1305 2114 oculis
1316 2088 1350 2114 ad
1361 2088 1483 2115 animum
1494 2088 1671 2119 transferens,
1694 2088 1780 2116 multo
1789 2089 1870 2116 etiam

1072 2125 1159 2160 magis
1171 2125 1416 2160 pulchritudinem,
1430 2126 1620 2157 constantiam,
1633 2126 1756 2153 ordinem
1767 2126 1795 2152 in
1806 2135 1871 2153 con-

1041 2163 1049 2189 ’ἰ
1071 2162 1141 2188 siliis
1153 2162 1284 2197 factisque
1295 2163 1513 2190 conservandum
1524 2168 1600 2198 putat
1609 2168 1750 2199 cavetque,
1759 2171 1791 2190 ne
1802 2163 1870 2198 quid

1070 2199 1196 2226 indecore
1207 2200 1394 2227 effeminateve
1404 2201 1497 2233 facian
1520 2206 1578 2227 tum
1593 2201 1622 2227 in
1636 2200 1764 2227 omnibus
1774 2205 1801 2227 et
1809 2201 1871 2235 opi—

1071 2238 1199 2264 nionibus
1210 2243 1236 2264 et
1249 2237 1335 2268 factis,
1344 2247 1378 2264 ne
1388 2238 1456 2273 quid
1468 2238 1612 2265 libidinose
1623 2243 1669 2265 aut
1678 2237 1758 2264 faciat
1768 2242 1815 2264 aut
1823 2246 1870 2264 co-

1187 2274 1293 2307 Quibus
1305 2283 1338 2301 ex
1349 2275 1431 2302 rebus
1441 2275 1570 2302 conflatur
1580 2281 1606 2302 et
1616 2275 1732 2302 efficitur
1742 2274 1779 2306 id,
1795 2275 1869 2310 quod

1070 2313 1241 2347 quaerimus,
1259 2315 1389 2339 honestum
1396 2323 1404 2338 .·
1424 2313 1496 2348 quod
1508 2313 1589 2339 etiam
1598 2314 1623 2339 si
1632 2312 1804 2339 nobilitatum
1815 2321 1867 2339 non

1069 2350 1113 2380 sit,
1123 2354 1211 2376 tamen
1224 2350 1368 2376 honestum
1378 2355 1431 2383 est3
1444 2350 1573 2385 quodque
1584 2358 1645 2377 vere
1651 2349 1778 2380 dicimus,
1786 2351 1868 2376 etiam

1045 2409 1046 2418 ξ
1068 2387 1092 2413 si
1104 2395 1118 2413 a
1129 2387 1203 2413 nullo
1216 2387 1348 2417 laudetur,
1365 2392 1459 2414 natura
1470 2395 1529 2414 esse
1541 2386 1686 2414 laudabile.

1124 2424 1155 2450 V.
1169 2425 1291 2450 Formam
1303 2424 1416 2459 quidem
1427 2426 1524 2460 ipsam,
1533 2425 1620 2451 Marce
1631 2423 1679 2454 fili,
1691 2428 1718 2450 et
1729 2428 1867 2459 tamquam

1067 2461 1163 2488 faciem
1176 2461 1282 2489 honesti
1292 2461 1384 2488 vides:
1406 2471 1472 2496 quae
1481 2465 1505 2489 si
1514 2463 1596 2488 oculis
1609 2466 1767 2492 cerneretur,
1784 2464 1867 2488 mira-

1067 2501 1128 2525 biles
1145 2508 1257 2529 amores,
1279 2504 1309 2526 ut
1323 2500 1360 2526 ait
1375 2498 1462 2530 Plato,
1483 2501 1610 2526 excitaret
1625 2501 1774 2531 sapientiae.
1813 2497 1867 2525 Sed

1065 2544 1145 2562 omne
1153 2557 1159 2568 ,
1176 2536 1250 2571 quod
1261 2541 1302 2563 est
1312 2536 1456 2563 honestum
1463 2557 1470 2567 ,
1487 2536 1515 2563 id
1525 2540 1648 2570 quattuor
1655 2538 1771 2568 partium
1781 2536 1866 2562 oritur

1066 2581 1100 2600 ex
1110 2573 1211 2608 aliqua.
1233 2574 1287 2600 Aut
1297 2574 1370 2600 enim
1380 2574 1409 2600 in
1419 2573 1611 2609 perspicientia
1619 2573 1678 2598 veri
1691 2572 1866 2608 sollertiaque

1065 2616 1201 2642 versatur,
1219 2616 1265 2638 aut
1279 2612 1308 2637 in
1320 2611 1462 2637 hominum
1473 2611 1598 2637 societate
1611 2608 1723 2641 tuenda,
1741 2610 1865 2637 tribuen-

1065 2647 1153 2683 doque
1163 2657 1245 2675 suum
1255 2649 1365 2684 cuique,
1373 2653 1399 2675 et
1412 2651 1703 2675 rerumcontractarum
1709 2647 1771 2679 fide,
1779 2652 1825 2674 aut
1836 2647 1864 2673 in
