1941 3052
208 161 253 186 27³
778 162 820 186 it.

204 232 244 257 nin
259 230 399 257 absolutus
413 232 478 260 erin,
495 232 557 265 quis
571 231 619 256 crit
635 236 685 256 trun
700 238 801 258 amens,
817 230 864 264 qui
880 235 903 255 te
913 238 946 255 ex
958 234 993 255 tot

205 269 337 303 tantisque
359 269 518 294 criminibus
541 267 661 301 clapsum
692 271 751 300 post
775 267 992 300 quinquennium

203 310 350 332 statuarum
365 306 470 331 nornine
485 304 616 330 arcessat?
643 305 677 329 lta
691 305 714 329 si
730 312 816 337 nequo
830 303 917 330 adhuc
930 312 994 330 con-

203 348 310 377 sumpta
325 347 364 368 cst
379 343 427 368 ista
443 342 562 376 pecunia.
579 345 605 366 ct
618 346 658 366 cst
670 341 851 374 perspicuum,
868 350 919 367 non
930 349 993 367 con-

203 385 342 414 sumptum
358 380 403 405 iri:
433 378 492 404 licet
507 379 557 404 iiim
573 377 767 411 intelligamus,
784 378 919 403 inventam
933 386 993 404 esse

204 418 344 446 rationem,
364 425 446 450 quare
465 420 490 441 et
508 416 556 440 isto
571 415 634 440 ll-S
648 415 736 440 tricies
755 422 808 440 uno
821 423 917 449 genere
931 423 994 441 con-

202 453 296 479 ciliarit
311 458 334 479 ct
348 453 459 487 ceperit,
479 457 505 477 ct
517 452 610 481 ceti-ri.
630 452 653 477 si
673 451 721 477 hoc
740 460 754 477 a
769 452 844 477 vobis
858 452 907 478 erit
921 461 994 478 com-

204 491 351 524 prohatum,
367 498 447 523 quam
464 489 553 515 volcnt
567 498 676 521 magnas
691 488 739 514 hoc
751 489 856 514 nominc
867 489 993 523 pecunias

201 536 294 561 cuper«
310 527 424 561 possint:
454 530 483 552 ut
501 527 552 552 iam
568 526 707 552 videamur
721 534 772 551 non
787 535 799 551 a
816 526 936 560 pecuniis
950 535 993 552 ca-

203 564 312 598 piundis
328 564 448 589 homines
462 563 616 593 absterrere,
632 563 688 593 sed,
705 572 789 598 quum
804 572 899 596 genera
911 572 993 598 quae-

201 602 261 627 «lam
281 601 452 635 pecuniarum
472 600 665 634 cupiundnrum
683 601 926 634 comprobarimus,
947 600 993 627 ho-

203 643 275 664 nesta
291 638 395 664 nomina
411 638 575 672 turpissimis
590 638 669 664 rebus
684 639 829 672 imponere.
871 639 928 664 ⁴43.
948 637 993 663 Et—

201 676 285 705 enim,
306 676 327 701 si
343 675 372 701 C.
389 675 482 701 Verres
497 674 559 701 ll-S
578 683 633 700 cxx
651 675 734 701 millia
754 674 897 709 populum,
919 675 992 701 verbi

200 713 282 745 gratia
310 712 528 746 Centuripinum,
555 713 732 747 poposcisset,
760 721 872 747 eamque
895 712 928 738 ab
951 712 992 738 liis

202 750 341 784 pecuniam
359 749 528 776 abstulisset:
555 759 619 779 non.
643 750 749 783 opinor,
774 755 845 776 esset
867 749 990 780 dubium.

199 787 265 821 quin
281 795 355 817 eum,
376 787 399 813 si
415 791 471 813 tum
487 787 512 812 id
528 786 636 821 planum
652 788 737 816 lieret,
757 786 926 813 condemnari
947 795 993 812 ne-

200 833 274 850 cesse
293 828 372 850 esset.
413 824 496 856 Quid.
520 825 543 850 si
567 824 690 850 eumdem
714 824 843 858 populum
864 824 926 849 ll-S
945 832 992 849 (τε

201 861 284 887 millia
300 862 428 896 poposcit,
444 870 528 896 eaque
541 861 627 896 coegit
639 866 719 895 atquc
733 860 862 887 abstulit?
875 870 938 887 num
952 860 992 886 id-

199 899 269 924 circo
281 898 448 929 absolvetur,
464 899 535 933 quod
549 899 695 932 ascriptum
710 904 762 928 cst,
779 907 836 924 eam
852 899 990 932 pecuniam

199 935 286 962 (latam
301 940 448 962 statuarum
464 935 588 962 nominc‘?
615 937 680 966 Non,
696 936 802 970 opinor:
820 936 870 962 nisi
886 935 950 961 sorte
965 935 991 960 id

200 973 319 1005 agimus,
346 982 396 999 non
416 978 445 999 ut
464 973 664 1006 magistratibus
683 974 780 999 nostris
800 982 900 999 moram
923 973 992 999 acci-

201 1010 308 1044 piundi,
333 1010 380 1036 scd
404 1015 432 1037 ut
454 1011 534 1036 sociis
552 1019 674 1036 caussam
693 1010 773 1036 dandi
793 1010 882 1036 afferre
903 1010 993 1036 videa-

200 1055 268 1073 mur.
308 1047 384 1079 Quod
399 1048 421 1073 si
437 1057 516 1082 quem
531 1052 633 1074 statuae
648 1056 744 1083 magno
757 1056 836 1082 opere
849 1047 989 1077 delectant,

198 1082 224 1111 et
237 1085 259 1111 si
273 1085 335 1119 quis
349 1093 439 1111 earum
455 1085 553 1111 honore
567 1089 591 1111 et
604 1085 687 1120 gloria
701 1085 821 1111 ducitur:
838 1085 861 1111 is
877 1085 939 1110 haec
954 1089 992 1110 ta-

199 1131 259 1148 men
269 1122 411 1148 constituat
423 1131 530 1148 necesse
541 1126 594 1148 est:
612 1123 738 1156 primum,
754 1122 835 1148 averti
851 1122 991 1156 pecuniam

198 1159 306 1186 domum
334 1168 385 1186 non
413 1159 527 1193 placere,
560 1159 669 1189 deinde.
698 1160 817 1194 ipsarum
844 1164 990 1185 statuarum

199 1196 308 1222 modum
321 1197 466 1231 quemdam
481 1205 539 1223 esse
553 1201 686 1231 oportere:
713 1196 810 1223 deinde
825 1196 906 1227 illud,
922 1201 991 1222 certe

198 1234 230 1259 ab
245 1234 337 1260 invitis
351 1234 421 1269 exigi
437 1243 489 1260 non
503 1238 632 1268 oportere.
660 1234 728 1260 LIX.
747 1235 803 1260 ttt.
819 1235 856 1260 Ac
869 1234 902 1260 de
916 1242 991 1259 aver-

198 1270 274 1297 tenda
294 1272 420 1305 pecunia,
440 1280 538 1306 quaero
552 1271 599 1297 abs
615 1277 652 1301 te,
673 1276 762 1297 utrum
782 1271 856 1306 ipsae
869 1271 990 1297 civitates

197 1307 290 1334 solitae
303 1309 358 1334 sint
371 1313 472 1334 statuas
487 1309 534 1335 tibi
550 1308 688 1334 faciundas
708 1308 792 1335 locare
810 1309 847 1339 ei,
867 1309 910 1335 cui
930 1317 991 1342 pos-

197 1350 255 1371 sent
268 1346 367 1379 optima
381 1345 531 1372 conditione
547 1346 643 1375 locare.
664 1354 696 1372 an
711 1345 828 1380 aliquem
842 1351 988 1372 curatorem

197 1382 345 1416 praeficere,
361 1383 408 1417 qui
422 1383 517 1409 statuis
532 1383 664 1409 faciundis
680 1387 822 1417 praeesset,
839 1391 871 1409 an
883 1383 940 1413 tibi,
957 1391 989 1408 an

195 1420 238 1446 cui
258 1424 285 1446 tu
305 1420 479 1454 imperasses.
501 1420 674 1446 adnumerare
694 1421 844 1454 pecuniam.
886 1420 951 1446 Nam
966 1420 988 1445 si

196 1466 242 1491 per
255 1466 301 1483 eos
315 1462 417 1484 statuae
432 1457 541 1486 flebant,
561 1466 574 1483 a
593 1457 694 1492 quilius
714 1457 761 1483 tibi
781 1458 830 1483 iste
845 1457 928 1484 honos
943 1457 990 1482 ha-

196 1494 319 1526 bebatur;
344 1494 436 1521 audio:
461 1495 503 1521 sin
518 1494 681 1520 Timarchidi
700 1495 811 1529 pecunia
831 1494 990 1520 numeraba-

195 1537 250 1562 tur,
266 1531 371 1562 desine,
387 1540 500 1566 quaeso,
515 1531 656 1562 simulare,
678 1535 715 1562 te,
736 1540 820 1566 quum
836 1532 863 1558 in
878 1531 990 1558 manife-

194 1569 314 1595 stissimo
333 1568 403 1595 furto
421 1573 538 1600 teneare,
557 1569 658 1604 gloriae
676 1568 828 1595 studiosum
846 1577 876 1595 ac
895 1577 990 1596 monu-

195 1610 344 1632 mentorum
359 1605 452 1632 fuisse.

250 1643 320 1675 Quid
334 1643 414 1670 vero‘!
427 1643 537 1669 modum
551 1647 698 1669 statuarum
710 1643 802 1670 haberi
814 1642 919 1669 nullum
931 1642 990 1677 pla-

194 1680 251 1707 cet‘?
276 1681 357 1715 Atqui
376 1680 505 1706 habeatur
524 1688 633 1706 necesse
651 1685 700 1706 est.
743 1682 800 1706 445.
821 1680 928 1706 Etenim
950 1680 988 1706 sic

193 1717 367 1744 considerate.
405 1717 571 1753 Syracusana
585 1718 679 1744 civitas
693 1717 733 1752 (ut
745 1726 802 1743 eam
817 1718 988 1752 potissimum

195 1754 341 1789 nominem)
358 1754 432 1780 dedit
450 1755 502 1789 ipsi
521 1759 650 1781 statuam:
678 1759 718 1780 est
736 1754 833 1787 honos,
861 1759 887 1780 et
905 1755 986 1789 patri:

194 1791 262 1818 bella
278 1792 342 1818 haec
356 1792 461 1826 pietatis
480 1796 505 1817 et
522 1796 682 1826 quaestuosa
700 1791 850 1823 simulatio,
875 1797 901 1818 et
919 1792 986 1818 filio:

195 1829 256 1855 ferri
280 1828 329 1855 hoc
351 1833 450 1863 potest:
476 1828 548 1855 hunc
570 1829 641 1855 enim
665 1837 778 1863 puerum
798 1837 850 1855 non
868 1828 986 1855 oderant.

195 1866 292 1892 Verum
306 1866 412 1900 quoties
426 1870 451 1891 et
464 1871 528 1900 quot
542 1866 697 1892 nominibus
711 1875 725 1891 a
740 1865 916 1901 Syracusanis
935 1871 989 1892 sta-

193 1908 253 1929 tuas
267 1902 390 1929 auferes‘?
412 1903 445 1929 Ut
458 1903 485 1929 in
501 1902 556 1929 l'oro
568 1907 727 1934 statuerent,
743 1903 893 1935 abstulisti3
918 1908 947 1929 ut
961 1903 987 1929 iu

193 1941 275 1971 curia,
291 1940 415 1976 coegisti,
431 1944 460 1966 ut
474 1941 615 1974 pecuniam
625 1939 774 1966 conferrent
783 1940 809 1966 in
821 1949 865 1966 eas
875 1945 985 1969 statuas.

193 1986 262 2012 quae
276 1978 373 2004 Romae
387 1982 560 2012 ponerentur,
580 1978 732 2012 imperasti:
757 1982 787 2004 ut
800 1977 881 2004 iidem
895 1977 988 2004 darent

194 2014 317 2041 homines
331 2019 462 2041 aratorum
478 2015 597 2041 nomine:
622 2014 767 2047 dederunt,
794 2019 823 2041 ut
840 2014 922 2041 iidem
941 2023 988 2049 pro

194 2056 267 2086 parte
281 2052 308 2078 in
322 2060 463 2078 commune
477 2051 583 2078 Siciliae
597 2051 760 2078 conferrent:
785 2053 864 2078 etiam
884 2052 911 2078 id
924 2061 988 2078 con·
1010 2059 1018 2079 ,ι

194 2089 322 2115 tulerunt.
348 2089 404 2115 Una
418 2089 512 2115 civitas
526 2098 611 2124 quum
626 2093 663 2115 tot
677 2089 831 2115 nominibus
846 2090 985 2123 pecuniam

192 2126 346 2157 contulerit,
372 2126 498 2160 idemque
520 2126 569 2152 hoc
591 2127 714 2153 civitates
735 2131 837 2152 ceterae
860 2125 984 2152 fecerint:

195 2172 245 2189 non
259 2171 302 2190 res
315 2164 373 2198 ipsa
388 2172 435 2190 vos
448 2163 580 2194 admonet,
599 2168 626 2190 ut
636 2164 736 2198 putetis
747 2163 856 2189 modum
867 2163 986 2198 aliquem

194 2200 257 2227 huic
273 2201 414 2235 cupiditati
432 2201 558 2227 constitui
577 2200 714 2235 oportere‘.²
739 2200 815 2232 Quod
833 2201 857 2227 si
876 2200 926 2227 hoc
940 2209 986 2227 vo-

194 2237 294 2264 luntate
317 2246 366 2264 sua
389 2237 463 2264 nulla
484 2239 579 2264 civitas
602 2237 678 2264 fecit:
706 2238 729 2264 si
751 2246 844 2264 omnes
862 2238 983 2272 imperio,

193 2280 278 2306 metu,
299 2275 340 2306 vi,
360 2275 430 2301 malo
447 2274 589 2306 adductae,
610 2275 658 2301 tibi
678 2275 818 2309 pecuniam
836 2279 985 2302 statuarum

193 2313 299 2338 nomine
313 2312 496 2339 contulerunt:
525 2321 572 2347 per
584 2312 647 2338 deos
662 2312 838 2343 immortales,
859 2321 925 2338 num
942 2314 986 2338 cui

192 2349 306 2375 dubium
321 2358 380 2376 esse
394 2350 500 2384 poterit,
517 2350 597 2384 quin,
613 2350 718 2376 etiamsi
732 2350 854 2376 statuerit
867 2350 986 2384 accipere

193 2386 225 2412 ad
243 2391 343 2413 statuas
364 2386 453 2417 licere,
478 2386 550 2413 idem
573 2391 660 2413 tamen
682 2391 780 2413 statuat
797 2387 900 2421 eripere
917 2391 986 2413 certe

194 2431 245 2449 non
260 2423 356 2450 licere?
389 2425 445 2450 446.
467 2424 587 2450 Primum
601 2424 683 2459 igitur
696 2424 724 2450 in
739 2423 807 2450 hanc
820 2432 876 2450 rem
891 2428 985 2450 testem

194 2465 273 2486 totam
283 2460 402 2487 Siciliam
412 2461 512 2487 citabo:
527 2469 596 2496 quae
610 2461 678 2487 mihi
691 2469 744 2487 una
759 2469 822 2487 voce
835 2465 984 2487 statuarum

193 2497 300 2523 nomine
313 2506 437 2533 magnam
452 2499 592 2532 pecuniam
607 2506 654 2533 per
667 2498 721 2524 vim
735 2503 852 2524 coactam
865 2506 925 2524 esse
938 2497 986 2524 d&
1005 2514 1008 2521 ι

193 2538 330 2560 monstrat.
371 2535 437 2561 Nam
451 2535 594 2570 legationes
608 2535 729 2562 omnium
742 2536 882 2561 civitatum
896 2535 924 2561 in
937 2543 986 2569 po-

193 2570 299 2596 stulatis
313 2573 516 2603 communibus,
536 2581 605 2607 quae
623 2571 677 2598 fere
695 2573 784 2598 omnia
797 2580 831 2598 ex
844 2572 898 2598 tuis
912 2572 985 2598 iuiu-

193 2607 241 2633 riis
254 2612 314 2633 nata
329 2612 404 2639 sunt,
425 2609 502 2635 etiam
517 2609 566 2635 hoc
579 2609 733 2639 ediderunt,
753 2618 787 2635 υτ
803 2618 932 2635 surius
949 2617 983 2634 κε

193 2652 254 2675 cui,
270 2653 330 2670 mist
343 2654 422 2675 onuu
435 2655 460 2671 is
473 2654 508 2672 ne
522 2655 680 2672 novini-,iti
695 2654 903 2676 DECESStSSBr.
919 2654 984 2672 1²01.—

193 2689 388 2708 i.icsnsurun.
428 2682 485 2708 Lx.
501 2683 549 2709 Tot
562 2688 696 2717 praetores
711 2683 737 2709 in
753 2682 844 2709 Sicilia
858 2682 980 2714 fuerunt3

856 160 1257 187 M.T.‹:tct².1t0Nts

1045 231 1121 256 toties
1135 230 1206 264 apud
1221 231 1334 257 maiores
1348 235 1451 258 nostros
1464 231 1548 259 Siculi
1562 237 1684 260 senatum
1701 234 1832 263 adierunt.

1045 268 1121 292 toties
1145 267 1192 292 hac
1215 268 1355 294 memoria:
1381 273 1468 295 tamen
1490 269 1602 296 huiusce
1624 271 1686 296 novi
1709 271 1836 305 postulati

1044 313 1129 336 genus
1151 309 1230 338 atque
1253 305 1416 339 principium
1438 310 1482 332 tua
1501 312 1621 341 praetura
1639 307 1736 334 attulit.
1777 309 1834 336 167.

1044 341 1113 372 Quid
1133 342 1204 367 enim
1224 346 1277 367 tam
1297 350 1409 373 novum,
1435 351 1487 369 non
1505 343 1592 370 solum
1610 353 1650 374 re,
1675 344 1723 371 wd
1739 354 1837 386 genere

1046 378 1104 411 ipso
1122 377 1294 412 postulandi?
1320 379 1385 405 Nam
1403 384 1502 410 cetera,
1525 389 1594 415 quae
1612 387 1675 408 nunt
1694 382 1720 408 in
1739 382 1836 409 iisdem

1046 414 1185 449 intitulatis
1199 414 1232 441 de
1247 415 1356 452 iniuriis*
1368 416 1435 447 tuis.
1451 422 1514 443 sunt
1528 426 1604 448 nova.
1620 418 1666 445 sed
1682 424 1769 446 tamen
1783 428 1836 446 non

1045 460 1113 478 novo
1131 452 1209 478 modo
1227 452 1405 486 postulantur.
1446 453 1549 489 Rogant
1565 459 1591 480 ct
1603 461 1679 482 orant
1692 455 1776 483 Siculi
1791 465 1837 491 pa-

1044 494 1096 514 tres
1110 489 1287 523 conscriptos.
1309 494 1337 516 ut
1351 491 1433 516 nostri
1448 492 1619 526 magistratus
1634 493 1742 527 posthac
1756 494 1837 520 decu-

1045 535 1100 552 mas
1117 526 1173 561 lege
1188 527 1325 553 llicronica
1341 527 1469 554 vendant:
1495 532 1522 554 tu
1542 528 1645 563 primus
1663 535 1752 557 contra
1773 540 1837 557 ven-

1043 563 1163 589 dideras:
1184 563 1278 596 audio;
1295 573 1336 595 ne.
1353 565 1379 590 in
1393 564 1488 591 cellam
1502 565 1573 600 quod
1588 566 1741 600 imperatur,
1757 568 1836 594 aesti-

1044 605 1129 626 ment:
1151 600 1200 627 hoc
1213 610 1320 635 quoque
1335 606 1441 636 propter
1454 607 1514 628 tuos
1529 607 1616 629 ternos
1629 602 1752 630 denarios
1767 613 1836 631 nunc

1045 638 1161 672 primum
1178 637 1339 672 postulatur:
1355 639 1402 665 sed
1416 648 1502 674 genus
1517 640 1606 674 ipsum
1622 640 1774 675 postulandi
1784 650 1835 669 non

1043 679 1084 700 est
1102 684 1216 707 novum,
1239 684 1271 702 ne
1285 676 1404 702 absentis
1420 685 1515 703 nomen
1534 677 1689 712 recipiatur:
1711 687 1745 705 ex
1758 677 1837 705 Sthe-

1044 713 1081 738 nii
1095 712 1244 739 calamitate
1258 718 1283 739 et
1297 718 1340 739 tua
1359 718 1450 739 natum
1470 718 1510 740 est
1529 714 1636 740 iniuria.
1675 715 1766 742 Cetera
1785 724 1836 743 non

1043 749 1176 783 colligam.
1199 750 1268 776 Sunt
1281 752 1368 776 omnia
1381 750 1533 777 Siculorum
1548 751 1678 786 postulata
1693 752 1834 783 eiusmodi,

1045 791 1073 813 ut
1086 787 1196 813 crimina
1210 787 1319 813 collecta
1335 788 1360 814 in
1378 797 1460 814 uuum
1474 793 1498 814 te
1512 797 1586 815 reum
1602 798 1660 815 esse
1681 789 1834 822 videantur,

1043 833 1112 858 quae
1132 829 1218 851 tamen
1233 825 1321 851 onmia
1336 834 1418 851 novas
1433 826 1544 852 iniurias
1560 825 1666 857 habent,
1683 826 1730 853 sed
1744 832 1836 862 postu-

1045 860 1172 887 lationum
1201 861 1327 888 toi-mutas
1355 863 1475 888 usitatas.
1517 864 1574 890 ⁴⁴8.
1596 863 1649 890 ttoc
1671 863 1835 898 postulatum

1021 898 1023 916 ἶ
1043 898 1076 924 de
1089 899 1184 924 statuis
1199 898 1343 925 ridiculum
1353 908 1413 926 esse
1425 899 1546 926 videatur
1555 901 1588 930 ei,
1604 901 1650 935 qui
1663 910 1717 927 rem
1729 905 1837 928 senten-

1044 936 1161 970 tiamque
1181 945 1231 962 non
1251 936 1403 971 perspiciat.
1445 937 1581 963 Postulant
1599 938 1684 968 enim.
1707 947 1772 969 non,
1797 939 1836 964 uti

1020 973 1023 988 i
1044 982 1076 998 ne
1089 978 1218 1008 cogantur
1232 978 1356 1000 statuere.
1380 973 1450 1006 Quid
1465 973 1565 1009 igitur?
1579 979 1607 1000 ut
1622 975 1689 1009 ipsis
1703 984 1735 1001 ne
1750 975 1834 1002 liceat.

1020 1023 1021 1026 ¹
1043 1010 1113 1042 Quid
1127 1015 1167 1036 est
1182 1010 1248 1036 hoc‘?
1261 1011 1331 1037 Petis
1344 1020 1358 1037 a
1373 1020 1428 1041 me,
1448 1011 1519 1046 quod
1539 1011 1566 1038 in
1586 1016 1629 1038 tua
1644 1017 1771 1047 potestate
1785 1017 1833 1043 est,

1044 1052 1072 1073 ut
1086 1047 1112 1073 id
1128 1048 1175 1074 tibi
1191 1047 1275 1074 lacere
1289 1057 1321 1074 ne
1336 1047 1430 1074 liceat?
1448 1053 1506 1083 pete
1519 1049 1618 1083 potius,
1635 1058 1667 1075 ne
1680 1050 1743 1084 quis
1758 1053 1782 1076 te
1795 1050 1837 1076 in-

1043 1085 1128 1110 vitum
1144 1084 1262 1119 polliceri
1276 1089 1322 1111 aut
1335 1084 1421 1112 facere
1434 1090 1519 1121 cogat.
1543 1086 1614 1112 Nihil
1629 1094 1716 1122 egero,
1733 1086 1834 1122 inquit:

1043 1122 1179 1157 negabunt
1192 1122 1263 1148 enim
1277 1131 1370 1149 omnes
1384 1131 1413 1149 se
1426 1123 1558 1159 coegisse:
1575 1123 1597 1149 si
1609 1132 1651 1150 me
1660 1123 1766 1150 salvum
1777 1131 1836 1150 esse

1043 1159 1098 1189 vis,
1120 1159 1186 1185 mihi
1201 1160 1308 1194 impone
1322 1160 1400 1186 istam
1415 1160 1485 1190 vim,
1506 1164 1534 1186 ut
1551 1161 1661 1187 omnino
1675 1161 1740 1187 milii
1755 1169 1789 1187 ne
1802 1160 1836 1187 ti-

1042 1200 1098 1222 ceat
1114 1196 1242 1231 polliceri.
1264 1196 1358 1223 Extua
1374 1201 1494 1232 praetura
1509 1197 1627 1232 primum
1642 1197 1707 1224 haec
1720 1202 1761 1224 est
1775 1202 1834 1224 nata

1042 1233 1199 1268 postulatio:
1224 1242 1276 1268 qua
1291 1242 1375 1269 quum
1391 1239 1512 1265 utuntur,
1528 1234 1577 1261 hoc
1590 1234 1742 1270 significant
1756 1239 1835 1270 atque

1041 1270 1107 1297 adeo
1121 1276 1209 1305 aperte
1219 1271 1372 1302 ostendunt,
1388 1280 1447 1298 sese
1457 1271 1490 1297 ad
1500 1276 1602 1298 statuas
1613 1276 1671 1298 tuas
1683 1272 1832 1307 pecuniam,

1042 1313 1113 1334 metu
1128 1317 1158 1334 ac
1172 1308 1241 1334 malo
1254 1314 1372 1339 coactos.
1388 1309 1565 1335 invitissimos
1579 1309 1734 1336 contulisse.
1777 1310 1832 1336 149.

1041 1344 1130 1376 Quid?
1150 1345 1173 1371 si
1190 1345 1238 1371 lioc
1251 1354 1303 1372 non
1318 1345 1420 1375 dicant,
1441 1346 1490 1372 tibi
1503 1354 1555 1372 non
1571 1354 1678 1372 necesse
1692 1347 1728 1372 sit
1741 1346 1794 1381 ipsi
1807 1345 1835 1373 id

1040 1381 1178 1408 conliteri‘?
1203 1382 1269 1409 Vide
1283 1387 1308 1408 et
1322 1383 1457 1417 perspice=
1477 1391 1530 1418 qua
1547 1382 1703 1410 defensione
1716 1384 1755 1410 sis
1769 1391 1836 1410 usu-

1041 1428 1096 1445 rus.
1138 1419 1203 1445 Nam
1218 1419 1364 1455 intelliges,
1381 1420 1430 1446 hoc
1443 1419 1491 1446 tibi
1505 1419 1538 1446 de
1549 1421 1644 1447 statuis
1654 1420 1834 1447 confitendum

1040 1465 1108 1482 esse.
1149 1456 1218 1483 LXl.
1239 1457 1307 1483 Mihi
1325 1457 1396 1483 enim
1415 1457 1594 1488 renuntiatur,
1623 1458 1658 1484 ita
1675 1458 1803 1484 constitui
1819 1466 1834 1484 a

1041 1494 1094 1520 tuis
1109 1494 1241 1528 patronis,
1263 1494 1419 1520 hominibus
1433 1494 1593 1531 ingeniosis,
1612 1503 1736 1521 caussam
1751 1499 1833 1527 tuam,

1040 1536 1066 1557 et
1080 1532 1115 1557 ita
1129 1539 1173 1557 eos
1187 1531 1236 1557 abs
1250 1535 1275 1558 te
1289 1531 1394 1558 institui
1409 1536 1434 1558 et
1447 1531 1549 1558 doceri:
1566 1533 1721 1567 utquisque
1730 1540 1763 1559 ex
1774 1540 1835 1567 pro-

1041 1568 1128 1594 vincia
1143 1567 1233 1594 Sicilia
1246 1569 1353 1604 gravior
1367 1568 1446 1595 homo
1463 1573 1542 1604 atque
1561 1569 1696 1596 honestior
1714 1570 1835 1596 testimo-

1041 1606 1115 1632 nium
1127 1605 1314 1632 vehementius
1327 1605 1434 1637 dixerit,
1450 1606 1528 1632 sicuti
1543 1605 1628 1632 Siculi
1642 1605 1721 1632 multi
1735 1607 1834 1641 prima-

1040 1642 1072 1668 rii
1092 1643 1142 1668 viri
1161 1642 1244 1668 multa
1262 1642 1402 1673 dixerunt,
1422 1648 1447 1668 te
1464 1643 1554 1669 statim
1573 1643 1622 1669 hoc
1640 1643 1701 1670 istis
1719 1643 1773 1670 tuis
1786 1643 1834 1670 de-

1041 1679 1193 1706 fensoribus
1207 1679 1308 1706 dicere:
1324 1682 1444 1706 inimicus
1456 1685 1492 1706 est
1502 1685 1647 1713 propterea,
1663 1683 1730 1714 quod
1742 1685 1834 1707 arator

1039 1721 1083 1743 est.
1123 1717 1214 1751 Itaque
1228 1725 1281 1743 uno
1294 1725 1406 1753 genere,
1425 1717 1532 1752 opinor,
1552 1717 1772 1744 circumscribere
1786 1717 1834 1744 ha-

1039 1754 1108 1780 betis
1122 1754 1150 1780 in
1163 1755 1253 1780 animo
1265 1763 1352 1789 genus
1366 1754 1416 1780 hoc
1429 1759 1571 1784 aratorum,
1586 1754 1659 1789 quod
1673 1763 1718 1781 eos
1728 1753 1833 1782 infenso

1039 1791 1128 1818 animo
1147 1796 1226 1826 atque
1245 1792 1352 1818 inimico
1371 1791 1477 1818 venisse
1495 1791 1604 1822 dicatis,
1624 1793 1687 1826 quia
1706 1791 1788 1818 fuerit
1804 1792 1832 1819 in

1039 1828 1160 1854 decumis
1187 1828 1237 1854 iste
1263 1828 1455 1855 vehementior.
1494 1829 1564 1864 Ergo
1589 1834 1704 1855 aratores
1731 1829 1831 1856 inimici

1038 1874 1140 1896 omneS.
1156 1874 1249 1892 omnes
1262 1865 1408 1892 adversarii
1418 1870 1495 1892 sunt:
1510 1874 1590 1892 nemo
1599 1874 1690 1892 eorum
1700 1871 1749 1897 est,
1765 1866 1831 1902 quin

1039 1903 1142 1937 perisse
1156 1907 1181 1929 te
1194 1903 1294 1937 cupiat.
1325 1902 1440 1930 Omnino
1454 1902 1586 1937 praeclare
1599 1907 1624 1929 te
1639 1902 1731 1934 babes,
1746 1912 1832 1938 quum

1039 1940 1062 1966 is
1076 1940 1140 1966 ordo
1153 1945 1233 1975 atque
1246 1940 1274 1966 id
1286 1949 1373 1975 genus
1387 1939 1540 1971 hominum,
1560 1939 1633 1975 quod
1646 1940 1779 1975 optimum
1792 1945 1833 1967 at-

1017 1977 1019 1995 ῑ
1039 1985 1092 2012 que
1106 1977 1327 2004 honestissimum
1342 1982 1395 2008 est,
1415 1986 1429 2003 a
1447 1985 1502 2012 quo
1514 1985 1568 2004 uno
1582 1981 1607 2004 et
1620 1985 1727 2003 summa
1741 1978 1832 2013 reipu—

1039 2014 1122 2040 blicae
1141 2019 1166 2040 et
1184 2014 1230 2041 illa
1248 2015 1385 2049 provincia
1403 2015 1520 2041 maxime
1537 2015 1700 2045 continetur,
1724 2014 1774 2041 tibi
1791 2019 1833 2041 est

1039 2051 1268 2078 inimicissimum.
1310 2053 1366 2078 ⁴50.
1388 2051 1488 2078 Verum
1501 2056 1572 2078 esto:
1592 2051 1644 2078 alio
1658 2051 1714 2078 loeo
1726 2051 1760 2078 de
1773 2060 1832 2078 ara-

1038 2093 1126 2115 torum
1143 2089 1232 2115 animo
1249 2093 1276 2115 et
1292 2089 1400 2116 iniuriis
1418 2088 1519 2115 videro.
1559 2088 1648 2119 Nunc,
1673 2088 1746 2123 quod
1763 2089 1830 2115 mihi

1037 2126 1086 2152 abs
1100 2130 1125 2152 te
1138 2125 1229 2157 datur,
1246 2125 1273 2152 id
1287 2126 1401 2160 accipio,
1421 2134 1466 2152 eos
1481 2125 1530 2152 tibi
1543 2134 1603 2152 esse
1616 2126 1828 2152 inimicissimos.

1038 2164 1139 2198 Nempe
1156 2164 1192 2189 ita
1210 2163 1278 2189 dicis
1297 2168 1404 2198 propter
1421 2163 1606 2190 decumas.—
1619 2162 1753 2195 Concedo3
1777 2171 1829 2189 non

1036 2209 1144 2235 quaero,
1161 2200 1218 2226 iure
1231 2209 1264 2226 an
1278 2200 1376 2226 iniuria
1389 2201 1444 2227 sint
1456 2200 1569 2226 inimici.
1609 2199 1680 2232 Quid
1693 2208 1756 2235 ergo
1768 2199 1829 2226 illae

1037 2237 1089 2264 sibi
1104 2241 1207 2264 statuae
1221 2242 1359 2272 equestres
1374 2238 1510 2264 inauratae
1523 2236 1630 2268 volunt,
1649 2244 1718 2271 quae
1736 2236 1828 2272 populi

1037 2275 1148 2301 Romani
1161 2273 1252 2301 oculos
1265 2275 1424 2309 animosque
1437 2275 1554 2300 maxime
1562 2273 1706 2305 offendunt,
1722 2278 1830 2309 propter

1036 2312 1130 2338 aedem
1143 2311 1274 2338 Vulcani?
1299 2312 1366 2338 Nam
1379 2311 1539 2346 inscriptum
1553 2319 1613 2336 esse
1626 2309 1717 2342 video,
1733 2319 1830 2346 quam-

1037 2349 1097 2375 dam
1120 2357 1154 2375 εκ
1176 2348 1219 2375 his
1242 2353 1357 2375 statuam
1379 2353 1493 2375 aratores
1514 2347 1632 2374 dedisse.
1673 2347 1700 2373 Si
1720 2347 1828 2375 honoris

1036 2394 1130 2412 caussa
1144 2389 1260 2412 statuam
1273 2385 1417 2417 dederunt,
1437 2385 1538 2412 inimici
1552 2393 1604 2410 non
1618 2389 1691 2410 sunt.
1732 2384 1829 2412 Creda—

1036 2431 1097 2449 mus
1111 2423 1236 2449 testibus.
1269 2423 1339 2449 Tum
1352 2423 1425 2449 enim
1437 2421 1531 2448 honori
1545 2426 1598 2452 tuo.
1614 2430 1686 2448 nunc
1699 2422 1752 2448 iam
1766 2421 1829 2448 reli-

1035 2460 1110 2495 gioni
1122 2468 1188 2486 suae
1201 2459 1354 2486 consulunt.
1395 2459 1443 2486 Sin
1455 2463 1545 2485 autem
1559 2463 1632 2484 metu
1645 2459 1728 2485 coacti
1745 2459 1828 2485 dede-

1035 2501 1107 2528 runt,
1122 2497 1261 2523 confiteare
1275 2505 1383 2523 necesse
1396 2500 1445 2526 est,
1462 2499 1486 2522 te
1500 2495 1528 2521 in
1538 2496 1674 2529 provincia
1684 2496 1826 2530 pecuniam

1034 2539 1182 2560 statuarum
1193 2534 1300 2560 nomine
1310 2542 1358 2569 per
1367 2533 1422 2559 vim
1431 2541 1462 2559 ac
1471 2537 1571 2559 metum
1583 2533 1712 2568 coegisse.
1731 2533 1826 2560 Utrum

1034 2571 1082 2597 tibi
1097 2570 1267 2597 commodum
1281 2575 1330 2602 est.
1345 2570 1424 2606 elige.
1463 2569 1544 2596 LXII.
1567 2571 1624 2596 ⁴5⁴.
1645 2569 1779 2605 Equidem
1793 2569 1827 2596 li-

1035 2608 1127 2634 benter
1141 2608 1190 2634 hoc
1203 2608 1256 2634 iam
1269 2608 1370 2634 crimen
1383 2607 1417 2634 de
1429 2606 1526 2633 statuis
1539 2605 1699 2641 relinquam,
1715 2611 1745 2634 ut
1757 2606 1825 2634 mihi

1034 2649 1062 2671 tu
1077 2644 1144 2671 illud
1157 2645 1299 2676 concedas,
1315 2643 1388 2680 quod
1401 2643 1450 2670 tibi
1463 2643 1686 2670 honestissimum
1699 2648 1752 2676 est,
1767 2652 1825 2670 ara-

1012 2694 1014 2707 ÷
1034 2687 1102 2708 tores
1121 2681 1169 2708 tibi
1186 2681 1220 2707 ad
1237 2686 1352 2708 statuam
1371 2681 1478 2707 honoris
1495 2680 1535 2706 tui
1553 2689 1661 2710 caussa.
1690 2681 1824 2708 voluntate
