1941 3052
753 97 1084 126 FRAGMENTA.

98 168 157 196 cia‘?
178 169 269 195 Pueris
281 168 372 199 nobis,
395 168 503 195 audisse
520 168 612 196 videor
624 170 653 196 L.
666 168 773 196 Aelium
789 168 894 196 liberti-

98 215 164 234 num
174 206 321 237 hominem,
339 206 483 232 litteratum
495 215 525 233 ac
536 206 665 238 facetum,
681 216 766 242 quum
779 206 894 233 ulcisce-

98 249 170 271 retur
185 244 289 278 patroni
302 243 432 274 iniurias,
454 252 550 270 nomen
567 244 598 276 Q.
616 245 756 276 Muttonis,
775 244 893 271 hominis

98 281 294 311 sordidissimi,
319 280 459 307 detulisse.
500 281 522 307 Α
541 290 594 316 quo
609 291 694 316 quum
710 287 891 317 quaereretur,

97 327 179 354 quarn
195 318 363 353 provinciam
374 323 419 344 aut
430 327 511 352 quam
525 318 597 344 diem
610 320 717 346 testium
732 319 890 354 postularet}

98 355 191 382 horam
203 355 257 381 sibi
268 360 403 386 octavam,
426 355 491 381 dum
508 356 534 382 in
548 355 602 382 foro
614 356 723 383 bovario
735 357 891 391 inquireret,

97 393 254 428 postulavit.
289 393 330 419 24.
345 393 398 418 Hoc
409 397 437 418 tu
449 392 521 418 idem
533 393 582 419 tibi
597 394 623 420 in
636 394 671 420 M.
684 394 799 420 Aemilio
810 394 895 420 Scau—

98 439 126 457 ro
141 430 241 465 putasti
256 438 315 456 esse
332 429 504 456 faciendum?
522 445 558 450 —
577 430 665 457 Delata
684 432 770 461 enim,
795 431 892 466 inquit,

96 476 192 494 caussa
204 467 236 493 ad
248 475 291 493 me
301 467 400 493 Romae
412 471 461 493 est.
473 483 510 487 —
520 467 591 499 Quid
602 468 635 494 ad
647 468 895 495 meSiculi—non-

96 513 130 532 ne
141 505 252 531 Romam
267 513 390 530 caussam
402 504 510 531 Siciliae
521 505 693 532 detulerunt‘.>
712 506 794 540 Atqui
807 506 895 532 homi-

97 551 145 569 nes
160 542 307 577 prudentes
324 546 430 573 natura,
452 542 544 568 callidi
560 551 626 574 usu,
649 543 768 569 doctrina
784 543 892 569 eruditi.

96 580 196 606 Tamen
216 588 265 615 ego
285 579 353 605 mihi
372 580 527 614 provinciae
542 588 665 606 caussam
682 581 709 606 in
727 581 893 615 provinciam

97 618 183 652 ipsam
199 616 413 652 cognoscendam
429 621 454 643 et
469 616 625 643 discendam
644 618 748 652 putavi.
788 619 831 644 25.
853 617 893 643 An

96 663 146 690 ego
157 654 280 689 querelas
291 659 375 689 atque
386 655 500 680 iniurias
512 659 644 681 aratorum
657 664 708 681 non
722 656 748 681 in
755 655 893 690 segetibus

96 692 164 726 ipsis
175 692 302 726 arvisque
313 691 521 727 cognoscerem?
531 692 682 727 Peragravi‚
690 693 810 727 inquam,
819 692 894 718 Tria-

96 729 133 760 ri,
153 728 300 756 durissima
315 729 426 764 quidem
448 729 536 755 hieme
556 729 641 755 valles
655 730 891 766 Agrigentinorum

96 771 176 801 atque
187 765 278 793 colles.
315 766 469 801 »Campus«
485 766 530 793 ille
542 766 730 793 nobilissimus
741 776 772 793 ac
784 767 894 793 feracis·

95 804 182 830 simus
211 804 289 838 »ipse
312 812 354 830 me
374 812 498 830 caussam
519 812 603 839 paene
624 804 716 831 docuit
736 805 892 831 Leontinus.

95 841 172 868 »Adii
192 850 268 868 casas
289 846 434 875 aratorum;
458 850 472 868 a
487 842 557 868 stiva
573 842 631 876 ipsa
648 842 771 868 homines
787 850 893 868 mecum

96 878 356 913 »colloquebantur.«
395 880 435 906 26.
456 879 548 914 Itaque
568 880 607 906 sic
627 879 679 906 fuit
698 879 743 906 illa
766 888 893 914 expressa

95 925 203 947 caussa,
217 925 269 942 non
282 921 311 942 ut
322 915 415 942 audire
426 924 470 948 ea,
483 925 552 951 quae
563 916 701 948 dicebam,
715 917 833 948 iudices,
846 916 893 943 sed

96 959 124 979 ut
135 962 243 979 cernere
254 958 280 979 et
291 962 375 988 paene
390 958 497 989 tangere
510 954 675 981 viderentur.
716 955 810 989 Neque
821 955 893 980 enim

95 991 163 1017 mihi
178 990 330 1025 probabile,
349 999 436 1026 neque
453 1000 547 1018 verum
560 992 716 1023 videbatur,
734 1001 790 1023 me,
807 1000 893 1027 quum
915 1004 916 1007 ¹

95 1028 270 1054 fidelissimae
286 1033 365 1063 atque
380 1029 586 1063 antiquissimae
602 1030 758 1064 provinciae
778 1030 894 1064 patroci—

94 1066 171 1092 nium
185 1066 357 1100 recepissem,
371 1074 495 1092 caussam
506 1071 642 1102 tamquam
654 1067 736 1093 unius
748 1066 853 1094 clientis
866 1068 892 1093 in

93 1102 220 1129 cubiculo
231 1112 291 1129 meo
303 1103 417 1130 discere.

149 1141 192 1168 27.
214 1140 284 1176 Ego,
301 1149 388 1175 nuper
402 1149 487 1175 quum
499 1141 617 1172 Reatini,
641 1142 688 1176 qui
700 1146 789 1168 essent
801 1141 827 1167 in
841 1141 892 1167 fide
914 1159 915 1171 2

94 1185 166 1209 mea,
184 1186 227 1204 me
241 1186 318 1204 suam
333 1178 472 1212 publicam
487 1187 611 1204 caussam
626 1178 659 1205 de
671 1178 757 1205 Velini
772 1178 892 1205 flumini-

93 1215 145 1241 bus
160 1219 186 1241 et
200 1215 336 1241 cuniculis
350 1215 423 1250 apud
439 1215 487 1242 hos
501 1216 626 1242 consules
642 1225 719 1251 agere
731 1216 889 1247 voluissent,

93 1261 146 1279 non
158 1253 328 1284 existimavi,
347 1261 389 1279 me
400 1262 488 1288 neque
500 1253 626 1289 dignitati
637 1253 819 1288 praefecturae
830 1262 892 1289 gra-

92 1290 222 1316 vissimae
233 1299 321 1325 neque
334 1290 397 1316 fidei
408 1299 482 1317 meae
494 1292 558 1317 satis
569 1300 628 1318 esse
636 1291 780 1322 facturum,
789 1292 891 1317 nisime

92 1335 216 1354 caussam
233 1327 308 1354 illam
324 1336 376 1354 non
391 1327 478 1354 solum
495 1328 633 1360 homines,
655 1328 703 1355 sed
720 1329 800 1356 etiam
817 1328 891 1355 locus

92 1365 150 1400 ipse
162 1364 291 1400 lacusque
302 1364 448 1392 docuisset.

147 1404 187 1429 28.
209 1402 302 1437 Neque
314 1407 342 1429 tu
354 1402 431 1429 aliter
442 1402 562 1434 fecisses,
575 1403 671 1434 Triari,
684 1404 707 1429 si
719 1408 743 1430 te
756 1403 783 1429 id
795 1403 835 1430 tui
846 1404 890 1430 isti

91 1438 168 1466 Sardi
179 1439 266 1466 facere
278 1440 437 1471 voluissent,
451 1440 494 1471 hi,
510 1441 558 1475 qui
570 1445 594 1467 te
606 1441 632 1467 in
644 1440 796 1467 Sardiniam
809 1441 891 1467 mini-

91 1485 134 1503 me
154 1477 246 1503 venire
267 1477 425 1509 voluerunt,
451 1486 484 1504 ne
505 1477 583 1514 longe
603 1477 680 1504 aliter
700 1479 789 1505 omnia
811 1483 891 1513 atque

91 1519 166 1541 erant
181 1514 214 1541 ad
232 1518 257 1541 te
272 1514 359 1541 delata
375 1523 563 1551 cognoscereS,
587 1515 689 1542 nullam
707 1515 891 1542 multitudinis

91 1552 118 1578 in
131 1551 255 1578 Sardinia
266 1551 419 1587 querelam,
433 1552 539 1579 nullum
551 1553 578 1579 in
589 1552 688 1580 Scauro
699 1553 792 1580 odium
804 1561 891 1588 popu-
913 1562 914 1567 ¹

91 1590 120 1616 li.
160 1590 202 1615 29.
224 1590 260 1615 Ac
270 1592 335 1620 vide,
350 1590 447 1620 Triari,
462 1595 586 1624 quantum
595 1596 729 1624 praeterea
742 1593 841 1617 intersit
851 1593 891 1616 in—

91 1631 129 1652 ter
139 1635 219 1653 meam
230 1631 307 1661 alque
321 1632 391 1653 luam
402 1630 600 1654 accusationem.
630 1628 683 1661 Eyo
693 1637 743 1654 non
753 1633 812 1654 unte
824 1637 891 1654 com-

86 1666 264 1697 perendinavi,
272 1674 357 1698 quam,
369 1667 580 1699 quemadmodum
591 1666 714 1699 luppiter,
726 1668 749 1691 si
758 1670 891 1698 poc-larum

89 1703 184 1735 sabulis
196 1704 335 1732 credimus,
356 1702 513 1729 Enceladum
524 1705 647 1729 deiectum
657 1708 734 1736 alque
744 1705 891 1729 semiustum

90 1741 209 1772 imposita
218 1741 304 1765 insula
315 1742 414 1772 operuit
426 1741 472 1770 vel,
486 1744 512 1765 ut
524 1741 572 1766 alii
582 1742 676 1769 volunt,
687 1741 837 1773 Typhonem,
845 1749 891 1766 cu-

89 1779 130 1802 ius
141 1775 257 1802 anhelitu
267 1776 380 1803 Aetnam
391 1776 593 1808 arderedicunt,
601 1777 641 1803 sic
648 1777 756 1804 Verrem
767 1778 891 1812 operuis-

90 1821 147 1839 sem
158 1812 250 1840 Sicilia
262 1818 327 1840 teste
339 1818 400 1840 tota.
441 1814 481 1841 Tu
493 1823 544 1841 uno
555 1814 799 1850 comperendinasti
814 1823 888 1840 reum

89 1855 155 1878 teste
171 1850 311 1886 producto.
351 1851 385 1877 At
398 1859 452 1886 quo
468 1851 552 1878 teste‘?
572 1851 611 1878 dii
630 1852 808 1879 immortales!
832 1852 889 1878 Non

89 1888 167 1918 satis,
185 1887 258 1922 quod
271 1896 337 1920 uno;
361 1896 427 1919 non,
444 1888 518 1923 quod
530 1889 633 1924 ignoto;
651 1898 713 1921 non,
731 1889 803 1924 quod
820 1889 887 1915 levi:

90 1925 206 1951 etiamne
218 1923 323 1951 Valerio
333 1929 399 1951 teste
411 1926 525 1960 primam
537 1927 668 1952 actionem
680 1926 829 1957 confecisti,
841 1927 889 1962 qui

88 1963 172 1998 patris
187 1962 227 1988 tui
242 1961 372 1988 beneficio
388 1962 496 1989 civitate
512 1962 626 1989 donatus
642 1964 754 1998 gratiam
771 1964 820 1990 tibi
837 1973 888 1990 non

90 1999 243 2026 illustribus
254 1999 361 2031 officiis,
376 1999 423 2025 sed
440 1999 582 2026 manifesto
593 2001 711 2034 periurio
723 2000 831 2027 retulit?
846 2003 887 2027 30.

89 2036 167 2069 Quod
179 2037 202 2063 si
214 2042 237 2063 te
248 2045 326 2063 omen
339 2037 456 2063 nominis
469 2037 550 2063 vestri
562 2037 626 2063 forte
635 2037 727 2064 duxit:
741 2046 789 2064 nos
801 2045 888 2064 tamen

89 2074 117 2101 id
129 2083 202 2101 more
213 2075 355 2105 maiorum,
364 2075 428 2109 quia
440 2073 558 2100 faustum
571 2079 706 2109 putamus,
721 2083 772 2101 non
784 2075 816 2101 ad
828 2084 890 2110 per-

89 2112 197 2143 niciem,
212 2120 307 2138 verum
320 2111 351 2137 ad
363 2111 478 2138 salutem
491 2112 706 2146 interpretamur.
737 2112 788 2138 Sed
800 2113 888 2138 omnis

89 2150 139 2176 ista
150 2148 273 2176 celeritas
285 2158 314 2175 ac
327 2148 473 2180 festinatio,
491 2149 564 2183 quod
580 2149 798 2184 inquisitionem,
816 2149 887 2184 quod

89 2187 205 2221 priorem
225 2187 357 2213 actionem
374 2191 454 2213 totam
471 2186 620 2217 sustulisti,
638 2186 706 2212 illud
724 2186 848 2221 patefecit
863 2192 889 2213 et

90 2224 250 2255 illustravit.
267 2224 340 2259 quod
355 2223 490 2250 occultum
507 2229 594 2250 tamen
611 2232 662 2251 non
678 2228 746 2255 erat,
765 2232 816 2250 non
828 2232 887 2250 esse

89 2261 139 2288 hoc
160 2261 293 2288 iudicium
315 2261 425 2292 iudicii,
448 2260 496 2287 sed
516 2262 687 2289 comitiorum
703 2261 887 2288 consularium

88 2307 184 2325 caussa
195 2303 389 2333 comparatum.
405 2328 412 2335 .

144 2337 186 2362 31.
208 2336 257 2362 llic
271 2344 321 2372 ego
331 2336 450 2371 Appium
461 2334 605 2362 Claudium
619 2335 757 2362 consulem
773 2334 888 2362 fortissi-

88 2381 163 2400 mum
175 2377 254 2408 atque
265 2373 468 2400 ornatissimum
481 2373 569 2398 virum
584 2381 754 2408 mecumque.
763 2377 885 2407 utspero,

88 2410 161 2437 fideli
172 2411 199 2437 in
210 2411 324 2446 gratiam
336 2410 423 2437 reditu
436 2410 566 2444 firmoque
577 2410 750 2436 coniunctum
763 2410 837 2436 nullo
849 2409 887 2436 lo-

87 2456 127 2479 co,
141 2447 256 2479 iudices,
270 2447 439 2482 vitupernbo.
475 2447 590 2473 Fuerant
601 2448 673 2473 enim
685 2456 731 2473 eae
743 2452 831 2482 partes
841 2452 887 2474 aut

86 2485 146 2512 eius
155 2505 161 2517 ‚
183 2493 265 2520 quem
277 2485 304 2511 id
317 2485 402 2512 facere
412 2483 487 2511 dolor
498 2489 523 2510 ct
533 2485 653 2518 suspicio
663 2493 712 2511 sua
723 2485 823 2520 coegit,
841 2489 887 2510 aut

86 2523 155 2554 eius,
163 2523 212 2558 qui
224 2522 272 2549 has
283 2522 338 2549 sibi
350 2527 438 2557 partes
449 2521 614 2556 depoposcit,
623 2521 696 2556 quod
707 2526 815 2548 autnon
827 2522 887 2547 uni-

87 2559 285 2591 madvertebat,
301 2568 383 2595 quem
401 2558 525 2590 violaret,
543 2563 589 2586 aut
605 2558 711 2585 facilem
727 2558 779 2584 sibi
794 2558 847 2584 fore
858 2559 886 2585 in

86 2597 200 2633 gratiam
216 2597 333 2624 reditum
354 2596 544 2623 arbitrabatur.
585 2598 626 2622 32.
649 2596 705 2631 Ego
727 2600 828 2622 tantum
843 2595 886 2622 di—

85 2642 159 2666 cam,
177 2633 250 2670 quod
263 2639 289 2662 et
299 2642 411 2662 caussae
421 2634 486 2661 satis
498 2634 561 2661 etin
574 2633 651 2660 illuni
664 2633 775 2660 minime
786 2632 884 2660 durum

920 1534 922 1540 ,
943 1515 1098 1549 praesertim
1111 1514 1180 1541 ultro
1192 1513 1372 1548 pollicentem.

1674 108 1735 132 ⁴290

944 176 989 197 aut
1003 180 1127 206 asperum
1144 172 1228 206 possit
1241 180 1310 198 esse.
1350 172 1420 205 Quid
1437 173 1507 199 enim
1525 174 1603 202 habet
1619 177 1735 211 turpitu-

944 209 1030 239 dinis,
1052 209 1169 244 Appium
1186 209 1329 235 Claudium
1341 210 1375 236 M.
1389 210 1488 237 Scauro
1502 220 1560 238 esse
1578 213 1737 239 inimicum?

945 246 1024 278 Quid,
1041 255 1108 272 avus
1119 247 1178 272 eius
1190 247 1218 272 P.
1231 246 1355 273 Africano
1367 256 1417 273 non
1431 247 1499 274 fuit‘?
1509 248 1589 281 Quid,
1604 251 1735 285 mihiipsi

945 283 1016 309 idem
1032 283 1100 310 iste?
1119 283 1203 315 Quid,
1226 292 1275 319 ego
1291 284 1348 310 illi‘?
1367 286 1440 316 Quae
1452 286 1607 313 inimicitiae
1619 288 1736 314 dolorem

945 321 1052 355 utrique
1064 326 1183 347 nostrum
1195 320 1304 347 fortasse
1316 321 1468 356 aliquando,
1478 322 1595 350 dedecus
1608 334 1670 351 vero
1679 334 1737 351 eer-

946 362 970 384 te
982 366 1129 393 numquam
1141 358 1296 385 attulerunt.
1337 361 1377 385 33.
1394 359 1548 387 Successori
1560 361 1684 389 decessor
1695 363 1737 389 in-

946 395 1014 421 vidit
1025 400 1050 421 et
1060 395 1144 421 voluit
1155 404 1216 421 eum
1228 404 1308 430 quam
1321 397 1437 422 maxime
1448 397 1593 429 offensum,
1615 408 1669 434 quo
1680 408 1738 425 ma-

923 435 924 438 ’
944 433 986 467 gis
999 433 1086 466 ipsius
1097 433 1224 458 memoria
1235 432 1389 460 excelleret:
1412 442 1453 459 res
1469 443 1520 461 non
1536 435 1613 462 modo
1625 445 1676 463 non
1689 437 1737 463 ab-

923 499 925 504 ,
946 470 1075 495 horrensa
1087 469 1289 500 consuetudine,
1299 470 1345 496 sed
1358 471 1453 497 usitata
1465 472 1611 499 etiamnum
1623 479 1647 499 et
1660 474 1736 500 valde

945 511 1096 541 pervagata.
1139 507 1249 541 »Neque
1269 515 1330 533 vero
1350 512 1401 533 tarn
1424 508 1488 534 haec
1507 510 1564 544 ipsa
1581 511 1735 545 quotidiana

945 552 1001 570 »res
1016 544 1134 578 Appium
1150 543 1293 570 Claudium
1310 544 1354 570 illa
1377 545 1540 572 humanitate
1561 552 1586 573 et
1605 549 1734 582 sapientia

945 581 1109 615 »praeditum
1125 589 1172 615 per
1182 590 1210 607 se
1222 582 1279 616 ipsa
1291 583 1427 613 movisset,
1442 584 1493 609 nisi
1506 583 1576 610 hunc
1587 585 1616 612 C.
1629 585 1734 612 Claudii

945 618 1048 645 »fratris
1059 620 1102 644 sui
1116 619 1314 653 competitorem
1328 619 1381 645 fore
1393 625 1539 654 putasset«

1001 656 1042 681 34.
1064 655 1129 688 »Qui
1148 657 1205 681 sive
1221 657 1350 690 patricius
1367 658 1423 683 sive
1439 657 1561 692 plebeius
1575 664 1644 685 esset
1660 659 1736 693 (non-

945 693 1023 719 »dum
1030 693 1101 719 enim
1113 698 1214 719 certum
1227 694 1421 728 constituerat):
1435 704 1496 720 cum
1509 695 1557 721 boc
1568 696 1735 722 sibit-outen-

945 731 1058 757 »tionem
1075 730 1128 756 fore
1149 731 1293 764 putabat3«
1313 731 1417 765 Appius
1433 737 1520 758 autem
1537 732 1586 759 hoc
1608 735 1734 759 maiorem

945 769 1034 799 etiam,
1050 767 1123 802 quod
1134 767 1211 794 illum
1225 769 1427 802 inpontificatus
1439 770 1575 803 petitione,
1590 771 1616 796 in
1628 770 1732 796 saliatu.

946 806 973 831 in
985 806 1080 831 ceteris
1092 805 1249 831 meminerat
1260 805 1344 831 fuisse
1356 807 1508 840 patricium.
1539 806 1623 838 Quam
1635 808 1668 833 ob
1681 817 1734 833 rem

945 851 973 868 se
983 842 1093 868 consule
1104 850 1191 877 neque
1203 842 1296 876 repelli
1307 842 1413 871 fratrem
1427 843 1540 873 volebat,
1550 853 1645 878 neque,
1655 846 1676 870 si
1689 854 1736 878 pa-

945 880 1038 906 tricius
1050 884 1128 910 esset,
1141 888 1231 914 parem
1239 879 1336 906 Scauro
1349 879 1402 906 fore
1415 880 1531 911 videbat,
1540 882 1592 907 nisi
1605 882 1675 908 hunc
1687 882 1736 907 ali-

944 926 998 952 quo
1009 922 1054 943 aut
1066 922 1137 942 metu
1152 921 1196 942 aut
1208 916 1317 943 infamia
1329 917 1497 951 perculisset.

1001 955 1042 980 35.
1064 954 1120 989 Ego
1133 953 1159 979 id
1171 953 1244 980 fratri
1258 955 1283 980 in
1296 954 1393 980 honore
1406 954 1494 980 fratris
1506 954 1673 989 amplissimo
1685 965 1734 981 nun

944 991 1145 1018 concedendum
1158 996 1263 1025 putem,
1287 992 1442 1026 praesertim
1453 993 1509 1026 qui,
1523 992 1589 1026 quid
1601 1002 1673 1018 amoi-
1686 993 1737 1018 fra—

945 1034 1037 1055 ternus
1053 1028 1152 1059 valeat,
1176 1037 1259 1063 paene
1277 1034 1379 1063 praeter
1396 1034 1496 1054 ceteros
1512 1029 1643 1055 sentiam?
1658 1045 1693 1048 —
1705 1032 1737 1056 At

944 1067 1017 1092 enim
1029 1065 1108 1092 frater
1121 1067 1172 1091 iam
1185 1074 1235 1092 non
1248 1067 1322 1100 petit.
1335 1081 1370 1085 ——
1383 1066 1453 1097 Quid
1465 1066 1539 1092 tuns?
1552 1067 1579 1092 Si
1592 1066 1635 1092 ille
1651 1072 1737 1093 reten-

944 1108 987 1130 tus
999 1112 1012 1130 a
1023 1103 1187 1129 cunctaAsia
1199 1103 1386 1137 st1pptice‚sia
1400 1103 1617 1137 negotiatoribus,
1627 1105 1648 1129 si
1661 1113 1673 1129 a
1686 1113 1737 1138 pu-

944 1140 1067 1171 blicanis,
1081 1141 1104 1166 si
1116 1140 1150 1166 ab
1161 1140 1302 1171 omnibus,
1314 1142 1407 1172 sociis,
1420 1141 1541 1171 civibus,
1555 1146 1679 1167 exoratus
1691 1151 1739 1167 an-

921 1198 922 1203 .
943 1179 1060 1213 teposuit
1072 1178 1164 1204 honori
1176 1186 1225 1204 suo
1239 1178 1376 1204 commoda
1388 1177 1556 1213 salutemque
1569 1179 1735 1213 provinciam

944 1220 1081 1250 propterea
1093 1220 1171 1250 putas
1182 1214 1265 1241 semel
1277 1215 1460 1242 exulceratum
1472 1216 1592 1241 animum
1605 1220 1656 1242 tam
1673 1215 1738 1241 faci-

945 1253 967 1279 le
979 1253 1098 1287 potuisse
1110 1252 1216 1279 sanari‘?

999 1292 1040 1316 36.
1062 1290 1231 1325 Quamquam
1244 1290 1271 1315 in
1283 1289 1342 1315 istis
1357 1289 1484 1315 omnibus
1500 1289 1594 1319 rebus,
1617 1298 1738 1324 praeser-

943 1328 989 1354 tim
1003 1327 1074 1362 apud
1087 1328 1210 1354 homines
1225 1326 1366 1358 barbaros,
1384 1327 1474 1361 opinio
1490 1326 1551 1360 plus
1565 1327 1633 1353 valet
1646 1335 1735 1361 saepe,

943 1374 1023 1400 quam
1037 1374 1078 1391 res
1090 1366 1158 1400 ipsa.
1194 1365 1368 1391 »Persuasum
1380 1369 1420 1390 est
1430 1363 1520 1389 Sardis
1532 1373 1560 1389 se
1571 1364 1638 1390 nibil
1651 1365 1738 1398 Appio

943 1403 1058 1438 »gratius
1070 1411 1128 1428 esse
1140 1401 1269 1432 facturos,
1292 1410 1372 1436 quam
1384 1402 1406 1427 si
1419 1401 1451 1427 (le
1464 1402 1556 1427 Scauri
1570 1401 1638 1427 fama
1650 1402 1738 1427 detra-

943 1441 1043 1466 »xm-int
1052 1449 1073 1472 ;«
1084 1439 1229 1466 multorum
1242 1439 1320 1465 etiam
1333 1447 1380 1473 spe
1391 1438 1591 1465 commodorum
1605 1440 1738 1473 praemio-

944 1486 1057 1512 rumque
1078 1477 1226 1508 ‹lucuntur3
1258 1477 1347 1502 omnia
1373 1476 1510 1502 consulem
1535 1481 1628 1510 putant
1648 1484 1735 1510 posse,

1413 1514 1447 1539 De
1463 1522 1517 1547 quo
1533 1513 1608 1547 plura
1622 1514 1672 1539 inm
1686 1522 1737 1539 nou

943 1552 1042 1579 dicam.
1083 1553 1124 1578 37.
1146 1551 1314 1585 Quamquam
1327 1560 1365 1581 ea,
1381 1560 1450 1585 quae
1461 1550 1527 1579 (lixi.
1543 1559 1593 1576 non
1606 1559 1684 1576 secus
1695 1550 1738 1576 di-

943 1590 980 1620 xi,
993 1598 1073 1624 quam
1086 1590 1109 1615 si
1120 1589 1179 1615 eius
1192 1588 1270 1614 frater
1281 1597 1381 1618 esseni,
1397 1597 1446 1614 non
1461 1589 1495 1617 is,
1509 1588 1591 1622 quiet
1603 1593 1641 1613 est
1653 1588 1736 1622 etqui

943 1627 1026 1653 multa
1039 1627 1121 1657 dixit,
1144 1626 1191 1652 sed
1209 1627 1244 1655 is,
1268 1626 1314 1660 qui
1326 1634 1375 1660 ego
1387 1634 1444 1651 esse
1458 1626 1482 1651 in
1496 1634 1584 1650 meum
1596 1625 1736 1651 consuevi.

943 1665 1040 1691 Generi
1052 1665 1134 1699 igitur
1145 1663 1226 1689 totius
1237 1664 1414 1689 accusationis
1427 1663 1557 1690 resistere,
1569 1661 1737 1692 ituliees,(le—

943 1702 1021 1732 betis,
1036 1702 1128 1736 inquo
1140 1700 1207 1726 nihil
1220 1708 1307 1731 more,
1321 1700 1388 1726 niliil
1401 1700 1491 1729 modo,
1506 1699 1572 1725 nihil
1585 1699 1737 1725 considera-

943 1744 976 1770 te,
991 1738 1058 1765 nibil
1072 1739 1186 1773 integre;
1201 1742 1289 1763 contra
1302 1737 1432 1772 improbe,
1442 1737 1557 1766 turbide,
1572 1736 1734 1765 festinanter,

943 1776 1034 1811 rapide
1046 1776 1135 1802 omnia
1148 1775 1354 1809 conspiratione,
1369 1775 1489 1809 imperio,
1499 1775 1661 1803 auctoritate,
1678 1782 1734 1808 spe.

942 1814 1024 1840 minis
1037 1813 1134 1839 videtis
1145 1822 1203 1838 esse
1217 1817 1351 1846 suscepta.

996 1852 1037 1877 38.
1060 1850 1144 1877 Venio
1156 1858 1227 1876 nunc
1238 1849 1270 1875 ad
1283 1854 1376 1879 testes,
1399 1848 1665 1883 inquibusdoeebo,
1685 1857 1735 1873 non

945 1888 1024 1915 modo
1041 1887 1141 1914 nullam
1161 1887 1240 1913 fidem
1257 1891 1283 1913 et
1297 1886 1494 1915 auctoritatem,
1512 1884 1557 1911 seul
1575 1894 1606 1911 ne
1618 1885 1735 1919 speeiem

941 1926 1052 1960 quidem
1074 1933 1132 1951 esse
1148 1929 1194 1950 aut
1210 1925 1354 1959 imaginem
1372 1924 1490 1949 testium.
1532 1923 1635 1948 Etenim
1657 1922 1735 1947 tidem

942 1964 1060 1998 primum
1076 1963 1133 1997 ipsa
1146 1961 1214 1988 tollit
1225 1962 1379 1991 consensio,
1397 1968 1466 1995 quae
1480 1959 1601 1986 labefacta
1614 1964 1652 1985 est
1664 1968 1737 1985 eom-

942 2001 1075 2035 promisso
1090 1999 1235 2026 Sardorum
1250 2004 1275 2025 et
1290 1999 1472 2024 coniuratione
1504 1998 1615 2031 agitatu,
1639 1996 1736 2022 ‹lein-le

942 2037 987 2063 illa
1008 2037 1157 2072 cupiditas,
1179 2045 1248 2071 quae
1271 2040 1394 2070 suscepta
1415 2040 1455 2061 est
1471 2044 1518 2069 spe
1532 2040 1555 2060 et
1573 2043 1737 2069 prormsswm·

943 2075 1136 2109 pruemiorum;
1154 2078 1287 2108 postremo
1300 2073 1356 2107 ipsa
1369 2073 1447 2102 natio,
1461 2072 1539 2097 euius
1552 2077 1620 2097 tauta
1634 2072 1736 2096 vanitas

942 2117 991 2142 est,
1005 2117 1033 2137 ut
1047 2111 1194 2137 libertatem
1207 2119 1220 2136 a
1232 2111 1361 2136 servitute
1374 2109 1446 2136 nullu
1454 2109 1595 2135 renliunisi
1605 2110 1735 2134 mentien-

940 2149 968 2174 ‹ti
982 2149 1087 2174 licentia
1099 2147 1318 2182 distinguendam
1332 2151 1434 2181 putent.
1470 2148 1510 2172 39.
1534 2146 1624 2180 Neque
1635 2154 1684 2180 ego
1695 2147 1735 2170 .Ιί-

941 2195 977 2214 eo.
989 2185 1133 2211 Sardorum
1145 2184 1263 2219 querelis
1274 2184 1375 2210 moveri
1387 2192 1433 2209 nos
1446 2192 1592 2218 numquam
1604 2187 1732 2216 oportere.

941 2224 996 2248 Non
1012 2231 1072 2248 sum
1084 2227 1129 2248 aut
1143 2227 1195 2248 tum
1209 2221 1374 2247 inhumanus
1385 2226 1430 2247 aut
1442 2226 1493 2246 tam
1505 2218 1734 2246 utu-musasnrths,

940 2260 1096 2295 praesertim
1108 2268 1193 2294 quum
1205 2258 1284 2285 frater
1295 2266 1371 2284 meus
1384 2266 1468 2292 nuper
1481 2257 1514 2283 nb
1528 2258 1568 2283 liis
1579 2256 1732 2285 decesserit,

939 2306 1024 2332 quum
1038 2297 1074 2323 rei
1086 2295 1545 2330 frumentoriael'.n.l’ompeiintissu
1559 2293 1731 2328 praefuisset:

939 2335 986 2369 qui
998 2339 1023 2360 et
1036 2335 1092 2369 ipse
1105 2333 1158 2360 illis
1171 2342 1218 2368 pro
1229 2341 1276 2358 sun
1289 2332 1339 2358 tide
1351 2337 1376 2358 et
1388 2332 1551 2358 liunuinitute
1562 2329 1698 2356 consuluit
1709 2335 1734 2356 et

939 2372 978 2398 eis
999 2371 1120 2398 vicissim
1142 2379 1267 2405 perrarus
1287 2375 1311 2396 et
1332 2369 1466 2395 iucundus
1484 2368 1542 2394 fuit.
1584 2369 1623 2393 30.
1647 2367 1734 2393 l‘ntent

940 2418 1002 2435 vero
1014 2408 1062 2434 hoe
1075 2408 1229 2443 perfugium
1241 2407 1334 2436 dolori,
1345 2406 1514 2441 pateutiustis
1525 2405 1655 2439 quereus.
1669 2413 1733 2430 eon-

940 2446 1063 2472 iurationi
1075 2447 1119 2472 vin
1132 2444 1332 2473 intercludatur,
1346 2444 1496 2475 obsepiatur
1508 2441 1628 2473 insidii-13
1647 2450 1733 2476 nequo

939 2483 1026 2509 hocin
1038 2482 1129 2509 Sardis
1142 2483 1242 2518 magis,
1259 2490 1340 2516 quam
1354 2483 1379 2506 in
1393 2480 1491 2509 Gallis,
1510 2480 1536 2505 in
1549 2478 1632 2508 Afris,
1647 2479 1672 2504 in
1688 2479 1733 2504 lli-

937 2521 1040 2555 spunis,
1081 2521 1225 2546 Damnatus
1240 2524 1279 2544 est
1299 2519 1324 2544 T.
1344 2518 1487 2546 Albucius,
1508 2516 1537 2542 C.
1556 2516 1732 2551 Megaboccus

938 2566 970 2583 ex
985 2557 1115 2588 Sardinia,
1130 2556 1266 2583 nonnullis
1278 2555 1356 2581 etium
1371 2553 1542 2580 laudantibus
1553 2553 1655 2579 Sar-tis.
1697 2553 1731 2578 ltu

938 2594 1017 2620 tidem
1031 2595 1158 2620 maiorem
1172 2594 1285 2619 varietas
1299 2594 1354 2627 ipsu
1369 2591 1490 2618 tm-iotmt.
1523 2591 1647 2617 'festibus
1659 2591 1730 2616 enim

937 2632 1041 2667 aequis,
1055 2631 1154 2658 tabulis
1168 2630 1328 2665 incorruptis
1341 2629 1507 2656 tenebantur.
1550 2629 1590 2655 st.
1606 2628 1681 2654 Nune
1693 2632 1732 2653 est

1459 2677 1504 2702 1133
1516 2675 1526 2685 “
