1941 3052
212 149 260 173 ’ΞΗ
781 148 812 171 20
855 146 888 171 Μ.
925 146 954 171 T.

213 219 358 244 llomnnum
380 218 463 242 -v--uri
485 225 640 250 percussum
656 224 713 241 esse
728 215 802 241 «lixit.

213 254 311 289 populo
327 255 441 279 nomano
461 255 500 279 vir
520 254 672 287 primarius,
695 261 776 286 eques
798 253 943 279 Romanus.
971 252 999 278 1,.

214 292 330 321 Flavius,
346 292 391 325 qui
408 300 486 315 suunt
503 290 656 315 furnilium—in
670 290 839 318 llervnuiutu.
858 289 1001 321 negotiato-

213 338 266 354 rem
282 337 312 354 vx
329 328 422 357 Africa.
439 336 522 361 qtttnn
537 335 597 351 euru
613 327 750 353 Svrm-usis
765 325 880 360 anipliua
894 330 1000 351 venttnn

211 367 283 391 cives
303 365 410 391 ltmnsmi
429 368 614 396 rugulusu-rent
633 356 853 397 lacrimantesque
875 362 1002 388 ‹lt-fende-

213 407 280 431 rent.
308 411 352 436 pro
372 401 520 426 testimonio
537 400 617 430 «lixit.
642 400 727 425 securi
751 408 809 424 esse
832 408 999 434 percussum.

213 439 334 465 Probabit
349 438 426 463 fidem
442 443 465 462 et
480 437 659 462 auetoritatmn
675 441 699 462 et
714 436 868 469 religionem
883 445 958 462 suam
971 436 999 462 L.

212 476 329 504 Suetius,
347 475 424 500 bomo
435 474 559 499 numitms
570 473 730 499 ornamentis
743 474 886 507 prat-(litus.
902 474 948 508 qui
961 474 1002 499 iu-

213 518 283 539 ratus
299 512 367 545 apud
384 520 429 536 vos
444 511 519 539 dixit,
538 511 635 536 multos
649 511 721 536 cives
734 511 863 536 Romanos
875 511 900 536 in
915 509 1001 536 lautu-

213 551 272 575 miis
292 549 368 574 istius
389 548 500 582 imperio
517 548 702 574 crudelissime
717 557 763 582 per
779 549 831 574 vim
848 552 929 574 morte
943 556 1001 573 esse

213 586 361 612 mulctatos.
403 586 473 610 llanc
487 593 535 618 ego
548 594 669 611 caussam
684 594 768 620 quium
783 594 858 619 agam
875 585 1002 611 beneficio

212 623 302 658 populi
319 623 427 648 ltomani
442 622 475 648 de
491 622 547 648 loco
560 624 709 657 superiore.
727 632 777 648 non
795 631 892 651 vereor.
911 631 942 648 ne
957 626 1001 648 aut
1022 617 1031 666 ἕξ

212 662 291 686 istum
307 660 347 686 vis
363 659 415 685 ullu
431 668 463 685 ex
478 659 568 694 populi
581 660 688 686 Romani
701 660 834 692 suffragiis
845 660 946 693 eripere
957 664 1002 685 aut
1022 667 1031 683 ν

210 707 224 723 n
248 706 289 723 me
314 696 398 722 ullum
423 705 521 723 munus
545 697 685 723 aedilitatis
703 697 819 731 amplius
838 701 883 722 aut
900 697 1002 732 gratius
1022 694 1025 719 l

212 734 310 769 populo
324 734 441 760 Romano
454 743 512 760 esse
527 735 619 768 possit.

265 772 306 797 vt.
320 772 360 797 ⁴5.
376 771 541 806 Quapropter
551 780 643 798 omnes
658 772 684 798 in
699 771 748 798 hoc
763 771 862 797 iudicio
874 775 1002 797 conentur

210 809 312 835 onmia:
338 808 404 834 nibil
423 813 463 834 est
481 809 546 838 inm.
571 809 642 843 quod
662 810 688 835 in
708 809 756 835 hac
777 817 870 834 caussa
894 817 1001 843 peccare
1022 806 1025 852 Ι

210 846 364 881 quisquam.
380 846 496 876 iudices,
514 847 563 872 nisi
580 851 666 872 vestro
680 846 797 880 periculo
812 846 904 880 possit.

210 883 320 917 quidem
339 883 403 909 ratio
421 892 504 917 quum
525 884 550 909 in
571 884 716 918 praeteritis
735 883 815 909 rebus
833 888 872 909 est
885 883 998 918 cognita,

212 925 267 947 tum
291 921 317 946 in
341 920 451 955 reliquis
474 921 606 955 explorata
630 925 709 955 atque
733 921 837 955 provisa
856 925 904 946 est.
946 920 1001 955 Ego
1022 922 1023 947 l

211 966 300 983 meum
327 957 446 983 studium
473 958 499 983 in
523 958 715 992 rempublicam
740 959 791 983 iam
816 957 862 983 illo
884 962 1000 991 tempore
1022 966 1023 986 ;

210 994 327 1025 ostendi,
348 1003 432 1029 quum
453 994 530 1029 longo
547 995 686 1021 intervallo
701 999 815 1020 veterem
829 994 1001 1020 consuetudi·
1022 990 1031 1015 Γ

212 1040 271 1058 nem
286 1031 362 1058 retuli
377 1036 401 1058 et
416 1037 505 1067 rogatu
521 1033 652 1058 sociorum
663 1037 741 1066 atque
752 1033 896 1058 amicorum
909 1031 999 1066 populi

201 1069 330 1099 ffiomnni.
347 1077 465 1095 meorum
476 1074 563 1095 autem
576 1070 794 1100 necessariorum,
808 1077 902 1095 nomen
916 1069 1001 1094 homi-
1022 1074 1030 1097 κζ

211 1106 252 1132 nis
267 1106 437 1132 audacissimi
452 1106 543 1132 detuli.
577 1106 653 1138 Quod
668 1115 757 1132 meum
773 1106 870 1132 factum
887 1105 1000 1132 lectissi-

211 1143 246 1169 mi
266 1143 316 1169 viri
338 1148 417 1178 atque
439 1144 600 1170 ornatissimi
622 1144 686 1178 (quo
709 1144 736 1170 in
758 1151 869 1169 numero
888 1152 902 1169 e
925 1143 1000 1169 vobis
1022 1158 1023 1161 =

209 1180 360 1215 complures
385 1180 478 1215 fuere.)
501 1181 536 1206 ita
560 1181 716 1215 probarunt.
743 1185 772 1206 ut
794 1181 832 1211 ei.
855 1180 902 1215 qui
921 1181 1000 1206 istius

209 1222 333 1252 quaestor
353 1217 447 1244 fuisset
465 1222 490 1244 et
508 1218 541 1244 ab
559 1219 609 1244 isto
629 1217 716 1244 laesus
738 1218 892 1244 inimicitias
916 1218 1000 1243 iustas
1022 1225 1023 1239 ¹

210 1259 426 1289 persequeretur.
445 1263 496 1281 non
515 1255 593 1282 modo
607 1254 741 1281 deferendi
757 1255 885 1286 nominis.
907 1255 953 1280 sed
969 1263 1000 1280 ne

209 1291 395 1318 subscribendi
413 1292 536 1326 quidem.
557 1301 641 1327 quum
660 1292 687 1318 id
706 1292 864 1327 postularet.
886 1291 1000 1318 facerent

210 1333 375 1363 potestatem.

209 1365 356 1400 profectus:
380 1374 434 1400 quo
448 1366 474 1392 in
490 1367 594 1402 negotio
607 1366 766 1392 industriam
780 1375 866 1392 meam
880 1366 999 1392 celeritas

209 1402 354 1433 reditionis.
370 1403 535 1439 diligentiam
546 1403 689 1430 multitudo
701 1403 845 1429 litterarum
857 1408 881 1429 et
892 1403 999 1429 testium

208 1439 364 1466 declaravit:
381 1441 509 1475 pudorem
521 1449 583 1467 vero
593 1449 623 1467 ac
635 1441 800 1475 religionem,
816 1441 897 1475 quod,
913 1449 999 1475 quum
1020 1456 1022 1463 ·

209 1478 342 1503 venissem
356 1482 460 1504 senator
473 1478 505 1504 ad
519 1479 604 1504 socios
618 1478 711 1512 populi
725 1478 850 1508 Romani,
866 1478 914 1512 qui
928 1478 955 1504 in
969 1485 998 1503 ea

209 1515 343 1548 provincia
357 1520 481 1549 quaestor
496 1515 620 1545 fuissem,
641 1515 674 1541 ad
689 1515 808 1549 hospites
822 1523 895 1541 meos
909 1523 939 1541 ac
953 1523 1000 1541 ne·
1020 1535 1022 1539 .

207 1552 336 1578 cessarios
353 1560 463 1578 caussae
481 1553 631 1579 communis
647 1552 770 1578 defensor
783 1551 883 1578 deverti
899 1553 996 1587 potius.

207 1597 288 1623 quam
303 1588 336 1615 ad
349 1597 402 1619 eos,
418 1590 465 1624 qui
476 1598 489 1615 a
500 1598 542 1616 me
552 1589 683 1616 auxilium
694 1590 862 1624 petivissent.
892 1589 998 1615 Nemini
1020 1606 1022 1619 r

207 1634 284 1652 meus
297 1625 427 1653 adventus
443 1626 524 1653 labori
538 1630 584 1653 aut
597 1627 716 1661 sumptui
731 1635 818 1661 neque
832 1626 939 1660 publice
954 1635 1000 1652 ne-

207 1671 260 1697 que
275 1663 398 1697 privatim
413 1663 472 1690 suit.
503 1664 563 1690 Vim
578 1663 605 1690 in
619 1663 778 1698 inquirendo
792 1667 891 1689 tantam
906 1663 996 1695 habui,
1020 1675 1021 1697 }

207 1704 333 1734 quantam
352 1700 419 1727 mihi
438 1700 482 1727 lex
493 1701 584 1732 dabat,
605 1709 657 1727 non
671 1705 799 1735 quantam
814 1700 911 1726 habere
925 1705 1000 1735 pote-

208 1745 263 1763 ram
278 1736 385 1763 illorum
400 1737 498 1769 studio,
519 1746 587 1773 quos
601 1738 651 1764 iste
665 1741 781 1764 vexarat.
823 1738 864 1763 ⁴7.
888 1738 998 1764 Romam

209 1778 237 1800 ut
251 1782 284 1800 ex
297 1773 388 1801 Sicilia
402 1775 481 1806 redii,
497 1783 582 1810 quum
597 1775 647 1801 iste
661 1779 740 1810 atque
753 1775 833 1801 istius
847 1775 934 1805 amici,
951 1774 1000 1802 ho-

209 1811 293 1837 mines
309 1811 372 1838 lauti
387 1816 412 1838 et
429 1812 537 1843 urbani,
558 1820 694 1838 sermones
712 1811 900 1838 huiuscemodi
917 1812 999 1838 dissi·
1020 1814 1022 1838 l

208 1853 327 1882 passent,
347 1857 401 1883 quo
414 1851 516 1875 animos
531 1850 638 1876 testium
653 1849 827 1880 retardarent,
847 1857 889 1875 me
904 1858 998 1885 magua

208 1885 320 1920 pecunia
338 1894 352 1911 a
370 1894 431 1912 vera
448 1887 614 1913 accusatione
633 1895 690 1912 esse
709 1886 868 1918 deductum;
894 1887 998 1912 tametsi

945 846 1000 871 Mea
1022 847 1031 874 Η

417 1331 457 1355 46.
477 1330 505 1356 In
521 1329 639 1355 Siciliam
658 1338 717 1355 sum
738 1329 891 1364 inquirendi
905 1337 1000 1355 caussa

990 145 1264 172 etet-:ttosts

844 214 974 240 Audit-tur
987 224 1000 241 a
1027 216 1031 240 ἓ
1053 224 1137 241 nnn-an»
1154 215 1231 241 tidem
1246 224 1304 241 ene
1318 220 1343 241 et
1356 215 1531 251 diligentiam.
1553 216 1629 248 Quod
1644 226 1685 243 me
1700 226 1751 244 non
1766 217 1841 245 fefel-

1054 252 1090 277 lit.
1127 253 1191 277 Nam
1205 252 1320 278 comitiis
1335 253 1410 282 meis,
1425 262 1509 288 quum
1525 255 1573 280 iste
1588 255 1688 280 infinita
1704 254 1842 290 largitione

1051 293 1139 314 contra
1151 298 1192 314 me
1205 294 1329 319 uteretur.
1343 289 1459 323 populus
1471 290 1603 317 noman-1„
1615 292 1750 321 iudicavit.
1764 293 1842 319 istiu·

1053 326 1206 360 pecuniam.
1227 335 1296 361 quae
1314 326 1385 360 apud
1405 336 1447 352 me
1465 332 1552 353 contra
1572 328 1650 354 tidem
1670 337 1755 355 meam
1775 329 1841 356 nihil

1053 363 1195 397 [nutrisset.
1211 363 1281 398 apud
1296 372 1324 388 ne
1338 368 1425 389 contra
1441 364 1564 391 honorem
1579 374 1668 391 {neum
1684 366 1749 392 nibil
1765 374 1843 401 poue

1053 400 1158 425 debere.
1198 400 1256 432 Quo
1273 400 1382 434 quidem
1402 401 1444 426 die
1463 402 1578 435 primum
1597 402 1699 428 iudices
1721 403 1792 429 citati
1815 404 1842 430 in

1054 437 1125 462 bunc
1140 445 1214 462 reum
1229 437 1396 467 consedistis.
1412 438 1474 472 quis
1489 443 1540 464 tam
1557 440 1665 473 iniquus
1680 440 1742 465 buic
1756 440 1842 467 ordini

1054 473 1111 503 fuit.
1128 474 1190 508 quis
1205 479 1256 500 tam
1272 483 1400 500 novarum
1416 483 1517 505 rerum,
1534 475 1692 502 iudiciorum
1709 477 1843 504 iudicum-

1052 519 1105 545 que
1119 511 1248 545 cupidus.
1267 512 1314 545 qui
1335 520 1384 537 non
1403 517 1546 546 conspectu
1561 521 1741 548 consessuque
1757 519 1844 541 vestro

1053 547 1282 574 commoveretur?
1301 550 1342 574 20.
1358 549 1446 580 Quum
1462 550 1487 575 in
1502 557 1533 575 eo
1547 554 1632 575 vestra
1647 551 1712 577 mibi
1726 552 1842 586 dignitas

1054 584 1169 612 fructum
1184 585 1336 619 diligentiae
1348 585 1463 616 referret.
1481 586 1506 612 id
1517 595 1577 612 sum
1588 593 1734 618 assecutus.
1752 594 1779 614 ut
1791 597 1842 615 unu

1054 622 1125 652 hora.
1141 632 1193 657 qua
1208 623 1281 657 coepi
1296 623 1391 653 dicere.
1409 632 1452 649 reo
1466 623 1567 654 audaci.
1583 625 1735 658 pecunioso.
1752 625 1843 659 profu-

1053 669 1094 690 so.
1120 660 1221 694 perdito
1239 668 1314 695 spem
1335 660 1426 686 iudicii
1444 661 1630 695 corrumpendi
1650 661 1840 695 praeciderem:

1054 701 1082 722 ut
1106 698 1191 731 primo
1212 697 1255 723 die
1279 698 1385 723 testium
1410 702 1479 723 tanto
1504 706 1614 724 numero
1630 699 1708 724 citato
1726 699 1842 734 populun

1030 759 1031 762 ,
1054 734 1187 760 Romanus
1207 734 1334 760 iudicaret
1353 735 1410 769 ipso
1429 734 1549 761 absoluto
1568 735 1759 770 rempublicam
1773 741 1843 762 sure

1054 780 1104 797 non
1120 780 1210 806 posse:
1227 776 1256 798 ut
1269 771 1334 797 alter
1347 771 1404 797 dics
1418 772 1511 798 amicis
1525 773 1603 798 istius
1617 781 1646 798 ac
1657 772 1842 800 defensoribus

1054 817 1104 835 non
1120 808 1197 835 modo
1210 817 1285 843 spem
1301 809 1436 839 victoriae.
1458 809 1504 835 sed
1523 810 1600 835 etiam
1621 809 1781 836 voluntatem
1795 810 1843 837 de-

1054 845 1181 872 fensionis
1199 845 1327 877 auferrem
1348 850 1376 872 ut
1395 847 1487 872 tertius
1505 846 1562 872 dies
1580 848 1618 872 sie
1634 847 1767 873 hominem
1782 856 1842 882 pm-

1053 887 1192 913 sterneret.
1213 887 1242 909 ut
1257 883 1348 909 morbo
1361 883 1486 909 simulato
1501 892 1564 914 non.
1581 884 1647 918 quid
1662 885 1840 918 responderet.

1053 919 1112 950 sed.
1140 920 1367 954 quemadmodum
1393 929 1443 946 non
1468 921 1649 955 responderet.
1673 921 1840 947 deliberaret.

1054 957 1151 983 Deinde
1167 957 1276 992 reliquis
1291 957 1399 986 diebus.
1421 957 1462 983 his
1475 958 1646 988 criminibus.
1669 958 1710 984 liis
1729 959 1842 985 testibus

1053 999 1077 1020 et
1092 995 1201 1020 urbanis
1215 999 1239 1020 et
1254 994 1462 1028 provincialibus
1476 995 1513 1020 sic
1523 995 1635 1021 obrutus
1644 1000 1723 1030 atque
1732 1004 1843 1030 oppres—

1029 1050 1031 1069 ς
1052 1040 1099 1057 sus
1118 1036 1170 1061 est,
1196 1036 1225 1057 ut
1243 1031 1284 1057 liis
1305 1031 1428 1057 ludorum
1446 1031 1542 1057 diebus
1564 1032 1739 1067 interpositis.
1765 1041 1842 1059 nemo

1053 1069 1133 1094 istum
1144 1068 1415 1102 comperendinatum.
1432 1068 1479 1095 sed
1489 1068 1692 1095 condemnatum
1703 1069 1840 1096 iudicaret.

1053 1106 1118 1132 vlu.
1130 1107 1172 1132 21.
1188 1106 1353 1140 Quapropter
1363 1114 1420 1141 ego,
1435 1105 1507 1140 quod
1519 1106 1550 1132 ad
1563 1115 1604 1132 me
1613 1107 1712 1137 attinet.
1728 1106 1839 1137 iudices.

1053 1143 1118 1169 vici:
1144 1152 1195 1169 non
1210 1143 1280 1168 enim
1295 1142 1379 1177 spolia
1394 1142 1421 1169 C.
1437 1143 1536 1173 verris.
1557 1143 1603 1169 sed
1618 1144 1841 1170 existimationem

1053 1179 1144 1215 populi
1156 1180 1265 1206 Romani
1279 1180 1430 1214 concupivi.
1452 1180 1541 1206 Meum
1556 1180 1606 1207 fuit
1619 1189 1680 1207 cum
1694 1189 1788 1207 caussa
1798 1190 1841 1208 ac-

1051 1218 1144 1243 cedere
1166 1217 1199 1243 ad
1222 1217 1411 1243 accusandum.
1451 1216 1523 1249 Quae
1545 1226 1638 1244 caussa
1662 1217 1712 1244 fuit
1737 1219 1839 1249 iustior.

1051 1263 1132 1289 quam
1147 1263 1160 1280 a
1175 1259 1227 1280 tam
1243 1254 1340 1280 illustri
1355 1255 1490 1289 provincia
1504 1254 1670 1281 defensorem
1680 1256 1805 1282 constitui
1816 1260 1841 1282 et

1028 1296 1029 1316 1
1051 1291 1151 1327 deligi?
1163 1306 1200 1311 —
1213 1291 1375 1326 reipublicae
1388 1291 1535 1318 consulere.
1561 1291 1631 1324 Quid
1646 1293 1696 1318 iam
1712 1292 1841 1327 reipubli-

1050 1337 1095 1355 cae
1110 1329 1261 1359 honestius,
1282 1337 1362 1363 quam
1382 1329 1409 1355 in
1424 1333 1492 1355 tanta
1507 1329 1607 1355 invidia
1621 1329 1780 1356 iudiciorum
1795 1329 1842 1356 ad-

1050 1365 1147 1392 ducere
1165 1365 1313 1396 hominem.
1333 1366 1411 1392 cuius
1429 1365 1596 1392 damnatione
1616 1371 1685 1393 totus
1702 1365 1766 1393 ordo
1779 1375 1841 1393 cum

1051 1403 1150 1438 populo
1160 1403 1277 1429 Romano
1287 1407 1312 1429 et
1322 1403 1348 1429 in
1362 1402 1438 1429 laude
1448 1407 1473 1429 et
1484 1404 1511 1429 in
1525 1404 1607 1439 gratia
1622 1404 1706 1438 possit
1719 1403 1841 1430 esse?—

1051 1440 1188 1466 ostendere
1205 1449 1235 1466 ac
1253 1440 1425 1475 persuadere.
1450 1440 1584 1467 hominem
1603 1445 1739 1468 nocentem
1756 1440 1842 1467 addu-

1050 1482 1123 1504 ctum
1137 1486 1209 1504 esse:
1229 1478 1291 1512 quis
1309 1481 1349 1503 est
1363 1477 1389 1503 in
1405 1477 1503 1512 populo
1516 1478 1645 1508 Romano,
1665 1479 1712 1513 qui
1727 1478 1775 1504 hoc
1789 1487 1840 1505 non

1051 1523 1083 1541 ex
1098 1515 1184 1549 priore
1198 1515 1299 1541 actione
1316 1514 1468 1545 abstulerit,
1489 1516 1609 1541 omnium
1627 1520 1687 1542 ante
1704 1515 1842 1542 damnato-

1050 1561 1110 1578 rum
1124 1551 1236 1582 scelera,
1253 1551 1335 1582 furta,
1352 1551 1458 1587 flagitia.
1474 1552 1497 1578 si
1511 1561 1596 1578 unum
1610 1552 1637 1579 in
1651 1552 1738 1579 locum
1752 1551 1842 1579 confe-

1050 1594 1154 1619 rantur,
1175 1589 1221 1615 vix
1238 1597 1299 1615 cum
1319 1588 1400 1614 huius
1415 1597 1494 1623 parva
1508 1594 1581 1623 parte
1594 1590 1702 1624 aequari
1715 1589 1841 1616 conten-i·

1028 1635 1029 1639 ¹
1049 1634 1102 1660 que
1116 1625 1213 1660 posse?
1231 1627 1273 1652 22.
1288 1625 1349 1656 vos.
1365 1625 1437 1660 quod
1451 1625 1484 1651 ad
1498 1631 1612 1652 vestram
1627 1625 1732 1657 famam,
1748 1627 1841 1653 existi-

208 1922 369 1957 probabatur
382 1924 496 1955 nemini.
512 1923 584 1958 quod
598 1928 622 1949 et
636 1932 669 1950 ex
683 1923 773 1950 Sicilia
787 1927 868 1949 testes
881 1928 955 1950 erant
968 1924 996 1954 ii,
1020 1927 1028 1942 Η

207 1960 255 1994 qui
268 1964 434 1994 quaestorem
449 1969 491 1987 me
505 1961 532 1987 in
546 1961 682 1995 provincia
695 1965 881 1996 cognoverant,
897 1965 922 1987 et
936 1960 999 1987 hinc
1020 1973 1021 1990 i

208 1997 329 2023 homines
343 1999 457 2024 maxime
471 1997 602 2027 illustres.
619 1999 679 2032 qui,
696 2002 725 2024 ut
738 1998 791 2032 ipsi
805 1998 859 2024 noti
872 2002 944 2029 sunt,
960 1999 999 2024 sic

208 2039 327 2060 nostrum
343 2043 426 2061 unum
445 2043 580 2070 quemque
597 2036 696 2069 optime
715 2039 825 2061 norunt:
846 2039 933 2061 tamen
953 2044 999 2062 us-

207 2080 259 2106 que
274 2080 303 2098 eo
318 2072 408 2103 timui.
429 2080 462 2098 ne
479 2072 541 2106 quis
559 2072 592 2098 de
610 2081 667 2098 mea
686 2071 737 2098 fide
755 2077 834 2107 atque
848 2073 998 2108 integritate

207 2109 348 2138 dubitaret,
365 2108 447 2135 donec
461 2109 492 2135 ad
507 2109 664 2135 reiiciendos
678 2109 781 2135 iudices
796 2110 928 2136 venimus.

263 2146 317 2171 Vll.
346 2146 467 2172 Sciebam
485 2147 512 2172 in
531 2146 682 2172 reiiciendis
701 2146 836 2172 iudicibus
855 2146 997 2173 nonnullos

208 2183 333 2209 memoria
352 2188 439 2209 nostra
457 2183 586 2218 pactionis
609 2183 790 2218 suspicionem
813 2192 866 2210 non
887 2184 995 2215 vitasse,

207 2228 291 2254 quum
306 2221 364 2255 ipsa
378 2221 406 2246 in
419 2221 586 2246 accusatione
600 2229 691 2247 eorum
703 2220 834 2247 industria
844 2229 873 2247 ac
883 2221 999 2257 diligen-

207 2331 264 2357 mili
283 2331 423 2366 splendore
442 2336 467 2358 et
485 2331 612 2368 dignitate
625 2331 766 2358 consilium
782 2331 887 2358 nullum
903 2331 996 2358 fuisse.
1020 2339 1021 2342 ’

1051 1663 1192 1689 mationem
1210 1662 1378 1697 salutemque
1395 1671 1564 1689 communem
1583 1663 1707 1698 pertinet.
1727 1663 1838 1693 iudices.

1052 1700 1195 1735 prospicite
1208 1704 1288 1734 atque
1301 1699 1440 1726 consulite.
1481 1699 1613 1735 Splendor
1626 1705 1713 1727 vester
1726 1700 1796 1731 facit.
1812 1706 1840 1727 ut

1050 1745 1157 1772 peccare
1174 1737 1232 1763 sine
1250 1745 1357 1763 summo
1375 1736 1537 1771 reipublicae
1554 1737 1712 1764 detrimento
1728 1746 1757 1764 ac
1771 1738 1841 1773 peri-

1049 1774 1110 1801 culo
1123 1782 1176 1800 non
1190 1774 1308 1809 possitis.
1349 1774 1406 1800 Non
1420 1774 1491 1800 enim
1506 1779 1592 1809 potest
1605 1783 1710 1809 sperare
1724 1774 1841 1810 populus

1049 1812 1198 1841 Romanus,
1219 1819 1278 1837 esse
1291 1810 1356 1837 alios
1370 1811 1398 1837 in
1412 1815 1518 1841 senatu.
1538 1812 1585 1847 qui
1600 1816 1669 1838 recte
1682 1812 1786 1847 possint
1798 1812 1841 1838 iu-

1050 1848 1149 1879 dicare,
1167 1857 1214 1874 vos
1227 1849 1250 1874 si
1266 1856 1316 1874 non
1331 1848 1480 1883 potueritis
1520 1849 1634 1875 Necesse
1647 1853 1694 1878 est.
1709 1857 1794 1884 quum
1807 1849 1840 1875 de

1020 1891 1029 1911 Ἃ
1050 1890 1103 1912 toto
1120 1885 1212 1912 ordine
1229 1885 1389 1920 desperarit.
1409 1885 1482 1911 aliud
1499 1894 1585 1921 genus
1604 1886 1743 1913 hominum
1761 1891 1840 1921 atque

1050 1922 1129 1948 aliam
1153 1923 1280 1949 rationem
1301 1922 1463 1949 iudiciorum
1487 1923 1612 1958 requirat.
1652 1923 1706 1950 Hoc
1723 1923 1745 1950 si
1765 1923 1840 1950 vobis

1049 1959 1110 1986 ideo
1124 1959 1209 1986 levius
1223 1959 1342 1991 videtur,
1364 1959 1436 1994 quod
1454 1961 1554 1994 putatis
1567 1969 1635 1986 onus
1649 1968 1708 1986 esse
1720 1969 1801 1996 grave
1815 1965 1840 1987 et

1049 1996 1263 2027 incommodum,
1278 1996 1410 2023 iudicare:
1430 1996 1578 2033 intelligere
1591 1997 1707 2028 debetis,
1723 1998 1840 2032 primum

1020 2039 1021 2047 ¹
1049 2035 1190 2065 interesse,
1210 2038 1301 2060 utrum
1315 2033 1343 2060 id
1356 2042 1424 2060 onus
1438 2039 1541 2060 vosmet
1554 2034 1606 2069 ipsi
1620 2035 1776 2065 reieceritis,
1796 2043 1838 2064 an.

1048 2071 1122 2113 quod
1139 2071 1250 2106 probare
1268 2070 1368 2106 populo
1380 2071 1497 2097 Romano
1515 2071 1594 2097 fidem
1613 2076 1727 2098 vestram
1741 2076 1767 2098 et
1779 2071 1841 2098 reli-

1020 2123 1028 2143 1,
1048 2117 1154 2144 gionem
1173 2117 1225 2135 non
1244 2108 1395 2143 potueritis.
1420 2116 1451 2135 eo
1474 2108 1550 2135 vobis
1572 2108 1707 2135 iudicandi
1725 2113 1840 2143 potestas

1019 2138 1028 2176 ἦ
1049 2150 1137 2180 erepta
1151 2146 1194 2172 sit.
1234 2145 1334 2172 Deinde
1347 2146 1426 2172 etiam
1441 2144 1509 2172 illud
1521 2146 1642 2181 cogitate,
1658 2150 1757 2180 quanto
1770 2146 1840 2181 peri-

1048 2183 1110 2209 culo
1121 2183 1225 2209 venturi
1236 2183 1323 2208 simus
1333 2182 1366 2208 ad
1377 2190 1422 2209 eos
1430 2182 1542 2213 iudices.
1554 2191 1622 2218 quos
1632 2187 1738 2218 propter
1747 2182 1838 2209 odium

1026 2231 1028 2241 ι
1049 2221 1130 2246 vestri
1148 2219 1265 2254 populus
1279 2220 1414 2246 Romanus
1431 2219 1465 2246 de
1482 2219 1558 2246 vobis
1577 2219 1690 2246 voluerit
1711 2219 1837 2246 iudicare.

208 2257 242 2283 tia
257 2257 421 2291 probaretur.
453 2259 492 2283 ⁴8.
508 2258 545 2284 lta
558 2258 636 2284 reieci
650 2257 762 2289 iudices,
778 2262 808 2284 ut
822 2258 871 2284 hoc
883 2263 994 2289 constet,
1048 2259 1090 2284 23.
1106 2257 1205 2283 Verum
1223 2257 1299 2283 vobis
1317 2256 1402 2283 dicam
1421 2256 1462 2287 id,
1483 2257 1555 2292 quod
1572 2255 1705 2286 intellexi.
1726 2256 1837 2283 iudices.

207 2299 265 2329 post
281 2294 351 2320 hunc
365 2299 462 2321 statum
477 2294 651 2329 reipublicae,
672 2303 726 2330 quo
740 2303 811 2321 nunc
826 2296 940 2326 utimur,
961 2296 999 2322 si-
1020 2292 1028 2328 1ζ
1048 2294 1174 2320 Homines
1193 2294 1285 2320 scitote
1303 2302 1361 2320 esse
1378 2293 1522 2329 quosdam.
1541 2302 1610 2329 quos
1628 2298 1730 2320 tantum
1747 2293 1838 2320 odium

1049 2332 1131 2358 nostri
1145 2330 1247 2357 ordinis
1262 2335 1359 2362 teneat.
1380 2335 1410 2357 ut
1423 2330 1473 2357 hoc
1486 2330 1572 2366 palam
1586 2331 1638 2357 iam
1658 2329 1790 2361 dictitent.
1810 2339 1839 2357 se

207 2368 292 2400 Quam
310 2369 360 2395 iste
378 2368 483 2395 laudem
501 2377 670 2395 communem
689 2369 724 2395 ait
737 2369 789 2395 sibi
804 2377 862 2396 esse
876 2378 996 2396 mecum:
1020 2378 1028 2402 η
1048 2369 1145 2398 istum.
1165 2376 1247 2402 quem
1265 2368 1350 2394 sciant
1367 2376 1426 2394 esse
1443 2367 1578 2394 hominem
1596 2367 1836 2402 improbissimum.

207 2406 268 2440 qui,
284 2414 369 2440 quum
383 2406 412 2432 P.
428 2405 540 2432 Galbam
554 2406 670 2432 iudicem
685 2407 832 2437 reiecisset,
848 2407 884 2433 M.
900 2407 999 2433 Lucre·
1020 2400 1029 2451 l*
1049 2405 1098 2432 hoc
1112 2413 1166 2431 uno
1184 2405 1290 2431 nomine
1308 2404 1410 2431 absolvi
1431 2404 1510 2435 velle¹
1531 2409 1561 2431 ut.
1578 2404 1611 2431 ab
1629 2409 1723 2430 senatu
1740 2404 1838 2431 iudicia

207 2443 275 2468 tium
289 2443 410 2476 retinuit3
430 2447 467 2474 et.
487 2452 572 2478 quum
586 2444 644 2470 eius
657 2448 783 2478 patronus
798 2452 831 2470 ex
844 2452 874 2470 eo
887 2451 999 2478 quaere-
1020 2440 1029 2484 Πἰ
1049 2451 1097 2477 per
1113 2442 1288 2478 ignominiam
1307 2441 1554 2476 turpitudinemque
1567 2440 1730 2468 auferantur.
1770 2441 1838 2468 Haec

209 2484 259 2509 ret.
279 2488 326 2505 cur
344 2489 406 2506 suos
425 2479 660 2511 familiarissimos,
681 2480 743 2506 Sex.
763 2480 944 2511 Peducaeum,
965 2480 995 2512 Q.
1020 2474 1028 2523 ll
1049 2488 1104 2510 me,
1124 2479 1240 2509 iudices,
1261 2478 1385 2514 pluribus
1403 2478 1492 2504 verbis
1509 2478 1649 2504 vobiscum
1663 2486 1741 2514 agere
1753 2479 1838 2514 coegit

208 2553 280 2587 quod
298 2562 342 2579 eos
360 2554 386 2579 in
405 2554 547 2580 iudicando
565 2555 679 2581 nimium
697 2555 741 2580 sui
759 2554 826 2580 iuris
839 2555 998 2580 sententiae-

209 2515 373 2547 Considium,
389 2516 420 2549 Q.
436 2517 544 2543 lunium
557 2518 630 2543 reiici
644 2526 741 2552 passus
754 2522 834 2548 esset,
850 2517 995 2552 respondit.
1020 2525 1029 2568 μ

1026 2558 1028 2568 l

1020 2571 1028 2596 ll

208 2598 261 2624 que
274 2596 451 2624 cognosceret.
482 2593 522 2617 49.
538 2592 628 2626 Itaque
641 2591 777 2617 iudicibus
791 2591 894 2617 reiectis
906 2599 998 2626 spera·
1019 2597 1027 2631 J}

1026 2647 1027 2651 ,
1047 2628 1122 2654 illius
1135 2626 1279 2653 eonsilium
1292 2630 1346 2652 tam
1359 2630 1467 2660 repente
1481 2634 1539 2652 esse
1553 2631 1694 2653 mutatum.

209 2626 279 2657 bam,
295 2627 347 2652 iam
360 2635 428 2653 onus
443 2636 532 2654 meum
547 2628 686 2654 vobiscum
700 2636 758 2654 esse
771 2636 922 2654 commune.
944 2628 997 2654 Pu-
1019 2655 1021 2665 Ι

209 2663 295 2689 tabam
311 2672 363 2690 non
377 2664 463 2690 solum
478 2665 560 2692 notis.
580 2665 627 2691 sed
645 2666 723 2691 etiam
743 2666 840 2700 ignotis
860 2665 995 2699 probatam
1018 2678 1021 2687 ·

1049 2525 1100 2543 nou
1112 2517 1191 2542 timor
1203 2524 1281 2542 meus
1293 2515 1327 2542 de
1340 2519 1427 2541 vestra
1441 2514 1505 2545 fide,
1525 2515 1573 2541 sed
1590 2524 1652 2550 spes
1669 2515 1775 2542 illorum
1791 2524 1838 2542 no-

1048 2562 1093 2584 va.
1115 2561 1184 2588 quae
1201 2561 1288 2588 quum
1301 2553 1408 2579 Verrem
1426 2560 1440 2578 a
1458 2556 1532 2587 porta
1551 2553 1640 2579 subito
1656 2552 1689 2578 ad
1706 2552 1837 2579 iudicium

1048 2591 1213 2621 retraxisset.
1234 2589 1356 2616 nonnulli
1373 2589 1502 2623 suspicati
1520 2594 1583 2616 sunt
1595 2584 1654 2616 'uon
1671 2590 1730 2615 sine
1743 2597 1836 2616 caussa

1101 2664 1147 2691 tx.
1167 2664 1209 2690 ΞΑ.
1233 2664 1322 2693 Nunc.
1347 2671 1380 2689 ne
1401 2671 1469 2689 novo
1485 2663 1666 2698 querimoniae
1683 2671 1780 2699 genere
1797 2664 1835 2690 uti
