1941 3052
201 142 247 167 :itt
777 144 815 167 25⁵,
851 142 884 167 M.
920 142 948 167 T,
979 141 1254 168 ctutilioxts

200 211 268 237 xlv.
281 214 322 238 32.
340 212 435 237 vorum
451 211 601 237 monna-ul«-
616 211 673 241 hoc,
691 211 802 241 iudices,
818 211 915 237 «liram.
938 212 992 237 Mt·-

201 249 265 274 rnini
282 248 449 283 l’nniphilutn
466 249 679 283 Lilylunvlnnum.
707 249 838 282 hospitoni
859 257 946 274 mcum
966 253 992 274 et

200 286 325 314 nmirum.
343 285 457 311 nobilem
474 286 615 314 hominvm,
633 285 697 311 inihi
713 294 826 315 narrare,
842 294 927 320 qiium
942 286 991 311 iste

200 323 233 348 uh
247 332 305 348 »seso
320 322 450 357 hydriam.
468 322 556 348 lim-llil
573 331 651 347 mann
665 321 768 351 sactum,
786 322 919 356 praeclaro
928 331 992 357 ope-

201 368 227 385 r(-
241 365 265 385 ct
279 360 373 392 grandi
390 359 517 393 pondere,
539 368 584 392 per
599 363 752 392 [mennatem
768 359 938 389 abstulisset,
962 369 991 385 ne

200 405 262 422 nnn«-
278 397 376 422 tristem
393 401 416 421 ct
430 396 614 421 conturbatum
629 396 738 422 (lonium
755 397 903 427 revertisse,
919 397 991 432 quod
1012 423 1013 427 ,

201 442 246 459 vas
261 433 405 462 eiusmodi.
429 433 500 467 quod
515 433 566 458 sihi
581 441 593 457 a
610 437 681 467 patre
696 437 721 458 et
734 442 747 459 a
763 434 908 459 maioribus
923 439 992 460 essct
1012 442 1014 446 ’

201 470 334 499 relictum,
351 478 403 504 qim
417 470 512 495 solitus
526 474 596 495 «essct
611 470 648 496 uti
663 470 694 495 nd
711 470 791 496 tostos
805 471 876 501 dics,
897 471 929 497 ad
945 471 992 498 ho-

199 507 299 541 spitum
315 506 472 536 adventum.
488 515 501 532 a
516 515 544 532 se
558 511 628 533 esset
641 507 769 533 ablatum.

199 581 314 615 scyphos
332 580 462 613 sigillatos
476 581 508 606 ad
523 586 669 615 praetorem
684 582 773 608 statim
788 582 888 609 afferre.
930 583 991 609 Pcr-

200 623 286 644 motus
304 626 378 647 snm,
405 618 505 652 inquit:
534 618 611 645 binos
634 618 779 645 habebam:
808 620 888 646 iubeo
907 621 990 654 promi

200 659 334 689 utrosque,
351 663 383 680 m·
397 655 462 689 quid
479 655 540 689 plus
554 655 616 682 mali
631 661 791 687 nasceretur,
807 662 832 683 et
843 666 947 683 mecum
959 657 990 683 ad

198 692 326 726 praetoris
340 691 449 718 domum
466 692 536 719 ferri.
559 693 597 719 Eo
610 701 695 728 quum
710 694 780 724 veni,
797 699 900 729 praetor
913 695 992 729 quis

197 729 299 755 scebat:
317 728 409 755 tratres
424 729 462 756 illi
478 730 616 765 Cibyratae
631 730 841 758 inambulahant.
872 731 932 764 Qui,
949 740 991 758 me

197 766 244 792 uhi
260 766 397 792 viderunt:
414 766 460 793 ubi
474 772 546 798 sunt,
562 768 709 802 Pamphile,
726 768 861 803 inquiunt.
878 769 992 805 scyphi?

197 803 315 830 ostendo
330 803 426 830 tristis:
444 803 564 831 laudant:
582 806 681 840 incipio
694 807 769 840 queri
781 815 823 832 me
835 806 900 833 nihil
914 806 991 832 habi-

198 840 301 871 turum,
322 841 394 875 quod
413 840 528 868 alicuius
545 846 615 869 esset
633 843 724 877 pretii,
750 843 774 869 si
796 845 875 870 etiam
894 844 990 879 scyphi

197 882 287 904 essent
300 877 390 904 ablati.
417 879 484 905 Tum
499 879 548 910 illi,
565 880 611 906 ubi
625 889 668 906 me
681 880 867 907 conturbatum
884 881 988 907 vident:
1012 878 1013 887 ¹

196 917 259 948 quid
276 918 315 941 vis
332 917 404 942 nobis
421 918 496 943 dare.
516 922 542 943 ut
562 919 604 943 ian·
621 919 667 944 abs
681 922 703 944 te
716 927 746 943 ne
758 918 932 951 auferantur?
953 919 990 944 Ne

197 952 290 983 multa,
307 953 442 979 sestertios
452 961 483 979 cc
494 962 544 984 me,
562 954 657 989 inquit,
674 960 865 989 poposcerunt:
881 955 937 982 dixi
949 964 990 982 me
1012 967 1013 970 ¹

196 989 323 1016 daturum
341 998 365 1016 e.
407 990 487 1017 Vocat
504 992 602 1017 interca
622 996 738 1026 praetor:
759 993 875 1028 scyphos
894 994 988 1027 poscit.

196 1027 264 1053 Tum
276 1026 336 1053 illos
346 1028 467 1062 coepisse
477 1029 588 1062 praetori
599 1028 695 1059 dicero,
709 1034 816 1064 putasse
827 1039 864 1061 se,
880 1031 907 1056 id
918 1030 989 1065 quod
1012 1027 1013 1035 ¹

196 1063 343 1095 audissent,
359 1064 474 1091 alicuius
489 1066 566 1100 pretii
580 1067 696 1101 scyphos
711 1075 769 1093 esse
784 1067 931 1102 Pamphili:
949 1067 991 1094 lu-
1011 1064 1013 1075 ¹

197 1106 268 1127 teum
284 1102 419 1137 negotium
434 1111 507 1129 esse:
527 1112 579 1129 non
597 1103 724 1139 dignum,
744 1104 816 1139 quod
836 1105 862 1131 in
881 1113 931 1131 suo
948 1114 990 1131 ar-

195 1143 275 1173 gento
288 1139 382 1165 Verres
397 1139 513 1166 haberet.
544 1140 587 1167 Ait
602 1140 655 1171 illo.
673 1141 742 1167 idem
757 1142 809 1168 sibi
825 1142 918 1168 videri.
953 1142 988 1168 Ita

196 1175 352 1210 Pamphilus
366 1177 482 1212 scyphos
495 1178 610 1212 optimos
624 1178 718 1204 aufert.
742 1181 782 1205 33.
795 1179 827 1205 Et
838 1179 989 1206 mehercule

195 1221 245 1249 ego
258 1217 342 1244 antea,
360 1214 463 1240 tametsi
479 1214 527 1241 hoc
541 1215 631 1241 nescio
644 1215 719 1250 quid,
736 1217 906 1251 nugatorium
921 1217 990 1243 scie-

196 1250 256 1277 bam
280 1259 347 1282 esse,
375 1251 423 1277 ista
446 1251 608 1287 intelligere:
634 1257 721 1279 tamen
745 1254 834 1279 mirari
859 1253 986 1285 solebam,

196 1288 277 1314 istum
301 1288 327 1314 in
353 1288 395 1314 his
417 1289 484 1323 ipsis
507 1290 587 1315 rebus
610 1289 727 1324 aliquem
751 1299 861 1316 sensum
880 1291 986 1322 habere,

194 1333 275 1360 quem
293 1326 388 1351 scirem
408 1325 481 1352 nulla
500 1327 526 1352 in
547 1335 573 1353 re
591 1327 740 1362 quidquam
759 1328 848 1354 simile
871 1328 988 1355 hominis

195 1362 302 1388 habere.
342 1362 401 1389 XV.
426 1363 493 1389 Tum
512 1364 630 1398 primum
649 1364 782 1396 intellexi,
809 1365 842 1391 ad
860 1374 917 1392 eam
932 1374 987 1392 rem

194 1400 259 1426 istos
278 1399 372 1426 fratres
386 1400 524 1436 Cibyratas
539 1400 635 1432 fuisse,
656 1405 686 1428 ut
699 1402 749 1428 iste
762 1403 789 1428 in
805 1402 918 1429 furando
932 1411 989 1429 ma-

194 1437 274 1463 nibus
289 1438 355 1468 suis,
371 1437 457 1464 oculis
471 1437 579 1465 illorum
593 1443 721 1465 uteretur.
752 1439 787 1466 At
800 1440 835 1466 ita
849 1440 988 1467 studiosus

193 1479 233 1500 est
257 1474 339 1500 huius
362 1474 511 1509 praeclarae
533 1476 752 1508 existimationis,
778 1481 806 1503 ut
829 1482 938 1512 putetur
960 1478 987 1504 in

193 1511 266 1537 hisce
281 1511 360 1538 rebus
375 1512 528 1548 intelligens
542 1522 609 1544 esse,
627 1518 655 1539 ut
665 1513 860 1549 nuper(videte
871 1514 988 1541 hominis

192 1548 346 1583 amentiam)
364 1553 536 1585 posteaquam
555 1555 596 1577 est
612 1551 877 1586 comperendinatus,
902 1561 987 1587 quum

192 1586 245 1612 iam
260 1594 307 1620 pro
320 1586 446 1614 damnato
459 1591 616 1623 mortuoque
630 1593 713 1620 esset,
730 1589 802 1616 ludis
817 1589 987 1616 Circensibus

192 1632 270 1650 mane
288 1624 359 1658 apud
378 1624 408 1651 L.
428 1624 581 1656 Sisennam,
603 1626 690 1652 virum
710 1627 880 1661 primarium,
900 1635 986 1662 quum

192 1665 282 1687 essent
299 1660 414 1688 triclinia
432 1666 512 1689 strata
526 1667 721 1698 argentumque
735 1665 887 1699 expositum
902 1665 929 1691 in
943 1672 987 1691 ae-

191 1697 287 1729 dibus;
302 1707 397 1733 quum,
413 1708 461 1734 pro
470 1700 598 1735 dignitate
610 1700 640 1726 L.
652 1699 789 1732 Sisennae,
806 1701 902 1728 domus
916 1706 986 1728 esset

192 1734 271 1769 plena
286 1735 426 1762 hominum
441 1736 704 1768 honestissimorum,
721 1739 832 1764 accessit
845 1738 877 1764 ad
892 1747 987 1774 argen-

192 1778 258 1803 tum,
274 1773 447 1807 contemplari
462 1782 546 1800 unum
560 1774 688 1809 quodque
701 1775 784 1802 otiose
797 1780 823 1802 et
835 1776 987 1802 considera-

192 1817 219 1835 re
232 1810 328 1844 coepit.
358 1810 447 1836 Mirari
461 1811 601 1838 stultitiam
615 1811 670 1843 alii,
686 1811 758 1847 quod
772 1813 800 1839 in
815 1813 874 1848 ipso
886 1813 987 1840 iudicio

192 1847 250 1873 eius
268 1847 355 1881 ipsius
374 1848 542 1882 cupiditatis,
562 1849 640 1875 cuius
659 1849 874 1881 insimularetur,
894 1851 986 1885 suspi-

191 1884 295 1910 cionem
309 1889 432 1920 augeret;
453 1885 500 1912 aiii
513 1886 665 1918 amentiam,
681 1887 726 1913 cui
739 1887 982 1922 comperendinato,

191 1929 276 1956 quum
291 1925 344 1947 tam
359 1921 437 1948 multi
451 1926 530 1949 testes
543 1923 688 1954 dixissent,
712 1924 862 1959 quidquam
877 1925 984 1952 illorum

191 1959 294 1984 veniret
311 1959 338 1984 in
358 1965 484 1986 mentem.
525 1960 601 1987 Pueri
619 1965 709 1987 autem
728 1961 870 1992 Sisennae,
895 1962 982 1994 credo,

190 1995 237 2030 qui
253 1995 433 2027 audivissent,
453 2005 522 2032 quae
540 1998 567 2024 in
585 1998 668 2024 istum
686 1999 837 2026 testimonia
855 1999 924 2026 dicta
942 2008 985 2026 es·
1005 2020 1007 2024 ,

190 2037 262 2063 sent,
283 2032 374 2060 oculos
388 2033 421 2060 de
435 2034 486 2061 isto
499 2043 632 2070 nusquam
647 2035 773 2068 deiicere,
794 2045 882 2071 neque
896 2037 929 2063 ab
943 2045 985 2063 ar-

190 2074 270 2105 gento
283 2070 400 2106 digitum
414 2071 559 2098 discedere.
601 2073 642 2099 34.
663 2073 711 2099 Est
724 2073 786 2100 boni
800 2074 907 2105 iudicis,
923 2083 985 2109 par-

191 2107 232 2133 vis
250 2115 284 2134 ex
301 2108 381 2134 rebus
399 2109 577 2136 coniecturam
597 2109 681 2136 facere
700 2111 782 2137 unius
803 2112 937 2146 cuiusque
959 2116 984 2138 et

189 2144 344 2179 cupiditatis
363 2149 389 2171 et
402 2146 617 2173 incontinentiae.
657 2146 709 2179 Qui
723 2157 785 2174 reus
799 2153 824 2175 et
837 2157 899 2175 reus
914 2148 980 2185 lege,

189 2182 449 2216 comperendinatus,
466 2192 494 2210 re
507 2188 533 2210 et
545 2184 671 2219 opinione
685 2185 825 2212 hominum
840 2194 923 2221 paene
937 2186 985 2212 da-
1012 2198 1014 2220 χ

1012 2242 1013 2249 ,
1035 2223 1209 2258 cupiditatem
1227 2223 1286 2249 eius
1304 2224 1455 2258 perspicere
1477 2224 1597 2258 possitis.

189 2224 310 2251 Innatus,
331 2220 383 2246 sibi
398 2219 410 2230 “
428 2225 575 2256 temperare
593 2230 646 2248 non
660 2223 775 2257 potuerit
788 2224 907 2250 maximo
920 2232 985 2250 con—

191 2260 285 2287 ventu,
301 2257 367 2292 quin
381 2257 411 2284 L.
427 2257 556 2285 Sisennae
569 2264 708 2294 argentum
723 2264 844 2286 tractaret
857 2265 882 2287 et
895 2261 985 2287 consi-

189 2292 306 2325 deraret;
331 2294 404 2321 hunc
418 2295 446 2321 in
460 2296 596 2330 provincia
609 2302 757 2331 praetorem
772 2298 918 2333 quisquam
932 2306 985 2333 pu-

190 2330 255 2357 tabit
265 2340 279 2357 a
290 2330 442 2359 Siculorum
453 2338 562 2368 argento
573 2334 747 2369 cupiditatem
756 2339 803 2361 aut
812 2344 908 2362 manus
921 2335 984 2362 abs-

190 2368 272 2394 tinere
286 2369 425 2403 potuisse?

242 2405 312 2432 XVI.
333 2407 374 2432 35.
393 2407 506 2438 Verum,
527 2408 565 2434 uti
580 2408 751 2444 Lilybaeum,
771 2408 844 2435 unde
856 2408 983 2445 degressa

190 2446 243 2471 est,
262 2443 345 2469 oratio
362 2449 520 2475 revertatur,
541 2444 644 2472 Diocles
663 2450 716 2477 est,
736 2445 871 2481 Pamphili
888 2455 980 2482 gener,

191 2477 277 2510 illius,
295 2488 308 2505 a
322 2489 376 2514 quo
390 2481 484 2516 hydria
498 2481 584 2508 ablata
598 2487 650 2513 est,
666 2483 798 2518 Popillius
812 2484 980 2519 cognomine.

190 2515 230 2541 Ab
248 2515 297 2542 hoc
314 2517 388 2544 abaci
406 2527 467 2545 vasa
481 2519 584 2550 omnia,
604 2524 635 2546 ut
647 2520 768 2554 exposita
781 2520 900 2552 fuerant,
920 2520 983 2547 abs-

191 2551 260 2578 tulit.
303 2553 375 2580 Dicat
390 2554 451 2581 licet
464 2564 492 2582 se
506 2556 618 2583 emisse:
635 2557 733 2583 etenim
747 2557 791 2583 hic
805 2562 912 2592 propter
925 2566 983 2584 ma-

188 2589 357 2624 gnitudinem
368 2590 431 2618 furti
444 2597 516 2623 sunt,
533 2597 563 2620 ut
573 2593 675 2628 opinor,
697 2593 798 2620 litterae
812 2594 909 2621 sactae:
925 2595 982 2621 ius-

189 2626 224 2652 sit
241 2626 436 2654 Timarchidem
459 2630 598 2656 aestimare
619 2635 770 2666 argentum.
810 2631 868 2663 Quo
886 2631 983 2658 modo?

810 507 899 540 Quum
914 508 992 534 sede·
1012 512 1013 522 ¹

200 553 263 572 rvm.
281 544 375 578 inquit,
392 543 463 569 domi
477 544 567 574 tristis.
584 545 695 570 accurrit
707 545 849 571 Venerius:
866 545 939 572 iubet
950 554 991 572 me
1012 543 1014 548 ’

1043 212 1202 237 aestimavit.
1237 212 1352 239 Tametsi
1368 213 1525 239 iamdudum
1540 222 1606 244 erro,
1622 215 1669 249 qui
1684 219 1737 241 um
1752 215 1836 242 multo

1019 241 1021 254 v,
1043 248 1074 274 dc
1089 249 1142 274 tuis
1156 249 1338 283 emptionibus
1354 250 1432 276 verba
1448 250 1540 277 faciam
1555 256 1580 277 et
1593 260 1728 286 quaeram,
1746 257 1835 279 utrum

1043 286 1153 315 emeris,
1179 291 1203 312 ct
1221 286 1355 320 quomodo
1372 291 1397 313 et
1415 289 1508 322 quanti
1526 289 1636 314 emeris:
1664 288 1736 323 quod
1756 290 1836 316 verbo

1044 323 1187 357 transigere
1202 332 1321 357 possum.
1352 324 1406 350 Ede
1421 325 1486 351 mihi
1501 326 1639 360 scriptum.
1655 326 1721 361 quid
1735 328 1835 361 argenti

1044 361 1069 385 in
1086 360 1219 394 provincia
1234 360 1325 386 Sir-ilia
1340 362 1449 395 pararis,
1467 362 1536 388 unde
1550 363 1671 397 quidque
1685 368 1729 389 aut
1743 364 1835 398 quami

1043 397 1149 423 emeris.
1191 399 1231 422 36.
1251 397 1321 429 Quid
1337 398 1383 424 lits!
1399 407 1562 434 quamquam
1578 409 1629 426 non
1643 400 1773 427 debebam
1787 410 1837 436 ego

1043 434 1090 459 abs
1105 438 1129 459 tc
1146 434 1192 460 has
1208 434 1307 460 litteras
1322 443 1442 469 poscere:
1460 445 1501 462 me
1515 437 1586 463 enim
1601 437 1704 463 tabulas
1720 443 1779 464 tuus
1790 438 1837 464 he-

1044 471 1104 497 bere
1123 476 1148 497 et
1166 471 1282 505 proferre
1299 472 1445 506 oportebat.
1487 473 1580 500 Verum
1600 483 1680 509 negas
1699 479 1722 501 tc
1741 475 1836 501 horum

1043 517 1172 534 annorum
1187 508 1289 543 aliquid
1302 509 1459 536 confecisse.
1481 510 1614 545 Compone
1629 512 1685 542 hoc.
1701 512 1774 547 quod
1788 521 1836 546 po-

1043 545 1126 575 stulo.
1146 545 1179 571 dc
1193 551 1315 581 argento:
1339 546 1372 573 de
1387 547 1491 582 reliquo
1506 547 1606 574 videro.
1648 549 1698 575 Sec
1711 553 1836 582 scriplum

1043 584 1132 611 habco,
1153 592 1196 608 nec
1213 593 1315 616 'tomam
1333 586 1413 610 edere.
1454 584 1525 616 Quid
1545 584 1665 612 futurum
1684 586 1765 639 igitur
1778 585 1837 613 est?

1043 619 1112 651 Quid
1131 620 1270 646 existimas
1289 621 1368 647 hosce
1391 621 1494 648 iudices
1513 621 1598 648 facere
1616 631 1707 657 posse.
1737 624 1836 650 Domus

1045 657 1120 691 plena
1144 658 1281 693 signorum
1306 658 1547 692 pulcherrimorum
1569 660 1621 685 iam
1650 658 1748 696 [etiam]
1776 665 1836 687 ante

1044 699 1208 729 praeturam:
1232 694 1314 721 multa
1329 695 1361 721 ad
1378 696 1454 722 villas
1469 701 1527 722 tuas
1542 697 1635 731 posita,
1651 697 1723 732 apud
1737 698 1836 724 amieo·

1043 731 1125 758 multa
1140 731 1269 766 deposita,
1286 733 1368 759 multa
1383 733 1443 759 aliis
1457 733 1516 760 data
1531 739 1610 768 atque
1623 734 1732 761 donata:
1758 735 1836 761 tabu-

1043 768 1081 794 lae
1096 768 1200 795 nullum
1217 770 1334 796 indicant
1346 775 1478 805 emptum.
1511 770 1597 797 Omne
1610 776 1748 807 argentum
1762 771 1837 798 abla-

1043 811 1098 832 tum
1117 815 1149 833 ex
1164 806 1254 833 Sicilia
1272 812 1325 833 est:
1347 807 1414 834 nihil
1432 808 1572 843 cuiquam.
1593 809 1665 843 quod
1683 817 1763 836 suurn
1781 809 1835 836 dici

1043 843 1130 874 vellet,
1147 844 1279 870 relictum.
1314 845 1437 880 fingitur
1451 846 1571 880 improba
1585 845 1714 876 defensio,
1731 851 1835 881 praeto-

1042 889 1097 907 rem
1115 890 1193 907 omne
1212 881 1238 907 id
1257 887 1396 917 argentum
1415 884 1558 909 coemisse:
1585 887 1671 909 tamen
1695 883 1721 909 id
1745 884 1834 918 ipsum

1042 917 1141 944 tabulis
1155 918 1329 945 demonstrari
1346 928 1396 946 non
1411 924 1506 954 potest.
1528 920 1555 946 Si
1571 929 1638 955 quas
1654 920 1758 946 tabulas
1773 929 1835 956 pro-

1043 954 1108 986 fers,
1125 956 1151 982 in
1167 955 1222 985 his.
1238 964 1306 990 quae
1321 956 1416 988 habes,
1432 957 1566 992 quomodo
1581 957 1688 989 babeas,
1704 959 1834 993 scriptum

1042 1002 1094 1019 non
1113 997 1161 1019 est.
1203 993 1301 1019 llorum
1320 999 1409 1020 antem
1429 999 1592 1029 temporum.
1612 1003 1697 1029 quum
1712 1000 1736 1021 te
1750 995 1836 1030 pluri-

1041 1038 1098 1056 mas
1112 1038 1154 1056 res
1168 1031 1266 1057 emisse
1279 1030 1356 1061 dicis.
1374 1031 1478 1058 tabulas
1492 1032 1600 1058 omnino
1614 1032 1702 1058 nullas
1716 1031 1832 1067 profers:

1042 1075 1128 1093 nonne
1143 1072 1167 1094 te
1180 1072 1206 1093 ct
1220 1067 1329 1102 prolatis
1343 1073 1368 1094 et
1383 1077 1434 1095 non
1446 1068 1554 1103 prolatis
1565 1069 1664 1096 tabulis
1674 1069 1835 1096 condemna-

1041 1105 1062 1130 ri
1077 1112 1186 1130 necesse
1200 1104 1257 1131 est?
1282 1105 1361 1132 xvss.
1377 1107 1418 1132 37.
1434 1106 1472 1132 Tu
1487 1115 1501 1132 a
1516 1106 1551 1132 M.
1567 1106 1664 1137 Caelio,
1679 1107 1769 1142 equite
1783 1107 1835 1134 Ro-

1041 1150 1128 1172 mano,
1146 1141 1290 1168 lectissimo
1303 1142 1478 1174 adolescente,
1493 1152 1563 1178 quae
1578 1143 1699 1174 voluisti,
1717 1152 1778 1170 vasa
1792 1152 1834 1170 ar·-

1039 1183 1133 1215 gentea
1148 1179 1266 1215 Lilybaei
1281 1180 1430 1207 abstulisti:
1447 1185 1474 1207 tu
1487 1180 1516 1207 C.
1529 1180 1642 1211 Cacurii.
1659 1181 1774 1216 prompti
1787 1180 1834 1207 ho—

1041 1217 1122 1243 minis
1135 1221 1161 1242 et
1174 1217 1337 1251 experientis
1351 1222 1376 1244 ct
1390 1218 1416 1244 in
1431 1218 1526 1252 primis
1540 1218 1662 1253 gratiosi,
1678 1218 1834 1253 supellecti-

1041 1253 1092 1280 lem
1110 1262 1217 1280 omnem
1235 1253 1339 1280 auferre
1358 1263 1410 1281 non
1428 1255 1570 1281 dubitasti:
1599 1260 1627 1281 tu
1647 1256 1790 1282 maximam
1808 1260 1835 1282 et

1039 1290 1247 1325 pulcherrimam
1262 1300 1380 1318 mensam
1395 1292 1504 1318 citream
1518 1301 1532 1318 a
1545 1291 1577 1324 Q.
1593 1292 1698 1319 Lutatio
1710 1292 1832 1324 Diodoro,

1039 1329 1087 1363 qui
1101 1328 1132 1360 Q.
1145 1327 1230 1354 Catuli
1246 1329 1374 1355 beneficio
1389 1329 1422 1355 ab
1436 1329 1465 1355 L.
1477 1329 1552 1355 Sulla
1566 1330 1634 1356 civis
1645 1330 1780 1356 Romanus
1794 1329 1834 1356 sa-

1038 1370 1098 1391 ctus
1108 1370 1156 1391 est.
1169 1365 1296 1392 omnibus
1306 1366 1462 1397 scientibus,
1476 1366 1596 1402 Lilybaei
1607 1367 1751 1394 abstulisti.
1775 1367 1832 1394 Non

1015 1398 1018 1427 l
1039 1402 1088 1428 tibi
1102 1402 1212 1433 obiicio,
1233 1403 1306 1438 quod
1324 1403 1460 1429 bominem
1478 1403 1670 1440 dignissimum
1685 1405 1739 1431 tuis
1753 1405 1834 1431 mori-

1040 1439 1099 1470 bus.
1116 1439 1302 1474 Apollonium,
1318 1440 1427 1467 Niconis
1441 1440 1538 1472 silium,
1554 1441 1770 1476 Drepanitanum.
1785 1442 1832 1477 qui

1040 1485 1111 1503 nunc
1123 1477 1156 1503 A.
1171 1477 1282 1504 Clodius
1297 1482 1417 1509 vocatur.
1441 1479 1514 1505 omni
1532 1483 1640 1514 argento
1652 1479 1752 1514 optime
1766 1478 1834 1506 facto

1039 1513 1161 1549 spoliasti
1175 1523 1205 1540 ac
1219 1514 1392 1550 depeculatus
1405 1524 1445 1542 es.
1476 1515 1570 1542 Taceo.
1599 1516 1659 1543 Non
1672 1517 1744 1543 enim
1758 1520 1834 1552 pum

1039 1551 1086 1578 ille
1099 1551 1152 1578 sibi
1166 1552 1292 1578 iniuriam
1307 1552 1412 1584 faciam,
1429 1558 1566 1588 propterea
1580 1553 1653 1588 quod
1666 1553 1769 1581 homini
1780 1554 1832 1580 iam

1038 1588 1142 1624 perdito
1165 1593 1190 1615 et
1211 1589 1310 1616 collum
1334 1590 1361 1616 in
1381 1589 1506 1624 laqueum
1525 1590 1652 1617 inserenti
1670 1590 1830 1622 subvenisti,

1038 1635 1123 1661 quum
1143 1625 1255 1660 pupillis
1274 1627 1458 1662 Drepanitanis
1476 1627 1544 1654 bona
1562 1629 1646 1663 patria
1663 1632 1753 1663 erepta
1769 1636 1831 1655 cum

1038 1663 1085 1689 illo
1098 1664 1212 1698 partitus
1225 1673 1264 1691 es.
1290 1664 1400 1691 Gaudeo
1412 1665 1501 1696 etiam,
1517 1665 1542 1691 si
1554 1664 1622 1700 quid
1634 1665 1668 1692 ab
1681 1665 1728 1692 illo
1740 1665 1833 1692 abstu-

1039 1700 1108 1728 listi:
1124 1705 1150 1727 et
1163 1701 1211 1727 abs
1225 1706 1249 1728 te
1263 1701 1330 1728 nihil
1345 1702 1443 1728 rectius
1457 1701 1556 1728 factum
1570 1711 1629 1729 esse
1643 1702 1711 1729 dico.
1751 1703 1773 1730 A
1787 1703 1833 1730 Li-

1037 1746 1101 1765 sone
1112 1747 1176 1765 vero
1186 1738 1366 1774 Lilybaetano‚
1379 1740 1466 1774 primo
1477 1739 1594 1770 homine.
1609 1740 1681 1775 apud
1693 1748 1775 1774 quem
1785 1739 1833 1767 de-

1038 1780 1160 1802 versatus
1185 1784 1228 1807 es,
1255 1776 1389 1811 Apollinis
1414 1777 1523 1812 signum
1546 1776 1665 1803 ablatum
1686 1782 1756 1804 certe
1779 1785 1831 1804 non

1037 1813 1163 1848 oportuit.
1184 1813 1218 1840 At
1231 1813 1305 1840 dices
1319 1818 1343 1840 te
1356 1814 1464 1840 emisse.
1486 1813 1560 1840 Scio:
1576 1814 1632 1840 u-S
1645 1822 1697 1841 cto.
1722 1815 1760 1841 lta
1773 1814 1833 1849 opi-

1037 1858 1094 1877 nor.
1129 1849 1198 1882 Scio,
1214 1851 1339 1886 inquam:
1365 1850 1496 1885 proferam
1511 1850 1624 1878 litteras:
1649 1856 1736 1878 tamen
1751 1851 1779 1878 id
1792 1851 1832 1878 fa-

1035 1892 1108 1914 ctum
1127 1896 1180 1914 non
1198 1889 1324 1922 oportuit.
1363 1888 1386 1915 A
1403 1887 1508 1923 pupillo
1525 1888 1604 1920 Heio,
1627 1889 1671 1915 cui
1690 1888 1832 1915 Marcellus

1037 1929 1107 1951 tutor
1123 1929 1177 1955 est,
1197 1933 1211 1951 a
1230 1934 1285 1960 quo
1302 1926 1444 1960 pecuniam
1461 1925 1590 1961 grandem
1607 1926 1752 1960 eripueras,
1772 1934 1832 1953 sca-

1006 1975 1014 1984 w
1037 1962 1099 1997 phia
1117 1971 1179 1988 cum
1194 1962 1362 1989 emblematis
1376 1962 1495 1998 Lilybaei
1510 1967 1601 1990 utrum
1615 1967 1704 1998 empta
1717 1971 1777 1990 esse
1789 1962 1832 1990 di-

1035 2000 1083 2030 cis,
1099 2008 1132 2025 an
1146 1999 1280 2026 confiteris
1293 1999 1400 2034 erepta?

1091 2038 1132 2063 38.
1148 2036 1202 2063 Sed
1215 2037 1282 2072 quid
1295 2045 1344 2072 ego
1357 2037 1437 2064 istius
1450 2037 1479 2064 in
1492 2037 1626 2064 eiusmodi
1635 2036 1717 2064 rebus
1728 2036 1831 2064 medio-

1012 2094 1013 2105 ,
1035 2082 1094 2100 cres
1119 2074 1232 2100 iniurias
1257 2074 1368 2110 colligo:
1396 2083 1465 2110 quae
1491 2074 1676 2101 tantummodo
1700 2075 1729 2101 in
1751 2073 1830 2101 furtis

1036 2111 1124 2142 istius,
1140 2115 1166 2137 et
1179 2111 1284 2138 damnis
1298 2120 1400 2143 eorum,
1415 2120 1430 2138 a
1439 2111 1541 2147 quihus
1550 2111 1695 2143 auferebat,
1711 2116 1831 2138 versatae

1012 2146 1013 2150 ’
1035 2157 1094 2175 esse
1107 2148 1266 2175 videantur?
1277 2149 1406 2184 Accipite,
1421 2149 1444 2175 si
1456 2148 1547 2179 vultis,
1562 2148 1675 2180 iudices,
1690 2157 1747 2175 rem
1757 2149 1831 2176 eius-

1036 2185 1117 2217 modi,
1134 2190 1164 2212 ut
1175 2186 1319 2212 amentiam
1333 2185 1508 2222 singularem,
1524 2191 1554 2212 ut
1567 2185 1694 2216 furorem,
1710 2193 1762 2212 non
1775 2186 1829 2212 iam

1636 2223 1729 2250 xvm.
1752 2222 1831 2250 Meli·

1036 2261 1119 2287 tensis
1132 2260 1262 2287 Diodorus
1275 2265 1329 2292 est,
1349 2261 1397 2295 qui
1411 2260 1483 2295 apud
1497 2269 1544 2287 vos
1557 2264 1632 2287 antea
1646 2260 1828 2287 testimonium

1035 2297 1113 2324 dixit.
1134 2298 1160 2324 Is
1174 2297 1295 2333 Lilybaei
1309 2298 1408 2324 multos
1422 2298 1475 2324 iam
1489 2306 1572 2324 annos
1585 2296 1694 2327 habitat.
1710 2297 1791 2324 homo
1803 2302 1830 2324 et

1034 2334 1107 2361 domi
1121 2334 1232 2366 nobilis,
1258 2339 1284 2361 et
1296 2334 1367 2370 apud
1381 2343 1440 2366 eos,
1464 2343 1519 2370 quo
1531 2343 1560 2361 se
1573 2333 1698 2365 contulit,
1722 2339 1830 2369 propter

1034 2372 1161 2398 virtutem
1179 2371 1340 2406 splendidus
1357 2376 1384 2398 et
1399 2372 1543 2408 gratiosus.
1582 2371 1620 2398 De
1637 2371 1687 2398 hoc
1700 2371 1773 2398 Verri
1785 2371 1829 2398 di-

1033 2409 1115 2440 citur,
1131 2409 1229 2436 habere
1242 2417 1304 2436 eum
1318 2409 1435 2444 perbona
1449 2412 1609 2441 toi-cumam
1634 2409 1662 2434 in
1676 2407 1719 2434 his
1732 2407 1827 2443 poeula

1033 2446 1088 2472 duo
1100 2446 1246 2481 quaedam,
1267 2455 1336 2481 quae
1349 2445 1486 2473 Thericlea
1499 2446 1684 2476 nominantur.
1699 2445 1827 2472 Mentoris

1032 2492 1114 2510 manu
1132 2492 1240 2510 summo
1257 2483 1367 2510 artificio
1381 2482 1456 2509 sacta.
1496 2481 1574 2515 Quod
1586 2483 1637 2509 iste
1651 2482 1698 2509 ubi
1712 2482 1824 2514 audivit.

1032 2521 1072 2547 sic
1089 2521 1234 2555 cupiditate
1251 2520 1432 2547 inflammatus
1449 2524 1490 2546 est
1507 2528 1560 2546 non
1573 2519 1662 2546 solum
1676 2520 1827 2555 inspiciun-

1032 2557 1074 2589 di,
1090 2565 1185 2584 verum
1199 2558 1278 2584 etiam
1291 2557 1443 2588 auferendi,
1458 2561 1488 2583 ut
1500 2557 1646 2584 Diodorum
1659 2556 1692 2583 ad
1705 2565 1735 2583 se
1748 2565 1827 2583 voca-

1033 2599 1072 2621 ret
1089 2603 1119 2621 ac
1136 2599 1266 2629 posceret.
1305 2594 1366 2625 Ille,
1385 2594 1434 2629 qui
1452 2593 1497 2620 illa
1515 2602 1568 2620 non
1585 2594 1687 2620 invitus
1705 2593 1823 2625 baberet,

1032 2632 1175 2666 respondet
1183 2631 1303 2667 Lilybaei
1313 2640 1342 2658 se
1352 2640 1404 2658 non
1417 2631 1522 2662 habere,
1533 2630 1639 2658 Melitae
1648 2630 1720 2666 apud
1729 2639 1826 2666 quem-

189 2671 243 2697 quo
255 2665 302 2698 qui
316 2673 445 2700 umquam
460 2667 617 2693 tenuissime
630 2668 658 2694 in
668 2668 809 2694 donatione
820 2667 981 2695 histrionum
1008 2663 1012 2695 l
1031 2669 1093 2695 dam
1117 2669 1299 2704 propinquum
1321 2677 1403 2695 suum
1425 2668 1580 2703 reliquisse.
1619 2669 1660 2694 39.
1688 2668 1757 2694 Tum
1774 2668 1826 2694 iste
