1941 3052
238 149 287 174 :552
811 147 853 171 50.
890 145 923 171 M.
958 145 988 171 T.
1022 145 1064 171 CI

292 219 332 244 5³.
357 218 441 243 Ilatws
454 217 567 243 reditum
580 224 678 241 mcum.
720 214 816 241 Confer
828 224 898 241 nunc
910 215 1028 241 vicissim

238 260 323 284 tuum,
346 253 573 289 quandoquidem,
591 254 691 278 autiss«)
705 253 832 282 exercitu,
847 252 914 278 nibil
927 252 1030 278 incolu-

238 302 279 318 uu·
299 292 418 320 domum,
436 295 537 325 practer
552 299 581 315 oa
599 289 664 315 illud
681 290 824 323 pristinum
838 293 923 319 tuum,
938 289 1030 315 retuli·
1052 310 1053 335 ἢ

236 330 280 355 sti.
303 330 352 360 Qui
367 329 491 363 primum.
505 336 556 361 qua
571 327 674 352 veneris
685 335 745 352 curn
761 326 884 352 laureatis
896 326 1030 352 tuislicto-

237 367 320 395 sitm-3
343 366 404 399 quis
425 364 493 390 svit‘?
511 373 580 398 quos
597 368 652 389 tum
666 363 833 393 Maeandros.
857 364 921 389 dum
937 372 1030 389 omnes

235 403 394 428 solitudines
416 401 596 435 persequeris,
623 409 691 435 quac
711 400 868 426 diverticula
890 399 1030 426 flexiones-

235 449 287 474 que
303 438 452 474 quaesisti‘.>
470 438 541 472 quod
559 442 582 464 tc
595 438 772 471 municipium
786 437 871 464 vidit‘?
890 438 952 472 quis
964 438 1030 463 ami-

235 486 282 502 cus
304 475 446 502 invitavit?
474 476 520 509 qui
539 475 636 509 hospes
651 474 774 509 aspexit?
801 476 892 501 Nonne
911 475 958 501 tibi
978 483 1028 501 nox
1052 462 1060 488 l*

235 518 288 540 crat
311 523 356 547 pro
371 512 433 538 die?
453 512 569 538 solitudo
590 521 637 547 pro
653 512 820 546 frequentia?
848 521 968 547 caupona
984 521 1030 546 pro
1052 529 1053 532 =

234 550 350 585 oppido?
362 559 412 576 non
424 554 453 576 ut
463 549 549 575 redire
561 558 592 576 ex
606 549 755 575 Macedonia
768 549 866 575 nobilis
877 550 1026 584 imperator.
1051 579 1053 588 γ

234 588 280 614 scd
294 592 320 613 ut
336 592 456 613 mortuus
469 586 576 613 infamis
588 586 678 613 referri
691 587 834 613 videretur.
862 587 971 613 IIomam
984 595 1030 612 vc—

234 634 262 651 ro
282 626 366 660 ipsam
384 624 499 650 foedavit
510 624 641 650 adventus
654 629 725 650 tuus.
754 624 850 650 XXIII.
868 624 890 650 Ο
902 624 1026 655 familiae,
1050 647 1052 665 Ι

234 671 285 689 non
306 662 392 688 dicam
405 662 576 696 Calpurniae,
595 661 642 687 scd
659 661 819 692 Calvcntiae,
844 670 929 696 neque
947 661 1028 688 liuius
1050 678 1051 688 1

234 700 319 730 urbis,
337 699 384 725 sed
398 699 541 725 Placentini
559 699 712 733 municipii,
736 707 822 733 neque
835 699 935 734 paterni
947 708 1029 733 gene-
1056 711 1059 724 ι

233 738 283 768 ris,
306 737 353 763 sed
375 737 494 762 bracatae
509 737 674 771 cognationis
690 735 821 762 dedecus!
853 736 1028 771 queniadmo-
1057 734 1058 739 ¹

232 774 297 800 dum
310 773 426 800 veuisti‘?
445 774 507 808 quis
519 774 576 803 tibi,
591 782 640 800 non
652 773 739 799 dicam
753 773 856 804 horum,
870 778 915 799 aut
926 774 1026 799 civium
1049 782 1051 802 l

231 816 389 841 ceterorum,
411 811 458 837 scd
475 816 579 837 tuorum
597 811 742 846 legatorum
754 811 860 837 obviam
874 810 964 837 venit?
984 812 1025 837 54.
1049 806 1051 849 ζ

232 849 336 875 Mecum
353 849 424 874 enim
442 849 470 874 L.
486 848 605 879 Flaccus,
620 849 661 874 vir
673 853 715 874 tua
729 848 858 883 legatione
869 848 1028 883 indignissi-

232 895 302 917 mus,
325 890 404 920 atque
424 885 458 912 iis
472 885 602 916 consiliis,
615 885 716 920 quibus
729 894 833 911 mecum
846 886 872 912 in
886 885 1026 912 consulatu

232 932 292 950 meo
312 924 469 949 coniunctus
486 922 536 949 t'uit
551 922 583 949 ad
599 922 808 949 conservandam
822 923 1025 958 rempublicam,

212 964 216 971 ¹
231 960 346 996 dignior,
369 969 474 986 mecum
488 959 538 986 suit
549 965 614 990 tum,
629 969 713 994 quum
726 965 750 986 te
761 960 872 995 quidam
885 969 936 986 non
951 960 1027 995 longe

231 1007 245 1024 a
267 1003 338 1032 porta
353 1006 414 1024 cum
432 997 570 1023 lictoribus
585 1002 714 1023 errantem
728 998 816 1023 visum
830 1006 888 1023 esse
901 1002 1025 1023 narraret.

231 1035 292 1062 Scio
304 1036 366 1061 item
379 1035 466 1061 virum
480 1034 571 1061 fortem
584 1035 609 1060 in
623 1035 726 1069 primis,
741 1035 803 1061 belli
815 1044 844 1061 ac
855 1035 891 1061 rei
905 1035 1027 1061 militaris

231 1073 356 1107 peritum,
380 1072 537 1099 familiarem
554 1081 653 1102 meum,
671 1072 701 1104 Q.
720 1073 857 1103 Marcium,
871 1081 986 1107 quorum
999 1077 1026 1098 tu
1049 1077 1058 1093 >l

232 1110 377 1146 legatorum
400 1109 499 1144 praelio
517 1110 661 1144 imperator
681 1109 830 1144 appellatus
851 1118 922 1140 eras,
941 1118 1026 1144 quum

231 1147 308 1183 longe
320 1147 462 1177 absuisses,
476 1147 592 1173 adventu
605 1147 654 1173 isto
666 1152 710 1173 tuo
721 1147 792 1173 domi
807 1147 889 1173 fuisse
899 1147 1025 1173 otiosum.

231 1184 284 1211 Sed
299 1184 365 1219 quid
377 1193 425 1219 ego
436 1193 571 1215 enumero,
585 1185 632 1219 qui
645 1185 693 1210 tibi
705 1184 812 1210 obviam
825 1193 874 1211 non
888 1183 1028 1210 venerint?

230 1223 272 1248 55.
297 1220 366 1258 [Cui]
384 1222 443 1248 dico
459 1223 565 1248 venisse
581 1230 663 1256 paene
680 1222 823 1252 neminem,
838 1230 870 1248 ne
881 1221 914 1247 de
925 1221 1027 1248 osticio-

230 1260 336 1285 sissima
359 1259 468 1294 quidem
487 1259 590 1285 natione
605 1259 821 1289 candidatorum,
843 1268 928 1294 quum
944 1259 1026 1294 vulgo
1048 1278 1049 1290 ,

229 1301 319 1323 essent
339 1301 364 1322 et
384 1296 430 1323 illo
449 1297 508 1331 ipso
522 1301 547 1322 et
562 1296 655 1322 multis
671 1301 730 1322 ante
745 1296 842 1323 diebus
858 1296 986 1323 admoniti
1001 1301 1027 1323 et

230 1335 324 1369 rogati.
347 1333 463 1369 Togulae
481 1334 617 1360 lictoribus
627 1333 660 1360 ad
673 1338 773 1368 portam
786 1339 890 1368 praesto
901 1333 1023 1360 suerunt:

229 1371 330 1406 quibus
342 1371 381 1397 illi
393 1372 507 1406 acceptis
519 1371 612 1406 sagula
624 1371 780 1401 reiecerunt,
795 1376 820 1397 et
830 1376 962 1397 catervam
975 1372 1027 1397 im-

229 1409 342 1443 peratori
353 1417 403 1434 suo
413 1417 509 1434 novam
521 1408 710 1443 praebuerunt.
737 1408 781 1434 Sic
793 1408 851 1439 iste,
866 1413 938 1435 tanto
949 1417 1026 1435 exer-

228 1446 291 1476 citu,
306 1450 375 1472 tanta
388 1446 531 1480 provincia,
546 1446 659 1472 triennio
670 1450 737 1480 post,
748 1445 1026 1481 Macedonicusimpe-

229 1488 305 1513 rator,
329 1483 355 1509 in
370 1483 467 1509 Urbem
485 1492 514 1510 se
525 1483 625 1514 intulit,
639 1488 667 1509 ut
680 1482 783 1509 nullius
796 1484 965 1519 negotiatoris
977 1484 1026 1510 ob-
1047 1486 1049 1501 ='

228 1521 379 1547 scurissimi
399 1520 501 1547 reditus
518 1529 647 1555 umquam
660 1520 740 1547 fuerit
750 1520 889 1547 desertior.
931 1522 959 1547 In
970 1529 1025 1556 quo
1046 1527 1048 1557 ζ

227 1566 271 1584 me
292 1562 388 1589 tamen,
405 1559 453 1593 qui
469 1562 539 1584 esset
554 1562 661 1592 paratus
677 1557 710 1584 ad
721 1566 750 1583 se
760 1557 970 1589 defendendum,
984 1567 1025 1584 re-

227 1595 378 1630 prehendit.
419 1594 509 1628 Quum
531 1603 579 1631 ego
600 1594 798 1622 Caelimontana
814 1600 887 1630 porta
899 1596 1024 1622 introisse
1046 1609 1047 1616 κ

227 1632 367 1663 dixissem,
380 1633 525 1667 sponsione
535 1641 586 1661 me,
600 1633 627 1659 ni
639 1632 780 1666 Esquilina
791 1632 935 1663 introisset,
945 1633 1024 1659 homo

227 1670 446 1704 promptissimus
464 1669 612 1696 lacessivit:
635 1670 713 1704 quasi
729 1678 791 1696 vero
802 1669 830 1695 id
840 1674 886 1696 aut
896 1678 945 1705 ego
956 1671 1024 1696 scire

227 1707 376 1738 debuerim,
394 1712 439 1733 aut
454 1712 573 1733 vestrum
585 1707 721 1742 quispiam
732 1707 854 1738 audierit,
867 1711 913 1732 aut
923 1707 956 1733 ad
968 1716 1023 1733 rem

227 1745 364 1778 pertineat,
378 1753 430 1779 qua
442 1749 470 1770 tu
482 1748 555 1779 porta
567 1744 709 1774 introieris,
717 1743 796 1770 modo
807 1752 840 1770 ne
851 1744 1022 1779 triumphali:

227 1789 296 1816 quae
317 1786 391 1816 porta
402 1781 578 1808 Macedonicis
593 1789 700 1815 semper
711 1781 917 1816 proconsulibus
928 1786 988 1808 ante
999 1785 1023 1807 te

227 1819 323 1853 patuit.
363 1818 403 1844 Tu
423 1819 550 1845 inventus
565 1827 603 1849 es,
620 1819 666 1853 qui
678 1817 812 1844 consulari
823 1819 936 1853 imperio
946 1827 1024 1854 prae-

227 1855 300 1882 ditus
311 1863 344 1882 cx
354 1855 507 1882 Macedonia
518 1864 569 1882 non
585 1855 774 1890 triumphares.

284 1892 380 1919 XXIV.
397 1894 439 1919 56.
458 1894 490 1919 At
501 1892 624 1923 audistis,
638 1897 726 1927 patres
737 1892 889 1927 conscripti,
904 1892 1024 1928 philoso-
1044 1897 1047 1936 ξ

228 1929 275 1964 phi
292 1938 393 1956 vocem.
434 1930 547 1966 Negavit
561 1938 590 1956 se
605 1930 737 1964 triumphi
747 1929 878 1964 cupidum
892 1938 1022 1965 umquam
1044 1939 1047 1959 ι

228 1967 322 1993 fuisse.
353 1966 376 1993 Ο
386 1966 484 1998 scelus,
496 1975 512 1994 o
525 1967 616 2002 pestis,
629 1975 645 1993 o
657 1966 743 1993 labes!
765 1967 854 1999 Quum
867 1968 1024 2003 exstingue·
1044 1973 1047 1980 ’

227 2004 275 2030 bas
296 2008 432 2035 senatum,
451 2003 586 2030 vendebas
607 2004 790 2030 auctoritatem
811 2004 893 2031 huius
909 2005 1020 2036 ordiniS,

227 2041 368 2068 addicebas
390 2041 498 2068 tribuno
518 2041 606 2076 plebis
621 2041 790 2067 consulatum
806 2046 896 2073 tuum,
913 2050 1024 2077 rempu-

227 2078 324 2105 blicam
346 2079 496 2110 evertebas,
520 2078 650 2114 prodebas
669 2082 750 2113 caput
765 2083 790 2105 et
805 2079 918 2105 salutem
936 2088 1022 2106 meam

226 2125 279 2143 uua
291 2115 412 2142 mercede
422 2116 587 2151 provinciae:
609 2116 633 2142 si
645 2116 813 2150 triumphum
825 2125 877 2143 non
883 2117 1020 2151 cupiebas,

226 2154 304 2179 cuius
321 2153 426 2179 tandem
439 2154 476 2179 rei
487 2158 512 2179 te
521 2153 668 2188 cupiditate
681 2154 780 2179 arsisse
791 2153 939 2180 defendes?
958 2154 1022 2180 Sae-

226 2199 260 2225 pe
270 2191 341 2216 enim
353 2190 418 2221 vidi,
432 2191 480 2226 qui
491 2195 517 2217 et
528 2191 594 2217 mihi
606 2195 632 2217 et
641 2191 737 2217 ceteris
748 2191 901 2225 cupidiores
912 2192 1023 2226 provin-

226 2228 281 2254 ciae
297 2227 460 2259 viderentur,
478 2228 608 2262 triumphi
625 2228 731 2254 nomine
743 2233 830 2263 tegere
841 2233 923 2263 atque
935 2229 1022 2255 velare

225 2265 399 2300 cupiditatem
420 2274 506 2291 suam.
548 2266 600 2291 Hoc
621 2265 700 2291 modo
721 2266 751 2291 D.
765 2265 874 2292 Silanus
888 2266 1021 2293 consulin

226 2302 275 2328 hoc
295 2302 396 2333 ordine,
415 2302 463 2329 hoc
479 2311 554 2329 meus
568 2303 646 2329 etiam
661 2302 762 2338 collega
774 2302 888 2329 dicebat.
929 2304 1022 2339 Neque

225 2340 297 2365 enim
307 2340 453 2374 quisquam
466 2344 550 2374 potest
561 2340 706 2366 exercitum
717 2348 815 2374 cupere
826 2345 969 2376 aperteque
975 2349 1022 2376 pe-

225 2381 288 2407 tere,
302 2381 331 2402 ut
343 2385 394 2403 non
406 2377 718 2412 praetexatcupiditatem
726 2378 866 2412 triumphi.
892 2379 934 2404 57.
945 2378 1022 2410 Quod

225 2413 247 2439 si
269 2418 293 2439 te
309 2419 417 2440 senatus
435 2414 607 2449 populusque
622 2415 757 2441 Romanus
773 2419 881 2441 autnon
893 2420 1022 2450 appeten-

226 2454 278 2476 tem
300 2456 345 2477 aut
364 2452 444 2478 etiam
464 2456 631 2478 recusantem
646 2451 748 2478 bellum
760 2452 906 2487 suscipere,
919 2453 1022 2479 exerci-

226 2491 282 2512 tum
303 2487 401 2514 ducere
416 2490 560 2524 coegisset:
593 2493 681 2515 tamen
700 2493 756 2514 erat
770 2491 878 2524 angusti
889 2490 971 2515 animi
982 2494 1022 2515 at-

225 2531 278 2558 que
293 2524 405 2551 demissi
415 2526 479 2552 iusti
491 2526 621 2560 triumphi
633 2526 760 2552 honorem
772 2530 852 2560 atque
863 2526 1020 2562 dignitatem

225 2565 402 2588 contemnere.
443 2563 510 2589 Nam
531 2567 560 2589 ut
581 2563 696 2589 levitatis
711 2567 752 2588 est
766 2563 873 2589 inanem
893 2565 1021 2598 aucupari

226 2605 359 2623 rumorem
375 2602 400 2624 et
410 2608 502 2625 omnes
513 2600 622 2626 umbras
634 2601 713 2626 etiam
726 2598 808 2625 salsae
817 2599 917 2635 gloriae
927 2609 1022 2627 conse-

225 2634 303 2660 ctari:
316 2634 427 2661 siclevis
434 2637 570 2668 estanimi,
583 2637 669 2664 lucem
680 2635 904 2672 splendoremque
915 2637 1022 2673 fugien—

226 2671 269 2702 tis,
291 2671 389 2698 iustam
404 2672 526 2708 gloriam,
539 2675 586 2709 qui
597 2678 638 2701 est
648 2673 751 2701 fructus
762 2681 839 2700 verae
854 2674 962 2701 virtutis
974 2675 1021 2702 ho-

1045 1811 1047 1823 A

1045 1845 1047 1859 Ι

1058 595 1059 598 ’
1081 596 1152 613 mare
1174 588 1358 613 vastissimum
1380 587 1468 614 hieme
1483 588 1627 614 transibas:
1661 588 1685 614 si
1706 589 1874 624 triumphum

1056 1012 1057 1019 κ
1079 997 1262 1024 duceremini?
1291 997 1320 1024 C.
1337 998 1389 1032 ipsi
1406 998 1554 1032 Pomptino,
1572 999 1721 1024 necessario
1737 1006 1804 1029 meo,
1821 998 1874 1024 iam

1049 1043 1051 1051 ·
1079 1043 1131 1061 non
1151 1040 1190 1061 est
1206 1035 1353 1070 integrum3
1377 1035 1552 1066 religionibus
1563 1035 1634 1061 enim
1645 1036 1778 1070 susceptis
1789 1036 1876 1070 impe-

1056 1363 1057 1367 Ἰ
1078 1334 1128 1359 tiae
1152 1333 1302 1360 clarissimo
1325 1339 1351 1360 et
1375 1342 1482 1360 summo
1501 1334 1666 1368 imperatori,
1689 1342 1788 1370 genero
1806 1333 1875 1361 suo?

1056 1374 1057 1380 ¹
1078 1371 1171 1397 Fertur
1183 1371 1228 1397 ille
1240 1371 1289 1401 vir,
1303 1371 1369 1397 mihi
1380 1370 1467 1402 crede,
1480 1370 1578 1406 gloria:
1600 1370 1700 1406 flagrat,
1712 1371 1787 1398 ardet
1796 1371 1875 1406 cupi-

1046 1560 1048 1567 *
1076 1558 1184 1584 Valebis
1204 1557 1277 1593 apud
1292 1558 1428 1584 hominem
1440 1557 1594 1584 volitantem
1605 1558 1705 1594 gloriae
1715 1557 1870 1593 cupiditate,

1080 144 1298 171 cenoxtss

1081 215 1262 245 nouissimus.
1285 215 1435 250 repudiare.
1474 216 1564 249 Quum
1586 225 1648 244 vero
1662 226 1713 244 non
1729 216 1807 243 modo
1821 226 1873 245 uon

1082 252 1232 287 postulante
1252 257 1331 287 atque
1351 258 1473 288 cogente.
1491 254 1537 280 sed
1554 255 1638 281 invito
1652 260 1730 289 atque
1745 262 1874 289 oppresso

1081 294 1184 318 neriatu.
1208 298 1258 316 non
1280 289 1358 316 modo
1380 289 1454 316 nullo
1474 291 1564 326 populi
1581 292 1690 318 Romani
1708 292 1810 322 studio,
1827 291 1874 317 sed

1082 326 1156 352 nullo
1167 326 1265 353 ferente
1276 327 1433 361 suffragium
1447 327 1537 358 libero,
1551 329 1685 363 provincia
1698 329 1744 355 tibi
1758 329 1806 354 inu
1818 337 1876 355 ma-

1082 364 1236 398 nupretium
1250 363 1336 393 suerit,
1355 372 1406 390 non
1423 372 1529 390 eversae
1545 374 1591 400 per
1606 370 1639 396 te,
1652 366 1698 392 sed
1710 366 1828 400 perditae
1837 366 1876 392 ci-

1083 401 1186 427 vitatis:
1218 409 1358 436 quumque
1386 402 1507 428 omnium
1533 406 1638 429 tuorum
1659 402 1790 429 coeterum
1811 402 1876 429 haec

1083 438 1168 472 pactio
1179 439 1318 468 exstiterit,
1338 443 1375 468 ut.
1389 439 1411 464 si
1424 443 1451 464 tu
1464 444 1543 465 totam
1559 440 1751 474 rempuincam
1766 439 1876 467 nefarii·

1083 475 1230 501 latronibus
1252 475 1417 505 tradidisses,
1440 476 1590 503 Macedonia
1612 477 1659 503 tibi
1679 477 1714 503 ob
1733 486 1791 503 eam
1808 486 1874 507 rem.

1080 513 1182 547 quibus
1195 517 1221 538 tu
1235 512 1334 539 finibus
1346 513 1438 543 velles,
1452 513 1619 540 redderetur:
1636 522 1721 549 quum
1733 514 1876 541 exhaurio-

1081 551 1128 576 bas
1139 551 1284 576 aerarium:
1297 559 1382 585 quum
1393 550 1506 576 orbabas
1518 551 1777 578 Italiamiuventute:
1789 560 1875 587 quum

1080 625 1278 655 contemnebam
1297 633 1366 660 quae
1378 629 1410 655 tc,
1425 625 1522 660 praedo
1533 625 1724 656 amentissime,
1737 626 1789 652 nisi
1832 634 1877 652 ιο-

1080 662 1128 687 ‹lae
1149 671 1178 688 ac
1199 662 1353 696 rapinarum
1369 663 1502 697 cupiditas
1518 667 1570 689 tam
1585 671 1661 689 caeca
1677 663 1795 697 rapiebat
1831 664 1874 689 58.

1080 700 1136 725 Non
1157 704 1197 725 est
1217 700 1351 734 integrum
1373 699 1421 726 Cn.
1439 700 1564 734 Pompeio
1577 699 1690 727 consilio
1706 701 1757 726 iam
1770 700 1807 726 uti
1819 705 1874 727 tuo.

1080 737 1183 762 Erravit
1194 737 1275 762 enim.
1299 737 1355 763 Non
1366 741 1485 772 gustarat
1496 738 1573 763 istam
1586 742 1657 763 tuam
1666 737 1873 772 philosophiam.

1079 774 1130 800 Ter
1142 775 1192 800 iam
1207 774 1286 800 homo
1297 773 1396 800 stultus
1408 774 1594 809 triumphavit.
1620 774 1723 805 Crasse.
1738 774 1819 809 pudet
1833 782 1876 801 me

1079 811 1128 837 tui.
1168 810 1238 843 Quid
1249 816 1297 841 est,
1310 811 1391 845 quod,
1405 811 1524 838 contecto
1534 820 1581 846 per
1592 816 1616 838 te
1628 811 1876 838 Iormidolosisaimo

1079 848 1158 879 bello,
1180 857 1301 874 coronam
1319 848 1392 874 illam
1410 848 1525 875 lauream
1538 849 1586 875 tibi
1599 854 1670 875 tanto
1680 857 1759 884 opere
1769 849 1875 876 decerni

1079 885 1196 912 volueris
1217 894 1230 911 a
1252 885 1365 912 senatu?
1384 886 1412 912 P.
1430 886 1535 916 Servili,
1553 886 1584 918 Q.
1602 886 1719 917 Metelle.
1737 886 1766 913 C.
1783 886 1872 916 Curio.

1080 923 1108 949 L.
1131 923 1232 954 Afrani,
1254 931 1302 949 cur
1319 932 1370 949 non
1387 923 1459 950 hunc
1474 923 1586 949 audistis
1604 928 1657 949 tam
1668 923 1776 950 doctum
1788 923 1876 950 homi-

1079 969 1149 991 nem,
1164 965 1215 986 tam
1228 960 1373 991 eruditum,
1388 961 1463 995 prius
1479 969 1560 995 quam
1573 961 1599 987 in
1612 961 1694 987 istum
1706 969 1821 987 errorem
1833 961 1875 987 in-

1079 1072 1160 1098 ditur.
1201 1072 1223 1098 O
1238 1072 1334 1098 stultos
1349 1063 1486 1103 Camillos,
1504 1072 1608 1103 Curios,
1623 1072 1765 1104 Fabricios,
1778 1072 1875 1099 Calati-

1079 1118 1140 1140 nos,
1167 1109 1318 1144 Scipiones,
1348 1110 1499 1140 Marcellos,
1522 1110 1666 1136 Maximus!
1706 1118 1722 1136 o
1741 1114 1874 1136 amentem

1078 1147 1216 1173 Paullum!
1239 1148 1371 1173 rusticum
1393 1147 1520 1174 Marium!
1543 1147 1646 1173 nullius
1663 1147 1768 1174 consilii
1785 1151 1874 1182 patrae

1079 1184 1173 1211 horum
1186 1184 1326 1210 amborum
1337 1184 1496 1211 consulum:
1517 1185 1565 1220 qui
1576 1185 1789 1219 triumpharunt!

1133 1221 1219 1248 XXV.
1242 1223 1283 1248 59.
1305 1221 1370 1252 Sed,
1393 1222 1520 1256 quoniam
1542 1222 1680 1256 praeterita
1701 1227 1804 1248 mutare
1821 1230 1873 1248 non

1078 1267 1232 1294 possumus,
1247 1258 1314 1293 quid
1325 1264 1411 1285 cessat
1424 1259 1466 1285 hic
1478 1258 1624 1290 homullus,
1633 1267 1666 1285 ex
1676 1259 1768 1295 argilla
1779 1264 1805 1286 et
1818 1259 1875 1286 luto

1078 1296 1156 1322 lictus
1167 1297 1310 1331 Epicurus,
1323 1296 1385 1322 dare
1399 1296 1464 1322 haec
1475 1296 1607 1331 praeclara
1618 1301 1756 1331 praecepta
1767 1297 1875 1332 sapien-

1077 1408 1158 1434 ditate
1169 1409 1233 1435 iusti
1244 1413 1269 1434 et
1280 1409 1370 1444 magni
1382 1409 1521 1443 triumphi.
1541 1409 1599 1435 Non
1605 1408 1700 1435 didicit
1709 1408 1800 1435 eadem
1810 1409 1871 1440 ista,

1076 1454 1146 1480 quae
1166 1450 1205 1472 tu.
1246 1446 1320 1472 Mitte
1340 1445 1373 1472 ad
1389 1454 1450 1472 eum
1467 1445 1600 1472 libellum.
1640 1445 1693 1472 Sed
1704 1447 1767 1477 iam,
1779 1446 1803 1473 si
1814 1446 1874 1481 ipse

1076 1492 1164 1510 coram
1186 1483 1311 1519 congredi
1331 1484 1439 1518 poteris,
1457 1483 1594 1514 meditare,
1611 1483 1713 1518 quibus
1729 1482 1819 1510 verbis
1830 1484 1874 1510 in-

1077 1529 1184 1547 censam
1196 1520 1270 1547 illius
1276 1520 1450 1555 cupiditatem
1457 1521 1618 1555 comprimas
1625 1525 1704 1556 atque
1710 1520 1871 1557 restinguas.

1076 1595 1118 1621 vir
1138 1594 1291 1622 moderatus
1305 1600 1330 1621 et
1344 1600 1482 1626 constans,
1499 1595 1571 1630 apud
1587 1595 1722 1622 indoctum
1739 1594 1870 1626 eruditus.

1076 1632 1148 1667 apud
1158 1641 1287 1667 generum
1299 1641 1383 1659 socer.
1395 1633 1472 1659 Dices
1483 1633 1564 1664 enim,
1577 1637 1607 1659 ut
1618 1641 1646 1658 es
1657 1632 1737 1659 horno
1747 1630 1872 1669 fac[e]tus

1075 1669 1108 1696 ad
1134 1669 1364 1704 persuadendum.
1386 1670 1547 1700 concinnus,
1577 1669 1720 1704 perfectus,
1742 1669 1843 1704 politus
1857 1677 1873 1696 e

1075 1706 1178 1733 schola:
1219 1706 1290 1739 Quid
1315 1711 1368 1737 est,
1395 1706 1503 1738 Caesar,
1525 1706 1599 1742 quod
1619 1711 1644 1732 te
1661 1706 1872 1741 supplicationes

1075 1745 1151 1770 toties
1167 1744 1287 1770 decretae
1308 1748 1345 1770 tot
1364 1743 1470 1770 dierum
1491 1748 1563 1770 tauto
1582 1752 1661 1779 opere
1675 1743 1825 1770 delectent?
1842 1744 1871 1771 in

1074 1781 1175 1816 quibus
1197 1781 1319 1808 homines
1337 1789 1424 1807 errore
1447 1781 1596 1812 ducuntur;
1634 1789 1703 1816 quas
1726 1781 1764 1807 dii
1786 1780 1872 1817 negli-

1073 1824 1149 1854 gunt,
1162 1819 1219 1853 qui,
1233 1823 1262 1844 ut
1273 1823 1362 1845 noster
1372 1818 1418 1844 ille
1428 1817 1539 1845 divinus
1549 1817 1619 1845 dixit
1628 1818 1771 1853 Epicurus,
1784 1826 1871 1853 neque

1075 1857 1181 1891 propitii
1197 1856 1324 1891 cuiquam
1343 1864 1402 1882 esse
1417 1855 1503 1882 solent
1513 1864 1601 1890 neque
1611 1855 1681 1882 irati.
1721 1855 1779 1882 Non
1791 1855 1871 1882 Iaciae

1075 1893 1155 1919 Iidem
1174 1893 1285 1923 scilicet,
1301 1901 1387 1928 quum
1403 1893 1468 1919 haec
1481 1892 1644 1928 disputabis.
1684 1892 1744 1919 Tibi
1758 1893 1829 1919 enim
1846 1897 1872 1919 et

1074 1938 1132 1957 esse
1143 1935 1169 1956 et
1180 1930 1264 1957 fuisse
1273 1930 1337 1957 deos
1349 1930 1451 1956 videbit
1461 1930 1551 1956 iratos.
1577 1931 1618 1956 60.
1630 1930 1721 1956 Vertes
1732 1934 1758 1956 te
1767 1929 1872 1956 adalte-

1074 1976 1129 1994 ram
1141 1967 1274 1994 scholam:
1287 1967 1404 1994 disseres
1415 1967 1448 1993 de
1461 1967 1611 2002 triumpho:
1623 1966 1694 2000 Quid
1705 1966 1812 1994 tandem
1823 1966 1872 1993 ha-

1074 2005 1117 2032 bet
1128 2006 1178 2031 iste
1189 2004 1304 2031 currus?
1321 2004 1390 2040 quid
1401 2005 1483 2031 vinc-ti
1493 2009 1554 2031 ante
1564 2013 1673 2031 currum
1685 2003 1786 2031 duces?
1803 2003 1872 2040 quid

1073 2042 1217 2069 simulacra
1227 2041 1407 2077 oppidorum?
1424 2041 1490 2077 quid
1501 2041 1617 2068 aurum?
1635 2041 1702 2076 quid
1712 2040 1871 2078 argentum?

1074 2079 1140 2115 quid
1153 2079 1232 2115 legati
1243 2080 1271 2106 in
1282 2080 1369 2114 equis,
1378 2084 1404 2105 et
1414 2078 1534 2106 tribuni?
1553 2078 1619 2114 quid
1629 2079 1730 2105 clamor
1736 2077 1871 2105 militum?

1073 2117 1140 2152 quid
1152 2121 1203 2144 tota
1214 2116 1260 2143 illa
1271 2116 1387 2152 pompa?
1408 2117 1497 2143 luania
1507 2121 1572 2143 sunt
1582 2117 1642 2147 ista,
1650 2115 1718 2142 mihi
1728 2115 1870 2147 crede,de-

1074 2154 1229 2180 lectamenta
1241 2162 1323 2189 paene
1335 2162 1489 2189 puerorum,
1501 2158 1605 2188 captare
1616 2153 1738 2188 plausus,
1751 2152 1813 2179 vehi
1822 2160 1870 2188 per

1073 2192 1185 2222 Urbem,
1207 2191 1326 2226 conspici
1347 2190 1425 2217 velle.
1465 2191 1571 2223 Quibus
1591 2199 1625 2217 ex
1639 2190 1720 2217 rebus
1735 2189 1804 2216 nihil
1818 2194 1867 2222 ast,

1073 2229 1145 2264 quod
1166 2228 1283 2255 solidum
1297 2233 1396 2259 tenere,
1414 2228 1492 2259 nihil,
1509 2228 1583 2263 quod
1593 2227 1690 2254 referre
1701 2227 1735 2254 ad
1745 2226 1854 2262 volupta

1073 2271 1126 2292 tem
1147 2266 1265 2301 corporis
1281 2266 1379 2300 possis.
1405 2267 1447 2292 6⁴.
1463 2265 1535 2298 Quin
1550 2270 1578 2291 tu
1593 2273 1636 2291 me
1651 2264 1740 2294 vidos.
1757 2265 1819 2299 qui,
1835 2272 1870 2291 ex

1073 2312 1126 2338 qua
1141 2303 1278 2338 provincia
1288 2303 1319 2329 T.
1332 2302 1509 2330 Flamininus.
1518 2303 1548 2329 L.
1561 2301 1720 2334 Paullus,Q.
1733 2300 1865 2332 Metellus.

1073 2341 1104 2367 T.
1117 2339 1438 2370 Didius,innumerabiles
1449 2340 1504 2370 alii.
1513 2339 1566 2366 levi
1575 2338 1721 2374 cupiditate
1731 2338 1865 2369 commoti,

1073 2377 1286 2412 triumpharunt,
1304 2386 1338 2403 ex
1352 2386 1381 2403 ea
1396 2378 1435 2404 sic
1450 2377 1526 2408 redii,
1539 2381 1569 2403 ut
1582 2377 1616 2402 ad
1631 2380 1733 2410 portam
1747 2375 1869 2410 Esquili-

1073 2424 1144 2446 nam,
1167 2415 1363 2441 Macedonicam
1380 2414 1496 2441 lauream
1511 2412 1708 2440 conculcat-im?
1730 2413 1789 2448 ipse
1803 2419 1867 2439 cum

1073 2452 1229 2479 hominibus
1248 2451 1404 2487 quindecim
1420 2451 1489 2477 male
1503 2451 1608 2476 vestitis
1623 2450 1657 2476 ad
1667 2454 1770 2485 portam
1780 2448 1868 2476 Caeli-

1073 2494 1225 2516 montanam
1236 2489 1331 2515 sitiens
1342 2489 1523 2523 pervenerim:
1535 2488 1628 2522 quoin
1641 2487 1696 2514 loco
1706 2486 1774 2514 mihi
1785 2485 1867 2513 liber-

1073 2532 1125 2558 tus,
1148 2526 1284 2561 praeclaro
1303 2526 1469 2560 imperatori,
1486 2525 1597 2551 domum
1613 2533 1647 2551 ex
1661 2524 1710 2550 hac
1724 2523 1768 2550 die
1782 2523 1866 2550 biduo

1072 2569 1131 2590 ante
1146 2564 1323 2590 conduxerat:
1344 2571 1413 2598 quae
1423 2570 1506 2589 vacua
1517 2562 1540 2588 si
1552 2570 1604 2588 non
1615 2561 1720 2592 fuisset,
1732 2561 1760 2587 in
1771 2568 1866 2595 campo

1072 2601 1165 2627 Martio
1176 2601 1241 2626 mihi
1253 2599 1454 2626 tabernaculum
1465 2598 1648 2625 collocassem.
1677 2599 1812 2624 Nummus
1822 2597 1866 2624 in-

1072 2642 1142 2664 terea
1152 2637 1228 2668 mihi.
1241 2637 1344 2668 Caesar,
1357 2636 1485 2672 neglectis
1499 2635 1632 2662 vehiculis
1643 2634 1862 2669 triumphalibus.

1071 2675 1145 2702 domi
1164 2679 1266 2706 manet,
1288 2678 1315 2701 et
1324 2673 1450 2700 manebit.
1490 2673 1615 2700 Rationes
1629 2672 1663 2700 ad
1677 2672 1808 2699 aerarium
1822 2680 1865 2698 te-
