1941 3052
500 120 551 146 DE
582 120 634 146 RE
657 119 851 147 PUBLICA
880 120 962 146 LIB.

139 192 181 218 45.
198 189 209 202 *
222 189 233 202 *
245 189 256 201 *
267 188 397 216 ferebant.

85 236 138 263 que
158 227 253 254 acerbo
274 226 443 262 aliquamdiu
463 228 491 254 in
511 228 593 254 rebus
612 228 739 264 gerendis
754 237 880 263 prospere

85 265 190 292 fortuna
201 265 326 293 comitata
339 269 388 291 est.
428 265 494 291 Nam
507 270 533 292 et
543 274 622 292 omne
633 266 740 292 Latium
752 265 822 292 bello
833 266 882 292 de-

84 304 163 335 vicit,
180 307 206 329 et
221 301 347 329 Suessam
358 302 504 329 Pometiam
519 303 614 329 urbem
629 303 784 338 opulentam
799 302 881 329 refer·
902 310 903 317 ¹

84 340 281 375 tamquecepit;
295 345 321 366 et
332 340 449 366 maxima
459 341 517 366 auri
528 341 686 376 argentique
696 340 794 375 praeda
808 340 883 367 locu-

82 377 200 413 pletatus
212 382 304 403 votum
316 378 398 412 patris
409 377 534 412 Capitolii
546 377 729 404 aedificatione
741 377 880 412 persolvit,

83 420 109 442 et
119 414 237 442 colonias
248 414 370 446 deduxit,
380 420 405 441 et
416 416 547 441 institutis
559 423 660 445 eorum,
670 424 684 442 a
695 415 797 450 quibus
807 420 882 441 ortus

83 458 147 483 erat,
156 452 224 479 dona
236 452 388 487 magnifica,
396 453 475 487 quasi
486 452 630 479 libamenta
641 452 883 487 praedarum,Del-

82 490 151 525 phos
163 489 196 516 ad
207 489 360 525 Apollinem
372 490 455 516 misit.

138 527 224 554 XXV.
248 529 288 553 46.
310 527 358 553 Hic
375 526 420 553 ille
436 528 489 553 iam
506 531 623 553 vertetur
638 527 725 558 orbis,
743 527 822 553 cuius
835 535 882 553 na-

82 564 196 592 turalem
207 569 308 591 motum
321 569 400 599 atque
410 565 555 591 circuitum
567 574 581 590 a
592 565 680 599 primo
691 564 786 591 discite
798 572 882 599 agno-

82 611 166 628 scere.
207 601 236 628 Id
251 602 323 628 enim
338 606 378 628 est
392 607 473 636 caput
487 601 577 628 civilis
594 601 766 636 prudentiae,
784 602 812 628 in
828 609 881 636 qua

81 640 170 666 omnis
181 639 246 666 haec
258 644 347 666 nostra
363 644 485 666 versatur
499 640 596 670 oratio,
615 639 706 665 videre
723 639 818 665 itinera
835 638 882 664 sse·-

82 685 188 712 xusque
200 685 289 703 rerum
297 676 478 711 publicarum,
487 681 524 708 ut,
533 685 618 712 quum
625 677 725 707 sciatis,
734 685 787 711 quo
797 684 881 710 quae-

81 723 134 750 que
150 723 193 741 res
209 714 333 745 inclinet,
351 715 465 741 retinere
481 719 527 740 aut
538 719 597 740 ante
608 714 719 748 possitis
730 721 879 740 occurrere.

81 752 150 778 Nam
161 751 270 783 rexille,
278 751 310 778 de
322 760 376 786 quo
388 751 491 787 loquor,
500 752 620 786 primum
631 751 726 786 optimi
738 751 809 786 regis
820 758 881 776 cae-

81 789 114 816 de
126 789 289 820 maculatus,
308 789 411 825 integra
428 794 515 815 mente
531 798 584 815 non
599 793 666 820 erat;
685 792 711 814 et
725 797 812 823 quum
824 796 881 813 me—

81 831 168 854 tueret
178 828 236 861 ipse
242 835 357 862 poenam
368 826 476 853 sceleris
487 827 530 852 sui
542 834 687 856 summam,
696 826 780 852 metui
792 833 820 851 se
833 834 881 851 vo-

81 863 162 891 lebat.

80 901 127 928 hat
137 901 289 932 insolentia,
297 910 385 936 neque
397 910 460 927 suos
472 909 559 927 mores
571 909 662 936 regere
673 904 782 935 poterat,
792 908 880 934 neque

80 947 191 966 suorum
204 939 342 965 libidines.
377 939 418 965 47.
440 939 531 973 ltaque
542 947 628 973 quum
641 938 725 964 maior
735 938 795 963 eius
808 937 881 963 filius

79 976 228 1007 Lucretiae,
243 976 396 1010 Tricipitini
409 975 488 1006 filiae,
502 975 626 1002 Collatini
638 976 725 1005 uxori,
743 975 800 1001 vim
811 979 882 1001 attu-

80 1013 170 1045 lisset,
187 1013 339 1049 mulierque
353 1013 460 1048 pudens
472 1018 498 1039 et
510 1013 609 1039 nobilis
620 1012 654 1039 ob
667 1012 740 1039 illam
752 1013 880 1039 iniuriam

80 1060 140 1078 sese
153 1052 211 1086 ipsa
222 1056 306 1078 morte
318 1050 516 1083 inulctavisset:
535 1055 593 1077 tum
608 1051 650 1076 vir
661 1051 770 1086 ingenio
785 1054 810 1076 et
825 1050 882 1076 vir-

80 1093 136 1116 tute
150 1094 290 1124 praestans
306 1089 335 1115 L.
352 1089 450 1114 Brutus
466 1087 572 1122 depulit
586 1096 599 1114 a
615 1088 723 1114 civibus
738 1088 796 1114 suis
808 1088 882 1113 iniu-

80 1131 153 1153 stum
165 1125 234 1152 illud
243 1126 326 1152 durae
337 1126 476 1152 servitutis
489 1126 598 1161 iugum:
612 1126 752 1160 quiquum
759 1126 882 1160 privatus
909 1122 911 1130 ¹

81 1168 165 1194 esset.
188 1168 269 1190 totam
285 1172 341 1190 rem
357 1163 496 1198 publicam
511 1163 654 1195 sustinuit;
678 1164 838 1197 primusque
854 1163 881 1189 in

80 1201 131 1228 hac
147 1202 255 1228 civitate
271 1201 375 1231 docuit,
399 1201 426 1227 in
442 1199 625 1227 conservanda
641 1201 743 1226 civium
761 1199 882 1226 libertate

81 1247 140 1265 esse
161 1239 299 1274 privatum
319 1238 466 1265 neminem.
506 1237 564 1270 Quo
585 1242 692 1264 auctore
713 1242 738 1264 et
757 1238 881 1272 principe

79 1276 210 1303 concitata
225 1276 322 1303 civitas
337 1280 363 1302 et
379 1276 428 1302 bac
444 1276 543 1302 recenti
558 1275 667 1310 querela
679 1276 818 1302 Lucretiae
834 1284 882 1309 pa-

80 1314 129 1340 tris
141 1322 170 1340 ac
181 1315 410 1349 propinquorum,
428 1318 454 1340 et
468 1313 650 1339 recordatione
662 1313 806 1347 superbiae
817 1313 882 1338 Tar-

80 1351 170 1387 quinii
181 1351 382 1386 multarumque
398 1351 560 1377 iniuriarum
575 1355 601 1377 et
616 1351 704 1385 ipsius
716 1355 741 1377 et
753 1350 879 1382 filiorum,

80 1388 203 1415 exsulem
215 1393 241 1415 et
251 1398 341 1424 regem
353 1389 444 1423 ipsum
455 1393 481 1415 et
493 1388 591 1415 liberos
602 1389 662 1415 eius
673 1388 883 1424 etgentemTar-

80 1427 238 1462 quiniorum
250 1435 308 1453 esse
320 1427 410 1452 iussit.

135 1464 234 1491 XXVI.
257 1465 298 1491 48.
321 1463 459 1490 Videtisne
476 1463 572 1498 igitur,
589 1467 619 1489 ut
633 1463 667 1489 de
682 1471 743 1498 rege
755 1462 881 1489 dominus

80 1501 227 1532 exstiterit,
248 1502 386 1536 uniusque
403 1501 468 1527 vitio
483 1509 570 1536 genus
583 1501 620 1526 rei
631 1500 756 1535 publicae
767 1509 801 1526 ex
813 1500 882 1527 bono

80 1539 107 1565 in
120 1538 296 1565 deterrimum
312 1547 473 1565 conversum
489 1537 541 1565 sit‘?
561 1539 608 1564 Hic
619 1543 659 1564 est
670 1539 742 1564 enim
754 1537 882 1564 dominus

80 1576 188 1611 populi,
207 1584 288 1611 quem
305 1576 400 1603 Graeci
419 1581 563 1612 tyrannum
580 1580 689 1602 vocant:
713 1584 774 1602 nam
791 1584 882 1611 regem

80 1613 159 1640 illum
171 1613 266 1640 volunt
281 1622 353 1644 esse,
370 1614 418 1649 qui
430 1613 547 1640 consulit
559 1618 587 1639 ut
598 1622 695 1648 parens
707 1612 807 1648 populo
818 1621 883 1639 con-

80 1655 224 1686 servatque
238 1660 297 1682 eos,
315 1651 417 1686 quibus
433 1655 473 1677 est
484 1651 668 1686 praepositus,
685 1659 767 1685 quam
781 1651 882 1685 optima

80 1689 109 1716 in
120 1688 272 1716 conditione
285 1688 406 1715 vivendi.
447 1688 515 1714 Sane
527 1688 638 1719 bonum,
652 1693 681 1715 ut
691 1688 764 1719 dixi,
781 1688 818 1714 rei
831 1696 883 1723 pu-

80 1725 168 1753 blicae
182 1735 283 1762 genus,
305 1725 351 1752 sed
369 1731 457 1752 tamen
470 1725 628 1752 inclinatum
641 1731 665 1752 et
676 1726 754 1760 quasi
767 1734 881 1760 pronum

81 1763 114 1790 ad
128 1764 391 1798 perniciosissimum
408 1768 518 1790 statum.
560 1764 601 1789 49.
624 1762 795 1798 Simulatque
809 1763 882 1789 enim

80 1809 109 1827 se
122 1800 227 1828 inflexit
237 1801 282 1828 hic
292 1809 339 1827 rex
350 1801 377 1827 in
388 1801 556 1827 dominatum
573 1801 757 1832 iniustiorem,
777 1800 804 1827 [it
818 1809 884 1826 cou-

81 1838 157 1866 tinuo
173 1843 316 1875 tyrannus.
338 1847 393 1874 quo
409 1847 496 1873 neque
513 1839 637 1869 taetrius,
661 1846 749 1873 neque
766 1837 881 1868 foedius,

81 1884 131 1902 nee
141 1875 194 1902 diis
207 1875 420 1910 hominibusque
432 1876 550 1902 invisius
561 1875 660 1902 animal
674 1875 759 1902 ullum
771 1875 883 1911 cogitari

81 1918 181 1949 potest:
195 1913 243 1948 qui
255 1921 421 1948 quamquam
434 1913 519 1948 figura
531 1918 572 1939 est
583 1913 710 1944 hominis,
727 1922 833 1940 morum
845 1918 884 1940 ta-

82 1959 143 1977 men
165 1950 332 1977 immanitate
355 1950 525 1976 vastissimas
552 1950 636 1977 vincit
661 1950 775 1977 belluas.
816 1950 884 1983 Quis

82 1988 155 2015 enim
167 1988 240 2015 hunc
251 1987 388 2014 hominem
401 1988 450 2014 rite
460 1987 569 2018 dixerit
578 1988 625 2022 qui
637 1987 691 2013 sibi
702 1996 764 2014 cuni
776 1988 834 2014 suis
845 1988 885 2014 ci-

82 2025 177 2058 vibus,
200 2026 248 2060 qui
263 2024 382 2060 denique
398 2033 459 2051 cum
475 2025 549 2051 omni
562 2024 702 2051 hominum
713 2033 811 2060 genere
822 2025 885 2051 nul-

83 2063 154 2090 lam'
148 2063 216 2090 iuris
226 2063 454 2092 communionem.
471 2061 573 2088 nullam
584 2062 760 2088 humanitatis
772 2063 885 2089 societa-

82 2105 136 2128 tem
152 2099 235 2127 velit‘?
255 2099 308 2127 Sed
324 2100 375 2126 erit
391 2100 440 2126 hoc
456 2099 489 2125 de
504 2107 602 2135 genere
619 2099 697 2126 nobis
714 2099 783 2125 alius
799 2100 886 2135 aptior

82 2137 192 2165 dicendi
204 2137 381 2172 locus,quum
394 2146 435 2163 res
448 2137 505 2171 ipsa
504 2120 695 2167 tadmonuerit.
708 2137 774 2163 utin
785 2145 830 2163 eos
842 2137 885 2164 di—

82 2184 190 2206 camus,
213 2175 262 2210 qui
277 2175 357 2202 etiam
374 2174 485 2201 liberata
502 2175 555 2200 iam
566 2174 674 2201 civitate
685 2174 883 2201 dominationes

82 2213 282 2248 appetiverunt.

139 2250 247 2277 xxvii.
260 2250 302 2276 50.
314 2249 424 2276 Habetis
436 2249 519 2285 igitur
530 2249 648 2283 primum
660 2253 748 2275 ortum
761 2249 881 2285 tyranni:

83 2296 145 2314 nam
162 2287 212 2314 hoc
228 2295 325 2314 nomen
341 2287 437 2314 Graeci
453 2287 525 2322 regis
542 2287 635 2313 iniusti
651 2295 710 2312 esse
726 2286 881 2313 voluerunt:

83 2326 167 2352 nostri
178 2325 290 2360 quidem
305 2332 399 2351 omnes
416 2332 492 2359 reges
509 2325 707 2354 vocitaverunt.
725 2324 773 2359 qui
789 2323 839 2350 soli
857 2324 883 2350 in

83 2361 198 2398 populos
214 2367 372 2397 perpetuam
389 2365 545 2396 potestatem
568 2361 706 2387 haberent.
747 2362 838 2395 ltaque
859 2366 885 2387 et

83 2399 198 2435 Spurius
209 2400 320 2427 Cassius
335 2404 362 2426 et
377 2399 412 2426 M.
425 2398 541 2425 Manlius
553 2403 579 2425 et
589 2398 706 2433 Spurius
717 2398 830 2424 Maelius
843 2407 884 2424 re-

83 2445 169 2473 gnum
189 2445 321 2472 occupare
342 2436 461 2463 voluisse
481 2436 546 2462 dicti
566 2441 643 2462 sunt:
676 2440 702 2462 et
727 2435 806 2462 modo
829 2436 882 2462 Tib.

85 2475 219 2502 Gracchus
230 2474 241 2488 “
253 2475 264 2487 *
277 2475 287 2488 *

271 2512 469 2546 (neside-rantur
481 2512 593 2554 payinqe
606 2510 695 2543 duae.)

139 2548 260 2576 xxvm.
272 2550 315 2576 5⁴.
332 2550 343 2562 *
355 2548 366 2561 *
380 2548 389 2561 ⁸
402 2549 488 2581 Lycur·
489 2556 536 2581 qus
546 2548 624 2583 γέροι
628 2557 672 2577 mg
684 2546 883 2573 Lacedaemone

83 2585 240 2622 appellavit,
248 2587 330 2613 nimis
342 2587 366 2613 is
378 2585 489 2621 quidem
503 2593 611 2620 paucOS,
618 2593 716 2615 λιι-,ιιι
719 2593 793 2627 quos
801 2593 883 2619 penes

82 2632 219 2651 summam
230 2623 337 2651 consilii
349 2623 435 2650 voluit
445 2631 517 2652 esse
531 2630 615 2657 quum
629 2622 736 2656 imperii
747 2630 882 2648 summum

84 2670 132 2689 rex
143 2666 256 2689 teneret:
279 2669 314 2688 ex
327 2669 381 2697 quo
393 2660 477 2688 nostri
489 2659 561 2687 idem
574 2659 641 2686 illud
652 2659 738 2686 secuti
749 2664 829 2695 atque
842 2659 883 2686 iu-

437 190 545 217 Etenim
556 190 597 217 illi
610 191 709 218 iniusto
720 190 830 217 domino
841 196 881 217 at-
900 191 903 195 ’

198 864 298 890 Deinde
311 865 430 890 victoriis
442 863 602 898 divitiisque
613 863 749 889 subnixus
761 862 881 889 exsulta-
900 881 902 900 5

909 1055 911 1062 '
934 1055 1014 1077 tatem
1030 1051 1099 1077 tueri
1114 1056 1210 1085 potest.

995 120 1031 146 11.
1061 120 1154 147 CAP.
1185 123 1321 148 ’ΖΟ-31.
1665 126 1728 151 4187

933 193 1082 226 terpretati,
1105 201 1174 227 quos
1188 201 1266 218 senes
1283 192 1328 219 ille
1343 192 1502 227 appellavit,
1521 195 1729 222 nominaverunt

933 234 1068 261 senatum:
1092 234 1121 255 ut
1140 230 1219 255 etiam
1236 230 1380 256 Romulum
1400 231 1524 265 patribus
1541 230 1615 257 lectis
1633 231 1729 258 fecisse

933 266 1066 299 diximus:
1084 271 1172 293 tamen
1184 267 1291 294 excellit
1302 273 1381 302 atque
1393 268 1550 298 eminetvis,
1559 274 1675 303 potestas
1682 278 1730 296 no-

934 312 1049 338 meaque
1061 305 1176 339 regium.
1208 305 1316 339 imperti
1328 306 1407 331 etiam
1419 305 1520 340 populo
1531 307 1668 340 potestatis
1680 306 1731 333 ali—

933 340 1009 374 quid,
1023 346 1052 366 ut
1062 342 1234 377 etLyeurgus
1245 347 1271 368 et
1281 342 1424 368 Romulus:
1442 351 1493 369 non
1505 344 1611 370 satiaris
1623 352 1684 370 eum
1698 343 1731 370 li-

934 377 1047 408 bertate,
1070 379 1116 404 sed
1139 379 1290 405 incenderis
1311 380 1456 414 cupiditate
1477 380 1622 412 libertatis,
1644 390 1730 416 quum

934 416 1118 442 tantummodo
1129 421 1315 452 potestatem0
1299 417 1424 443 “ustandi
1439 417 1543 444 leceris.
1560 417 1607 444 Ille
1618 419 1731 453 quidem

933 460 1040 486 semper
1056 453 1224 495 impendebit
1240 454 1331 484 timor,
1355 463 1387 480 ne
1403 464 1463 485 rex
1481 454 1553 489 quod
1571 455 1731 491 plerumque

933 490 1031 519 evenit,
1046 491 1157 516 exsistat
1169 492 1297 517 iniustus.
1337 491 1422 527 Esti=0
1416 493 1479 518 itur
1490 492 1593 527 fragilis
1605 502 1635 518 ea
1647 492 1732 520 sortu-

933 536 965 552 na
978 527 1081 561 populi,
1094 536 1163 562 quae
1175 529 1260 562 posita
1272 529 1349 554 estin
1363 530 1457 560 unius,
1473 535 1499 555 ut
1511 530 1568 556 dixi
1581 536 1669 561 antea,
1684 540 1731 557 vo-

934 563 1035 590 luntate
1048 564 1089 590 vel
1103 566 1233 591 moribus.

989 601 1090 628 XXIX.
1112 604 1154 628 52.
1174 605 1261 634 Quare
1274 603 1358 637 prima
1371 605 1405 629 sit
1418 603 1482 629 haec
1494 603 1577 630 forma
1589 609 1613 630 et
1624 605 1729 639 species

933 643 959 664 et
969 639 1044 673 origo
1057 641 1170 675 tyranni.
1186 641 1293 666 inventa
1305 640 1382 666 nobis
1394 641 1420 666 in
1433 649 1461 666 ea
1474 650 1500 667 re
1513 641 1632 675 publiea.
1649 650 1731 677 quam

933 677 1070 711 auspicato
1083 677 1212 703 Romulus
1227 677 1390 708 condiderit,
1409 687 1460 704 non
1473 679 1500 704 in
1513 678 1572 709 illa,
1589 688 1685 713 quam,
1702 684 1731 705 ut

933 715 1090 748 perscripsit
1102 715 1182 745 Plato,
1195 715 1249 741 sibi
1261 716 1319 749 ipse
1329 715 1448 741 Socrates
1461 716 1635 750 Peripatetico
1647 716 1692 742 illo
1704 717 1731 743 in

908 767 909 778 ι
932 759 1055 778 sermone
1069 751 1235 786 depinxerit:
1254 757 1295 783 ut,
1314 752 1543 787 quemadmodum
1556 754 1729 788 Tarquinius,

908 815 909 822 ¹
932 796 985 814 non
1007 798 1104 815 novam
1121 794 1278 823 potestatem
1295 795 1401 820 nactus,
1425 790 1485 820 sed,
1508 799 1589 824 quam
1606 791 1729 821 babebat,

931 833 999 852 usus
1015 827 1127 856 iniuste,
1145 831 1228 853 totum
1239 835 1325 862 genus
1337 827 1386 853 hoc
1399 827 1488 862 regiae
1499 828 1615 853 civitatis
1629 833 1734 854 everte—

934 863 976 895 rit;
996 864 1031 889 sit
1042 863 1106 889 huic
1117 865 1258 898 oppositus
1270 863 1347 894 alter,
1366 863 1454 890 bonus
1468 869 1493 890 et
1504 865 1612 906 sapiens
1625 870 1649 891 et
1661 866 1733 899 peri-

932 905 975 926 tus
988 901 1111 927 utilitatis
1122 901 1317 943 dignitatisque
1328 901 1432 931 civilis.
1456 903 1534 936 quasi
1551 907 1620 928 tutor
1636 907 1661 928 et
1672 911 1734 936 pro·

933 943 1038 964 curator
1049 938 1087 964 rei
1098 939 1237 973 publicae¹
1256 939 1295 964 sic
1307 939 1379 964 enim
1391 939 1549 973 appelletur,
1566 940 1732 974 quicumque

933 976 983 1001 erit
997 980 1082 1002 rector
1092 980 1116 1002 et
1127 976 1291 1011 gubernator
1301 977 1344 1002 civ
1349 977 1429 1002 itatis.
1470 976 1555 1008 Quem
1567 977 1655 1002 virum
1669 976 1734 1002 saci-

934 1018 966 1044 te,
980 1018 1010 1039 ut
1020 1014 1185 1049 agnoscatis:
1204 1019 1244 1040 est
1255 1014 1341 1044 enim
1355 1015 1403 1048 qui
1414 1014 1526 1040 consilio
1538 1019 1562 1040 et
1573 1023 1652 1048 opera
1664 1015 1706 1040 civ
1711 1014 1733 1040 i-

1250 1050 1327 1083 Quod
1343 1052 1470 1086 quoniam
1483 1060 1579 1077 nomen
1592 1052 1682 1077 minus
1694 1056 1734 1077 est

933 1088 1023 1114 adhuc
1035 1088 1126 1114 tritum
1138 1097 1261 1115 sermone
1274 1093 1376 1118 nostro,
1399 1089 1562 1123 saepiusque
1577 1098 1663 1124 genus
1674 1089 1733 1114 eius

934 1125 1052 1152 hominis
1066 1126 1116 1152 erit
1127 1126 1154 1152 in
1166 1126 1272 1161 reliqua
1283 1125 1361 1152 nobis
1373 1126 1490 1152 oratioue
1503 1128 1663 1152 tractandum
1675 1126 1686 1137 ⁸
1700 1127 1709 1137 ⁸
1722 1126 1732 1137 '¹

1094 1163 1292 1196 (Desideratum
1301 1165 1413 1197 payinae
1423 1166 1440 1189 11
1443 1166 1553 1189 uoileci‘m
1558 1164 1574 1197 ,j

989 1199 1079 1227 XXX.
1101 1201 1143 1227 53.
1159 1202 1171 1213 *
1184 1200 1194 1213 *
1207 1200 1218 1213 *
1235 1201 1307 1226 Plato
1319 1203 1445 1234 reyionem
1455 1204 1575 1234 sedesque
1587 1203 1678 1227 cit-ium
1690 1209 1734 1226 ue-

934 1240 991 1272 quis
1002 1240 1117 1271 appi-ime
1126 1240 1245 1280 pquHms
1255 1240 1354 1264 divisas
1368 1238 1526 1272 requisivit,
1543 1238 1734 1272 civitatemque

934 1275 1078 1317 optandam
1090 1276 1190 1311 magis,
1208 1284 1290 1310 quam
1301 1275 1475 1310 sperandam.
1498 1284 1579 1310 quam
1593 1276 1734 1301 minimam

934 1313 1037 1348 posuit:
1061 1322 1113 1339 non
1130 1321 1198 1355 quae
1214 1314 1299 1347 possit
1310 1322 1382 1343 esse,
1400 1312 1447 1338 sed
1463 1313 1489 1338 in
1502 1322 1554 1347 qua
1567 1313 1631 1338 ratio
1644 1321 1734 1338 rerum

934 1350 1058 1376 civilium
1070 1351 1187 1392 perspici
1200 1355 1303 1385 posset
1320 1349 1415 1376 effecit.
1456 1350 1485 1376 E·
1479 1358 1513 1386 go
1523 1355 1626 1380 autem,
1646 1350 1668 1375 si
1680 1358 1734 1384 quo

935 1387 1013 1414 modo
1026 1388 1156 1423 consequi
1168 1392 1292 1422 potuero,
1311 1387 1460 1414 rationibus
1475 1387 1591 1417 eisdem,
1609 1396 1677 1429 quas
1690 1386 1734 1412 ille

935 1425 1016 1454 vidit,
1035 1434 1086 1451 non
1103 1425 1129 1451 in
1145 1425 1240 1451 umbra
1256 1430 1282 1452 et
1298 1425 1415 1459 imagine
1429 1425 1560 1455 civitatis,
1578 1424 1664 1450 sedin
1676 1432 1734 1450 am-

935 1462 1058 1498 plissima
1071 1471 1097 1489 re
1109 1462 1218 1497 publica
1230 1463 1328 1493 enitar,
1346 1468 1375 1488 ut
1385 1463 1518 1497 cuiusque
1531 1467 1555 1488 et
1567 1462 1629 1488 boni
1643 1461 1735 1496 publi-

910 1523 912 1531 ,
934 1501 958 1526 ci
970 1505 995 1526 et
1007 1499 1070 1526 mali
1081 1508 1205 1526 caussam
1218 1505 1353 1535 tamquam
1367 1499 1471 1535 vii-gula
1485 1499 1577 1525 videar
1593 1500 1732 1534 attingere.

934 1538 981 1564 His
997 1538 1070 1563 enim
1086 1538 1168 1573 regiis
1184 1537 1361 1573 quadraginta
1377 1538 1455 1563 anuis
1472 1542 1496 1562 et
1507 1536 1631 1563 ducentis
1644 1536 1734 1571 paullo

934 1584 996 1601 cum
1011 1575 1170 1610 interregnis
1184 1575 1236 1601 sere
1249 1574 1366 1610 amplius
1380 1575 1543 1610 praeteritis,
1565 1574 1734 1608 expulsoque

935 1613 1095 1647 Tarquinio,
1113 1617 1214 1638 tantum
1225 1612 1318 1639 odium
1331 1612 1462 1647 populum
1475 1612 1623 1638 Romanum
1637 1610 1734 1646 regalis

935 1650 1053 1676 nominis
1066 1651 1159 1680 tenuit.
1173 1655 1305 1684 quantum
1318 1655 1436 1676 tenuerat
1448 1655 1506 1684 post
1517 1649 1620 1675 obitum
1634 1649 1674 1674 vel
1686 1657 1735 1683 po-

935 1688 989 1714 tius
1005 1696 1147 1714 excessum
1163 1687 1284 1718 Romuli,
1307 1686 1484 1713 desiderium.
1526 1687 1616 1721 ltaque
1632 1691 1660 1712 ut
1677 1691 1733 1712 tum

935 1733 1024 1751 carere
1041 1733 1117 1760 rege,
1141 1725 1181 1750 sic
1197 1724 1276 1759 pulso
1287 1725 1433 1759 Tarquinio
1450 1732 1545 1750 nomeu
1559 1724 1629 1759 regis
1641 1722 1734 1749 audire

935 1771 987 1789 non
999 1767 1108 1797 poterat.
1149 1763 1196 1789 llic
1209 1762 1362 1788 facultatem
1374 1771 1436 1788 eum
1450 1762 1459 1773 ·
1476 1763 1483 1771 “
1500 1762 1508 1772 ’

1103 1809 1108 1833 i'
1116 1800 1301 1826 Desideratum·
1310 1803 1420 1833 puyimic
1431 1800 1561 1825 sedecim]

991 1837 1093 1863 xxxi.
1115 1838 1158 1863 tit.
1182 1838 1191 1849 ⁸
1210 1838 1219 1849 '
1238 1837 1247 1849 ’
1269 1836 1312 1863 lex
1332 1836 1375 1863 illa
1397 1841 1447 1863 tota
1464 1835 1568 1862 sublata
1591 1841 1641 1861 est.
1683 1835 1734 1861 llac

937 1881 1025 1902 mente
1046 1880 1102 1902 tum
1118 1875 1202 1901 nostri
1217 1876 1330 1901 maiores
1346 1879 1371 1900 et
1387 1874 1548 1900 Collatinum
1567 1874 1734 1899 innocentem

935 1913 1091 1948 suspicione
1105 1913 1276 1954 cognationis
1284 1911 1447 1947 ιιιψιιΙιιιιιιι
1457 1917 1482 1937 et
1495 1910 1610 1945 rtliquos
1622 1910 1736 1945 Tarqui-

936 1951 996 1977 nios
1011 1950 1158 1976 offensione
1175 1950 1302 1976 nominis
1344 1948 1499 1983 Eademque
1516 1953 1602 1974 mente
1619 1948 1646 1973 Ρ.
1661 1948 1680 1972 Υ
1681 1947 1736 1973 ile-

936 1988 993 2014 rius
1009 1993 1034 2014 et
1049 1987 1134 2014 fasces
1151 1988 1256 2022 primus
1272 1987 1376 2013 demitti
1393 1986 1484 2016 iussit.
1503 1994 1587 2020 quum
1603 1985 1646 2011 die
1650 1994 1693 2011 ‹re
1709 1985 1735 2011 in

935 2026 1063 2051 concione
1078 2026 1224 2060 coepisset.
1242 2030 1268 2051 et
1283 2024 1361 2050 aedes
1375 2033 1439 2050 suas
1450 2022 1545 2049 detulit
1557 2022 1609 2048 sub
1622 2022 1640 2047 Υ
1644 2022 1733 2051 eliam,

937 2067 1027 2096 postea
1039 2071 1135 2096 quam.
1153 2061 1244 2097 quod
1239 2071 1265 2088 ιιι
1276 2061 1422 2088 excelsiore
1436 2060 1491 2086 loco
1503 2060 1522 2085 Υ
1526 2071 1538 2084 ι·
1534 2060 1592 2085 ·ΙίιιιιΙ
1603 2061 1736 2094 coepisset

936 2099 1086 2130 aedificare,
1099 2108 1130 2125 eo
1143 2099 1210 2134 ipso,
1225 2098 1271 2125 ubi
1287 2108 1333 2125 rex
1345 2098 1439 2124 Tullus
1454 2097 1577 2123 habitare
1573 2102 1627 2126 ·r..it
1644 2097 1735 2131 suspi-

935 2137 1040 2162 cionem
1057 2136 1150 2170 populi
1167 2137 1252 2163 sensit
1268 2136 1380 2162 moveri.
1421 2134 1562 2169 Idemque
1582 2135 1607 2160 in
1619 2143 1673 2168 quo
1685 2133 1735 2159 suit

937 2172 1075 2200 Publicola
1088 2174 1214 2202 maxime.
1230 2173 1315 2208 legem
1328 2172 1360 2198 ad
1373 2172 1503 2207 populum
1517 2171 1576 2197 tulit
1589 2181 1601 2196 e
1605 2180 1656 2198 aiu,
1665 2179 1733 2205 quae

936 2210 1092 2237 centuriatis
1103 2210 1220 2236 comitiis
1233 2211 1318 2244 prima
1331 2209 1381 2235 lata
1391 2214 1440 2238 est,
1450 2209 1551 2243 nequis
1564 2210 1734 2243 magistratus

936 2249 1023 2274 civem
1036 2247 1185 2273 Romanum
1197 2246 1328 2273 adversus
1341 2246 1555 2281 provocationem
1568 2251 1671 2271 necui-et
1687 2253 1734 2271 ne-

937 2294 968 2311 ve
982 2284 1142 2311 verberaret.
1174 2283 1390 2310 Provocationem
1406 2288 1494 2309 nutem
1507 2283 1586 2308 etiam
1599 2293 1610 2308 ιι
1624 2281 1733 2316 regibus

938 2320 1384 2356 suissmlttliiontpontiluiililirt
1399 2321 1440 2356 sib
1433 2320 1505 2346 uilic
1508 2321 1641 2346 ιιιιηιι5ιτι
1653 2320 1733 2345 etiam

936 2359 1093 2395 augurales:
1113 2360 1230 2394 ittmque
1243 2358 1276 2384 ab
1287 2358 1359 2383 omui
1373 2357 1455 2383 ἰιιιΙιι·“
1451 2366 1474 2382 io
1487 2366 1562 2391 poen.
1564 2366 1624 2391 ique
1637 2365 1734 2391 prmo-

935 2398 989 2423 c·aii
1003 2396 1095 2427 licere.
1114 2396 1233 2422 iudicant
1245 2404 1281 2421 xu
1295 2394 1399 2421 tabulae
1411 2393 1597 2428 ιοιιηιΙιιι-ιΙιιι5·
1610 2393 1730 2429 ligibus:

937 2439 978 2465 ut,
996 2433 1068 2468 quod
1084 2433 1221 2468 proditum
1237 2432 1364 2459 memuriu
1379 2437 1432 2461 est
1452 2440 1485 2457 x-
1494 2432 1579 2461 viros
1596 2432 1643 2466 qui
1661 2430 1733 2466 Ιιὸυε

936 2471 1104 2506 scripserint,
1113 2471 1171 2498 sinc
1184 2475 1369 2506 provocatione
1381 2478 1394 2494 ι
1398 2478 1423 2495 ri
1426 2474 1490 2497 ¹itus.
1500 2469 1565 2494 satis
1575 2468 1685 2495 ostende
1689 2469 1730 2498 rit.

936 2508 1055 2543 reliquos
1074 2509 1132 2535 siue
1154 2508 1340 2543 provocatione
1363 2515 1422 2541 uti-01
1416 2506 1534 2532 isti-ntus
1556 2514 1606 2532 nou
1632 2505 1730 2532 fuisse:

937 2545 1263 2580 LuciiqueValeriil‘otiti
1275 2544 1340 2571 ιιλΙ
1351 2544 1449 2569 Ηοιιιιιί
1461 2542 1576 2572 Baibati
1591 2543 1732 2570 hominum

935 2582 1092 2610 ‹oncordiae
1112 2591 1207 2609 caussa
1228 2582 1363 2616 sapiewttr
1386 2579 1557 2623 popularium
1582 2580 1732 2607 ιιιιι5ιι1ιιτί5

937 2620 979 2647 lex
990 2620 1088 2650 sanxit
1103 2629 1135 2646 ne
1146 2621 1193 2655 qui
1207 2629 1267 2654 mag„
1261 2620 1378 2645 istratus
1390 2619 1447 2644 sine
1461 2620 1646 2652 provocatione
1658 2627 1671 2644 ι
1676 2627 1733 2644 ιϊιι-

936 2663 1017 2685 retur.
1039 2658 1132 2693 Neque
1145 2666 1206 2684 vero
1219 2657 1291 2693 leges
1303 2656 1419 2686 Porciae.
1432 2664 1500 2691 quae
1513 2660 1566 2683 tres
1577 2662 1639 2683 sunt
1651 2656 1732 2683 trium

1379 2702 1428 2728 1⁴9
1440 2704 1450 2715 ⁸
