1941 3052
520 169 818 197 PHILIPPICA
849 169 901 196 ΙΙΙ.

36 242 253 279 opportuniorem
268 241 300 268 ad
316 250 357 268 res
368 241 498 277 gerendas
509 246 554 268 aut
565 241 711 268 fideliorem
724 245 769 267 aut
780 240 833 267 sor—

36 282 133 308 tiorum
154 280 272 306 virorum
293 284 337 306 aut
356 280 511 306 amiciorum
532 279 694 314 reipublicae
714 277 834 304 civium?

36 320 62 345 7.
75 318 192 345 Huiusce
204 317 317 352 legionis
330 317 454 343 virtutem
466 317 567 343 imitata
574 320 667 352 quarta
679 316 757 351 legio,
765 315 833 342 duce

37 356 67 382 L.
88 354 248 391 Egnatuleio
267 359 419 389 quaestore,
442 355 495 380 civi
516 355 617 389 optimo
632 358 657 380 et
678 353 830 384 fortissimo,

38 393 158 420 Caesaris
173 392 355 418 auctoritatem
371 396 450 426 atque
466 392 612 418 exercitum
629 395 767 426 persecuta
782 395 832 416 est.

37 429 204 457 Faciundum
220 433 260 455 est
274 429 357 464 igitur
371 429 461 460 nobis,
480 434 567 463 patres
582 428 738 463 conscripti,
752 432 782 454 ut
792 436 830 458 ea,

37 476 106 503 quae
117 475 165 493 sua
176 471 269 501 sponte
280 466 446 492 clarissimus
458 466 612 492 adolescens
622 470 702 500 atque
712 465 832 491 omnium

38 504 285 540 praestantissimus
295 505 379 539 gessit
389 504 495 539 etgerit,
505 504 568 530 haec
579 504 734 529 auctoritate
745 507 833 528 nostra

37 542 257 577 comprobentur:
280 545 529 576 veteranorumque,
544 540 750 567 fortissimorum
762 540 834 566 viro·-

37 588 111 610 rum,
125 584 182 606 tum
198 578 310 614 legionis
326 579 442 609 Martiae,
455 583 618 613 quartaeque
629 577 760 604 mirabilis
771 585 835 603 con-

38 626 135 644 sensus
153 616 187 643 ad
202 616 397 651 rempublicam
412 615 620 651 recuperandam
637 614 714 641 laude
725 619 750 640 et
760 615 835 640 testi-

38 655 128 681 monio
144 658 233 680 nostro
248 653 433 680 confirmetur:
461 661 607 687 eorumque
621 652 771 682 commoda,
786 651 835 677 bo-

39 700 124 722 nores,
139 691 264 726 praemia,
278 690 494 726 quumconsules
505 690 637 726 designati
648 690 833 724 magistratum

38 730 160 759 inierint,
178 737 256 755 curae
269 728 345 754 nobis
359 727 427 759 fore,
441 728 568 754 hodierno
583 727 626 753 die
641 726 832 762 spondeamus.

94 767 138 793 lV.
158 768 182 792 8.
199 766 286 800 Atque
301 774 330 791 ea
341 765 460 800 quidem,
474 773 543 800 quae
554 765 610 791 dixi
622 764 654 790 de
665 764 777 790 Caesare
789 763 835 789 de—

38 812 93 839 que
113 804 171 830 eius
192 803 319 834 exercitu,
337 803 389 828 iam
403 802 450 828 diu
461 807 520 828 nota
532 806 597 828 sunt
606 802 692 828 nobis.
732 801 835 827 Virtute

39 841 111 868 enim
132 839 283 867 admirabili
300 840 419 866 Caesaris
438 840 640 874 constantiaque
654 838 772 865 militum
789 847 835 864 ve-

39 883 190 905 teranorum
212 877 402 913 legionumque
417 885 508 903 earum
525 877 626 912 optimo
640 876 749 906 iudicio,
766 884 835 911 quae

39 916 220 942 auctoritatem
236 918 363 945 nostram,
381 914 530 941 libertatem
542 914 634 949 populi
646 914 767 945 Romani,
781 914 836 940 vir-

0 970 1 973 «
39 957 124 980 tutem
145 952 174 979 C.
193 952 313 979 Caesaris
328 956 434 978 secutae
449 956 521 983 sunt,
541 961 555 978 a
571 952 722 978 cervicibus
738 951 835 978 nostris

40 994 81 1017 est
94 989 226 1024 depulsus
236 990 378 1016 Antonius.
410 989 462 1016 Sed
473 990 547 1021 haec,
561 994 591 1016 ut
601 989 667 1020 dixi,
681 990 832 1024 superiora:

38 1027 90 1055 hoc
111 1036 173 1054 vero
193 1035 284 1053 recens
305 1027 422 1054 edictum
438 1028 467 1053 D.
480 1027 563 1058 Bruti,
581 1026 654 1062 quod
670 1026 760 1062 paullo
775 1031 835 1052 ante

39 1065 207 1100 propositum
227 1069 280 1096 est,
299 1069 370 1091 certe
389 1064 495 1091 silentio
515 1073 567 1091 non
588 1069 673 1099 potest
688 1065 834 1099 praeteriri.

39 1102 183 1129 Pollicetur
202 1103 274 1128 enim
290 1110 318 1128 se
330 1103 494 1137 provinciam
506 1102 619 1129 Galliam
632 1106 797 1128 retenturum
808 1103 836 1128 in

41 1144 149 1166 senatus
161 1139 308 1174 populique
318 1140 429 1166 Romani
441 1144 579 1174 potestate.
610 1139 632 1166 O
643 1140 729 1166 civem
743 1144 835 1166 natum

39 1177 218 1212 reipublicae,
250 1185 395 1204 memorem
419 1178 462 1203 sui
483 1178 601 1204 nominis
622 1177 836 1212 imitatoremque

39 1215 186 1241 maiorum!
218 1215 311 1249 Neque
331 1215 412 1246 enim,
429 1215 574 1250 Tarquinio
590 1214 711 1249 expulso,
730 1215 837 1241 maiori-

40 1252 93 1279 bus
114 1252 212 1278 nostris
223 1256 276 1278 tam
289 1251 339 1278 suit
349 1256 437 1287 optata
450 1252 566 1283 libertas,
580 1261 661 1287 quam
673 1257 713 1278 est
724 1252 837 1287 depulso

39 1290 93 1316 iam
109 1289 223 1316 Antonio
244 1289 380 1316 retinenda
401 1290 488 1316 nobis.
520 1291 544 1316 9.
562 1290 603 1316 llli
619 1290 730 1325 regibus
746 1298 837 1324 parere

40 1327 94 1353 iam
106 1335 119 1352 a
131 1326 235 1353 condita
247 1326 316 1353 Urbe
326 1326 487 1354 didicerant:
515 1336 562 1353 nos
573 1331 633 1362 post
643 1336 721 1362 reges
732 1332 837 1353 exactos

41 1364 179 1390 servitutis
199 1363 300 1390 oblivio
319 1368 433 1398 ceperat.
487 1365 574 1399 Atque
594 1364 640 1391 ille
663 1365 835 1399 Tarquinius,

40 1409 122 1437 quem
144 1401 256 1427 maiores
272 1402 355 1428 nostri
367 1410 419 1428 non
431 1401 558 1433 tulerunt,
581 1411 633 1428 non
645 1402 771 1432 crudelis.
785 1411 837 1428 non

40 1439 152 1473 impius,
169 1439 216 1465 sed
231 1439 365 1474 superbus
375 1439 484 1466 habitus
494 1444 535 1466 est
546 1444 571 1466 et
581 1439 683 1466 dictus:
706 1439 777 1474 quod
791 1448 837 1466 nos

41 1477 138 1503 vitium
160 1477 186 1502 in
200 1477 310 1511 privatis
323 1485 401 1511 saepe
413 1477 533 1507 tulimus,
548 1477 574 1503 id
587 1478 700 1503 maiores
712 1477 793 1504 nostri
806 1485 838 1503 ne

41 1513 69 1540 in
90 1522 152 1549 rege
172 1513 283 1548 quidem
304 1513 371 1540 ferre
392 1519 542 1549 potuerunt.
583 1515 612 1540 L.
634 1515 732 1541 Brutus
748 1523 837 1550 regem

41 1552 189 1586 superbum
206 1560 257 1578 non
270 1551 343 1578 tulit:
374 1552 404 1578 D.
418 1552 515 1578 Brutus
528 1551 684 1578 sceleratum
698 1557 776 1586 atque
788 1552 839 1578 im-

41 1589 118 1624 pium
139 1597 249 1624 regnare
265 1589 381 1623 patietur
397 1588 564 1616 Antonium?
593 1589 664 1622 Quid
676 1590 838 1624 Tarquinius

42 1625 103 1656 tale.
121 1627 211 1661 qualia
233 1626 440 1653 innumerabilia
461 1631 486 1653 et
507 1627 569 1653 fecit
579 1632 604 1653 et
617 1626 678 1653 facit
688 1626 839 1653 Antonius?

41 1663 167 1690 Senatum
180 1665 258 1690 etiam
270 1672 345 1700 reges
356 1664 503 1691 habebant:
526 1673 574 1690 nec
585 1669 682 1696 tamen,
692 1664 839 1691 utAntonio

41 1705 163 1728 senatum
175 1701 296 1732 habente,
311 1702 337 1728 in
349 1701 460 1728 consilio
469 1703 542 1737 regis
549 1702 723 1728 versabantur
734 1702 838 1728 barbari

42 1739 145 1765 armati.
187 1738 335 1765 servabant
349 1739 468 1774 auspicia
485 1748 575 1775 reges;
600 1748 669 1775 quae
686 1740 729 1766 hic
744 1739 837 1766 consul

43 1784 181 1812 augurque
192 1776 318 1812 neglexit,
327 1785 414 1812 neque
425 1776 511 1803 solum
526 1777 631 1813 legibus
642 1781 731 1804 contra
747 1778 840 1812 auspi-

42 1813 82 1840 cia
101 1812 230 1844 ferendis,
248 1814 295 1840 sed
311 1814 389 1840 etiam
408 1814 509 1850 collega
523 1823 576 1841 una
588 1814 688 1841 serente
701 1823 744 1846 eo,
758 1824 839 1850 quem

42 1850 101 1886 ipse
121 1851 255 1878 ementitis
271 1852 399 1886 auspiciis
414 1852 542 1879 vitiosum
559 1851 664 1878 fecerat.
708 1854 747 1878 40.
773 1852 840 1885 Quis

43 1892 132 1914 autem
151 1897 198 1914 rex
213 1897 342 1924 umquam
359 1888 409 1916 fuit
425 1894 476 1916 tam
493 1890 620 1925 insignite
636 1889 793 1924 impudens,
811 1894 841 1916 ut

42 1924 153 1952 haberet
163 1926 251 1952 omnia
263 1926 411 1958 commoda,
420 1926 558 1957 beneficia,
567 1928 624 1953 iura
637 1928 711 1963 regni
719 1927 841 1954 venalia?

42 1970 125 1998 quam
141 1962 185 1989 hic
199 1963 410 1995 immunitatem,
428 1972 509 1999 quam
523 1964 668 1995 civitatem,
682 1965 753 2000 quod
765 1974 841 2000 prae-

42 2000 129 2027 mium
150 2008 202 2026 non
218 2000 259 2026 vel
279 2000 395 2036 singulis
412 2001 568 2027 hominibus
579 2001 620 2028 vel
632 2002 787 2028 civitatibus
799 2002 839 2028 vel

42 2037 180 2065 universis
202 2038 347 2072 provinciis
364 2038 502 2065 vendidit?
522 2039 595 2065 Niliil
612 2039 714 2065 humile
729 2039 762 2066 de
778 2040 842 2066 Tar-

43 2075 146 2110 quinio,
162 2074 228 2101 nibil
241 2075 379 2101 sordidum
392 2077 558 2110 accepimus:
571 2080 597 2102 at
608 2085 669 2103 vero
678 2076 759 2103 buius
769 2077 841 2103 domi

44 2111 113 2139 inter
128 2112 242 2147 quasilla
259 2112 424 2147 pendebatur
435 2121 544 2144 aurum,
559 2114 749 2140 numerabatur
761 2123 842 2149 pecu-

45 2149 103 2176 nia:
126 2158 178 2176 una
200 2150 227 2176 in
248 2150 327 2176 domo
346 2158 448 2181 omnes,
470 2159 584 2185 quorum
601 2151 738 2182 intererat,
757 2156 841 2178 totum

44 2186 190 2222 imperium
207 2187 299 2222 populi
312 2187 422 2214 Romani
435 2187 662 2215 nundinabantur.
703 2188 841 2224 Supplicia

45 2232 109 2251 vero
124 2225 151 2251 in
163 2225 236 2250 cives
254 2225 384 2251 Romanos
395 2224 467 2251 nulla
479 2225 616 2260 Tarquinii
628 2226 794 2261 accepimus:
817 2231 842 2253 at

45 2259 91 2288 hic
105 2266 130 2288 et
141 2261 255 2288 Suessae
271 2262 404 2297 iugulavit
414 2270 473 2292 eos.
486 2271 554 2297 quos
565 2263 592 2289 in
603 2264 750 2290 custodiam
761 2264 843 2290 dede-

46 2302 98 2330 rat,
115 2304 141 2326 et
153 2299 289 2326 Brundisii
306 2299 338 2326 ad
354 2304 484 2326 trecentos
500 2299 659 2327 fortissimos
671 2301 742 2328 viros
755 2302 843 2328 cives-

46 2343 99 2372 que
110 2337 224 2371 optimos
237 2337 388 2363 trucidavit.
422 2338 462 2363 44.
475 2337 610 2364 Postremo
621 2338 784 2373 Tarquinius
797 2347 843 2373 pro

47 2373 147 2409 populo
158 2374 276 2401 Romano
287 2374 388 2401 bellum
399 2375 508 2410 gerebat
520 2379 586 2405 tum,
599 2383 684 2410 quum
696 2381 736 2402 est
747 2376 844 2410 expul-

48 2417 108 2438 sus:
130 2412 261 2438 Antonius
280 2416 369 2438 contra
386 2411 516 2446 populum
534 2413 681 2439 Romanum
697 2414 842 2439 exercitum

49 2446 196 2475 adducebat
216 2454 286 2479 tum,
310 2458 395 2484 quum
412 2459 424 2475 a
442 2449 593 2484 legionibus
609 2450 729 2481 relictus.
748 2459 842 2477 nomen

50 2483 168 2512 Caesaris
185 2487 386 2522 exercitumque
403 2487 553 2521 pertimuit,
568 2487 751 2522 neglectisque
763 2488 844 2514 sacri·
866 2487 868 2495 ³

51 2519 118 2549 ficiis
128 2522 314 2556 sollemnibus,
328 2529 387 2551 ante
400 2524 486 2550 lucem
499 2529 557 2550 vota
568 2533 683 2559 ea,quae
696 2533 843 2560 numquam
867 2529 868 2552 ἒ

51 2558 177 2591 solveret,
194 2562 373 2596 nuncupavit:
395 2567 421 2588 et
439 2561 489 2588 hoc
503 2566 620 2596 tempore
635 2562 662 2588 in
679 2563 843 2597 provinciam

52 2596 144 2631 populi
159 2597 269 2625 Romani
284 2603 393 2626 conatur
403 2599 538 2626 invadere.
581 2599 666 2626 Maius
678 2600 760 2635 igitur
771 2609 783 2625 a
797 2600 845 2625 De-

52 2633 122 2659 cimo
137 2633 215 2661 Bruto
228 2635 387 2663 beneficium
404 2636 522 2671 populus
537 2637 673 2663 Romanus
688 2641 714 2663 et
730 2637 845 2663 habetet

53 2675 200 2705 exspectat.
220 2680 301 2707 quam
316 2674 428 2700 maiores
446 2674 528 2701 nostri
542 2679 701 2708 acceperunt
711 2683 724 2700 a
738 2675 766 2700 L.
779 2675 846 2700 Bru-

54 2710 93 2738 to,
106 2707 226 2744 principe
237 2708 318 2737 huius
333 2712 449 2739 maxime
459 2711 633 2739 conservandi
645 2712 750 2748 generis
761 2716 787 2739 et
798 2720 846 2738 no-

867 2587 869 2650 l

941 169 961 197 C
974 169 996 196 A
1010 169 1040 196 P.
1076 171 1085 196 4
1109 185 1146 189 -
1166 171 1191 196 6.
1625 171 1676 197 647

883 241 976 267 minis.
1010 241 1042 268 V.
1070 242 1109 267 42.
1128 240 1217 273 Quum
1234 244 1321 267 autem
1336 240 1425 267 omnis
1439 241 1555 267 servitus
1571 244 1610 267 est
1625 241 1678 268 mi-

884 287 955 310 sera,
972 283 1028 305 tum
1041 287 1104 305 vero
1114 278 1281 305 intolerabile
1292 283 1332 304 est
1341 279 1441 304 servire
1453 278 1572 313 impuro.
1586 279 1677 313 impu-

862 343 863 346 ,
884 315 956 347 dico,
974 316 1136 347 effeminato,
1154 324 1317 350 numquam,
1334 324 1367 342 ne
1378 317 1405 342 in
1417 320 1490 342 metu
1501 315 1620 350 quidem,
1635 324 1678 342 so-

884 352 950 379 brio.
990 353 1065 379 Hunc
1083 354 1166 388 igitur
1180 354 1227 388 qui
1239 352 1325 380 Gallia
1336 353 1472 388 prohibet,
1486 354 1590 387 privato
1601 361 1678 387 prae-

884 391 976 416 sertim
987 390 1108 420 consilio.
1120 391 1221 417 iudicat
1231 391 1426 425 verissimeque
1436 390 1545 421 iudicat,
1555 399 1607 416 non
1619 398 1678 416 esse

884 427 1032 454 consulem.
1073 428 1235 454 Faciendum
1259 432 1299 454 est
1318 428 1401 463 igitur
1412 428 1502 459 nobis,
1516 432 1603 462 patres
1615 436 1679 454 con-

884 465 986 499 scripti,
999 470 1028 491 ut
1038 465 1068 491 D.
1080 466 1152 491 Bruti
1164 466 1298 500 privatum
1309 465 1452 492 consilium
1464 466 1616 491 auctoritate
1628 473 1680 500 pu-

884 502 954 528 blica
965 502 1179 537 comprobemus.
1202 503 1255 529 Nec
1266 511 1328 529 vero
1339 503 1374 529 M.
1382 503 1527 529 Antonium
1539 502 1679 529 consulem

885 544 945 574 post
960 539 1115 574 Lupercalia
1130 544 1222 574 putare
1233 540 1374 566 debuistis.
1415 540 1474 572 Quo
1485 540 1556 566 enirn
1568 539 1614 566 ille
1624 539 1678 571 die,

885 577 984 611 populo
1005 578 1122 603 Romano
1141 578 1319 612 inspectante,
1339 577 1441 608 nudus,
1459 582 1570 608 unctus,
1588 577 1680 603 ebrius

885 619 925 640 est
939 615 1110 641 concionatus
1128 619 1152 640 et
1166 614 1194 640 id
1210 615 1276 650 egit,
1294 619 1323 640 ut
1333 614 1449 650 collegae
1460 614 1581 641 diadema
1593 615 1681 649 impo-

886 656 971 682 neret,
989 660 1020 678 eo
1034 652 1077 678 die
1093 661 1122 678 se
1133 661 1185 678 non
1197 652 1275 678 modo
1285 651 1435 682 consulatu,
1450 652 1497 678 sed
1508 653 1587 678 etiam
1600 651 1682 678 liber-

886 693 937 715 tate
952 689 1094 715 abdicavit.
1134 689 1212 715 Esset
1227 690 1298 715 enim
1313 690 1366 723 ipsi
1381 694 1450 715 certe
1462 690 1549 715 statim
1561 690 1682 715 servien-

886 726 960 757 dum,
974 727 997 752 si
1009 726 1104 753 Caesar
1114 726 1147 752 ab
1159 735 1189 753 eo
1200 727 1275 762 regni
1287 727 1403 762 insignia
1414 728 1533 761 accipere
1539 726 1679 753 voluisset.

886 764 962 790 Hunc
983 764 1065 799 igitur
1086 772 1135 799 ego
1154 764 1306 794 consulem,
1330 764 1402 789 hunc
1417 764 1504 789 civem
1519 764 1678 790 Romanum,

887 801 958 827 hunc
979 800 1107 832 liberum,
1130 801 1202 827 hunc
1222 801 1338 836 denique
1358 801 1494 827 bominem
1511 806 1616 835 putem,
1634 803 1682 836 qui

887 838 963 865 foedo
979 838 1026 865 illo
1041 843 1067 865 et
1082 837 1212 874 flagitioso
1227 838 1284 869 die,
1302 843 1327 864 et
1341 838 1408 873 quid
1425 838 1478 873 pati
1495 838 1605 865 Caesare
1620 839 1682 865 vivo

887 880 984 911 posset,
997 881 1022 902 et
1031 876 1098 911 quid
1108 884 1139 902 eo
1148 880 1252 902 mortuo
1263 876 1389 910 consequi
1402 877 1459 910 ipse
1469 880 1586 910 cuperet,
1594 880 1684 902 osten-

886 913 943 940 dit‘?
966 915 1004 939 43.
1017 914 1070 939 Nec
1082 922 1144 940 vero
1155 913 1187 939 de
1199 914 1305 944 virtute,
1318 914 1473 944 constantia,
1482 914 1611 948 gravitate
1623 921 1684 948 pro-

887 951 990 977 vinciae
1002 950 1104 978 Galliae
1115 951 1194 977 taceri
1205 955 1299 985 potest.
1330 951 1378 977 Est
1388 951 1458 976 enim
1470 950 1514 977 ille
1525 949 1572 977 flos
1582 950 1680 981 Italiae,

887 988 956 1015 illud
968 988 1164 1015 firmamentum
1176 989 1283 1023 imperii
1295 988 1514 1023 populiRomani,
1528 988 1597 1014 illud
1607 996 1684 1015 orna-

888 1030 1007 1053 mentum
1023 1026 1171 1062 dignitatis.
1203 1026 1304 1052 Tantus
1315 1031 1403 1052 autem
1414 1030 1454 1052 est
1465 1034 1613 1052 consensus
1623 1034 1685 1052 mu-

888 1064 1048 1099 nicipiorum
1077 1063 1297 1098 coloniarumque
1326 1064 1478 1098 provinciae
1509 1063 1624 1094 Galliae,
1655 1068 1686 1090 ut

888 1110 980 1128 omnes
1000 1101 1033 1128 ad
1053 1102 1235 1128 auctoritatem
1251 1101 1333 1127 huius
1349 1100 1450 1127 ordinis
1464 1101 1685 1136 maiestatemque

889 1139 981 1174 populi
1001 1139 1113 1165 Romani
1134 1138 1329 1165 defendendam
1350 1139 1517 1173 conspirasse
1533 1138 1683 1164 videantur.

889 1176 1081 1209 Quamobrem,
1109 1177 1210 1203 tribuni
1236 1176 1336 1211 plebis,
1363 1184 1528 1211 quamquam
1549 1185 1597 1202 vos
1618 1176 1685 1202 nibil

889 1214 972 1245 aliud,
999 1215 1050 1241 nisi
1073 1214 1105 1240 de
1125 1213 1267 1249 praesidio,
1290 1218 1320 1240 ut
1340 1218 1462 1240 senatum
1484 1218 1540 1240 tuto
1559 1213 1684 1240 consules

890 1252 1016 1278 Kalendis
1032 1253 1086 1278 Ian.
1104 1252 1201 1278 habere
1215 1255 1337 1286 possent,
1357 1251 1500 1282 retulistis,
1519 1255 1606 1277 tamen
1619 1251 1687 1277 mibi

890 1289 1019 1316 videmini
1034 1298 1131 1325 magno
1145 1289 1257 1316 consilio
1273 1293 1351 1324 atque
1362 1289 1461 1323 optima
1473 1293 1560 1315 mente
1570 1293 1687 1324 potesta·

890 1331 943 1353 tem
963 1327 1040 1353 nobis
1060 1327 1093 1353 de
1109 1331 1160 1353 tota
1177 1326 1313 1361 republica
1330 1326 1425 1352 fecisse
1440 1326 1555 1352 dicendi.
1596 1325 1686 1358 Quum

890 1365 960 1390 enim
973 1369 1030 1390 tuto
1040 1369 1163 1391 senatum
1174 1364 1266 1390 haberi
1278 1364 1335 1390 sine
1347 1363 1480 1398 praesidio
1492 1372 1543 1389 non
1555 1372 1633 1398 posse
1645 1364 1688 1389 iu-

890 1401 1042 1428 dicavistis:
1066 1406 1123 1428 tum
1138 1402 1271 1428 statuistis
1287 1402 1365 1428 etiam
1390 1402 1457 1428 intra
1473 1409 1564 1427 muros
1579 1401 1687 1427 Antonii

890 1439 977 1466 scelus
989 1439 1181 1474 audaciamque
1192 1439 1301 1465 versari.

944 1477 986 1503 VI.
1011 1477 1050 1503 44.
1077 1476 1254 1509 Quamobrem
1270 1476 1367 1507 omnia,
1386 1484 1443 1501 mea
1459 1476 1598 1507 sententia,
1615 1483 1688 1502 com-

891 1513 998 1549 plectar,
1011 1514 1098 1545 vobis,
1112 1519 1141 1540 ut
1152 1514 1280 1549 intelligo,
1296 1522 1347 1540 non
1359 1513 1461 1543 invitis,
1475 1518 1539 1540 utet
1552 1518 1689 1548 praestan-

891 1552 1003 1578 tissimis
1015 1551 1131 1578 ducibus
1143 1560 1156 1577 a
1169 1552 1246 1577 nobis
1253 1551 1331 1577 detur
1342 1551 1492 1581 auctoritas,
1502 1550 1688 1577 etfortissimis

891 1589 1024 1615 militibus
1048 1598 1110 1624 spes
1136 1589 1291 1615 ostendatur
1312 1589 1491 1623 praemiorum
1511 1593 1536 1614 et
1556 1588 1689 1614 iudicetur

892 1635 943 1652 non
954 1627 1045 1657 verbo,
1059 1626 1106 1653 sed
1118 1635 1154 1657 re,
1168 1635 1219 1653 non
1231 1626 1310 1652 modo
1322 1635 1372 1652 non
1384 1625 1487 1656 consul.
1501 1625 1547 1651 sed
1555 1626 1633 1652 etiam
1642 1626 1689 1652 ho-

891 1664 940 1690 stis
951 1664 1092 1690 Antonius.
1115 1664 1191 1695 Nam,
1204 1665 1226 1690 si
1239 1663 1283 1690 ille
1294 1663 1397 1693 consul,
1412 1663 1572 1689 fustuarium
1585 1671 1691 1690 merue-

892 1707 953 1728 runt
970 1701 1101 1737 legiones,
1119 1710 1188 1736 quae
1204 1701 1342 1728 consulem
1360 1701 1539 1736 reliquerunt,
1577 1701 1690 1727 scelera-

892 1744 935 1766 tus
950 1739 1055 1769 Caesar,
1073 1739 1170 1766 Brutus
1187 1738 1314 1769 nefarius,
1326 1739 1373 1773 qui
1385 1743 1473 1765 contra
1485 1738 1622 1765 consulem
1635 1739 1691 1773 pri-

892 1781 952 1803 vato
976 1776 1088 1803 consilio
1113 1777 1246 1803 exercitus
1270 1781 1504 1811 comparaverunt:
1548 1777 1690 1802 sinautem

892 1814 1026 1841 militibus
1038 1814 1197 1849 exquirendi
1210 1819 1273 1840 sunt
1285 1814 1398 1840 honores
1410 1814 1472 1840 novi
1485 1818 1591 1848 propter
1598 1822 1690 1840 eorum

892 1852 1015 1878 divinum
1027 1856 1106 1886 atque
1117 1852 1265 1878 immortale
1277 1852 1412 1882 meritum,
1425 1851 1541 1877 ducibus
1553 1856 1641 1877 autem
1659 1859 1691 1878 ne

893 1889 984 1916 referri
1005 1889 1115 1925 quidem
1140 1894 1227 1924 potest
1241 1890 1335 1925 gratia,
1353 1890 1415 1924 quis
1430 1894 1479 1919 est,
1496 1889 1543 1923 qui
1560 1897 1621 1915 eum
1639 1897 1690 1915 non

894 1927 996 1953 hostem
1023 1928 1166 1958 existimet,
1194 1935 1275 1962 quem
1301 1928 1348 1961 qui
1377 1927 1458 1952 armis
1480 1931 1688 1961 persequuntur.

892 1969 1091 1991 conservatores
1107 1964 1271 2000 reipublicae
1287 1963 1458 1990 iudicantur-⁵?
1500 1965 1540 1990 45.
1561 1964 1594 1990 At
1609 1972 1691 1999 quam

893 2002 1104 2028 contumeliosus
1128 2003 1156 2028 in
1182 2002 1289 2028 edictis!
1327 2010 1408 2037 quam
1435 2001 1577 2027 barbarus!
1609 2010 1690 2036 quam

894 2039 982 2066 rudisl
1005 2040 1124 2066 Primum
1144 2040 1172 2066 in
1188 2040 1326 2066 Caesarem
1343 2044 1372 2065 ut
1388 2038 1527 2065 maledicta
1544 2040 1688 2074 congessit,

893 2076 1049 2111 deprompta
1065 2085 1098 2104 ex
1114 2077 1294 2103 recordatione
1305 2076 1489 2111 impudicitiae
1501 2081 1525 2102 et
1536 2082 1691 2111 stuprorum

893 2115 1019 2140 suorum!
1051 2114 1118 2146 Quis
1138 2115 1210 2140 enim
1232 2115 1280 2141 boc
1304 2113 1470 2140 adolescente
1490 2113 1605 2140 castior?
1629 2114 1691 2148 quis

894 2151 1056 2178 modestior‘?
1084 2151 1160 2183 Quod
1186 2152 1213 2178 in
1240 2152 1378 2177 iuventute
1403 2151 1534 2177 babemus
1558 2151 1691 2177 illustrius

894 2188 1049 2223 exemplum
1066 2189 1164 2215 veteris
1180 2188 1346 2214 sanctitatis?
1365 2188 1432 2220 Quis
1447 2194 1535 2214 autem
1552 2188 1598 2214 illo
1610 2188 1691 2214 male-

894 2226 953 2252 dico
970 2225 1119 2260 impurior‘?
1139 2226 1334 2261 ignobilitatem
1346 2226 1437 2252 obiicit
1449 2226 1478 2251 C.
1495 2225 1614 2251 Caesaris
1626 2225 1688 2255 tilio,

894 2263 973 2289 cuius
998 2263 1077 2289 etiam
1099 2262 1228 2289 naturalis
1249 2268 1336 2297 pater,
1359 2263 1380 2288 si
1404 2263 1456 2288 vita
1480 2263 1688 2297 suppeditasset,

894 2299 987 2326 consul
1000 2299 1084 2326 sactus
1095 2305 1174 2326 esset.
1196 2315 1232 2319 —
1243 2300 1347 2326 Aricina
1360 2304 1452 2326 mater.
1474 2315 1511 2319 —
1531 2299 1690 2325 Trallianam

895 2342 940 2363 aut
955 2337 1099 2372 Ephesiam
1117 2342 1194 2371 putes
1209 2337 1306 2362 (licere.
1348 2337 1454 2367 Videte,
1467 2346 1548 2371 quam
1559 2337 1692 2370 despicia-

896 2383 956 2401 mur
969 2383 1077 2404 omnes,
1094 2375 1141 2409 qui
1157 2383 1253 2400 sumus
1269 2382 1283 2399 e
1299 2374 1468 2408 municipiis,
1483 2374 1509 2399 id
1529 2379 1581 2403 est.
1599 2382 1692 2400 omnes

896 2412 983 2447 plane.
1015 2411 1117 2443 Quotus
1129 2411 1200 2437 enim
1212 2411 1329 2446 quisque
1342 2415 1461 2437 nostrum
1475 2420 1525 2437 uon
1537 2410 1596 2436 est?
1615 2411 1692 2443 Quod

895 2454 983 2475 autem
1006 2449 1184 2483 municipium
1207 2457 1258 2475 non
1273 2449 1417 2474 contemnit
1435 2449 1469 2477 is,
1487 2449 1534 2482 qui
1553 2448 1691 2475 Aricinum

896 2491 968 2513 tanto
987 2494 1065 2520 opere
1086 2485 1212 2520 despicit.
1237 2491 1366 2511 vetustate
1382 2486 1616 2519 antiquissimum.
1635 2486 1692 2512 iure

897 2523 1068 2554 foederatum.
1083 2524 1280 2558 propinquitate
1293 2532 1375 2557 paene
1387 2523 1692 2558 tinitimum,splendore

897 2561 1065 2595 municipum
1077 2561 1317 2587 honestissimum?
1348 2562 1385 2586 ts».
1409 2560 1474 2586 llinc
1482 2561 1692 2591 Voconiae,liitic

896 2598 1000 2625 Atiniae
1017 2598 1102 2634 leges:
1126 2598 1187 2625 binc.
1207 2598 1305 2624 multae
1323 2597 1404 2623 sellae
1422 2597 1528 2624 curules
1543 2603 1569 2624 et
1585 2604 1690 2633 patrum

897 2636 1023 2662 memoria
1039 2640 1064 2662 et
1077 2640 1177 2662 nostra:
1201 2636 1262 2661 binc
1273 2636 1377 2670 equites
1389 2636 1498 2661 llomani
1512 2635 1654 2662 lautissimi
1666 2641 1691 2662 et

874 2687 876 2695 ·
897 2673 1017 2709 plurimi.
1058 2672 1110 2699 Sed
1132 2674 1154 2699 si
1170 2673 1302 2699 Aricinam
1320 2681 1428 2699 uxorem
1446 2682 1496 2699 non
1517 2673 1626 2707 probas,
1643 2681 1692 2699 cur

874 2704 877 2741 ἶ
896 2711 994 2747 probas
1009 2710 1206 2738 Tusculanam?
1225 2711 1394 2746 Quamquam
1410 2710 1491 2737 huius
1506 2711 1691 2738 sanctissimae

1451 2760 1484 2784 78

874 2633 876 2647 l
