1941 3052
228 159 275 184 364

228 229 346 254 nuntium
361 228 478 254 ‹lu-iectus
492 227 626 261 qiiispinni
641 230 686 254 sit.
708 235 782 253 euni.
803 226 850 259 qui
866 225 976 250 fau-ntur
990 233 1018 249 ιιι·

227 266 266 291 tlt
254 266 354 291 novi-ma·
387 267 490 291 sim-vro
505 265 686 298 spuminuem,
704 264 724 288 si
740 262 872 291 ostendet,
889 270 950 286 euin
967 270 1017 286 non

228 303 388 337 pouwtme.
423 301 608 333 mammon-,1
626 301 675 325 nisi
691 300 737 334 qui
752 299 895 333 possideat.
923 299 1018 324 Osten-

227 340 260 365 do
279 349 309 365 ex
332 340 379 364 hm·
399 339 549 367 interdic-to
575 346 607 362 m:
629 346 752 362 «nuni-in
771 345 944 364 :tumtun-,s
969 335 1016 369 qui

228 378 311 419 possit
334 376 470 401 oste-*nulia
495 384 544 400 non
564 374 714 415 [maseulisse
733 382 809 402 euni,
833 373 880 407 qui
898 372 1017 398 deiectus

226 415 268 443 nit,
285 413 367 439 ι’·οιιιΙι
363 422 422 438 11111
424 421 453 437 ιιι
469 417 553 437 tunitii
570 411 720 444 sponsionis
736 418 844 436 neeesse
857 418 924 439 esse,
941 410 963 435 ni
979 408 1017 434 fa-

227 456 257 476 te.
260 457 310 476 itur
324 458 382 474 esse
395 449 536 474 deiectum.
560 448 670 473 ΧΧΧΙΙ
682 449 723 473 92.
741 447 885 481 Dupliciter
897 446 1017 472 homines

226 488 399 515 «inficiuntur,
417 491 461 511 aut
475 486 532 511 sine
547 485 643 511 coactis
654 486 795 510 armatisve
807 484 962 510 horninibus
972 488 1018 509 aut

227 533 272 558 por
286 523 415 549 eiusmodi
432 523 558 548 rationem
573 527 652 556 atque
667 523 730 548 vim.
763 521 802 547 Ad
816 521 884 547 duas
898 521 1017 547 dissimi-

227 561 263 586 les
278 570 318 586 res
332 560 385 585 duo
398 559 520 585 deiunctu
535 559 671 585 interdicta
686 563 758 585 sunt.
785 559 813 585 ln
829 558 873 584 illa
890 559 914 584 vi
929 559 1018 593 quoti—

225 598 301 623 diana
322 606 372 623 non
393 597 458 623 satis
477 601 515 622 est
535 605 612 631 posse
630 597 723 622 docere
742 605 770 622 se
792 596 938 625 deiectum,
965 595 1016 621 nisi

224 635 361 661 ostendere
373 635 463 668 possit,
480 643 564 669 quum
577 634 731 668 possideret,
749 638 804 659 tum
816 633 958 659 deiectum.
980 633 1017 658 Ne

225 672 250 698 id
265 671 374 706 qnidem
389 672 453 697 satis
468 676 520 701 est,
537 671 587 697 nisi
603 671 691 702 docet,
709 672 743 697 ita
758 680 786 696 se
802 670 966 705 possedisse,
989 674 1017 695 ut

225 718 271 735 nes=
287 709 321 739 vi,
339 718 385 734 nec
399 709 476 738 clani,
493 718 540 735 nec
556 709 673 743 precario
687 708 842 743 possederit.
878 709 968 742 ltaque
983 707 1015 737 is,

223 747 270 781 qui
290 755 318 772 se
337 746 486 772 restituisse
505 746 585 776 dixit,
607 755 701 779 magna
722 754 783 772 voce
802 754 880 780 saepe
899 745 1016 771 confiteri
1038 745 1039 764 Ι

223 784 298 814 solet,
315 792 343 809 se
358 784 383 809 vi
397 783 539 815 deiecisse;
561 792 653 809 verum
669 783 735 809 illud
749 782 836 809 addit:
859 783 916 808 Non
931 783 1018 816 possi—

223 821 314 852 debat;
337 820 377 846 vel
392 822 484 851 etiam,
504 829 588 855 quum
605 820 652 847 boc
667 821 756 855 ipsum
771 820 914 850 concessit,
936 820 1017 845 vim-it

225 863 310 884 tamen
325 859 477 893 sponsione
493 859 515 884 si
532 858 640 892 planum
657 857 726 888 facit.
743 858 775 883 nb
790 866 818 883 se
832 857 908 883 illum
924 862 969 882 aut
980 866 1014 886 vi,

223 895 359 925 aurulam,
376 896 548 930 autprecario
560 895 719 938 possedisse.
742 896 783 921 93
792 894 936 924 Videtisne,
953 899 1017 929 quot

223 932 425 959 defensionibus
437 942 507 963 eum,
520 933 637 975 quisine
647 933 728 958 armis
739 941 768 958 ac
779 931 951 958 multitudine
962 932 1016 957 vim

225 969 327 1001 fecerit.
349 971 386 996 nti
403 979 479 1004 posse
495 971 606 996 maiores
621 969 771 996 voluerint?
793 970 864 995 bunc
878 978 952 999 vero
969 969 1015 1004 qui
1038 962 1040 998 Ι

223 1007 276 1033 ab'
270 1016 340 1037 iure,
362 1007 460 1038 officio,
482 1008 557 1034 bonis
572 1007 691 1033 moribus
705 1007 736 1033 ad
752 1006 865 1038 ferrum,
886 1006 918 1032 ad
933 1015 1014 1035 arma

223 1045 254 1071 ad
270 1045 375 1071 eaedem
395 1044 555 1080 confugerit,
582 1044 684 1070 nudum
704 1045 730 1070 in
749 1052 842 1070 caussa
857 1044 1015 1070 destitutum
1037 1049 1040 1097 Ι

206 1088 210 1094 ¹
223 1082 334 1108 videtis:
351 1087 388 1112 ut,
404 1083 451 1117 qui
466 1087 582 1108 armatus
596 1081 629 1108 de
643 1082 812 1116 possessione
825 1081 1014 1111 contendisset.

222 1120 342 1146 inermus
362 1119 438 1154 plane
453 1119 484 1145 de
499 1120 641 1154 sponsione
654 1123 775 1145 certaret.

222 1157 340 1187 interest.
357 1157 425 1188 Piso,
443 1157 510 1183 inter
525 1157 588 1182 haec
602 1155 759 1182 interdicta?
784 1156 881 1191 ecquid
895 1156 1014 1186 interest,

223 1199 312 1220 utrum
329 1194 377 1220 boc
391 1195 425 1220 sit
443 1194 577 1224 additum,
601 1203 678 1227 quum
696 1194 725 1220 A.
744 1193 854 1220 Caecina
866 1195 1014 1227 possederit,

223 1231 322 1257 neene‘?
348 1231 451 1266 Ecquid
470 1236 494 1257 te
513 1231 577 1257 ratio
595 1231 674 1261 iuris,
699 1231 796 1266 ecquid
814 1230 1014 1257 interdictorum

222 1268 424 1299 dissimilitudo,
441 1268 537 1303 ecquid
549 1269 689 1295 auctoritas
704 1269 835 1295 maiorum
849 1267 1016 1295 commovet‘.>

222 1306 250 1333 Si
266 1311 335 1332 esset
349 1306 483 1332 additum.-
509 1306 541 1332 de
555 1314 585 1332 eo
599 1306 691 1341 quaeri
704 1310 845 1340 oporteret.
886 1305 1014 1332 Additum

223 1352 274 1370 non
286 1348 338 1370 est:
352 1348 438 1369 tamen
449 1342 598 1378 oportebit?
618 1344 659 1370 94.
672 1344 759 1378 Atque
769 1352 818 1379 ego
828 1343 855 1370 in
866 1342 915 1369 hoc
925 1342 1016 1370 Caeci-

223 1389 282 1407 nam
295 1389 346 1407 non
358 1380 484 1407 defendo:
503 1380 622 1415 possedit
632 1381 702 1407 enim
714 1380 834 1411 Caecina,
847 1385 1016 1415 recuperato-

221 1426 277 1444 res:
290 1423 315 1444 et
325 1418 360 1449 id,
374 1419 478 1444 tametsi
490 1422 561 1444 extra
571 1426 694 1444 caussam
706 1422 916 1453 est‚percurram
927 1421 1014 1444 tamen

222 1456 305 1486 brevi,
323 1461 352 1482 ut
367 1464 417 1482 non
433 1456 524 1482 minus
534 1455 669 1482 hominem
681 1456 780 1490 ipsum,
796 1464 877 1491 quam
889 1455 932 1481 ius
943 1463 1016 1482 com-

221 1501 302 1519 mune
317 1492 456 1519 defensum
472 1492 569 1519 velitis.
600 1493 773 1520 Caesenniam
788 1492 941 1528 possedisse
955 1501 1016 1527 pro-

221 1534 278 1565 pter
296 1529 510 1562 usumfructum,
531 1539 583 1557 non
602 1539 694 1566 negas.
727 1530 779 1563 Qui
796 1530 907 1557 colonus
921 1530 1016 1557 habuit

220 1567 382 1594 conductum
396 1568 428 1594 de
443 1568 588 1595 Caesennia
602 1567 727 1599 fundum,
743 1576 828 1603 quum
843 1567 915 1594 idem
929 1576 1016 1594 exea·
1045 1560 1047 1611 Ι

220 1605 280 1631 dem
294 1605 468 1632 conductione
479 1605 595 1632 fueritin
607 1604 699 1636 fundo,
715 1605 830 1632 dubium
842 1609 891 1636 est,
903 1606 979 1640 quin,
992 1606 1015 1632 si
1036 1635 1037 1638 Ι

220 1642 365 1669 Caesennia
380 1647 435 1669 tum
446 1642 609 1677 possidebat,
624 1651 710 1678 quum
721 1646 777 1669 erat
789 1642 900 1669 colonus
913 1643 940 1669 in
954 1642 1016 1669 fun·
1036 1641 1038 1671 Ι

220 1680 267 1711 do,
288 1685 348 1715 post
365 1681 424 1706 eius
443 1684 555 1706 mortem
574 1680 652 1706 heres
669 1680 784 1706 eodem'
778 1688 836 1706 iure
850 1679 1016 1714 possederit?
1036 1673 1038 1708 Ι

219 1701 340 1743 Deinde
333 1726 392 1752 ipse
403 1717 522 1748 Caecina
538 1725 624 1752 quum
637 1717 761 1744 circuiret
770 1717 886 1752 praedia,
903 1717 1014 1743 venitin
1036 1704 1038 1743 Ι

220 1755 302 1780 istum
314 1754 442 1787 fundum;
455 1755 570 1781 rationes
580 1763 594 1780 a
605 1753 697 1781 colono
708 1754 946 1789 accepit.Sunt1n
957 1763 1014 1780 eam
1036 1751 1047 1804 Ι

219 1799 274 1818 rem
286 1791 446 1818 testimonia
468 1793 509 1818 95
525 1792 683 1823 Posteacur.
699 1791 806 1823 Aebuti.
822 1782 1047 1826 deistopotius‘

220 1828 311 1860 fundo,
328 1837 409 1872 quam
421 1829 453 1855 de
463 1828 524 1860 alio,
541 1829 563 1855 si
575 1837 656 1864 quem
668 1829 760 1860 habes,
773 1829 900 1856 Caecinae
910 1829 1015 1855 denuu-
1045 1837 1046 1859 1

219 1866 314 1897 tiabas,
330 1867 353 1892 si
364 1866 476 1893 Caecina
491 1875 543 1893 non
558 1866 730 1901 possidebat?
742 1867 802 1901 Ipse
816 1875 893 1901 porro
904 1866 1014 1893 Caecina
1045 1886 1046 1892 1

219 1911 267 1930 cur
280 1912 310 1930 se
324 1904 445 1930 moribus
460 1903 557 1930 deduci
572 1903 691 1935 volebat,
707 1903 790 1938 idque
805 1904 854 1930 tibi
869 1903 902 1930 de
916 1904 1016 1930 amico—

219 1949 288 1971 rum,
301 1941 379 1967 etiam
390 1941 423 1967 de
433 1940 555 1976 ipsiusC.
564 1941 676 1976 Aquillii
687 1941 818 1967 sententia
826 1941 1016 1976 responderat?

274 1978 399 2004 xxxlu.
420 1978 453 2004 At
466 1978 537 2004 enim
552 1977 628 2005 Sulla
643 1978 728 2014 legem
743 1978 814 2004 tulit.
839 1993 876 1998 -—-
899 1978 932 2005 Ut
947 1978 1014 2005 nibil

219 2015 252 2042 de
266 2015 312 2042 illo
327 2019 458 2050 ternpore,
479 2015 547 2042 nihil
562 2015 595 2042 de
608 2015 757 2042 calamitate
771 2015 934 2050 reipublicae
947 2024 1016 2050 que-

219 2061 273 2084 rar,
294 2052 344 2079 hoc
358 2053 405 2079 tibi
421 2053 581 2088 respondeo,
603 2053 761 2087 ascripsisse
775 2053 900 2079 eumdem
912 2053 1014 2079 Sullam
1036 2066 1038 2073 ι

1036 2091 1038 2105 Ι
1067 2091 1095 2116 in
1109 2090 1246 2116 exsilium.

217 2091 246 2117 in
257 2090 377 2116 eamdem
393 2090 488 2126 legem,
503 2099 672 2121 stemnius
685 2099 739 2117 11011
753 2099 841 2117 esse-r
854 2099 1012 2121 ιιοοΑιιιειι,

218 2136 284 2154 ειυς
303 2136 339 2153 aa
357 2136 431 2154 ιεσιι
449 2137 574 2154 mnium
595 2136 739 2154 1106111111.
779 2126 851 2159 Quid
869 2132 922 2159 est,
942 2128 1014 2163 quod

217 2165 261 2191 ius
276 2173 328 2191 non
342 2165 386 2196 sit,
401 2165 472 2200 quod
487 2164 605 2200 populus
619 2165 712 2191 iubere
726 2169 771 2191 aut
784 2169 872 2191 vetare
887 2174 938 2192 non
953 2174 1016 2200 pos·

217 2201 270 2228 sit?
301 2202 334 2228 Ut
357 2211 389 2228 ne
412 2202 520 2237 longius
542 2202 648 2233 abeam,
674 2202 789 2228 declarat
811 2202 860 2229 ista
879 2203 1012 2237 ascriptio,

218 2247 277 2265 esse
291 2238 403 2274 aliquid.
444 2240 511 2266 Nam
526 2240 577 2266 nisi
596 2244 678 2271 esset,
700 2239 750 2266 hoc
764 2239 790 2266 in
805 2240 932 2266 omnibus
948 2240 1016 2275 legi-

218 2276 269 2303 bus
284 2285 335 2303 non
350 2277 534 2303 ascriberetur.
574 2278 615 2303 96.
631 2277 685 2303 Sed
698 2285 798 2313 quaero
811 2277 858 2304 abs
873 2282 906 2308 te,
923 2282 1016 2312 putes-

218 2322 259 2345 ne,
276 2314 299 2340 si
313 2313 430 2349 populus
444 2315 561 2346 iusserit,
577 2323 620 2341 me
634 2319 720 2346 tuum,
737 2318 782 2341 aut
796 2315 868 2346 item,
885 2319 910 2341 te
923 2323 1014 2341 meum

218 2359 326 2377 servum
345 2360 416 2382 esse,
441 2351 469 2378 id
487 2352 592 2378 iussum
611 2356 698 2378 ratum
717 2356 797 2387 atque
815 2351 922 2378 firmum
941 2351 1016 2378 futu-

218 2387 296 2414 rum‘?
309 2389 441 2423 Perspicis
455 2389 504 2416 hoc
519 2389 585 2416 nihil
600 2397 659 2416 esse
674 2388 725 2426 [,ut
735 2389 763 2416 in
773 2390 876 2420 ceteris,
893 2397 962 2424 quae
973 2398 1016 2416 ro-

218 2424 311 2461 gavit}
346 2426 466 2452 Primum
480 2426 549 2453 illud
563 2426 695 2457 concedis,
711 2435 764 2453 non
778 2426 913 2462 quidquid
928 2435 1016 2461 popu-

220 2462 261 2487 lus
276 2463 392 2494 iusserit,
408 2468 494 2490 ratum
509 2472 568 2490 esse
581 2468 711 2499 oportere.
737 2464 837 2490 Deinde
851 2464 919 2490 nihil
934 2464 1015 2490 ratio-

219 2499 261 2524 nis
276 2499 363 2530 affers,
380 2501 568 2534 quamobrem,
589 2501 612 2527 si
627 2500 736 2527 libertas
750 2501 832 2527 adimi
847 2501 922 2527 nullo
935 2501 1014 2527 modo

219 2536 316 2570 possit,
336 2537 429 2563 civitas
443 2539 536 2572 possit.
576 2538 643 2564 Nam
657 2542 682 2564 et
695 2537 789 2564 eodem
803 2538 882 2564 modo
895 2538 928 2564 de
942 2543 1015 2564 utra-

218 2581 272 2607 que
286 2581 313 2598 re
327 2573 452 2600 traditum
467 2575 544 2601 nobis
557 2579 611 2606 est,
635 2580 673 2606 et,
689 2576 713 2602 si
726 2574 808 2601 semel
823 2575 917 2602 civitas
931 2575 1014 2602 adimi

219 2613 317 2651 potest,
334 2610 440 2636 retineri
456 2611 562 2638 libertas
577 2621 628 2638 non
643 2616 737 2655 potest.
776 2611 827 2644 Qui
842 2613 913 2638 enim
928 2617 1015 2647 potest

218 2647 276 2672 iure
287 2646 431 2678 Quiritium
443 2647 510 2674 liber
523 2657 581 2675 esse
595 2650 626 2680 is,
643 2649 690 2684 qui
705 2649 732 2676 in
746 2657 857 2675 numero
867 2648 1013 2681 Quiritium

221 2691 271 2709 non
286 2683 343 2710 est‘7
362 2685 404 2710 97.
419 2684 506 2719 Atque
517 2694 565 2721 ego
576 2685 643 2712 hanc
654 2685 868 2713 adolescentulus
879 2695 1011 2719 caussam,

815 1118 920 1154 Ecquid
934 1119 1017 1154 igitur
1037 1119 1040 1286 Ι

808 155 846 180 Ξῦ.
879 153 913 179 Μ.
943 153 973 180 Τ.
1004 150 1279 180 ΟΙΕΕΙΙΟΝΙΞ

1069 232 1153 258 quum
1169 231 1273 257 agerem
1288 227 1376 248 eontra
1392 223 1524 249 hominem
1539 223 1746 250 disertissimum
1758 229 1861 251 nostrae

1069 260 1194 288 civitatis,
1211 261 1321 288 Cottam.
1339 261 1458 294 probavi.
1487 262 1576 292 Quum
1591 261 1726 287 Arretinae
1740 261 1861 289 mulieris

1072 297 1217 322 libertatem
1228 296 1406 326 defenderem.
1420 302 1444 323 et
1455 298 1526 323 Cotta
1537 298 1696 324 decemviris
1707 298 1860 333 religionem

1071 335 1213 363 iniecisset,
1223 342 1272 360 non
1285 343 1362 368 11115111·
1372 340 1565 361 nac-ramentum
1577 340 1695 361 nostrum
1708 337 1808 362 iustum
1820 337 1862 363 iu-

1069 371 1165 400 dicari,
1186 371 1257 406 quod
1273 372 1400 397 Arretinis
1415 372 1536 406 adempta
1554 373 1648 398 civitas
1667 378 1749 401 esset.
1770 378 1795 399 et
1813 381 1863 408 ego

1072 408 1256 434 vehementius
1273 409 1482 438 contendissem,
1502 410 1635 435 civitatem
1654 410 1734 436 adimi
1750 419 1800 436 non
1815 419 1862 445 po-

1071 446 1168 474 tuisse-2
1193 445 1336 471 decemviri
1358 447 1441 480 prima
1460 447 1560 472 actione
1583 456 1634 473 non
1658 447 1859 474 iudicaverunt:

1046 472 1048 534 Ι
1070 487 1172 517 postea,
1199 491 1225 508 re
1243 484 1363 517 quaesita
1382 488 1407 509 et
1425 483 1582 514 deliberata,
1606 489 1800 510 sacramentum
1815 493 1863 511 no-

1070 525 1154 546 strum
1170 521 1270 546 iustum
1287 521 1480 547 iudicaverunt.
1508 521 1593 555 Atque
1608 520 1664 551 hoc,
1680 526 1706 547 et
1718 527 1807 548 contra
1820 522 1863 548 di·

1069 562 1143 583 eentc
1158 558 1230 583 Cotta
1245 562 1270 583 et
1283 557 1357 583 Sulla
1374 558 1443 587 vivo,
1460 558 1606 584 iudicatum
1620 563 1669 584 est.
1691 559 1744 585 lam
1759 567 1821 586 vero
1835 560 1862 586 in

1069 595 1176 624 ceteris,
1194 599 1222 620 ιιι
1235 604 1340 625 omnes,
1357 596 1404 630 qui
1420 596 1446 621 in
1460 595 1552 621 eadem
1566 604 1659 621 caussa
1674 600 1748 626 sunt,
1764 601 1790 622 et
1805 596 1828 622 le
1848 605 1862 622 e

1070 637 1148 665 agant
1162 637 1186 657 et
1200 641 1280 658 suum
1296 633 1338 658 ius
1353 637 1558 674 persequantur,
1583 637 1608 658 et
1620 634 1692 659 omni
1707 634 1764 660 iure
1777 634 1861 663 civii.

1070 670 1127 695 sine
1139 670 1299 704 cuiusquam
1315 674 1359 695 aut
1374 679 1432 696 ιιιῑν.
1426 670 1543 695 istratus
1557 674 1602 696 aut
1615 670 1712 696 iudicis
1726 675 1771 696 aut
1785 671 1862 705 periti

1038 724 1049 763 Ι
1071 707 1186 733 hominis
1201 712 1245 732 aut
1260 707 1375 741 imperiti
1390 703 1567 737 dubitatione,
1589 712 1709 738 utantur,
1733 707 1799 742 quid
1813 716 1863 743 ego

1069 744 1292 770 ‹·ommemoreni‘.l
1303 745 1417 770 Dubium
1429 749 1468 770 est
1479 745 1578 771 nemini
1589 750 1718 772 vestrum.
1739 747 1780 771 98.
1787 745 1862 772 Certe

1069 783 1161 816 quaeri
1181 781 1228 807 lion
1247 782 1330 807 solere
1349 791 1390 807 me
1410 791 1460 808 non
1480 783 1615 816 praeterit,
1644 782 1683 816 (ut
1704 790 1738 809 ex
1761 791 1803 808 me
1821 791 1860 813 ea,

1069 827 1138 854 quae
1152 819 1199 845 tibi
1215 819 1240 845 in
1256 824 1370 845 mentem
1386 828 1437 845 non
1457 820 1579 849 veniunt,
1601 819 1715 854 audias.)
1732 819 1860 854 quemad-

1038 861 1048 879 ¹.
1071 856 1188 886 modum,
1205 857 1227 882 si
1242 857 1336 882 civitas
1350 857 1431 882 adimi
1447 865 1497 883 non
1513 857 1604 891 possit,
1622 858 1648 883 in
1662 857 1778 883 colonias
1792 857 1864 883 Lati-

1046 884 1048 899 '
1071 902 1117 919 nas
1131 902 1210 928 saepe
1225 895 1306 920 nostri
1320 895 1393 920 cives
1408 893 1515 928 profecti
1531 895 1593 920 sint.
1615 895 1668 920 Aut
1681 903 1728 920 sua
1740 894 1863 921 volunta-

1071 936 1104 961 te,
1118 936 1163 957 aut
1174 931 1240 967 legis
1252 931 1334 957 multa
1345 931 1454 966 profecti
1465 936 1536 961 sunt,
1552 940 1633 966 quam
1645 931 1756 958 multam
1766 932 1789 958 si
1803 931 1863 958 euf-

1071 967 1136 994 ferre
1152 968 1308 999 voluissent,
1325 974 1411 995 tamen
1427 977 1532 995 manere
1546 970 1573 995 in
1587 969 1692 995 civitate
1703 969 1860 1004 potuissent.

1038 1002 1039 1015 Ι
1070 1005 1193 1032 XXXIV.
1208 1006 1297 1038 Quid‘?
1310 1015 1390 1041 quem
1403 1011 1476 1040 pater
1486 1011 1603 1041 patratus
1612 1006 1723 1037 dedidit,
1739 1011 1785 1033 aut
1794 1014 1863 1033 suus

1070 1048 1143 1077 pater
1157 1043 1307 1078 populusve
1322 1044 1454 1073 vendidit,
1475 1052 1529 1078 quo
1547 1044 1570 1070 is
1589 1044 1646 1070 iure
1660 1044 1756 1070 amittit
1769 1044 1863 1070 civita-

1046 1095 1047 1099 =
1069 1080 1140 1106 tem?
1154 1080 1186 1107 Ut
1200 1081 1327 1117 religione
1340 1082 1434 1107 civitas
1445 1081 1571 1112 solvatur.
1587 1082 1655 1107 civis
1666 1081 1800 1108 Romanus
1811 1086 1864 1107 tra-

1068 1117 1154 1144 ditur:
1174 1119 1221 1153 qui
1235 1127 1320 1153 quum
1335 1123 1375 1144 est
1388 1123 1521 1153 acceptus,
1537 1123 1577 1144 est
1591 1127 1692 1150 eorum,
1707 1119 1809 1154 quibus
1823 1123 1863 1145 est

1046 1172 1047 1178 .
1068 1155 1188 1181 deditus:
1209 1156 1232 1181 si
1247 1164 1298 1182 non
1317 1156 1464 1190 accipiunt,
1487 1161 1515 1182 ut
1529 1156 1680 1182 Mancinum
1696 1156 1861 1187 Numantini,

1069 1193 1163 1219 retinet
1180 1193 1310 1228 integram
1329 1202 1450 1219 caussam
1471 1198 1496 1219 et
1514 1194 1556 1219 ius
1575 1194 1701 1220 civitatis.
1742 1193 1770 1220 Si
1790 1198 1864 1228 pater

1046 1247 1047 1250 =
1069 1230 1191 1256 vendidit
1203 1238 1279 1261 eum,
1301 1239 1381 1265 quem
1396 1231 1422 1257 in
1437 1239 1513 1257 suam
1529 1235 1683 1265 potestatem
1698 1235 1860 1265 susceperat.

1045 1282 1047 1308 Ι
1068 1276 1101 1293 ex
1119 1272 1247 1302 potestate
1264 1267 1384 1294 dimittit.
1425 1269 1466 1294 ⁹9.
1490 1269 1543 1294 lam
1562 1267 1680 1303 populus
1696 1276 1782 1303 quum
1800 1276 1862 1294 eum

1045 1310 1047 1339 Ι
1070 1304 1202 1335 vendidit,
1223 1305 1270 1340 qui
1286 1305 1363 1331 miles
1379 1305 1463 1331 factus
1478 1314 1528 1331 non
1544 1309 1597 1336 est,
1618 1313 1669 1331 non
1685 1305 1778 1331 adimit
1791 1306 1815 1331 ei
1830 1304 1863 1331 li-

1069 1342 1205 1373 bertatem,
1221 1342 1269 1368 sed
1283 1342 1391 1373 iudicat,
1408 1351 1459 1369 non
1473 1351 1531 1369 esse
1545 1351 1607 1369 eum
1622 1342 1745 1373 liberum.
1761 1343 1817 1385 qui,
1834 1347 1864 1369 ut

1046 1382 1047 1385 ’
1069 1379 1137 1405 liber
1151 1380 1194 1410 sit,
1211 1379 1283 1406 adire
1297 1379 1447 1414 periculum
1462 1379 1560 1406 noluit:
1572 1388 1668 1423 quum
1672 1385 1760 1406 autem
1772 1380 1863 1406 incen-

1046 1426 1047 1431 ¹
1068 1425 1130 1443 sum
1144 1416 1248 1448 vendit,
1269 1417 1318 1444 hoc
1332 1417 1445 1444 iudicat:
1466 1426 1550 1452 quum
1570 1418 1602 1448 ii.
1622 1417 1670 1452 qui
1689 1418 1716 1444 in
1734 1418 1863 1444 servitute

1046 1445 1047 1486 Ι
1068 1455 1138 1480 iusta
1151 1453 1260 1485 fuerint,
1275 1463 1357 1481 censu
1371 1454 1524 1486 liberentur,
1541 1463 1612 1485 eum.
1628 1455 1684 1490 qui,
1700 1463 1785 1490 quum
1797 1454 1864 1481 liber

1046 1483 1047 1532 Ι
1069 1496 1152 1523 esset,
1167 1493 1269 1519 censeri
1284 1491 1407 1522 noluerit
1423 1493 1512 1535 ipsum
1527 1492 1580 1518 sibi
1595 1492 1742 1519 libertatem
1757 1491 1864 1518 abiudi—

1045 1538 1047 1558 Ι
1068 1530 1182 1556 cavisse.
1221 1528 1298 1561 Quod
1316 1530 1340 1556 si
1359 1530 1474 1556 maxime
1488 1530 1552 1556 iisce
1566 1530 1646 1556 rebus
1659 1529 1741 1556 adimi
1755 1529 1863 1556 libertas

1068 1571 1114 1593 aut
1127 1567 1221 1593 civitas
1236 1571 1335 1602 potest:
1361 1575 1413 1594 non
1428 1566 1591 1602 intelligunt,
1607 1567 1655 1602 qui
1669 1566 1733 1593 baec
1746 1574 1864 1593 comme-

1069 1608 1184 1634 morant,
1205 1605 1228 1630 si
1247 1612 1294 1639 per
1312 1603 1360 1630 has
1374 1605 1488 1630 rationes
1502 1604 1583 1630 adimi
1599 1605 1710 1630 maiores
1724 1612 1802 1639 posse
1816 1612 1863 1630 vo-

1069 1641 1189 1672 luerunt,
1210 1641 1262 1667 alio
1275 1641 1354 1668 modo
1367 1640 1504 1667 notuisse?
1537 1643 1593 1667 400.
1613 1641 1693 1672 Nam,
1710 1646 1739 1668 ut
1752 1641 1816 1668 haec
1829 1649 1863 1668 ex

1068 1679 1126 1706 iure
1139 1678 1213 1704 civili
1227 1678 1404 1713 protulerunt,
1420 1679 1459 1705 sic
1468 1678 1576 1704 afferant
1587 1677 1677 1709 velim,
1693 1678 1794 1714 quibus
1805 1678 1863 1714 lege

1069 1721 1115 1743 aut
1125 1716 1242 1742 Romana
1252 1717 1346 1742 civitas
1360 1720 1406 1742 aut
1420 1715 1527 1742 libertas
1541 1720 1630 1750 erepta
1643 1716 1687 1742 sit.
1710 1716 1775 1742 Nam
1790 1715 1863 1750 quod

1068 1753 1100 1780 ad
1115 1752 1241 1780 exsilium
1256 1754 1361 1784 attinet,
1381 1754 1522 1788 perspicue
1536 1752 1649 1788 intelligi
1664 1757 1763 1788 potest,
1783 1752 1863 1788 quale

1067 1791 1112 1818 sit.
1151 1790 1286 1817 Exsilium
1304 1791 1375 1817 enim
1394 1799 1445 1817 non
1459 1790 1623 1825 supplicium
1637 1794 1690 1820 est,
1710 1790 1758 1817 sed
1772 1789 1864 1825 perfu-

1067 1829 1142 1864 gium
1157 1833 1304 1863 portusque
1317 1827 1454 1863 supplicii.
1496 1828 1562 1854 Nam
1581 1828 1628 1862 qui
1643 1827 1738 1854 volunt
1750 1836 1862 1863 poenam

1068 1865 1186 1900 aliquam
1201 1865 1387 1902 subterfugere
1401 1870 1446 1891 aut
1459 1864 1644 1895 calamitatem,
1661 1873 1691 1892 eo
1705 1864 1793 1892 solum
1803 1873 1864 1891 ver-

1068 1907 1140 1935 tunt;
1161 1903 1210 1929 hoc
1222 1908 1271 1934 est,
1287 1887 1377 1929 sedem
1393 1911 1422 1929 ac
1436 1902 1523 1929 locum
1538 1906 1651 1928 mutant.
1685 1902 1782 1945 Itaque.
1789 1901 1862 1928 nulla

1067 1941 1094 1967 in
1113 1940 1171 1975 lege
1190 1945 1277 1967 nostra
1295 1941 1454 1975 reperietur,
1478 1944 1508 1966 ut
1525 1939 1597 1974 apud
1614 1944 1714 1966 ceteras
1730 1940 1860 1967 civitates.

1068 1977 1230 2004 maleficium
1244 1977 1332 2004 ullum
1346 1977 1442 2004 exsilio
1455 1985 1513 2004 esse
1527 1976 1700 2003 mulctatum:
1715 1976 1763 2003 sed
1776 1985 1862 2012 quum

1068 2015 1190 2041 homines
1205 2014 1326 2046 vincula,
1347 2023 1425 2041 neces
1442 2015 1659 2051 ignominiasque
1676 2014 1774 2046 vitant,
1793 2022 1862 2049 quae

1067 2057 1131 2079 sunt
1145 2052 1251 2088 legibus
1264 2053 1436 2083 constitutae,
1456 2051 1615 2087 confugiunt
1632 2051 1709 2086 quasi
1727 2051 1761 2078 ad
1778 2059 1860 2079 aram.

1285 2089 1338 2122 Qui
1351 2090 1374 2116 si
1389 2090 1416 2116 in
1429 2090 1536 2116 civitate
1550 2089 1617 2124 legis
1631 2089 1686 2115 vim
1700 2088 1792 2115 subire
1805 2088 1862 2115 vel-

1044 2139 1045 2148 1
1068 2127 1135 2158 lent,
1161 2136 1213 2153 non
1232 2128 1307 2162 prius
1325 2127 1473 2158 civitatem,
1497 2135 1578 2161 quam
1597 2126 1678 2152 vitam
1697 2126 1860 2152 amitterent:

1044 2182 1045 2187 .
1067 2165 1131 2200 quia
1146 2164 1252 2195 nolunt.
1270 2173 1321 2191 nou
1336 2164 1464 2191 adimitur
1477 2163 1519 2190 his
1533 2164 1640 2194 civitas,
1656 2162 1704 2189 sed
1717 2163 1751 2189 ab
1765 2163 1807 2189 his
1821 2171 1863 2189 re·

1037 2195 1046 2225 ¹².
1068 2201 1201 2237 linquitur
1213 2206 1294 2237 atque
1307 2201 1457 2236 deponitur.
1478 2201 1555 2231 Nam,
1570 2209 1656 2236 quum
1670 2208 1704 2227 ex
1717 2205 1807 2226 nostro
1818 2200 1863 2226 iu-

1067 2249 1095 2265 re
1108 2239 1223 2266 duarum
1237 2240 1376 2266 civitatum
1391 2247 1469 2265 nemo
1481 2246 1541 2264 esse
1554 2238 1648 2272 possit.
1664 2242 1721 2263 tum
1733 2237 1863 2264 amittitur

1068 2277 1132 2303 haec
1146 2277 1240 2303 civitas
1251 2276 1377 2311 denique,
1393 2284 1478 2311 quum
1489 2275 1522 2305 is,
1538 2275 1585 2310 qui
1596 2274 1723 2310 profugit.
1739 2279 1862 2310 receptus

1067 2318 1108 2340 est
1122 2315 1149 2340 in
1164 2314 1301 2344 exsilium,
1318 2313 1367 2340 hoc
1381 2317 1429 2344 est,
1445 2313 1473 2339 in
1487 2312 1566 2339 aliam
1579 2312 1724 2338 civitatem.

1122 2351 1236 2378 XXXV.
1261 2353 1318 2377 tot.
1343 2351 1401 2377 Non
1423 2358 1466 2376 me
1489 2349 1625 2384 praeterit,
1653 2353 1859 2384 recuperatores,

1067 2389 1171 2415 tametsi
1186 2388 1219 2415 de
1233 2388 1302 2415 hoc
1295 2396 1354 2414 iure
1368 2387 1452 2414 multa
1469 2391 1616 2428 praetere0.
1637 2390 1725 2412 tamen
1742 2394 1786 2412 me
1804 2386 1862 2413 lon-

1065 2426 1128 2461 gius
1142 2425 1297 2461 prolapsum
1311 2433 1382 2456 esse,
1402 2433 1484 2460 quam
1502 2424 1584 2450 oratio
1602 2423 1684 2450 nostri
1701 2423 1795 2450 iudicii
1813 2431 1862 2458 po—

1066 2463 1181 2489 stularit.
1215 2463 1314 2490 Verum
1327 2462 1356 2489 id
1370 2461 1433 2493 feci,
1449 2469 1501 2487 nou
1515 2460 1588 2496 quod
1601 2469 1649 2487 vos
1663 2461 1690 2487 in
1705 2460 1754 2487 hac
1765 2469 1861 2487 caussa

1066 2500 1134 2526 hanc
1147 2499 1331 2527 defensionem
1345 2498 1495 2526 desiderare
1506 2498 1655 2529 arbitrarer,
1671 2497 1719 2524 sed
1729 2502 1759 2524 ut
1766 2505 1860 2524 omnes

1065 2537 1258 2574 intelligerent,
1278 2546 1327 2564 nec
1345 2536 1495 2571 ademptam
1512 2535 1639 2570 cuiquam
1653 2535 1787 2561 civitatem
1800 2542 1861 2561 esse

1066 2583 1114 2601 nec
1127 2575 1210 2601 adimi
1223 2583 1314 2609 posse.
1353 2574 1407 2600 Hoc
1419 2581 1505 2608 quum
1519 2580 1564 2598 eos
1577 2572 1646 2598 scire
1659 2571 1742 2603 volui,
1757 2571 1860 2607 quibus

1066 2611 1141 2638 Sulla
1155 2612 1262 2638 voluit
1254 2611 1381 2638 iniuriam
1399 2610 1498 2640 facere,
1518 2614 1577 2636 tum
1589 2617 1683 2635 omnes
1696 2613 1798 2635 ceteros
1811 2616 1861 2635 no-

1065 2657 1113 2675 vos
1127 2653 1284 2684 veteresque
1297 2649 1380 2675 cives.
1402 2648 1495 2690 Neque
1508 2647 1580 2673 enim
1591 2647 1657 2672 ratio
1666 2646 1752 2673 afl'erri
1762 2649 1858 2681 potest,

1064 2694 1121 2717 cur,
1137 2687 1161 2713 si
1174 2686 1300 2721 cuiquam
1315 2694 1384 2712 nmo
1396 2685 1450 2712 civi
1463 2683 1579 2720 potuerit
1592 2683 1674 2710 adimi
1687 2683 1791 2714 civitas,
1807 2691 1859 2710 non

1918 1772 1925 1831 Ι,

1912 1854 1923 1924 Ι

1911 1926 1925 2101 Ι
