1941 3052
266 131 327 156 ⁴:502
830 130 884 153 ⁴0⁴1.
918 128 950 153 Nl.
982 128 1013 153 Τ.

262 201 380 227 centuria
395 201 528 235 Popiliana
544 199 696 225 „vaith-ium
715 208 764 224 nnn
783 199 816 223 ita
835 207 976 230 inagnum.
999 207 1055 223 ser·
1076 213 1077 240 1

265 247 382 272 unirique
394 239 426 263 M.
441 238 520 262 'l'ullii
535 236 675 262 ΙἸιιΙιιιιιιιι.
716 238 755 261 20.
768 235 837 266 Quid
852 235 941 265 vobis,
957 236 1053 269 inquii,
1076 247 1077 253 ι

265 277 323 302 istu·
337 275 433 308 negotii
449 276 472 299 in
492 283 549 299 uwo
565 272 621 299 vst‘!
644 273 745 298 Servus
761 271 897 306 respondit
913 272 1053 306 pudenter,
1076 269 1077 291 l

263 318 287 339 nt
305 322 353 338 non
371 311 459 341 stulte,
482 311 621 336 dominum
644 319 702 335 esse
723 309 755 335 ud
772 309 876 340 vill-anu
900 318 977 343 posse
993 318 1054 335 eum
1076 306 1077 338 J

262 359 323 375 runi
336 348 533 382 ‹·o‹lis‹·‹·p1ar‹·,
547 346 646 381 siquid
662 346 749 372 vellet.
773 347 854 381 Rogat
865 347 964 372 Fabius
976 347 1056 372 Aver-
1076 342 1077 382 J

264 387 366 412 mnium
380 385 449 419 (nain
463 385 499 410 ibi
512 389 566 410 tum
578 387 656 418 erat),
675 388 703 409 ut
717 392 809 409 secum
825 383 906 409 simul
923 384 1011 409 veniat
1023 383 1054 408 ael
1076 387 1077 410 1

262 423 392 449 Tullium.
428 422 546 448 Venitur.
582 421 620 447 Ad
635 421 723 447 villam
733 426 789 447 erat
799 420 915 447 Tullius.
956 420 1055 455 Appel-
1076 426 1078 445 ὲ

264 460 297 486 lat
314 460 425 489 illinus,
447 464 475 485 ut
490 464 535 485 aut
549 459 605 493 ipse
622 458 740 484 Tullium
757 457 902 484 deduceret
917 463 961 484 aut
977 458 1010 483 ab
1026 467 1056 484 eo
1076 448 1078 461 >

262 497 448 523 deduceretur.
489 497 556 522 Dicit
568 495 747 521 deducturum
759 504 787 521 se
799 495 917 527 Tullius,
935 495 1056 521 vadimo-
1076 526 1077 532 ἵ

262 535 337 561 nium
351 534 431 559 Fabio
443 534 551 559 Romam
565 533 772 567 promissurum.
813 533 901 559 Manet
913 533 939 559 in
950 541 979 558 ea
991 541 1056 559 con—
1076 555 1077 560 ,

261 572 362 598 ditione
377 571 486 597 Fabius.
527 571 628 596 Mature
639 570 796 596 disceditur.

317 610 358 634 21.
382 609 502 634 l‘roxinia
515 613 603 637 nocte,
626 609 677 634 iani
691 607 744 633 sere
755 616 840 642 quum
854 606 899 633 lux
910 607 1056 642 appropin-

261 650 367 680 quaret.
384 645 416 671 ad
433 645 498 671 illud
509 645 677 676 aedilicium,
695 644 728 670 de
742 653 796 679 quo
808 649 882 670 antea
894 644 965 674 dixi.
983 644 1054 679 quod

261 688 315 709 erat
332 684 357 708 in
374 683 493 709 centuria
510 682 660 717 Popiliana.
679 683 750 708 servi
768 683 794 708 l‘.
813 682 889 708 Fabii
905 681 1055 716 frequentes

260 721 409 754 armatique
431 721 555 750 veniuntq
581 720 717 746 introitum
736 720 788 754 ipsi
807 719 860 745 sibi
879 722 904 745 vi
920 727 1055 754 manuque

261 757 436 792 patefaciunt3
461 757 582 783 homines
604 758 694 793 magni
715 757 793 791 pretii
813 765 905 783 servos
921 757 955 782 M.
973 756 1055 782 Tullii

261 804 309 821 nec
321 795 460 829 opinantes
472 795 642 825 adoriuntur,
661 794 732 829 quod
750 794 826 820 facile
839 793 908 820 sactu
922 793 984 826 suit.
1008 802 1055 820 ne—

260 841 313 867 que
329 837 381 858 tani
398 832 496 858 multos
513 840 599 866 neque
616 837 795 867 repugnantes
813 831 890 858 multi
903 831 995 857 armati
1008 840 1055 866 pa-

260 870 364 904 ratique
379 870 517 902 occidunt3
542 874 698 904 tantumque
710 869 764 895 odii
776 869 997 904 crudelitatisque
1008 870 1055 894 Ιια-

260 909 387 937 buerunt,
410 912 440 933 ut
457 915 501 933 eos
516 915 609 933 omnes
625 906 834 942 gurgulionibus
849 907 959 932 insectis
973 906 1055 932 relin-

259 949 386 980 querent,
405 952 451 975 ne,
468 945 490 970 si
505 953 584 978 quem
600 945 763 970 semivivum
776 952 805 969 ac
816 944 962 978 spirantem
974 945 1054 970 etiam

224 983 228 990 ¹
260 982 448 1016 reliquissent.
467 982 586 1007 minoris
599 981 848 1012 lionorbaberetur3
867 986 1003 1015 praeterea
1016 986 1055 1007 tc-

259 1024 332 1046 ctum
344 1019 492 1053 villamque
503 1019 662 1045 disturbant.
703 1020 745 1045 22.
767 1019 839 1044 llanc
853 1027 909 1044 rem
922 1023 974 1044 tam
986 1023 1055 1044 atro—

259 1065 332 1087 cem,
349 1061 402 1082 tam
415 1056 568 1091 indignam,
587 1061 638 1082 tarn
651 1056 817 1090 repentinam
829 1056 934 1082 nuntiat
945 1057 979 1082 M.
991 1055 1055 1081 Tul-

259 1093 295 1120 lio
306 1094 443 1125 Philinus,
460 1102 540 1128 quem
553 1098 627 1120 antea
640 1094 789 1124 nominavi,
807 1093 854 1128 qui
866 1094 983 1128 graviter
993 1102 1056 1119 sau-

258 1132 318 1157 cius
338 1139 352 1157 e
372 1131 452 1157 caede
473 1131 610 1165 effugerat.
650 1130 756 1156 Tullius
779 1131 868 1156 statim
890 1130 1002 1157 dimittit
1022 1130 1054 1156 ad

259 1169 373 1199 amicos,
391 1177 506 1203 quorum
522 1177 551 1194 ea
567 1168 703 1194 vicinitate
716 1173 771 1194 tum
784 1167 824 1193 illi
836 1167 904 1193 bona
916 1173 995 1202 atque
1008 1167 1055 1194 ho-

259 1211 332 1232 nesta
347 1206 422 1240 copia
439 1210 543 1240 praesto
558 1205 618 1231 suit.
658 1207 699 1232 23.
722 1205 856 1231 Omnibus
871 1205 964 1231 acerba
977 1214 1018 1231 res
1030 1209 1055 1232 et

259 1244 356 1269 misera
373 1243 524 1269 videbatur.
565 1243 654 1275 Quum
671 1243 750 1268 amici
768 1243 794 1268 in
811 1251 950 1269 commune
964 1251 1055 1269 consu-

259 1282 378 1307 luissent:
399 1283 480 1306 visum
491 1285 526 1307 est
537 1283 575 1306 ire
586 1283 613 1306 in
624 1289 675 1306 rem
684 1285 852 1313 praesentem.

516 1317 526 1330 U
604 1317 615 1330 *
692 1316 704 1329 *
782 1317 793 1329 ἡ(

314 1356 345 1381 ll.
367 1354 417 1367 *⁸*
430 1355 580 1382 turbarunt.
607 1356 648 1381 24.
662 1355 769 1386 Audite,
782 1364 891 1390 quaeso,
905 1355 932 1381 in
945 1363 990 1381 eas
1001 1363 1052 1385 res,

257 1400 326 1427 quas
346 1400 539 1423 commemoro,

258 1431 344 1456 nium.
377 1430 454 1460 Haec,
467 1439 535 1464 quae
547 1431 600 1456 mei
613 1435 692 1457 testes
703 1430 806 1461 dicunt=
821 1430 918 1457 fatetur
929 1430 1056 1456 adversa-

258 1468 314 1493 rius
325 1475 370 1493 eos
382 1476 444 1493 vere
455 1468 558 1500 dicere;
575 1476 643 1502 quae
656 1469 707 1494 mei
721 1473 800 1494 testes
812 1477 863 1494 non
875 1468 978 1498 dicunt,
991 1468 1055 1502 quia

258 1512 310 1531 non
327 1504 453 1531 viderunt
469 1513 517 1531 nec
533 1506 636 1536 sciunt,
659 1514 688 1531 ea
708 1505 774 1532 dicit
794 1507 852 1540 ipse
873 1505 1053 1532 adversarius.

256 1542 345 1568 Nostri
358 1546 437 1568 testes
449 1542 543 1569 dicunt
553 1543 655 1569 occisos
668 1543 800 1573 homines,
817 1551 938 1569 cruorem
950 1543 977 1569 in
991 1542 1055 1569 locis

256 1578 396 1614 pluribus,
415 1579 548 1606 deiectum
563 1580 716 1606 aedificium
728 1589 756 1606 se
769 1580 884 1613 vidisse;
908 1580 1002 1606 dicunt
1013 1580 1056 1606 ni-

257 1616 295 1642 hil
308 1616 436 1651 amplius.
475 1617 546 1649 Quid
559 1617 676 1644 Fabins‘?
697 1619 795 1644 llorum
807 1618 876 1644 nihil
889 1622 977 1653 negat.
1011 1619 1053 1644 ⁶25.

256 1653 327 1685 Quid
340 1662 402 1689 ergo
413 1654 487 1681 addit
498 1654 634 1689 amplius?
654 1655 735 1681 Suam
752 1655 882 1682 familiam
900 1655 995 1681 fecisse
1011 1655 1054 1681 di-

256 1691 302 1716 cit.
343 1690 499 1722 Quomodo?
511 1693 541 1718 Vi
553 1692 709 1719 bominibus
720 1694 840 1719 armatis.
879 1692 937 1724 Quo
948 1692 1056 1719 animo?

256 1728 290 1754 Ut
301 1727 328 1754 id
341 1728 422 1759 fieret,
440 1729 512 1763 quod
524 1728 623 1756 factum
634 1734 683 1756 est.
724 1730 794 1762 Quid
807 1735 847 1756 est
858 1729 904 1756 id?
923 1730 956 1756 Ut
967 1730 1056 1756 bomi-

258 1773 305 1791 nes
317 1766 352 1791 M.
365 1765 447 1792 Tullii
462 1766 657 1793 occiderentur.
697 1766 774 1799 Quod
790 1776 853 1803 ergo
868 1776 899 1794 eo
915 1769 1004 1794 animo
1016 1767 1056 1793 sa-

257 1807 330 1829 ctum
341 1807 394 1833 est,
413 1808 442 1829 ut
454 1803 577 1830 homines
589 1813 673 1830 unum
685 1804 712 1830 in
726 1804 814 1830 locum
823 1806 1012 1835 convenirent,
1026 1809 1055 1831 ut
1076 1822 1077 1829 1

256 1848 329 1866 arma
341 1845 474 1874 caperent,
491 1846 520 1867 ut
530 1846 601 1867 certo
614 1841 727 1868 consilio
738 1847 841 1868 certum
853 1842 880 1868 in
894 1842 982 1868 locum
993 1850 1055 1876 pro-

257 1876 447 1908 ficiscerentur,
457 1882 485 1904 ut
500 1878 626 1905 idoneum
639 1883 745 1913 tempus
757 1879 896 1914 eligerent,
904 1884 934 1905 ut
944 1879 1053 1905 caedem

257 1913 387 1940 facerent:
404 1930 441 1934 -—
456 1915 483 1940 id
499 1916 522 1941 si
539 1915 681 1942 voluerunt
697 1920 722 1942 et
736 1917 887 1951 cogitarunt
899 1921 923 1942 et
935 1915 1054 1951 perfece-

257 1956 332 1977 runt:
355 1952 466 1986 potestis
481 1961 539 1978 eam
556 1952 734 1983 voluntatem,
754 1953 780 1978 id
796 1953 953 1983 consilium,
971 1953 998 1979 id
1015 1953 1054 1980 sa-

257 1993 329 2014 ctum
342 1997 356 2014 a
367 1988 427 2015 dolo
439 1989 508 2015 malo
519 1989 680 2025 seiungere?
708 1991 750 2016 26.
771 1990 805 2016 At
815 1990 885 2016 istuc
901 1995 984 2017 totum
1001 2000 1054 2017 no·-

255 2035 289 2052 1.o
309 2035 386 2052 ιιιΛιο
405 2025 514 2052 additur
525 2027 551 2052 in
565 2026 613 2053 boc
625 2026 726 2053 iudicio
737 2027 796 2053 eius
807 2036 911 2058 caussa,
927 2029 975 2063 qui
987 2029 1050 2063 agit,

255 2071 308 2089 non
320 2062 404 2093 illius,
418 2064 529 2098 quicum
541 2064 639 2099 agitur.

256 2105 369 2131 ratores,
386 2109 500 2135 quaeso,
523 2106 552 2127 ut
570 2100 714 2136 diligenter
730 2102 881 2128 attendatis.

255 2138 322 2172 quin
335 2138 369 2164 ita
380 2138 424 2169 sit,
438 2147 490 2165 non
501 2138 671 2165 dubitabitis.

923 2102 1050 2134 Profecto,

311 2175 352 2202 27.
376 2174 404 2201 Si
421 2176 455 2202 ita
471 2175 604 2202 iudicium
621 2176 740 2207 daretur,
758 2181 787 2203 ut
799 2177 826 2203 id
837 2176 1050 2209 concluderetur,
1080 2198 1082 2210 3

254 2221 330 2242 ouon
354 2222 369 2238 A
393 2222 517 2239 nmina
543 2222 658 2240 merum
684 2223 784 2240 essm:
816 2215 840 2240 si
860 2223 929 2249 quae
950 2214 1052 2241 familia

254 2250 313 2284 ipsa
325 2250 352 2276 in
363 2250 444 2276 caede
456 2251 584 2276 interesse
596 2250 726 2277 noluisset
735 2255 761 2277 et
771 2251 894 2278 homines
905 2257 950 2278 aut
959 2260 1052 2278 servos

254 2291 299 2312 aut
312 2286 410 2314 liberos
420 2289 565 2323 coegisset,
583 2293 628 2314 aut
642 2288 829 2321 conduxisset3
852 2293 937 2315 totum
948 2289 997 2315 hoc
1009 2289 1052 2315 iu—

254 2323 356 2350 dicium
378 2329 403 2350 et
422 2325 551 2360 praetoris
571 2326 700 2352 severitas
724 2325 926 2352 dissolveretur.
968 2327 1051 2353 Nemo

253 2362 326 2387 enim
338 2366 424 2396 potest
435 2362 499 2388 haec
511 2362 639 2393 iudicare,
648 2371 701 2397 qua
712 2364 739 2389 in
752 2372 779 2389 re
791 2362 892 2389 familia
905 2372 956 2389 non
968 2365 1052 2390 inter-

254 2397 358 2430 fuisset,
371 2400 398 2425 in
411 2408 440 2425 ea
452 2408 479 2426 re.
490 2408 548 2426 eam
561 2401 648 2434 ipsam
660 2400 791 2426 familiam
802 2402 829 2426 vi
842 2402 950 2426 armatis
962 2400 1052 2427 homi-

254 2436 335 2461 nibus
345 2436 474 2463 damnum
486 2437 604 2463 dedisse.
625 2437 704 2473 Ergo,
718 2437 746 2464 id
757 2439 821 2472 quia
832 2442 933 2472 poterat
945 2437 1011 2468 fieri,
1025 2443 1051 2465 et

254 2471 331 2498 facile
347 2479 461 2507 poterat,
484 2474 584 2501 idcirco
599 2483 652 2501 non
667 2475 733 2501 satis
749 2475 871 2501 habitum
888 2480 927 2501 est
945 2476 1047 2510 quaeri.

253 2509 320 2543 quid
337 2509 436 2537 familia
454 2512 511 2546 ipsa
528 2511 648 2542 fecisset,
670 2520 765 2538 verum
781 2512 861 2538 etiam
877 2511 959 2543 illud,
979 2522 1050 2543 Quin

252 2554 396 2573 FAMtLlAE
426 2558 500 2575 noto
529 2558 606 2575 uiuo
635 2558 749 2575 merum
775 2558 872 2575 esser.
913 2551 955 2576 28.
981 2550 1049 2576 Nam

253 2590 337 2616 quum
355 2583 416 2610 facit
432 2586 490 2619 ipsa
507 2586 608 2612 familia
623 2586 650 2612 vi
664 2587 774 2612 armatis
785 2587 918 2612 coactisve
931 2587 1050 2613 homini—

1083 881 1085 899 2
1106 878 1187 904 quam
1199 871 1222 895 si
1234 870 1354 900 daretur,
1372 870 1443 896 unde
1459 879 1472 896 a
1490 879 1531 896 me
1545 871 1570 896 vi
1582 870 1703 897 deiectus
1714 875 1793 897 esset.

573 1393 712 1419 bominum
740 1393 912 1420 honestorum
935 1393 1055 1419 testimo-
1076 1406 1085 1424 ,ι

680 2064 709 2090 Id
720 2069 749 2090 ut
761 2064 926 2100 intelligatis,
941 2074 1054 2100 recupe-
1074 2065 1076 2087 ἒ

253 2619 304 2645 bus
315 2625 340 2646 et
351 2620 479 2648 damnum
491 2624 609 2657 cuipiam
621 2623 678 2649 dat:
693 2623 720 2649 id
733 2623 794 2650 dolo
805 2623 875 2649 malo
887 2623 943 2650 fieri
956 2633 1049 2650 neces—

252 2664 280 2683 se
292 2662 340 2684 est.

381 2657 469 2690 Quum
481 2665 569 2686 autem
580 2661 709 2687 rationem
722 2661 780 2692 init,
794 2666 823 2687 ut
834 2660 861 2687 id
874 2660 930 2688 fiat:
945 2660 1048 2688 familia
1075 2684 1079 2692 .

1045 128 1321 154 (ΣΗΙῙΞΙΚΗΧΙ.ς

1109 200 1164 233 ipsa
1178 208 1228 224 nnn
1243 198 1313 230 favit,
1327 199 1354 225 lit
1366 204 1454 225 autem
1466 198 1526 225 dolo
1538 199 1607 226 ηιιιΙο
1617 201 1686 227 eius.
1717 201 1787 237 Ergo
1798 201 1897 234 addito.

1109 246 1179 261 nom»
1200 246 1288 266 umal,
1311 237 1406 262 actoris
1421 242 1446 262 et
1462 238 1581 271 petitoris
1600 239 1626 264 tii
1641 247 1735 264 caussa
1756 240 1898 274 copiosior.

1109 273 1200 298 [Jtmm
1216 274 1287 299 enim
1303 273 1442 300 ‹munden-e
1459 279 1557 308 potest.
1579 275 1637 300 nive
1652 285 1709 302 eam
1724 277 1808 311 ipsam
1822 276 1900 303 fanti·

1109 310 1170 335 lium
1183 310 1236 336 sibi
1248 310 1376 336 damnum
1389 311 1510 340 dedisse,
1524 312 1582 337 sive
1592 313 1704 339 consitio
1715 319 1740 340 et
1750 322 1829 349 opera
1841 315 1900 340 eius

1109 347 1224 372 l'ainiliae
1238 346 1335 373 sactum
1347 356 1419 374 esse:
1435 349 1523 375 vincat
1535 358 1643 375 necesse
1654 355 1703 376 est.

1163 386 1204 410 29.
1227 384 1342 415 Videtis.
1361 390 1494 420 praetores
1511 394 1556 420 per
1573 386 1620 412 bos
1635 395 1719 413 annos
1738 387 1900 414 intercedere

1109 421 1157 447 boc
1169 424 1303 448 interdicto
1315 425 1381 448 iuter
1392 431 1433 448 me
1445 427 1470 449 et
1481 423 1515 449 M.
1528 423 1686 450 Claudium:
1709 434 1783 451 esna
1803 434 1836 451 nn
1852 434 1901 451 no-

1107 468 1140 484 ιο
1161 468 1236 485 usto
1256 469 1322 490 τυο,
1350 469 1376 486 ιι.
1397 469 1495 491 ‘rel-Li,
1524 470 1550 486 u.
1571 469 1718 487 cuculus
1737 471 1793 488 Aer
1813 471 1901 488 Ηιιι-

1084 513 1085 517 =
1108 505 1153 522 MA
1175 505 1227 522 ΛΒΤ
1249 506 1437 523 Pnocumuon
1459 506 1525 523 EUJS
1546 507 1572 523 Vl
1594 507 1742 525 DETRUSL'S
1761 507 1818 525 Εξῐ.
1851 499 1902 526 ce·

1108 538 1161 559 tera
1177 542 1210 560 ex
1227 533 1340 559 formula
1356 535 1408 564 sic.
1432 539 1461 560 ut
1477 535 1510 560 ita
1524 534 1694 561 interdictum
1705 540 1780 562 estet
1792 537 1901 570 sponsio

1108 570 1184 596 facta.
1226 571 1281 605 Ego
1296 580 1337 597 me
1349 571 1381 597 ad
1395 571 1510 597 iudicem
1522 573 1545 598 si
1557 571 1713 599 defendam:
1737 573 1763 599 vi
1776 582 1817 599 me
1827 573 1902 599 deie-

1107 608 1176 633 cisse
1187 609 1326 639 contineam
1341 608 1402 634 dolo
1414 609 1491 639 malo.
1506 609 1620 645 negem?
1630 615 1656 636 et
1666 610 1728 644 quis
1741 619 1782 636 me
1793 610 1902 637 audiat?

1108 646 1164 671 Non
1175 646 1270 680 opinor
1280 645 1404 680 quidem3
1428 647 1506 681 quia,
1523 647 1545 672 si
1563 647 1589 673 vi
1601 646 1686 673 deieci
1699 647 1732 673 M.
1745 647 1899 678 Claudium,

1084 691 1085 696 ¹
1107 682 1167 708 dolo
1188 682 1257 709 malo
1277 683 1376 709 deieci:
1400 684 1426 709 in
1450 684 1475 709 vi
1496 685 1568 710 enim
1589 683 1668 710 dolus
1689 684 1776 710 malus
1793 685 1861 711 inest
1875 690 1902 712 et

1084 751 1085 757 1
1107 719 1219 746 Claudio
1231 721 1365 746 utrumvis
1376 721 1440 747 satis
1452 725 1492 746 est
1504 720 1614 756 planum
1627 721 1725 752 facere,
1740 721 1781 748 vel
1793 730 1821 748 se
1833 731 1846 748 a
1859 730 1901 748 me

1084 762 1085 771 ¹
1109 758 1166 791 ipso
1178 758 1204 783 vi
1216 757 1348 784 deiectum
1360 766 1433 788 esse,
1452 758 1493 784 vel
1507 767 1547 784 me
1562 758 1706 785 consilium
1718 759 1815 789 inisse,
1834 764 1862 785 ut
1874 760 1900 785 vi

1084 802 1085 805 ¹
1107 795 1276 821 deiiceretur.

1317 797 1358 821 30.
1382 795 1444 821 Plus
1457 796 1538 830 igitur
1548 798 1627 821 datur
1637 795 1758 825 Claudio.
1775 805 1852 830 quum
1864 799 1902 822 ita

1108 832 1289 862 interdicitur,
1312 832 1382 859 unde
1404 841 1417 859 a
1439 832 1500 859 dolo
1518 833 1587 859 malo
1603 842 1662 859 meo
1677 834 1703 859 vi
1719 833 1840 860 deiectus
1855 834 1899 864 sit.

1834 871 1900 897 Nam

1107 907 1133 933 in
1147 907 1195 933 lioc
1207 907 1357 941 posteriore,
1372 908 1424 934 nisi
1438 908 1494 942 ipse
1506 913 1610 943 egomet
1621 908 1794 938 deiecissem,
1809 909 1902 934 vince-

1107 953 1162 970 rem
1174 945 1360 979 sponsionem3
1375 945 1401 971 in
1414 944 1459 971 illo
1470 945 1566 980 priore.
1580 945 1627 971 ubi
1639 945 1718 972 dolus
1730 945 1902 971 malusaddi-

1107 987 1162 1012 tur.
1185 983 1243 1008 sive
1259 982 1401 1008 consilium
1419 982 1544 1012 inissem,
1562 987 1591 1009 ut
1606 983 1633 1008 vi
1649 982 1822 1013 deiiceretur,
1843 983 1902 1009 sive

1108 1020 1165 1054 ipse
1177 1019 1349 1050 deiecissem,
1365 1028 1474 1046 necesse
1485 1024 1540 1046 erat
1550 1022 1581 1046 de
1592 1019 1654 1046 dolo
1665 1019 1735 1046 malo
1745 1028 1804 1046 meo
1816 1020 1842 1046 vi
1853 1019 1902 1046 de—

1107 1057 1205 1083 iectum
1217 1056 1342 1083 iudicari.

1163 1095 1204 1119 3⁴.
1227 1094 1279 1119 lloc
1300 1093 1438 1128 persimile
1458 1098 1537 1129 atque
1555 1093 1621 1120 adeo
1636 1093 1714 1129 plane
1731 1093 1803 1120 idem
1819 1099 1858 1121 est
1874 1095 1901 1121 in

1084 1130 1085 1148 ἶ
1107 1130 1156 1157 boc
1168 1130 1283 1162 iudicio,
1297 1136 1504 1166 recuperatores.
1526 1131 1630 1163 Quaero
1642 1132 1713 1157 enim
1725 1131 1773 1158 abs
1785 1136 1818 1161 te,
1831 1132 1855 1157 si
1867 1132 1901 1158 ita

1084 1199 1085 1207 ἵ
1107 1168 1240 1194 iudicium
1251 1168 1343 1195 datum
1355 1173 1434 1200 esset,
1447 1177 1581 1199 oum-ur.
1604 1177 1751 1195 recusus
1773 1177 1864 1195 ιηιιιετ
1887 1179 1902 1195 Α
1930 1182 1933 1186 ·

1107 1215 1229 1232 FAmLiA
1258 1215 1279 1232 P.
1301 1215 1380 1232 FAnlt
1405 1215 1566 1232 uomxlncs
1585 1215 1713 1232 munus
1733 1215 1852 1232 DABNL'!
1874 1215 1900 1232 Ι.

1084 1256 1085 1271 1
1106 1252 1212 1269 τιτιιιο
1229 1249 1373 1274 Merum.
1387 1243 1453 1278 quid
1466 1243 1588 1274 haberes,
1600 1242 1672 1278 quod
1683 1242 1806 1269 diceres?
1817 1243 1900 1275 Nihil,

1084 1296 1085 1311 2
1106 1281 1211 1315 opinor.

1077 1313 1085 1348 ¹¹
1106 1319 1189 1349 cisse,
1212 1323 1238 1346 et
1252 1320 1279 1345 vi
1295 1318 1453 1345 hominibus
1467 1319 1576 1345 armatis
1591 1317 1696 1344 secisse.

1083 1380 1084 1385 ,
1107 1360 1163 1382 tum
1179 1361 1232 1386 est,
1254 1365 1327 1383 noto
1349 1365 1438 1386 ιιιιο,
1462 1356 1489 1382 id
1510 1361 1534 1382 te
1550 1355 1678 1382 adiuvare
1693 1360 1785 1390 putas.
1809 1355 1902 1390 inquo

1252 1281 1353 1308 Fateris
1365 1283 1437 1307 enim
1448 1281 1546 1311 onmia,
1559 1285 1585 1307 et
1596 1279 1726 1307 familiam
1737 1281 1766 1306 P.
1775 1280 1850 1307 Fabii
1863 1280 1903 1307 l'e-

1736 1317 1812 1350 Quod
1824 1317 1902 1344 addi-

1105 1394 1268 1428 opprimitur
1277 1399 1303 1420 et
1313 1392 1467 1420 excluditur
1477 1393 1565 1420 omnis
1577 1398 1620 1419 tua
1632 1392 1772 1419 defensio?
1785 1394 1826 1419 32.
1834 1392 1903 1419 Nam

1106 1431 1129 1456 si
1141 1431 1262 1457 additum
1279 1431 1305 1457 id
1318 1440 1368 1457 non
1380 1435 1451 1457 esset
1461 1439 1490 1457 ac
1502 1430 1552 1457 tibi
1564 1430 1671 1456 libitum
1682 1435 1753 1456 esset
1763 1430 1797 1456 ita
1809 1429 1904 1456 desen-

1106 1467 1182 1499 dere,
1196 1473 1269 1495 tuam
1282 1467 1411 1495 familiam
1423 1476 1474 1494 non
1487 1467 1596 1494 secisse:
1614 1468 1750 1498 vinceres,
1767 1468 1790 1493 si
1802 1467 1828 1493 id
1841 1476 1904 1502 pro-

1107 1505 1169 1532 bare
1181 1507 1327 1541 potuisses.
1353 1506 1439 1536 Nunc,
1455 1506 1514 1532 sive
1525 1505 1570 1532 illa
1582 1504 1737 1532 defensione
1749 1505 1788 1531 uti
1800 1504 1904 1531 voluis-

1106 1552 1163 1574 seS,
1185 1544 1243 1569 sive
1259 1543 1322 1574 hac,
1344 1552 1397 1578 qua
1413 1544 1510 1574 uteris,
1528 1542 1715 1569 condemneris
1727 1550 1835 1568 necesse
1846 1547 1900 1568 est:

1107 1581 1159 1606 nisi
1170 1586 1298 1615 putamus
1310 1583 1335 1607 in
1347 1581 1476 1607 iudicium
1491 1580 1597 1611 venire,
1613 1580 1662 1615 qui
1677 1579 1822 1606 consilium
1834 1579 1904 1605 inie-

1083 1622 1085 1654 ζ
1107 1618 1152 1651 rit;
1171 1618 1264 1649 illum,
1281 1619 1329 1653 qui
1345 1617 1450 1649 fecerit,
1467 1626 1520 1644 non
1532 1618 1638 1650 venire3
1661 1625 1746 1652 quum
1758 1616 1903 1643 consilium

1083 1677 1084 1680 ,
1106 1656 1164 1682 sine
1181 1655 1248 1683 facto
1267 1655 1382 1691 intelligi
1398 1656 1496 1690 possit,
1515 1654 1615 1681 sactum
1637 1655 1696 1680 sine
1716 1653 1830 1680 consilio
1850 1662 1903 1680 non

1106 1694 1199 1728 possit.
1240 1693 1290 1724 An,
1304 1692 1376 1727 quod
1387 1692 1486 1719 sactum
1498 1691 1631 1718 eiusmodi
1642 1695 1691 1721 est,
1704 1696 1732 1717 ut
1743 1691 1802 1717 sine
1812 1690 1904 1717 occul—

1107 1736 1131 1757 to
1142 1729 1269 1761 consilio,
1286 1731 1345 1756 sine
1360 1734 1450 1760 noete,
1468 1729 1527 1755 sine
1543 1729 1583 1758 vi,
1601 1730 1660 1754 sine
1671 1727 1769 1754 damno
1780 1727 1900 1758 alterius,

1106 1769 1164 1794 sine
1176 1768 1267 1798 armis,
1284 1768 1342 1793 sine
1353 1766 1447 1796 caede,
1463 1766 1522 1792 sine
1533 1765 1665 1792 maleficio
1676 1765 1732 1791 fieri
1745 1773 1796 1792 non
1807 1770 1903 1800 potue-

1107 1806 1152 1835 rit.
1170 1804 1197 1830 id
1214 1805 1273 1830 sine
1287 1803 1348 1830 dolo
1364 1803 1434 1830 malo
1449 1802 1549 1829 sactum
1565 1801 1748 1829 iudicabitur?
1786 1804 1828 1829 33.
1850 1803 1900 1832 An,

1105 1850 1158 1876 qua
1175 1842 1202 1868 in
1218 1850 1245 1868 re
1259 1846 1363 1876 praetor
1377 1840 1417 1867 illi
1429 1840 1579 1875 improbam
1590 1839 1774 1866 defensionem
1787 1839 1842 1866 tolli
1855 1848 1903 1865 vo-

1107 1879 1169 1909 luit,
1183 1879 1210 1905 in
1221 1887 1250 1904 ea
1263 1887 1290 1904 re
1302 1878 1370 1904 mihi
1381 1877 1561 1904 difficiliorem
1573 1878 1704 1903 actionem
1716 1876 1811 1903 factam
1823 1882 1903 1912 puta-

1106 1915 1188 1942 bitis?
1209 1917 1255 1942 llic
1271 1916 1339 1942 mihi
1355 1916 1400 1941 isti
1415 1914 1547 1950 singulari
1566 1915 1674 1950 ingenio
1690 1913 1816 1940 videntur
1831 1922 1900 1946 esse.

1105 1955 1189 1988 quiet
1201 1953 1241 1984 id,
1259 1953 1330 1988 quod
1343 1953 1411 1978 mihi
1422 1957 1512 1979 contra
1525 1951 1585 1978 illos
1595 1951 1688 1978 datum
1700 1956 1753 1982 est,
1771 1951 1824 1985 ipsi
1835 1952 1902 1977 arri-

1105 1992 1183 2025 piunt
1203 1995 1228 2017 et
1248 1989 1360 2025 scopulo
1381 1995 1460 2025 atque
1478 1990 1552 2016 saxis
1573 1997 1621 2024 pro
1636 1993 1714 2023 portu
1734 1989 1902 2023 stationeque

1105 2032 1227 2054 utuntur.
1268 2028 1374 2054 Namin
1391 2036 1463 2053 noto
1483 2035 1560 2053 ιιιιιο
1580 2025 1673 2052 volunt
1684 2025 1855 2057 delitescere;
1874 2026 1901 2052 in

1105 2074 1158 2100 quo
1170 2074 1222 2091 non
1234 2065 1321 2095 modo,
1335 2073 1419 2099 quum
1431 2064 1520 2090 omnia
1532 2064 1585 2098 ipsi
1596 2062 1725 2093 fecerunt,
1737 2071 1806 2098 quae
1817 2062 1902 2089 faten-

1106 2107 1162 2133 tur,
1176 2111 1271 2129 verum
1283 2103 1377 2133 etiam,
1394 2102 1418 2128 si
1429 2110 1477 2136 per
1488 2100 1554 2128 alios
1565 2100 1594 2127 id
1604 2099 1744 2131 fecissent,
1763 2099 1902 2127 haererent

1106 2148 1134 2166 ac
1147 2144 1309 2166 tenerentur.

1160 2178 1201 2203 34.
1223 2177 1280 2212 Ego
1295 2185 1348 2203 non
1363 2177 1391 2203 in
1402 2184 1455 2202 una
1466 2184 1494 2202 re
1505 2176 1560 2202 sola
1569 2196 1575 2206 ,
1590 2174 1674 2210 (quod
1684 2174 1753 2201 mihi
1763 2175 1829 2201 satis
1839 2175 1901 2208 est‚)

1104 2223 1192 2249 neque
1203 2215 1230 2240 in
1243 2215 1368 2240 universa
1381 2222 1408 2240 re
1420 2213 1517 2244 solum,
1530 2212 1612 2248 (quod
1624 2212 1693 2239 mihi
1702 2212 1768 2238 satis
1778 2211 1840 2247 est‚)
1851 2211 1900 2238 sed

1103 2251 1262 2287 singulatim
1283 2252 1310 2277 in
1331 2251 1458 2277 omnibus
1478 2250 1571 2277 dolum
1587 2249 1688 2276 malum
1709 2253 1814 2276 exstare
1827 2248 1898 2275 dico.

1103 2288 1253 2316 Consilium
1273 2289 1396 2323 capiunt,
1419 2293 1449 2315 ut
1464 2288 1497 2314 ad
1516 2296 1608 2314 servos
1623 2287 1659 2313 M.
1675 2286 1759 2313 Tullii
1774 2286 1896 2312 veniant:

1102 2326 1163 2352 dolo
1175 2326 1245 2352 malo
1256 2325 1367 2352 faciunt.
1403 2326 1483 2352 Arma
1494 2325 1617 2360 capiunt:
1633 2323 1695 2350 dolo
1705 2323 1775 2350 malo
1786 2322 1896 2349 faciunt.

1103 2364 1221 2398 Tempus
1232 2363 1265 2389 ad
1277 2362 1463 2389 insidiandum
1475 2367 1554 2397 atque
1565 2361 1707 2388 celandum
1714 2360 1840 2387 idoneum
1847 2359 1899 2386 eli-

1101 2406 1182 2436 gunt:
1205 2400 1266 2426 dolo
1286 2399 1356 2426 malo
1372 2399 1483 2426 faciunt.
1524 2400 1556 2425 vi
1572 2399 1599 2425 in
1615 2403 1715 2425 tectum
1729 2399 1848 2424 irruunt:
1869 2398 1898 2423 in

1078 2442 1080 2466 ξ
1102 2439 1160 2472 ipsa
1171 2438 1198 2464 vi
1209 2437 1288 2464 dolus
1299 2442 1349 2464 est.
1369 2437 1501 2464 Occidunt
1513 2436 1646 2467 homines,
1658 2440 1758 2462 tectum
1769 2434 1895 2460 diruunt:

1102 2483 1150 2501 nec
1162 2475 1242 2501 homo
1252 2474 1339 2501 occidi
1351 2483 1399 2501 nec
1409 2474 1531 2501 consulto
1542 2473 1618 2500 alteri
1628 2472 1757 2499 damnum
1768 2471 1826 2497 dari
1838 2471 1898 2498 sine

1101 2512 1162 2539 dolo
1174 2512 1244 2539 malo
1254 2516 1351 2546 potest.
1384 2512 1455 2547 Ergo
1466 2512 1491 2538 si
1501 2518 1594 2538 omnes
1605 2514 1693 2545 partes
1703 2513 1767 2535 sunt
1777 2509 1898 2535 eiusmo—

1101 2549 1137 2581 di,
1154 2555 1183 2576 ut
1195 2551 1222 2576 in
1233 2549 1350 2585 singulis
1362 2548 1440 2575 dolus
1452 2547 1539 2575 malus
1550 2547 1664 2577 haereat,
1673 2547 1828 2572 universam
1840 2554 1897 2572 rem

1100 2592 1126 2614 et
1136 2591 1221 2614 totum
1235 2586 1340 2612 facinus
1351 2587 1411 2612 sine
1421 2585 1482 2612 dolo
1494 2584 1563 2611 malo
1574 2583 1674 2610 sactum
1685 2582 1860 2610 iudicabitis?

1155 2625 1197 2650 35.
1219 2623 1291 2656 Quid
1301 2623 1334 2650 ad
1346 2623 1411 2649 haec
1421 2620 1566 2655 Quintius?
1575 2620 1643 2647 Sane
1655 2620 1724 2647 nihil
1735 2626 1838 2647 certum
1849 2628 1896 2646 ne-

1099 2669 1152 2696 que
1168 2669 1268 2692 unum,
1290 2661 1318 2687 in
1333 2668 1387 2695 quo
1402 2668 1455 2686 non
1468 2658 1547 2686 modo
1560 2659 1658 2693 possit,
1675 2666 1771 2685 verum
1781 2661 1857 2693 putet
1867 2665 1897 2683 se
