1941 3052
240 139 285 163 ⁸05
811 142 852 164 ΗΝ.
888 138 921 164 Μ,
956 138 985 163 T.

238 208 346 234 vellem:
371 213 394 235 te
406 213 470 243 puto
481 217 559 242 saepe
572 207 677 238 habere,
691 209 748 242 qui,
763 217 826 234 num
838 208 904 242 quid
918 209 1025 234 Romam
1054 209 1056 214 ’

237 246 312 275 velis,
329 251 467 281 quaerant.
498 245 573 276 Quod
585 245 617 270 ad
631 254 671 270 me
685 245 789 271 Lentuli
802 250 826 271 et
838 246 907 271 Sesti
920 247 1026 272 nomine

235 284 380 318 scripsisti,
401 283 503 308 loc-utus
520 290 580 307 sum
596 291 656 307 cum
674 283 775 308 Cincio.
820 282 933 317 Quoquo
949 283 1026 309 modo

236 330 276 346 res
298 331 325 345 se
348 320 441 349 liubet,
466 328 515 344 non
537 323 576 344 est
593 318 732 349 facillima,
751 319 797 344 sed
815 319 894 345 babet
910 320 1026 354 profecto

236 357 366 391 quiddam
383 356 505 381 Sardinia
520 356 671 390 appositam
685 356 716 381 ad
730 356 938 383 recordationem
951 366 1026 392 prm:-
1048 374 1049 377 =

236 395 326 420 teritae
352 394 503 419 memoriae.
556 394 633 423 Nam,
657 398 685 419 ut
706 393 750 419 ille
771 394 908 420 Gracchus
929 403 1024 429 augur,

235 436 407 465 posteaquam
429 431 453 456 in
477 431 552 455 istam
575 431 741 464 provinciam
765 432 849 461 venit,
873 431 1026 458 recordatus

233 473 281 498 est,
295 468 361 502 quid
373 468 440 497 sibi,
459 468 484 493 in
496 476 590 501 campo
602 468 693 493 Martio
704 468 810 494 comitia
821 468 963 495 consulum
979 469 1026 495 lia—

234 505 316 535 lienti,
334 510 423 531 contra
440 505 560 538 :nuspa-ia
577 504 731 531 accidisset:
754 506 793 532 sic
806 510 832 532 tu
846 506 912 532 mihi
925 506 1025 532 videris

235 543 260 568 in
277 542 400 568 Sardinia
412 542 445 567 de
462 541 545 568 forma
558 543 674 568 Nusiana
686 547 711 568 ct
726 542 758 568 de
776 543 931 569 bominibus
947 544 1025 570 Pom-

235 580 356 614 ponianis
369 580 394 605 in
406 580 459 605 otio
472 580 641 613 recogitasse.
664 579 717 606 Sed
728 589 777 614 ego
787 580 875 606 adhuc
884 581 1022 607 eminihil.
1046 594 1048 606 ι

233 616 369 643 Culleonis
389 617 476 643 auctio
493 616 558 643 facta
573 621 622 642 est.

664 617 815 643 Tusculano
830 623 933 652 emptor
947 627 1025 644 nemo
1046 629 1048 654 ξ

235 654 293 680 fuit.
320 654 348 679 Si
360 654 477 680 conditio
490 654 566 680 valde
578 654 645 680 bona
658 653 746 684 fuerit,
762 654 871 681 fortasse
883 664 933 682 non
945 656 1025 682 omit-
1046 665 1047 692 J

235 697 296 717 tam.
319 693 343 717 ΞΖ.
357 692 391 717 De
406 691 590 717 aedificatione
602 696 646 717 tua
657 692 755 727 Cyrum
769 700 862 727 urgere
875 702 926 719 non
938 702 1023 719 cesso.
1046 694 1055 713 θ’

662 729 712 755 Sed
724 730 813 756 onmia
825 735 887 756 sunt
899 730 1022 760 tardiora,
1046 743 1048 746 >

958 768 1024 794 Nam
1046 786 1048 791 ‚

233 729 315 763 Spero
331 737 392 754 eum
413 729 438 754 in
453 728 542 754 officio
558 728 621 755 fore.

234 770 340 800 propter
365 765 479 792 furiosae
504 765 647 792 aedilitatis
672 767 908 801 exspectationem.

232 803 339 829 comitia
351 803 410 829 sine
422 812 492 829 mora
506 802 593 829 futura
606 803 741 830 videntur.
782 805 873 831 Edicta
886 810 982 831 sunta.
996 804 1023 831 d.

235 849 272 867 xi.
286 840 344 866 Kal.
361 841 438 866 Febr.
471 841 505 866 Tc
518 845 604 866 tamen
616 841 762 867 sollicitum
774 851 832 868 esse
844 842 914 869 nolo.
940 842 1025 869 Omne

252 886 319 903 enus
339 886 352 903 a
374 877 452 904 nobis
472 878 604 904 cautionis
623 878 806 905 adhibebitur.
856 882 880 906 3.
907 881 943 906 De
963 889 1024 914 rege

258 914 414 941 lexandrino
426 914 524 941 factum
536 920 576 941 est
587 920 694 941 senatus
706 916 868 947 consultum,
880 926 941 944 cum
955 914 1025 944 mul-

211 962 215 969 ·
234 952 348 978 titudine
364 961 425 978 eum
442 952 542 983 reduci,
558 952 738 986 periculosum
751 954 915 988 reipublicae
928 955 1023 981 videri.

234 989 345 1024 Reliqua
366 998 450 1024 quum
468 995 537 1016 esset
554 990 579 1016 in
595 995 686 1016 senatu
701 992 844 1022 contentio,
862 992 1025 1019 Lentulusne

233 1035 265 1053 an
287 1027 430 1061 Pompeius
445 1027 595 1059 reduceret3
620 1027 739 1053 obtinere
756 1037 878 1055 caussam
896 1030 1025 1056 Lentulus

234 1063 385 1090 videbatur.
426 1065 454 1090 In
471 1073 500 1090 ea
517 1073 564 1090 nos
579 1069 604 1091 et
619 1064 706 1091 officio
721 1074 782 1101 erga
794 1066 937 1093 Lentulum
949 1068 1025 1093 miri-

234 1101 290 1132 fice,
304 1106 330 1127 et
341 1101 470 1127 voluntati
483 1102 602 1136 Pompeii
615 1102 747 1136 praeclare
759 1103 951 1131 satisfecimus.
973 1104 1024 1130 Sed

232 1147 280 1173 per
299 1138 486 1165 obtrectatores
504 1138 608 1165 Lentuli
631 1148 672 1165 res
692 1139 827 1166 calumnia
843 1146 958 1168 extracta
973 1147 1022 1168 est.

231 1176 374 1202 Consecuti
395 1181 458 1202 sunt
472 1176 530 1202 dies
545 1176 703 1207 comitiales,
720 1185 767 1211 per
777 1186 845 1212 quos
856 1183 965 1205 senatus
977 1179 1025 1205 ha-

232 1213 289 1239 beri
306 1222 356 1239 non
372 1218 482 1248 poterat.
523 1213 594 1246 Quid
611 1213 730 1240 futurum
743 1215 778 1241 sit
790 1215 927 1243 latrocinio
938 1216 1025 1242 tribu—

232 1258 336 1281 norum,
355 1259 406 1276 non
422 1250 528 1277 divino:
551 1250 599 1277 sed
611 1255 697 1277 tamen
710 1253 841 1286 suspicor,
855 1262 903 1288 per
914 1254 969 1280 vim
982 1263 1025 1280 ro-

230 1288 365 1323 gationem
381 1287 524 1314 Caninium
540 1287 715 1322 perlaturum.
755 1290 784 1315 In
799 1298 829 1316 ea
841 1299 867 1316 re
879 1291 1023 1326 Pompeius

230 1325 297 1359 quid
310 1324 381 1355 velit,
396 1325 579 1360 nondispicio.
602 1325 1022 1363 Familiareseiusquidcupiant,

230 1370 323 1388 omnes
344 1361 446 1388 vident.
487 1362 638 1389 Creditores
654 1372 716 1390 vero
732 1365 817 1400 regis,
835 1370 924 1400 aperte
940 1374 1024 1400 pecu-

231 1399 289 1425 nias
306 1399 480 1434 suppeditant
490 1405 580 1426 contra
592 1400 746 1428 Lentulum.
786 1402 849 1428 Sine
860 1402 944 1429 dubio
955 1412 997 1429 res
1009 1411 1023 1429 a

230 1435 342 1462 Lentulo
358 1441 456 1463 remota
469 1437 576 1464 videtur
587 1446 655 1468 esse,
669 1446 731 1464 cum
743 1447 841 1474 magno
852 1448 911 1467 meo
921 1439 1022 1467 dolore.

229 1473 399 1508 Quamquam
421 1473 503 1501 multa
519 1474 593 1507 fecit,
611 1483 708 1509 quare,
729 1476 753 1502 si
769 1475 809 1502 fas
825 1481 907 1509 esset,
925 1478 983 1504 iure
998 1478 1024 1504 ei

229 1519 387 1537 succensere
410 1519 561 1546 possemus.
611 1513 664 1543 Tu,
690 1514 713 1539 si
738 1514 772 1540 ita
797 1514 920 1549 expedit,
941 1514 1023 1541 velim

229 1557 310 1583 quam
322 1549 440 1583 primum
453 1549 521 1576 bona
533 1554 559 1576 et
568 1554 638 1576 certa
651 1554 807 1585 tempestate
818 1551 1023 1579 conscendasad

229 1594 326 1621 meque
338 1586 440 1612 venias.
472 1586 686 1614 Innumerabiles
697 1588 770 1614 enim
782 1597 824 1615 res
835 1594 907 1621 sunt,
921 1590 948 1616 in
959 1590 1023 1624 qui-

229 1623 280 1649 bus
302 1628 326 1649 te
341 1623 463 1658 quotidie
477 1625 504 1650 in
516 1625 588 1651 omni
600 1633 698 1659 genere
709 1625 871 1653 desiderem.
912 1626 963 1653 Tui
974 1635 1023 1654 no—

228 1661 331 1695 strique
343 1659 442 1688 valent.
463 1670 520 1688 xvi.
534 1662 592 1689 Kal.
606 1661 684 1688 Febr.

282 1737 320 1757 111.
340 1738 357 1758 Α
366 1738 416 1758 RG.
437 1738 470 1758 De
484 1737 576 1758 Milonis
591 1746 603 1759 a
617 1739 696 1760 Clodio
711 1740 738 1760 de
751 1739 772 1760 vi
784 1741 882 1761 accusati
892 1740 983 1766 iudicio,
995 1742 1022 1762 de

228 1771 284 1792 actis
296 1771 319 1791 in
334 1776 424 1796 senatu,
443 1773 470 1793 de
485 1773 558 1794 Sestio
578 1773 612 1794 bis
632 1778 746 1799 accusato,
767 1775 794 1795 de
807 1776 909 1797 oratione
922 1783 963 1797 su·
977 1784 1021 1805 pro

231 1806 307 1828 Bestia
317 1806 400 1832 habita,
411 1808 437 1828 «le
447 1809 512 1829 rebus
523 1809 659 1829 domesticis.

415 1841 502 1864 (Romae.
512 1842 721 1866 Marcellino,Pl·ilippo
731 1849 777 1860 con.
787 1844 842 1864 698.)

359 1883 394 1910 M.
416 1883 559 1911 CICERO
579 1884 608 1911 S.
629 1885 658 1911 D.
680 1885 712 1917 Q.
734 1886 887 1913 FRATRI.

286 1921 308 1946 l.
331 1915 437 1955 Scripsi
453 1920 486 1947 ad
498 1925 521 1948 te
533 1925 608 1948 antea
620 1923 772 1956 superiora:
796 1932 867 1950 nunc
878 1932 1018 1959 cognosce,

226 1962 318 1991 postea
333 1966 402 1992 quae
416 1958 470 1984 sint
481 1963 547 1985 acta.
564 1958 583 1985 A
597 1958 655 1985 Kal.
669 1959 746 1986 Febr.
760 1959 906 1995 legationes
918 1962 946 1987 in
957 1962 1020 1988 Idus

226 1994 305 2021 Febr.
332 1995 531 2022 reiiciebantur.
571 1996 608 2022 Eo
629 1996 672 2022 die
694 2005 735 2023 res
755 1997 874 2024 confecta
895 2007 946 2025 non
969 2004 1019 2026 est.

226 2032 258 2058 A.
278 2031 305 2058 d.
327 2040 363 2058 iv,
379 2032 447 2058 Non.
463 2032 542 2059 Febr.
559 2033 623 2059 Milo
639 2033 734 2060 adfuit.
775 2035 807 2061 Ei
818 2036 961 2070 Pompeius
973 2036 1021 2063 ad-

227 2073 336 2096 vocatus
347 2070 431 2096 venit.
452 2070 525 2096 Dixit
535 2070 686 2102 Marcellus.
699 2080 714 2098 a
726 2080 768 2098 me
779 2077 897 2108 rogatus
933 2074 1021 2100 Hone-

226 2111 265 2132 ste
285 2106 473 2133 discessimus.
515 2107 644 2134 Producta
659 2108 717 2134 dies
733 2113 773 2135 est
789 2110 816 2135 in
832 2118 869 2136 lv,
887 2110 926 2136 Id.
939 2111 1018 2137 Febr.

226 2144 334 2170 Interim
351 2144 456 2170 reiectis
472 2144 652 2179 legationibus
669 2146 695 2172 in
712 2146 789 2177 Idus,
808 2146 972 2174 referebatur
987 2147 1020 2174 de

225 2181 373 2215 provinciis
398 2186 569 2216 quaestorum
595 2187 620 2209 et
639 2182 671 2208 de
691 2184 819 2210 ornandis
840 2185 1018 2219 praetoribus.

225 2217 279 2244 Sed
294 2226 350 2249 res,
369 2218 462 2245 multis
477 2219 595 2253 querelis
611 2220 643 2246 de
655 2220 794 2255 republica
806 2222 1017 2256 interponendis.

225 2254 299 2282 nulla
315 2260 445 2282 transacta
460 2261 509 2282 est.
549 2256 612 2283 Cato
629 2256 714 2293 legem
729 2258 913 2294 promulgavit
923 2259 956 2286 de
968 2260 1021 2286 im-

224 2293 298 2326 perio
318 2292 425 2319 Lentuli
445 2293 607 2329 abrogando.
648 2295 780 2322 Vestitum
802 2295 874 2322 filius
895 2298 1018 2324 mutavit.

223 2331 249 2355 2.
266 2329 298 2356 A.
313 2329 340 2356 d.
353 2339 409 2356 vm.
425 2330 463 2356 Id.
479 2331 557 2357 Febr.
572 2331 635 2358 Milo
646 2331 741 2359 adfuit.
782 2333 854 2360 Dixit
863 2334 1018 2369 Pompeius,

224 2366 282 2392 sive
298 2366 396 2393 voluit:
422 2376 497 2399 nam,
515 2373 544 2395 ut
555 2369 684 2400 surrexit,
702 2378 797 2404 operae
810 2370 953 2398 Clodianae
964 2370 1020 2398 cla-

224 2411 326 2430 morem
342 2404 525 2432 sustulerunt:
558 2405 640 2441 idque
651 2407 676 2432 ei
686 2412 815 2441 perpetua
827 2409 944 2434 oratione
955 2417 1020 2435 con-

225 2440 293 2475 tigit,
308 2450 359 2467 non
372 2442 449 2468 modo
461 2449 489 2469 ut
500 2442 699 2474 acclamatione,
713 2444 1019 2472 sedutconvicioetma-

226 2475 330 2503 ledictis
349 2479 534 2513 impediretur.
575 2479 627 2512 Qui
643 2485 672 2506 ut
686 2482 834 2515 peroravit:
866 2491 928 2508 nam
944 2483 972 2509 in
987 2491 1019 2509 eo

225 2522 288 2539 sane
305 2514 380 2541 fortis
393 2515 456 2542 fuit:
488 2526 540 2543 non
553 2522 593 2544 est
603 2517 755 2549 deterritus,
772 2518 842 2544 dixit
852 2520 956 2546 omnia:
979 2524 1019 2546 at-

225 2558 278 2584 que
289 2551 424 2578 interdum
436 2553 515 2579 etiam
527 2554 649 2581 silentio:
667 2563 730 2581 cum
741 2556 895 2582 auctoritate
906 2565 1019 2592 perege-

225 2591 277 2613 rat:
305 2588 352 2613 sed
372 2593 400 2614 ut
416 2591 560 2623 peroravit,
583 2592 701 2618 surrexit
715 2591 836 2618 Clodius.
881 2593 913 2619 Ei
929 2598 1018 2620 tantus

225 2623 325 2650 clamor
336 2634 350 2650 a
366 2627 476 2656 nostris,
492 2627 639 2661 (placuerat
649 2629 720 2655 enim
733 2628 831 2655 referre
842 2631 978 2665 gratiam,)
989 2635 1018 2657 ut

226 2669 313 2696 neque
324 2667 411 2688 mente
422 2671 509 2698 neque
521 2663 613 2700 lingua
628 2674 716 2701 neque
726 2674 771 2693 ore
782 2667 948 2694 consisteret.
980 2668 1017 2694 Ea

1020 138 1292 166 CICERONIS

1078 218 1119 236 res·
1131 215 1186 236 acta
1199 215 1247 240 ent,
1260 219 1345 245 quum
1358 211 1388 237 ll.
1402 219 1436 237 vt.
1451 212 1495 238 vix
1508 212 1812 247 Pompeiunmmraswt.
1822 222 1868 239 us-

1077 256 1130 281 que
1145 247 1176 272 ad
1190 247 1219 273 ll.
1234 255 1300 277 vui..
1320 257 1405 282 quum
1416 249 1505 274 omnia
1518 249 1667 279 maledicta,
1683 259 1776 276 vernus
1787 251 1866 277 etiam

1077 284 1266 310 obscenissimi
1280 285 1305 310 in
1317 285 1441 311 Clodium
1453 291 1478 312 et
1489 286 1607 312 Clodiam
1619 287 1781 314 divers-ntur.
1822 287 1868 314 Ille

1079 321 1169 347 furens
1190 326 1215 347 et
1237 323 1384 357 exsanguis
1405 323 1583 355 interrogabat
1606 333 1681 353 suos,
1707 326 1731 351 in
1751 325 1868 351 clamore

1080 359 1149 392 ipso.
1167 359 1230 393 quis
1241 364 1323 390 esset,
1337 361 1384 394 qui
1396 359 1501 394 plebem
1515 360 1582 386 [anie
1594 367 1706 387 necaret.
1749 362 1868 396 Respon-

1077 395 1175 422 debunt
1199 405 1308 431 operae,
1335 397 1487 431 Pompeius.
1532 398 1598 429 Quis
1621 398 1808 425 Alexandriam
1832 400 1868 425 ire

1077 438 1195 467 cuperet.
1238 433 1454 468 tlt-spondebant,
1473 435 1624 469 Pompeius.
1665 436 1749 466 Quem
1763 437 1799 462 ire
1812 436 1868 461 vel-

1079 470 1140 496 lent.
1183 470 1401 505 Respondebam,
1418 472 1554 497 Crassum.
1596 472 1619 498 ls
1629 471 1719 498 aderat
1729 477 1799 502 tum,
1818 473 1868 499 ati-

1079 507 1130 533 loni
1147 508 1237 534 animo
1252 517 1303 534 non
1319 509 1414 534 amico.
1447 509 1477 534 u.
1491 508 1545 534 fere
1557 517 1605 538 ix..
1619 510 1696 544 quasi
1708 511 1786 542 signo
1795 510 1866 539 dato.

1054 551 1055 563 ¹
1076 544 1197 571 Clodiani
1214 550 1316 571 nostros
1331 550 1490 580 consputare
1505 551 1658 580 coeperunt.
1704 547 1809 573 Exarsit
1820 547 1868 574 do-

1078 582 1124 608 lor.
1167 582 1264 617 Urgere
1281 582 1334 612 illi,
1352 587 1379 609 ut
1396 583 1452 609 loco
1467 592 1514 609 nos
1531 588 1676 610 moverent.
1719 584 1813 610 Fartus
1828 589 1869 610 est

1076 628 1089 645 a
1102 620 1199 645 nostris
1212 621 1341 654 impetus:
1358 619 1420 655 fuga
1431 629 1582 655 operarum.
1614 621 1721 646 Eiet-tus
1731 621 1764 646 de
1777 622 1868 647 rostris

1076 656 1199 683 Clodius:
1221 666 1251 683 ac
1262 666 1309 683 nos
1320 666 1427 692 quoque
1440 663 1495 683 tum
1507 657 1636 693 fugimus,
1650 667 1682 684 ne
1693 658 1758 693 quid
1773 659 1799 684 in
1812 663 1867 684 tur-

1077 693 1119 720 ba.
1160 694 1273 720 Senatus
1290 699 1398 720 vocatus
1412 695 1436 721 in
1449 696 1566 721 curiam:
1590 696 1733 729 Pompeius
1745 695 1865 722 domum.

1077 731 1169 766 Neque
1185 740 1234 767 ego
1251 736 1336 758 tamen
1355 733 1379 758 in
1397 737 1534 762 senatum.
1552 741 1584 759 ne
1596 737 1641 758 aut
1651 732 1684 758 de
1696 734 1775 759 tantis
1787 733 1868 759 rebus

1077 773 1199 798 tacerem,
1214 774 1258 795 aut
1271 770 1296 795 in
1310 769 1434 803 Pompeio
1444 769 1613 796 defendendo
1623 770 1693 795 (nam
1707 770 1729 796 is
1739 770 1867 805 carpeba-

1054 813 1055 834 l
1077 810 1141 832 tura
1154 806 1261 836 Bibulo,
1275 806 1398 836 Curione,
1413 807 1538 838 Favonio,
1552 807 1667 833 Servilio
1678 807 1753 840 lilio.)
1763 808 1867 833 animos

1077 843 1206 870 bonorum
1220 845 1337 870 virorum
1349 843 1520 870 offenderem.
1548 845 1598 870 Res
1611 845 1637 870 in
1651 849 1786 879 posterum
1798 844 1867 871 dila-

1077 885 1100 907 ta
1117 886 1166 907 est.
1206 881 1316 907 Clodius
1334 882 1359 907 in
1376 880 1524 913 Quirinalia
1536 881 1662 915 produxit
1673 882 1756 908 diem.
1797 884 1821 908 3.
1834 882 1865 908 A.

1077 918 1103 944 d.
1122 926 1157 944 vt.
1180 918 1218 944 Id.
1237 918 1314 944 Febr.
1338 924 1447 944 senatus
1463 919 1495 945 ad
1513 918 1645 953 Apollinis
1663 918 1726 947 fuit,
1745 924 1773 944 ut
1789 919 1867 945 Pom-

1077 955 1154 990 peius
1166 955 1280 981 adesset.
1321 956 1383 982 Acta
1397 964 1438 981 res
1449 961 1487 982 est
1499 957 1616 991 graviter
1627 965 1639 981 a
1656 956 1790 990 Pompeio.
1829 956 1867 982 130

1054 996 1055 1000 ’
1076 993 1119 1018 die
1135 992 1357 1027 nibilperfectum
1369 998 1418 1019 est.
1441 994 1471 1019 A.
1484 993 1511 1019 d.
1525 1002 1551 1019 v,
1564 993 1867 1028 1d.ad.tpoltinissena-

1078 1035 1119 1056 tus
1131 1030 1283 1056 consultum
1296 1030 1394 1056 factum
1406 1035 1455 1061 est,
1473 1039 1516 1058 m,
1529 1039 1604 1060 ocu
1617 1040 1707 1056 men
1720 1039 1829 1056 essen
1841 1040 1864 1056 Α.

1077 1076 1100 1093 n.
1132 1077 1195 1093 vttt.
1221 1077 1274 1098 in.,
1297 1077 1412 1094 cosrnn
1434 1076 1643 1093 ηεκνυιιιιεμι
1669 1076 1739 1093 esst
1762 1076 1864 1094 nen.

1076 1105 1113 1131 Eo
1129 1104 1172 1131 die
1192 1105 1255 1131 Cato
1271 1110 1311 1131 est
1327 1104 1498 1131 vehementer
1513 1105 1539 1130 in
1556 1104 1713 1139 Pompeium
1733 1105 1865 1134 invectus,

1053 1155 1055 1174 1,
1075 1146 1101 1168 et
1121 1150 1183 1168 eum
1203 1142 1320 1168 oratione
1345 1147 1472 1176 perpetua
1498 1146 1634 1176 tamquam
1661 1150 1736 1167 reum
1756 1150 1867 1168 accusa·

1053 1195 1054 1210 χ
1077 1179 1123 1206 vit.
1158 1180 1192 1205 De
1205 1188 1246 1205 me
1260 1179 1352 1209 multa,
1367 1188 1408 1205 me
1421 1179 1514 1209 invito,
1527 1187 1589 1204 cum
1602 1187 1659 1205 mea
1671 1187 1775 1205 summa
1789 1178 1866 1205 laude

1052 1215 1054 1269 Ι
1075 1216 1154 1242 dixit.
1194 1216 1283 1248 Quum
1300 1216 1375 1242 illius
1393 1217 1420 1242 in
1437 1225 1478 1242 me
1493 1216 1632 1250 perfidiam
1644 1217 1805 1251 increparet,
1818 1224 1867 1242 au—

1052 1275 1053 1278 ,
1074 1254 1147 1280 ditus
1170 1258 1210 1280 est
1230 1262 1328 1290 magno
1348 1253 1455 1280 silentio
1478 1253 1680 1279 malevolorum.
1721 1253 1866 1288 Respondit

1074 1291 1098 1317 ei
1116 1290 1287 1318 vehementer
1298 1291 1441 1326 Pompeius
1450 1290 1631 1325 Crassumque
1642 1290 1798 1325 descripsit:
1824 1290 1867 1316 di-

1052 1335 1053 1343 *
1075 1329 1167 1363 xitque
1182 1333 1285 1363 aperte.
1302 1337 1331 1354 se
1342 1328 1513 1354 munitiorem
1525 1327 1557 1354 ad
1569 1328 1771 1354 custodiendam
1784 1329 1866 1354 vitam

1052 1396 1053 1402 1
1074 1374 1150 1391 suam
1167 1365 1235 1397 fore,
1253 1374 1335 1401 quam
1350 1365 1491 1392 Africanus
1509 1365 1616 1391 fuisset:
1644 1374 1724 1400 quem
1740 1365 1868 1392 C.Carbo

1051 1428 1052 1433 ,
1075 1404 1263 1430 interemisset.
1300 1404 1324 1429 4.
1343 1404 1434 1438 Itaque
1446 1411 1557 1438 magnae
1569 1403 1636 1428 mihi
1649 1411 1690 1428 res
1701 1403 1753 1429 iam
1765 1403 1868 1429 moveri

1051 1451 1053 1480 ί
1075 1440 1245 1467 videbantur.
1286 1441 1351 1466 Nam
1373 1440 1517 1475 Pompeius
1538 1440 1603 1466 baec
1618 1439 1756 1475 intelligit,
1775 1440 1868 1466 nobis·

1051 1481 1052 1488 ¹
1073 1486 1190 1513 cumque
1201 1478 1390 1507 communicat,
1404 1477 1518 1504 insidias
1529 1478 1598 1503 vitae
1610 1486 1674 1503 suae
1686 1477 1757 1503 fieri:
1779 1476 1867 1504 C.Ca—

1051 1507 1052 1526 l
1074 1520 1162 1541 tonem
1179 1524 1192 1542 a
1209 1516 1304 1542 Crasso
1320 1515 1477 1541 sustentari:
1509 1514 1601 1541 Clodio
1613 1515 1754 1549 pecuniam
1766 1523 1867 1549 suppe-

1073 1552 1165 1579 ditari:
1188 1557 1333 1587 utrumque
1344 1556 1370 1578 et
1380 1552 1413 1578 ab
1424 1561 1454 1579 eo
1462 1573 1468 1583 ,
1487 1557 1511 1578 et
1522 1561 1536 1579 a
1547 1552 1662 1578 Curione
1670 1572 1676 1583 ,
1689 1551 1785 1578 Bibulo
1795 1556 1867 1577 cete-

1073 1590 1164 1624 risque
1184 1590 1242 1616 suis
1257 1590 1479 1616 obtrectatoribus
1493 1589 1658 1615 confirmari:
1694 1589 1868 1615 vehementer

1072 1635 1131 1653 esse
1152 1627 1364 1662 providendum,
1388 1635 1420 1653 ne
1439 1627 1619 1662 opprimatur,
1637 1627 1805 1652 concionatio
1821 1625 1867 1652 illo

1072 1664 1172 1699 populo
1183 1673 1197 1690 a
1208 1673 1236 1690 se
1248 1672 1330 1699 prope
1341 1663 1463 1694 alienato,
1477 1663 1614 1690 nobilitate
1626 1664 1745 1694 inimica,
1759 1672 1811 1689 non
1822 1671 1867 1689 ae-

1072 1710 1126 1736 quo
1137 1706 1231 1728 senatu
1239 1722 1245 1732 ,
1263 1702 1402 1727 iuventute
1415 1701 1547 1735 improba.
1578 1701 1669 1735 Itaque
1680 1709 1709 1726 se
1720 1705 1864 1735 comparat,

1073 1739 1196 1765 homines
1212 1747 1245 1765 ex
1260 1739 1332 1774 agris
1349 1739 1469 1764 arcessit.
1511 1740 1611 1772 Operas
1626 1742 1714 1763 autem
1730 1746 1794 1764 suas
1805 1737 1867 1764 Clo-

1072 1775 1134 1802 dius
1145 1775 1292 1802 confirmat.
1324 1775 1419 1801 Manus
1435 1775 1468 1801 ad
1479 1774 1627 1806 Quirinalia
1642 1779 1762 1809 paratur:
1793 1775 1821 1801 in
1835 1783 1867 1801 eo

1073 1813 1156 1839 multo
1177 1821 1272 1839 sumus
1292 1813 1444 1847 superiores
1465 1812 1552 1847 ipsius
1567 1812 1663 1846 copiis.
1699 1811 1753 1838 Sed
1769 1820 1866 1847 magna

1072 1859 1169 1877 manus
1184 1859 1218 1876 ex
1234 1851 1330 1876 Piceno
1345 1855 1371 1876 et
1385 1849 1472 1876 Gallia
1483 1854 1666 1884 exspectatur,
1684 1855 1713 1875 ut
1723 1850 1803 1875 etiam
1815 1850 1866 1876 Ca—

1072 1888 1141 1914 tonis
1161 1887 1346 1923 rogationibus
1367 1886 1399 1913 de
1420 1886 1518 1913 Milone
1533 1891 1559 1912 et
1570 1885 1682 1912 Lentulo
1697 1887 1864 1913 resistamus.

1049 1955 1050 1958 Ἴ
1071 1927 1096 1951 5.
1114 1925 1145 1951 Α.
1165 1924 1192 1951 d.
1214 1933 1249 1951 iv.
1269 1924 1308 1950 ld.
1328 1924 1407 1950 Febr.
1426 1924 1530 1950 Sestius
1551 1923 1584 1949 ab
1600 1923 1688 1949 indice
1708 1923 1757 1950 Cn.
1774 1924 1863 1954 Nerio,

1049 1977 1050 1992 χ
1071 1963 1185 1997 Pupinia
1206 1961 1239 1988 de
1260 1962 1363 1988 ambitu
1385 1966 1425 1988 est
1444 1960 1608 1996 postulatus,
1643 1965 1668 1987 et
1683 1960 1777 1987 eodem
1791 1960 1836 1987 die
1851 1969 1866 1987 a

1049 1994 1051 2031 l
1071 1999 1188 2034 quodam
1200 1999 1236 2025 M.
1252 1998 1340 2025 Tullio
1351 1998 1384 2025 de
1400 1999 1438 2024 vi.
1475 1999 1500 2024 Is
1513 2003 1569 2024 erat
1580 2006 1668 2034 aeger.
1700 1998 1813 2024 Domum
1825 1998 1866 2032 (ut

1071 2036 1228 2071 debuimus)
1243 2036 1276 2063 ad
1291 2044 1353 2062 eum
1369 2036 1458 2062 statim
1474 2036 1612 2066 venimus,
1645 2035 1724 2070 eique
1739 2044 1787 2062 nos
1798 2039 1865 2061 totos

1071 2074 1247 2100 tradidimus:
1277 2073 1359 2108 idque
1370 2073 1484 2099 fecimus
1495 2077 1598 2108 praeter
1609 2072 1749 2098 hominum
1759 2073 1866 2107 opinio-

1072 2120 1147 2142 nem,
1165 2112 1213 2146 qui
1229 2119 1277 2137 nos
1288 2111 1312 2137 ei
1324 2111 1381 2136 iure
1393 2118 1551 2136 succensere
1561 2109 1704 2144 putabant:
1728 2114 1757 2135 ut
1769 2109 1865 2135 huma·

1072 2149 1192 2178 nissimi,
1206 2148 1408 2183 gratissimique
1420 2152 1446 2173 et
1456 2148 1508 2182 ipsi
1519 2152 1545 2173 et
1555 2147 1683 2173 omnibus
1695 2146 1862 2173 videremur:

1072 2187 1161 2220 itaque
1183 2185 1324 2211 faciemus.
1365 2184 1417 2211 Sed
1435 2184 1507 2211 idem
1522 2184 1620 2210 Nerius
1637 2183 1719 2210 index
1735 2183 1820 2210 edidit
1831 2183 1865 2210 ad

1071 2222 1212 2258 allegatos,
1234 2222 1282 2249 Cn.
1305 2221 1448 2248 Lentulum
1469 2222 1592 2247 Yacciam
1612 2226 1638 2247 et
1652 2220 1682 2247 C.
1698 2220 1862 2247 Cornelium.

1070 2260 1172 2286 Eodem
1182 2259 1226 2286 die
1240 2264 1348 2286 senatus
1358 2258 1511 2285 consultum
1523 2258 1622 2284 factum
1632 2263 1685 2289 est,
1699 2267 1732 2284 ur
1746 2266 1865 2284 sonan—

1071 2306 1160 2324 τηε-,5
1183 2305 1405 2327 οεουιιιᾼτιρυε
1431 2304 1651 2322 uiscensnssr:
1691 2303 1806 2325 temus
1827 2303 1861 2321 ns

1071 2344 1109 2360 iis
1134 2343 1302 2365 senna-ren,
1333 2343 1380 2363 nr,
1411 2342 1459 2364 oni
1483 2342 1536 2359 sox
1562 2341 1800 2363 niscEsSisssur‚
1827 2341 1864 2358 ΒΑ

1071 2381 1172 2402 possa,
1191 2380 1266 2402 Quae
1278 2380 1328 2397 ssr
1342 2379 1377 2397 ns
1395 2379 1435 2401 ri,
1455 2378 1657 2396 rsit-anemae.
1693 2370 1718 2395 6.
1733 2369 1765 2395 Α.
1780 2368 1808 2395 d.
1823 2377 1861 2395 m.

1070 2409 1109 2435 Id.
1121 2408 1180 2435 dixi
1191 2417 1238 2443 pro
1251 2408 1339 2434 Bestia
1353 2407 1386 2434 de
1397 2407 1500 2433 ambitu
1511 2406 1584 2441 apud
1593 2410 1742 2441 praetorem
1753 2405 1800 2432 Cn.
1812 2406 1863 2432 Do-

1070 2447 1179 2472 mitium
1195 2447 1222 2472 in
1237 2445 1293 2471 foro
1309 2444 1398 2471 medio
1414 2444 1532 2470 maximo
1542 2448 1689 2469 conventu:
1721 2443 1860 2478 incidique

1070 2483 1097 2509 in
1112 2490 1174 2509 eum
1192 2482 1279 2509 locum
1295 2483 1323 2508 in
1338 2481 1466 2512 dicendo,
1483 2489 1568 2515 quum
1584 2480 1707 2511 Sextius,
1725 2479 1818 2506 multis
1834 2480 1862 2506 in

1070 2519 1169 2555 templo
1184 2520 1300 2547 Castoris
1314 2518 1474 2546 vulneribus
1485 2518 1610 2552 acceptis,
1623 2517 1748 2544 subsidio
1757 2517 1862 2543 Bestiae

1069 2562 1192 2584 servatus
1228 2561 1308 2583 esset.
1358 2556 1406 2582 Hic
1439 2554 1697 2591 προῳκονομησάμψ
1729 2553 1861 2589 quiddam

1069 2594 1194 2630 εὐκαίρως
1203 2593 1236 2620 de
1248 2594 1300 2624 his,
1313 2601 1382 2628 quae
1393 2593 1421 2618 in
1436 2592 1554 2618 Sestium
1566 2591 1862 2626 apparabanturcrimi-

1069 2639 1112 2662 na,
1125 2636 1151 2658 et
1161 2639 1223 2657 eum
1237 2631 1330 2657 ornavi
1341 2630 1412 2656 veris
1423 2628 1559 2659 laudibus,
1573 2637 1670 2664 magno
1679 2637 1792 2654 assensu
1801 2636 1861 2654 om-

1069 2668 1155 2694 nium.
1190 2669 1242 2694 Res
1253 2667 1356 2695 homini
1367 2666 1418 2693 fuit
1429 2665 1601 2692 vehementer
1611 2670 1694 2702 grata.
1725 2665 1799 2698 Quae
1810 2665 1861 2692 tibi
