1941 3052
525 162 819 189 PHILIPPICA
852 162 899 189 VI.

33 239 96 261 natu
108 233 203 260 dantur
214 232 337 260 mandata
348 232 451 269 legatis,
467 237 497 260 ut
506 234 537 259 D.
549 233 660 260 Brutum
673 232 826 267 militesque

32 273 91 298 eius
102 271 196 297 adeant
207 271 294 306 iisque
305 271 500 301 demonstrent,
523 279 628 297 summa
640 271 667 297 in
679 270 827 305 rempubli-

32 318 90 335 cam
107 309 198 334 merita
213 308 395 343 beneficiaque
408 316 499 334 eorum
510 312 584 343 grata
595 316 653 334 esse
664 308 768 334 senatui
780 315 828 342 po-

32 346 151 382 puloque
165 347 294 376 Romano,
318 346 406 380 iisque
421 353 479 371 eam
493 354 548 371 rem
564 353 674 381 magnae
686 344 759 371 laudi
771 353 828 370 ma-

31 392 138 420 gnoque
154 383 245 409 bonori
261 382 334 410 fore?
352 383 533 409 Passurumne
546 383 660 408 censetis
670 382 825 413 Antonium,

32 421 140 448 introire
151 421 280 447 Mutinam
292 419 411 455 legatos?
425 421 497 446 exire
508 419 570 446 inde
581 419 654 446 tuto?
673 420 827 454 Numquam

31 459 160 493 patietur⁷
172 458 239 484 mihi
250 457 358 484 credite.
398 457 465 484 Novi
477 457 643 487 violentiam,
662 457 724 483 novi
738 457 828 490 impu-

32 495 162 526 dentiam,
185 495 248 522 novi
259 495 408 521 audaciam.
447 495 473 521 7.
496 495 550 520 Nec
561 503 622 520 vero
632 494 665 520 de
676 493 734 525 illo,
758 494 828 519 sicut

32 532 66 559 de
76 532 183 559 homine
194 532 292 568 aliquo,
306 532 446 560 debemus.
455 531 502 558 sed
514 536 543 558 ut
553 531 586 558 de
596 531 827 566 importunissima

32 569 136 600 bellua,
158 570 282 606 cogitare.
323 569 396 602 Quae
410 578 495 604 quum
512 569 546 595 ita
561 569 629 599 sint,
652 577 704 594 non
720 568 828 594 omnino

32 606 196 633 dissolutum
212 612 264 639 est,
282 607 355 642 quod
369 606 487 633 decrevit
501 610 620 632 senatus.
660 605 744 631 Habet
759 609 828 631 atro-

31 644 120 671 citatis
141 644 243 679 aliquid
261 645 369 680 legatio:
391 645 494 670 utinam
515 642 582 669 nihil
600 643 708 668 haberet
723 642 825 668 morae!

31 681 100 708 Nam
121 690 206 716 quum
227 682 364 717 plerisque
383 682 411 707 in
432 681 512 707 rebus
532 680 657 716 gerendis
678 679 786 706 tarditas
802 683 828 705 et

31 720 233 754 procrastinatio
247 719 337 746 odiosa
353 722 406 745 est:
428 722 486 744 tum
500 718 549 743 hoc
560 717 661 743 bellum
673 717 775 752 indiget
785 725 828 742 ce-

33 756 154 783 leritatis.
193 755 409 783 Succurrendum
425 759 465 781 est
478 755 509 781 D.
524 755 617 785 Bruto,
639 762 732 780 omnes
749 753 828 779 undi—

32 802 86 829 que
96 794 186 828 copiae
196 793 373 829 colligendae:
387 793 478 819 horam
490 792 616 818 exhibere
628 791 739 822 nullam,
748 791 773 817 in
782 790 827 817 tali

32 832 90 857 cive
103 831 247 861 liberando,
261 831 319 857 sine
330 829 429 856 scelere
442 838 493 856 non
504 837 661 864 possumus.
688 830 713 854 8.
730 829 770 854 An
782 828 828 854 ille

0 892 1 895 ,
31 877 85 895 non
96 868 189 903 potuit,
203 869 226 894 si
236 868 382 894 Antonium
393 866 544 897 consulem,
558 866 581 892 si
594 866 708 893 Galliam
719 865 827 892 Antonii

0 925 1 938 ι
31 905 197 941 provinciam
208 905 360 935 iudicasset,
374 904 492 940 legiones
502 903 617 930 Antonio
627 907 651 929 et
663 903 826 938 provinciam

31 942 152 970 tradere?
171 942 281 969 domum
293 941 397 969 redire?
416 940 600 976 triumphare?
619 941 723 976 primus
739 941 767 967 in
778 940 828 966 hoc

31 980 137 1011 ordine,
150 980 238 1015 quoad
249 980 435 1016 magistratum
446 979 538 1010 iniret,
552 978 711 1004 sententiam
722 976 828 1004 dicere?

31 1017 98 1052 quid
112 1018 210 1054 negotii
221 1017 290 1044 fuit?
321 1018 346 1043 9.
368 1016 429 1048 Sed,
443 1025 528 1051 quum
539 1024 568 1042 se
578 1016 690 1042 Brutum
701 1024 760 1042 esse
771 1024 829 1041 me-

31 1055 168 1087 minisset,
190 1059 348 1090 vestraeque
364 1054 479 1080 libertati
495 1058 601 1085 natum,
624 1062 676 1079 non
694 1053 746 1079 otio
762 1061 825 1078 suo:

31 1092 98 1127 quid
113 1093 167 1128 egit
181 1092 269 1123 aliud,
292 1092 344 1118 nisi
356 1096 385 1118 ut
396 1099 479 1126 paene
489 1099 598 1125 corpore
609 1099 658 1117 suo
669 1090 755 1117 Gallia
767 1098 828 1125 pro-

31 1129 135 1156 hiberet
144 1129 308 1156 Antonium?
327 1129 366 1155 Ad
380 1129 452 1155 bunc
463 1132 553 1154 utrum
566 1128 678 1164 legatos,
701 1137 733 1154 an
747 1127 829 1163 legio-

32 1175 79 1193 nes
90 1167 128 1193 ire
138 1166 292 1202 oportebat?
311 1166 363 1193 Sed
374 1166 514 1200 praeterita
525 1166 689 1192 omittamus.
729 1165 828 1199 Prope-

31 1208 90 1230 rent
101 1204 190 1240 legati,
206 1204 279 1240 quod
292 1204 369 1230 video
380 1212 439 1230 esse
450 1203 579 1229 facturos:
595 1212 642 1229 vos
654 1211 716 1238 saga
728 1207 826 1237 parate.

30 1241 79 1268 Est
93 1243 165 1268 enim
181 1242 216 1268 ita
231 1242 381 1273 decretum,
400 1245 442 1272 ut,
460 1241 484 1267 si
499 1240 545 1266 ille
560 1241 708 1266 auctoritati
719 1244 827 1266 senatus

32 1287 84 1305 non
99 1280 244 1314 paruisset,
262 1279 294 1305 ad
310 1287 372 1314 saga
388 1279 480 1305 iretur.
512 1278 604 1304 Ibitur.
636 1278 694 1304 Non
709 1277 825 1312 parebit:

32 1325 80 1343 nos
91 1317 204 1343 amissos
216 1321 252 1343 tot
262 1316 320 1343 ‹lies
331 1316 368 1342 rei
379 1315 510 1351 gerendae
521 1323 675 1350 queremur.

87 1354 127 1380 IV.
149 1355 206 1380 Non
219 1358 321 1385 metuo,
339 1354 469 1386 Quirites,
488 1360 534 1384 ne,
552 1361 637 1387 quum
649 1351 763 1378 audierit
774 1351 829 1378 An—

32 1391 135 1423 tonius,
159 1400 200 1418 me
218 1391 267 1417 boc
284 1392 310 1417 in
326 1395 419 1417 senatu
435 1390 498 1416 etin
509 1390 635 1416 concione
646 1390 826 1420 confirmasse,

31 1437 180 1464 numquam
197 1428 275 1455 illum
291 1428 411 1455 futurum
427 1428 455 1454 in
471 1431 580 1454 senatus
595 1431 732 1462 potestate,
750 1427 829 1453 rel'el—

31 1465 103 1492 lendi
116 1467 168 1492 mei
179 1474 283 1497 caussa,
297 1470 326 1492 ut
336 1474 384 1501 ego
396 1465 462 1491 nihil
475 1464 575 1491 vidisse
586 1465 685 1495 videar,
695 1468 778 1490 vertat
789 1472 826 1495 se,

31 1504 136 1530 senatui
147 1508 246 1538 pareat.
277 1504 431 1538 Numquam
443 1502 534 1528 faciet:
558 1510 610 1528 non
622 1502 754 1528 invidebit
766 1501 828 1528 huic

31 1549 105 1567 meae
120 1540 233 1576 gloriae:
256 1540 337 1567 malet
351 1549 394 1566 me
412 1540 561 1575 sapientem
572 1548 585 1565 a
598 1539 688 1571 vobis,
706 1547 787 1574 quam
800 1547 828 1565 so

32 1578 183 1604 modestum
196 1579 353 1605 existimari.
396 1579 437 1603 ⁴0.
459 1576 549 1609 Quid?
567 1577 626 1611 ipse
636 1577 659 1603 si
672 1577 748 1608 velit,
763 1585 828 1603 num

31 1616 110 1642 etiam
127 1616 157 1642 L.
174 1615 281 1643 fratrem
296 1623 439 1650 passurum
455 1614 633 1640 arbitramur?
657 1615 748 1649 Nuper
767 1614 829 1649 qui-

31 1651 91 1680 dem
107 1652 206 1680 dicitur
220 1653 252 1679 ad
268 1653 364 1684 Tibur,
387 1657 417 1679 ut
430 1652 532 1687 opinor,
549 1660 635 1687 quum
651 1652 674 1678 ei
691 1651 779 1678 labare
791 1651 826 1678 M.

31 1690 161 1717 Antonius
187 1690 334 1722 videretur,
360 1694 471 1716 mortem
498 1688 571 1716 fratri
594 1697 653 1716 esse
677 1690 826 1715 minitatus.

31 1727 153 1754 Etiamne
168 1728 201 1754 ab
213 1727 262 1755 boc
272 1727 434 1756 mirmillone
445 1727 562 1753 Asiatico
573 1731 682 1754 senatus
693 1726 826 1758 mandata,

33 1763 178 1801 legatorum
190 1765 269 1792 verba
281 1764 440 1792 audientur?
460 1765 514 1791 Nec
527 1765 599 1792 enim
610 1764 712 1791 secerni
723 1773 737 1790 a
750 1764 829 1790 fratre

32 1802 140 1838 poterit,
158 1806 228 1829 tanta
244 1803 399 1838 praesertim
414 1802 579 1829 auctoritate.
619 1802 686 1828 Nam
702 1802 745 1828 bic
760 1802 828 1828 inter

31 1839 92 1867 illos
107 1839 249 1867 Africanus
265 1844 318 1867 est:
342 1839 427 1875 pluris
440 1839 566 1871 babetur,
582 1847 663 1874 quam
676 1840 706 1866 L.
719 1838 828 1866 Trebel-

33 1875 99 1908 lius,
122 1877 222 1912 pluris,
245 1885 326 1912 quam
343 1878 373 1904 T.
389 1877 519 1908 Plancus,
541 1876 696 1903 adolescens
718 1877 826 1904 nobilis.

31 1913 169 1946 Plancum,
177 1915 356 1950 quiomnibus
367 1915 515 1945 sententiis,
524 1914 641 1941 maximo
653 1918 740 1941 vestro
750 1914 828 1949 plau-

31 1959 65 1978 su
79 1951 285 1983 condemnatus,
309 1952 398 1978 nescio
413 1951 548 1987 quomodo
562 1960 591 1978 se
605 1951 718 1978 coniecit
733 1952 761 1978 in
772 1956 829 1978 tur-

31 1987 103 2020 bam,
116 1992 196 2023 atque
206 1989 242 2015 ita
253 1993 372 2016 maestus
382 1989 468 2020 rediit,
481 1993 510 2015 ut
521 1993 662 2020 retractus,
677 1997 729 2016 non
739 1997 829 2015 rever—

31 2034 80 2052 sus
95 2025 242 2058 videretur,
260 2026 299 2053 sio
313 2027 471 2058 contemnit,
490 2030 627 2060 tamquam
639 2026 661 2052 si
673 2026 712 2052 illi
724 2034 792 2061 aqua
803 2030 830 2052 et

31 2062 88 2099 igni
108 2063 278 2090 interdictum
299 2064 347 2090 sit:
369 2062 513 2098 aliquando
533 2067 612 2098 negat
627 2063 650 2089 ei
668 2063 755 2090 locum
769 2071 829 2090 esse

31 2104 152 2135 oportere
167 2101 195 2127 in
210 2101 297 2132 curia,
319 2101 368 2136 qui
383 2100 531 2127 incenderit
545 2101 657 2128 curiam.
699 2102 739 2127 ll.
762 2101 829 2126 Nam

32 2137 195 2164 Trebellium
207 2137 284 2164 valde
301 2138 352 2164 iam
368 2137 470 2174 diligit:
493 2137 583 2164 oderat
594 2142 665 2169 tum,
682 2146 767 2173 quum
785 2137 829 2164 ille

32 2174 131 2202 tubulis
148 2175 224 2202 novis
240 2175 444 2202 adversabatur:
462 2175 514 2201 iam
531 2175 581 2201 fert
596 2175 622 2202 in
639 2175 737 2207 oculis,
756 2179 828 2210 post-

32 2219 114 2248 quam
130 2213 221 2248 ipsum
233 2212 398 2239 Trebellium
415 2212 482 2239 vidit
497 2212 555 2238 sine
571 2212 670 2240 tabulis
682 2213 758 2240 novis
775 2212 830 2238 sal-

33 2257 98 2277 vum
109 2258 167 2277 esse
179 2258 231 2277 non
242 2258 330 2285 posse.
362 2249 477 2277 Audisse
487 2250 560 2276 enim
572 2258 619 2276 vos
631 2250 750 2281 arbitror,
763 2250 830 2282 Qui-

33 2286 109 2319 rites,
122 2287 195 2323 quod
207 2288 285 2314 etiam
298 2287 390 2314 videre
401 2287 540 2322 potuistis,
556 2288 677 2322 quotidie
687 2296 828 2322 sponsores

33 2327 60 2351 et
69 2324 211 2352 creditores
223 2325 386 2352 L.Trebellii
397 2325 549 2351 convenire.
571 2324 592 2351 O
603 2325 683 2352 tidesl
698 2325 746 2352 boc
756 2325 828 2351 enim

33 2365 98 2397 puto
115 2362 277 2389 Trebellium
298 2362 450 2397 sumpsisse
469 2370 630 2397 cognomen:
655 2371 724 2397 quae
744 2366 830 2397 potest

33 2405 93 2426 esse
103 2400 186 2427 maior
197 2399 272 2431 fides,
280 2408 361 2435 quam
374 2399 497 2426 fraudare
507 2399 669 2426 creditores?
679 2399 758 2426 domo
769 2408 830 2434 pro-

33 2433 143 2472 fugere?
157 2441 264 2472 propter
274 2446 319 2464 aes
330 2437 448 2464 alienum
462 2437 498 2463 ire
510 2436 541 2462 ad
554 2436 644 2464 arma?
654 2437 704 2464 Ubi
717 2437 829 2472 plausus

33 2471 80 2499 ille
91 2473 118 2500 in
132 2475 268 2509 triumpho
279 2479 332 2506 est,
355 2483 434 2509 saepe
447 2473 536 2500 ludis?
552 2474 597 2500 ubi
610 2474 732 2501 aedilitas
743 2473 829 2500 delata

34 2516 141 2538 summo
150 2512 240 2538 studio
251 2511 399 2539 bonorum?
421 2512 487 2544 Quis
498 2516 546 2542 est,
559 2512 607 2546 qui
619 2511 690 2538 bunc
703 2520 753 2538 non
765 2520 829 2538 casu

35 2547 169 2576 existimet
179 2553 248 2576 recte
260 2549 372 2576 secisse?
383 2549 506 2584 Nequitia
519 2549 672 2576 estsrelere.
688 2549 719 2575 V.
729 2550 768 2575 ⁴2.
777 2549 829 2575 Sed

35 2583 113 2612 redeo
123 2585 156 2612 ad
166 2594 269 2614 amores
279 2586 444 2622 deliciasque
455 2590 566 2618 nostras,
576 2587 604 2613 L.
613 2586 768 2616 Antonium,
782 2587 829 2621 qui

7 2652 9 2654 ι
35 2628 83 2648 vos
102 2630 194 2650 omnes
215 2623 242 2650 in
263 2624 342 2651 tidem
363 2633 440 2651 suam
457 2624 565 2658 recepit.
606 2623 735 2659 Negatis?
760 2624 828 2650 Num

35 2658 169 2694 quispiam
181 2665 221 2687 est
231 2666 364 2692 vestrum,
386 2662 434 2696 qui
447 2661 545 2688 tribum
559 2670 609 2687 non
623 2660 735 2688 babeat?
755 2661 830 2688 Certe

36 2702 123 2724 nemo.
163 2696 243 2733 Atqui
259 2698 336 2726 illum
351 2699 473 2735 quinque
488 2703 515 2726 et
526 2699 633 2735 triginta
645 2698 730 2726 tribus
742 2703 830 2734 patro-

940 162 958 190 C
973 162 994 189 Α
1008 163 1036 189 Ρ.
1072 165 1080 189 ι
1103 178 1140 183 -
1160 165 1184 190 6.
1624 167 1672 191 629

879 241 943 259 num
960 232 1127 268 adoptarunt.
1162 234 1266 260 Rursus
1281 233 1450 260 reclamatis?
1466 233 1584 269 Aspicite
1600 235 1672 262 illam

878 279 891 296 a
908 271 1015 297 sinistra
1030 276 1181 306 equestrem
1197 276 1311 298 statuam
1327 272 1488 303 inauratam,
1505 273 1532 298 in
1543 281 1596 307 qua
1607 273 1674 307 quid

878 308 1038 342 inscriptum
1057 308 1115 334 est?
1134 318 1263 339 eumont:
1288 318 1322 335 ier
1344 318 1483 335 raretum
1501 319 1604 336 TRIBUS
1623 319 1675 336 PA-

878 354 978 371 raone.
1019 345 1114 380 Populi
1130 346 1241 372 Romani
1256 346 1338 381 igitur
1353 351 1393 372 est
1408 351 1535 380 patronus
1551 347 1579 373 L.
1592 348 1675 374 Anto-

880 381 960 407 nius?
971 382 1066 408 Malam
1077 382 1187 417 quidem
1199 383 1238 409 illi
1249 388 1349 418 pestem
1360 384 1365 409 l
1378 383 1493 410 Clamori
1504 384 1575 410 enim
1588 390 1675 411 vestro

879 420 1018 445 assentior.
1050 420 1107 446 Non
1118 420 1197 447 modo
1207 420 1250 447 hic
1262 420 1335 452 latro,
1349 429 1429 456 quem
1442 421 1564 448 clientem
1578 422 1676 448 babere

880 464 957 482 nemo
973 456 1050 483 velit:
1074 457 1122 483 sed
1136 458 1199 492 quis
1216 466 1345 493 umquam
1362 459 1441 484 tantis
1461 459 1572 494 opibus,
1596 460 1675 486 tantis

879 493 959 519 rebus
974 495 1057 529 gestis
1073 493 1137 525 fuit,
1155 495 1202 529 qui
1218 503 1247 521 se
1262 495 1355 530 populi
1366 496 1491 527 Romani,
1509 497 1617 523 victoris
1629 496 1676 523 do-

880 531 1000 565 minique
1011 532 1131 557 omnium
1142 533 1277 567 gentium,
1300 537 1441 567 patronum
1452 533 1541 560 dicere
1551 533 1677 560 auderet?

882 569 920 593 43.
943 568 972 594 In
989 567 1044 594 foro
1059 569 1088 594 L.
1105 569 1213 595 Antonii
1229 574 1344 596 statuam
1360 570 1498 597 videmus:
1521 572 1590 598 sicut
1601 571 1675 597 illam

879 604 910 637 Q.
924 605 1050 637 Tremuli,
1064 606 1110 640 qui
1121 606 1247 633 Hernicos
1255 605 1433 635 devicit.ante
1444 608 1568 635 Castoris.
1592 608 1613 635 Ο
1624 609 1677 635 im-

880 642 1035 676 pudentiam
1060 643 1259 670 incredibilem!
1295 644 1444 671 Tantumne
1469 645 1521 672 sibi
1547 647 1673 680 sumpsit,

879 680 942 714 quia
955 679 1065 715 Mylasis
1077 680 1205 707 mirmillo
1217 681 1345 707 Thracem
1357 682 1502 718 iugulavit,
1516 682 1675 709 familiarem

879 716 978 742 suum?
995 716 1115 748 Quonam
1127 718 1206 744 modo
1217 718 1299 744 istum
1310 718 1378 745 ferre
1389 728 1540 754 possemuS,
1553 721 1575 746 si
1588 722 1615 747 in
1626 721 1676 747 hoc

880 753 948 785 foro,
965 755 1149 789 spectantibus
1161 755 1237 781 vobis
1246 776 1252 786 ,
1265 755 1462 791 depugnasset?
1483 756 1536 783 Sed
1548 757 1612 784 baec
1624 766 1675 784 una

879 795 974 817 statua.
1015 791 1102 818 Altera
1119 792 1151 818 ab
1163 792 1300 827 equitibus
1311 794 1450 825 Romanis,
1471 802 1541 828 equo
1552 795 1673 829 publico:

879 829 926 863 qui
944 829 1006 854 item
1023 829 1174 860 ascribunt,
1197 838 1339 856 νΑτιιοΝο.
1379 830 1464 863 Quem
1481 839 1609 866 umquam
1627 833 1676 858 iste

878 865 942 892 ordo
953 870 1094 900 patronum
1106 866 1258 901 adoptavit?
1278 867 1306 893 Si
1322 876 1500 903 quemquam,
1517 869 1611 895 debuit
1623 878 1675 895 me.

879 902 932 929 Sed
954 911 996 929 me
1015 904 1118 930 omitto.
1159 903 1245 936 Quem
1261 905 1417 932 censorem?
1436 914 1516 941 quem
1535 907 1677 941 imperato-

879 940 954 966 rem?
976 941 1015 967 44.
1028 941 1131 976 Agrum
1143 941 1186 967 his
1197 941 1300 968 divisit.
1331 942 1353 969 Ο
1364 942 1495 974 sordidos,
1509 945 1556 978 qui
1567 952 1676 978 accepe-

878 978 945 1004 rint!
965 978 1129 1013 improbum,
1141 979 1189 1014 qui
1200 978 1316 1006 dederit!
1333 980 1489 1007 Statuerunt
1499 982 1578 1008 etiam
1591 982 1678 1008 tribu-

880 1016 906 1041 ni
918 1014 1057 1047 militares,
1070 1017 1117 1050 qui
1129 1017 1156 1042 in
1168 1017 1286 1043 exercitu
1293 1017 1413 1044 Caesaris
1424 1019 1455 1044 11.
1470 1018 1587 1045 fuerunt.
1610 1018 1677 1051 Quis

879 1057 920 1079 est
935 1053 985 1079 iste
1000 1052 1081 1080 ordo?
1102 1053 1179 1080 Multi
1195 1053 1304 1080 fuerunt
1319 1054 1411 1081 multis
1428 1056 1455 1082 in
1468 1055 1619 1091 legionibus
1631 1064 1678 1091 per

880 1094 917 1116 tot
930 1098 1024 1116 annos.
1064 1091 1111 1117 His
1127 1099 1235 1126 quoque
1251 1091 1518 1119 divisitSemurium.
1560 1094 1677 1128 Campus

880 1127 990 1153 Martius
1001 1128 1128 1159 restabat,
1143 1129 1194 1155 nisi
1206 1129 1281 1163 prius
1291 1138 1353 1156 cum
1368 1130 1446 1157 tratre
1458 1130 1582 1166 fugisset.
1624 1131 1677 1157 Sed

880 1165 945 1191 baec
956 1173 1081 1200 agrorum
1092 1166 1236 1202 assignatio
1247 1166 1337 1201 paullo
1348 1173 1417 1199 ante,
1430 1167 1555 1200 Quirites,
1570 1168 1599 1195 L.
1612 1168 1678 1195 Cae-

879 1202 960 1234 saris,
974 1202 1117 1229 clarissimi
1128 1204 1179 1230 viri
1190 1208 1216 1230 et
1225 1205 1447 1239 praestantissimi
1460 1206 1603 1237 senatoris,
1616 1214 1678 1232 sen-

880 1240 960 1266 tentia
971 1239 1102 1267 dissoluta
1114 1245 1163 1268 est.
1194 1241 1261 1268 Huic
1275 1243 1346 1268 enim
1358 1244 1469 1274 assensi,
1482 1244 1677 1278 septemvirum

879 1281 935 1303 acta
959 1277 1131 1304 sustulimus.
1172 1279 1260 1305 Iacent
1283 1279 1411 1307 beneficia
1436 1280 1569 1307 Nuculae:
1598 1280 1678 1316 friget

880 1318 1007 1349 patronus
1018 1315 1160 1342 Antonius.
1195 1316 1262 1342 Nam
1273 1325 1441 1351 possessores
1453 1319 1542 1344 animo
1553 1319 1678 1353 aequiore

879 1351 1031 1379 discedent:
1054 1352 1156 1379 nullam
1177 1353 1327 1388 impensam
1349 1354 1477 1382 fecerant:
1500 1355 1619 1382 nondum
1636 1356 1678 1382 in-

880 1394 1044 1421 struxerant,
1062 1391 1158 1424 partim
1170 1391 1233 1425 quia
1245 1400 1297 1417 non
1308 1392 1488 1423 confidebant,
1506 1394 1601 1427 partim
1613 1393 1677 1428 quia

881 1435 932 1453 non
944 1427 1087 1453 habebant.
1130 1429 1172 1454 45.
1193 1427 1245 1454 Sed
1258 1428 1303 1454 illa
1314 1433 1399 1455 statua
1412 1430 1552 1464 palmaris,
1569 1430 1601 1456 de
1612 1439 1675 1465 qua,

880 1465 903 1490 si
916 1464 1024 1490 meliora
1037 1469 1153 1499 tempora
1165 1470 1266 1497 essent,
1285 1474 1337 1492 non
1350 1475 1455 1501 possem
1468 1468 1526 1493 sine
1538 1468 1592 1494 risu
1605 1468 1678 1494 dice-

881 1510 921 1527 re:
940 1510 961 1527 ι.
983 1510 1108 1528 amomo
1127 1511 1195 1529 ιΑΝο
1214 1512 1307 1529 uenio
1326 1513 1466 1531 rai-noso.
1499 1504 1678 1531 {tane‘Hanus

881 1538 986 1565 medius
1001 1539 1027 1565 in
1040 1540 1069 1565 L.
1085 1540 1193 1566 Antonii
1208 1540 1330 1566 clientela
1347 1541 1404 1569 est?
1423 1541 1490 1574 Quis
1506 1550 1634 1577 umquam
1650 1544 1677 1568 in

880 1576 927 1602 illo
938 1577 998 1602 Iano
1010 1577 1135 1603 inventus
1147 1581 1199 1608 est,
1221 1578 1268 1612 qui
1281 1578 1310 1604 L.
1323 1578 1438 1606 Antonio
1450 1579 1523 1606 mille
1535 1588 1677 1606 nummum

881 1613 960 1640 ferret
970 1613 1139 1649 expensum?
1168 1615 1210 1641 Vt.
1231 1615 1283 1641 Sed
1295 1616 1377 1642 nimis
1389 1616 1472 1643 multa
1484 1617 1517 1643 de
1529 1618 1622 1653 nugis:
1645 1617 1677 1643 ad

879 1660 1002 1677 caussam
1019 1651 1177 1687 bellumque
1193 1652 1346 1680 redeamus:
1369 1663 1533 1689 quamquam
1549 1663 1600 1681 non
1613 1654 1679 1681 alie-

880 1697 944 1714 num
962 1688 1025 1720 fuit,
1043 1697 1169 1723 personas
1184 1689 1315 1724 quasdam
1330 1700 1344 1717 a
1360 1692 1436 1718 vobis
1448 1693 1614 1727 recognosci:
1638 1697 1676 1723 ut,

879 1726 1044 1761 quibuscum
1055 1726 1157 1753 bellum
1168 1732 1313 1763 gereretur,
1327 1730 1440 1763 possetis
1452 1730 1522 1756 taciti
1533 1730 1657 1765 cogitare.

936 1764 991 1799 Ego
1002 1768 1090 1790 autem
1103 1772 1150 1790 vos
1162 1764 1259 1796 liortor,
1272 1765 1398 1798 Quirites,
1413 1772 1450 1797 ut,
1464 1767 1568 1793 etiamsi
1581 1767 1678 1793 melius

879 1799 953 1827 aliud
970 1800 1032 1832 suit,
1056 1806 1142 1828 tamen
1160 1801 1306 1838 legatorum
1323 1804 1438 1830 reditum
1451 1805 1609 1839 exspectetis
1621 1805 1679 1830 ani-

880 1847 924 1865 mo
934 1847 1029 1873 aequo.
1070 1838 1197 1866 Celeritas
1212 1840 1328 1867 detracta
1343 1841 1377 1868 de
1387 1850 1482 1868 caussa
1493 1846 1546 1868 est:
1565 1841 1627 1868 boni
1640 1847 1679 1867 ta-

881 1884 941 1902 men
957 1876 1061 1911 aliquid
1081 1877 1193 1903 accessit
1213 1877 1246 1903 ad
1261 1887 1395 1906 caussam.
1438 1881 1477 1905 ⁴6.
1499 1879 1589 1911 Quum
1606 1880 1677 1906 enim

881 1913 959 1949 legati
975 1914 1165 1946 renuntiarint,
1182 1914 1255 1950 quod
1270 1921 1340 1942 certe
1356 1916 1560 1947 renuntiabunt,
1584 1925 1634 1943 non
1651 1917 1678 1943 in

880 1955 967 1977 vestra
979 1955 1120 1986 potestate,
1143 1960 1194 1978 non
1206 1952 1234 1979 in
1245 1959 1353 1980 senatus
1365 1963 1424 1980 esse
1435 1954 1594 1981 Antonium:
1617 1954 1679 1989 quis

880 1989 929 2014 erit
945 1993 997 2014 tam
1014 1989 1154 2024 improbus
1169 1990 1250 2021 civis,
1273 1991 1319 2026 qui
1337 1991 1414 2018 illum
1424 1992 1510 2018 civem
1524 1991 1678 2018 babendum

880 2026 973 2060 putet?
994 2027 1070 2053 Nunc
1081 2027 1152 2053 enim
1164 2031 1240 2059 sunt,
1254 2029 1332 2063 pauci
1344 2029 1382 2055 illi
1394 2028 1518 2064 quidem,
1532 2028 1578 2055 sed
1591 2033 1678 2055 tamen

880 2062 985 2097 plures,
1002 2072 1084 2098 quam
1101 2064 1237 2099 republica
1253 2066 1366 2101 dignum
1383 2071 1435 2097 est,
1453 2066 1500 2101 qui
1517 2066 1551 2092 ita
1569 2065 1680 2101 loquan-

881 2105 936 2127 tur:
960 2109 992 2127 ne
1008 2101 1107 2137 legatos
1122 2101 1233 2136 quidem
1249 2103 1485 2138 exspectabimus?
1510 2104 1588 2130 Istam
1609 2109 1679 2130 certo

881 2146 986 2169 vocem,
1003 2138 1259 2174 simulationemque
1273 2141 1444 2170 clementiae,
1461 2140 1629 2175 extorquebit
1647 2141 1679 2167 iis

880 2183 921 2201 res
933 2176 991 2210 ipsa
1003 2175 1120 2210 publica,
1161 2176 1219 2208 Quo
1233 2179 1326 2208 etiam,
1340 2182 1370 2204 ut
1379 2178 1503 2204 conlitear
1515 2178 1599 2207 vobis,
1613 2178 1679 2210 Qui-

881 2213 957 2243 rites,
979 2213 1070 2239 minus
1091 2213 1219 2240 hodierno
1237 2214 1280 2241 die
1300 2215 1437 2245 contendi,
1465 2216 1555 2241 minus
1577 2215 1678 2241 labora-

882 2250 920 2280 vi,
939 2254 968 2276 ut
984 2250 1050 2276 mibi
1065 2255 1175 2277 senatus
1189 2252 1339 2278 assentiens
1355 2252 1501 2278 tumultum
1515 2252 1676 2280 decerneret.

881 2295 944 2321 saga
955 2287 1027 2313 sumi
1039 2287 1150 2314 iuberet.
1193 2288 1273 2314 Malui
1286 2289 1381 2325 viginti
1393 2289 1490 2315 diebus
1503 2294 1561 2324 post
1573 2295 1678 2315 senten-

882 2325 943 2350 tiam
957 2332 1042 2350 nicam
1055 2324 1156 2351 laudari
1168 2325 1201 2351 ab
1211 2326 1351 2357 omnibus,
1369 2335 1450 2361 quam
1467 2336 1479 2352 a
1495 2327 1588 2361 paucis
1600 2326 1678 2352 bodie

882 2362 1037 2396 vituperari.
1073 2363 1112 2388 ⁴7.
1134 2363 1313 2397 Quapropter,
1330 2363 1460 2395 Quirites,
1479 2368 1629 2398 exspectate
1642 2363 1678 2388 le-

880 2403 1002 2433 gatorum
1020 2399 1134 2425 reditum
1151 2404 1176 2426 et
1192 2408 1336 2435 paucorum
1353 2400 1457 2426 dierum
1471 2401 1619 2426 molestiam
1632 2400 1678 2426 de—

882 2440 980 2462 vorate.
1020 2436 1071 2468 Qui
1087 2445 1173 2471 quum
1190 2437 1329 2469 redierint,
1347 2438 1368 2463 si
1382 2446 1472 2472 pacem
1490 2437 1612 2467 alli-rent,
1630 2447 1678 2463 cu-

882 2473 975 2507 pidum
988 2482 1044 2500 me:
1063 2474 1085 2500 si
1098 2474 1212 2505 bellum,
1231 2474 1372 2509 providum
1385 2474 1537 2501 iudicatote.
1578 2475 1617 2501 An
1629 2484 1678 2509 ego

882 2519 933 2536 non
950 2510 1103 2545 provideam
1120 2512 1186 2538 meis
1202 2512 1326 2538 civibus?
1345 2521 1396 2538 nou
1412 2512 1469 2538 dies
1486 2516 1628 2547 noctesque
1645 2512 1678 2538 dc

882 2553 967 2574 vestra
986 2547 1117 2580 libertate,
1135 2549 1168 2575 dc
1185 2549 1347 2583 reipublicae
1358 2549 1444 2575 salute
1454 2550 1587 2585 cogitem?
1606 2549 1676 2582 Quid

880 2585 951 2611 enim
964 2594 1015 2611 non
1027 2585 1111 2613 debeo
1124 2586 1208 2617 vobis,
1222 2587 1347 2618 Quirites,
1360 2595 1441 2621 quem
1455 2596 1501 2612 vos
1513 2596 1525 2612 a
1538 2596 1566 2613 sc
1578 2592 1674 2616 ortum,

882 2622 1037 2649 bominibus
1049 2623 1238 2654 nobilissimis,
1256 2624 1381 2650 omnibus
1394 2624 1552 2653 bonoribus,
1571 2629 1677 2659 praetu-

883 2659 970 2686 listis?
990 2659 1030 2686 An
1042 2661 1161 2697 ingratus
1173 2661 1253 2688 sum?
1267 2661 1329 2696 quis
1341 2661 1449 2688 minus?
1464 2662 1520 2696 qui,
1535 2662 1617 2696 partis
1630 2662 1676 2687 lio-

882 2697 1005 2729 uoribus,
1024 2699 1131 2727 eosdem
1147 2699 1275 2735 gesserim
1293 2698 1303 2711 ‘
1319 2699 1346 2725 in
1363 2698 1418 2726 soro
1433 2698 1548 2728 labores,
1565 2708 1633 2734 quos
1649 2699 1676 2726 in
