1941 3052
280 132 293 153 Η
819 131 840 153 2.
877 127 1081 153 tNtztitt'rt

1115 126 1363 152 AUCTonts

282 200 343 226 liora
354 199 461 232 cognitu
476 198 639 230 viderentur,
663 199 696 224 itn
709 198 783 224 nobis
795 197 920 232 plat-itum
936 202 983 228 est,
994 202 1065 228 utu-a,
1089 197 1099 240 ll
1119 196 1184 226 dari.
1202 196 1250 222 boc
1265 196 1356 223 modo:
1373 196 1400 223 Si
1415 196 1483 223 dicet
1499 198 1625 232 pecuniae
1639 206 1731 224 caussa
1751 198 1858 230 fecisse,
1879 209 1909 227 ο-

1090 236 1097 260 ’;
1120 233 1222 259 stc-natet
1236 242 1297 259 eum
1312 243 1417 268 semper
1431 244 1539 260 avarum
1552 235 1648 261 tuisse-2
1665 237 1686 261 si
1699 236 1813 266 honoris,
1823 238 1908 264 ambi-

1096 268 1097 287 1
1120 271 1230 300 timum,
1256 271 1289 296 ita
1309 272 1403 305 poterit
1416 272 1497 297 animi
1515 273 1606 298 vitium
1621 282 1682 298 cum
1697 282 1789 299 caussa
1809 275 1907 308 peccati

279 246 348 272 quae
362 236 519 262 difficillima
535 240 631 266 essent,
649 236 817 270 potissimum·
829 236 1066 261 conscrilwrenms.

337 275 497 300 Caussarum
514 274 560 299 tria
572 278 634 298 sunt
645 282 748 302 genera,
761 272 1008 301 denionstrativum,
1021 272 1068 297 de-

284 311 461 341 liberativum,
480 310 612 336 iudiciale.
643 310 724 335 Multo
738 310 927 335 difficillimum
943 314 982 335 est
998 309 1068 334 iudi-

280 349 360 381 cialc;
389 357 451 381 crgo
470 348 494 373 id
515 348 630 382 primum
650 347 830 372 absolu-nius,
871 347 923 372 Hoc
942 351 966 372 et
982 347 1066 380 priore

283 386 350 412 libro
367 386 480 419 egimus,
502 394 586 419 quum
601 385 633 410 ‹le
647 385 768 418 quimpw
782 385 891 409 oratoris
906 384 1000 409 officiis
1016 388 1067 409 tra-

281 420 427 453 ctaremus,
448 431 562 457 quorum
583 422 700 447 inwntio
719 426 743 446 et
762 422 846 455 prima
865 425 889 447 et
907 420 1065 446 difficillima

281 465 333 492 est,
364 469 446 495 eaque
467 460 542 485 nobis
560 460 609 484 crit
628 459 675 484 boc
696 458 761 484 libro
780 458 970 492 propemodum
990 458 1067 483 abso-

282 497 335 524 luta
346 507 350 531 ;
367 502 391 523 et
402 506 508 531 parvam
521 500 619 530 partem
631 497 689 521 cius
701 496 726 521 in
738 496 842 521 tertium
852 496 1067 521 vnhnn‹·ntrans-

283 535 408 561 feremus.
434 536 457 560 ⁶2.
479 535 513 559 l)e
531 542 577 559 sex
598 533 716 567 partibus
731 533 855 558 orationis
871 533 986 567 primum
1002 532 1068 557 scri-

282 573 342 598 bere
367 571 541 597 instituimus.
567 572 593 596 ln
618 571 702 604 primo
726 570 792 596 libro
816 570 894 596 locuti
917 579 1012 595 sumus
1035 569 1067 594 dc

282 609 398 639 exordio,
421 609 575 638 narratione,
597 608 736 638 divisione,
759 616 805 633 nec
825 607 948 642 pluribus
967 607 1064 636 verbis.

281 656 362 682 quam
378 654 484 672 necesse
500 645 557 674 fuit,
575 654 621 671 nec
636 645 725 670 minus
736 644 861 675 dilucide,
873 653 953 679 quam
965 648 988 670 te
1000 644 1067 669 velle

281 683 512 710 existimabamus,
540 682 639 708 Deinde
649 683 810 708 coniunctim
825 682 857 707 de
871 682 1068 708 confirmatione

282 726 306 747 et
324 720 501 746 confutatiom·
515 719 658 745 dicendum
675 719 732 745 fuit.
761 720 846 751 Quare
860 728 956 753 genera
970 719 1068 744 consti-

282 759 414 784 tutionum
434 762 459 783 et
476 766 566 783 earum
587 762 672 791 partes
687 757 855 791 aperuimus:
872 765 905 782 ex
919 765 973 790 quo
986 755 1067 781 simul

281 795 478 825 ostendebatur,
494 794 628 829 quomodo
641 794 854 820 constitutionem
871 798 895 819 et
910 798 995 828 partes
1006 802 1069 819 con-

282 833 438 863 stitutionis,
455 841 548 858 caussa
564 832 657 866 posita,
675 832 782 865 reperiri
797 835 936 865 oporteret.
969 830 1068 856 Deinde

282 870 436 900 docuimus,
457 870 645 895 iudicationem
660 868 885 903 quemadmodum
901 869 992 903 quaeri
1006 876 1070 893 con-

283 908 397 940 veniret;
422 916 474 941 qua
494 907 599 932 inventa
626 906 789 936 curandum,
807 910 836 931 ut
850 906 936 932 omnis
951 906 1016 931 ratio
1031 909 1069 931 to-

282 945 336 972 tius
350 945 474 971 orationis
485 944 517 970 ad
528 952 584 969 eam
595 942 754 969 conferatur.
778 944 869 969 Postea
880 943 1068 969 admonuimus

283 991 340 1009 esse
354 990 462 1007 caussas
476 980 636 1015 complures,
652 981 752 1015 quibus
767 980 858 1015 plures
868 981 1069 1006 constitutiones

282 1025 328 1046 aut
342 1024 429 1054 partes
443 1019 661 1044 constitutionum
677 1018 947 1044 accommodarentur.
972 1018 1002 1043 11.
1020 1018 1070 1043 Re-

284 1057 388 1092 liquum
409 1056 549 1082 videbatur
566 1064 637 1086 esse,
655 1059 683 1081 ut
697 1055 906 1086 ostenderemus,
923 1063 991 1089 quae
1006 1055 1070 1080 ratio

282 1098 372 1129 posset
386 1093 552 1120 inventiones
566 1093 598 1119 ad
613 1101 693 1118 unam
704 1101 840 1128 quamque
854 1093 1069 1118 constitutionem

282 1136 328 1158 aut
342 1135 441 1166 partem
452 1131 648 1157 constitutionis
659 1130 869 1156 accommodare:
894 1134 919 1156 et
929 1130 991 1156 item
1002 1138 1069 1164 quas

282 1167 532 1205 argumentationes,
549 1176 616 1202 quas
627 1168 719 1194 Graeci
731 1167 914 1203 ἐπιχειρήματα
924 1167 1066 1201 appellant,

282 1207 359 1241 sequi
382 1210 407 1232 et
429 1214 496 1240 quas
519 1206 602 1231 vitare
624 1209 767 1239 oporteret,
792 1213 907 1239 quorum
925 1209 1069 1239 utrumque

283 1245 396 1279 pertinet
410 1243 442 1269 ad
456 1242 680 1269 confirmationem
692 1246 717 1268 et
726 1241 942 1268 confutationem.
970 1241 1069 1267 Deinde

282 1282 314 1307 ad
333 1286 482 1307 extremum
500 1280 670 1311 docebimus,
686 1279 838 1306 cuiusmodi
852 1279 1069 1305 conclusionibus

283 1319 432 1345 orationum
451 1319 488 1344 uti
508 1322 637 1352 oporteat:
662 1317 709 1352 qui
729 1317 801 1344 locus
820 1320 874 1343 erat
888 1321 1022 1342 extremus
1037 1316 1069 1342 de

283 1365 330 1383 sex
344 1355 465 1390 partibus
479 1355 613 1381 orationis.

337 1394 457 1419 Primum
472 1401 534 1428 ergo
547 1400 716 1427 quaeremus,
732 1390 960 1426 quemadmodum
974 1399 1070 1425 quam-

282 1439 334 1465 que
348 1439 470 1457 caussam
486 1431 589 1456 tractari
603 1429 752 1456 conveniat.
792 1429 825 1455 Et
840 1429 966 1454 nimirum
981 1428 1070 1453 conie-

281 1468 418 1499 cturalem,
440 1476 509 1502 quae
531 1468 617 1501 prima
644 1475 768 1502 quaeque
782 1466 941 1492 difficillima
956 1469 1004 1495 cst,
1021 1474 1069 1499 po-

281 1506 417 1532 tissimum
444 1505 654 1531 consideremus.
683 1506 707 1530 3.
723 1505 752 1529 In
778 1512 872 1529 caussa
898 1502 1069 1529 coniecturali

281 1543 395 1570 narratio
408 1542 568 1568 accusatoris
582 1541 749 1576 suspiciones
763 1541 913 1567 interiectas
927 1544 953 1566 et
966 1540 1071 1574 disper-

282 1590 324 1607 sas
340 1580 436 1606 habere
450 1579 537 1611 debet,
554 1583 583 1605 ut
597 1578 664 1605 nihil
679 1582 776 1609 actum,
793 1577 861 1604 nihil
875 1578 986 1608 dictum,
1004 1586 1070 1603 nus-

281 1627 362 1653 quam
376 1621 486 1644 ventum
501 1620 546 1643 aut
559 1617 670 1647 abitum,
687 1615 754 1641 nihil
769 1615 885 1650 denique
899 1615 998 1641 factum
1013 1615 1071 1640 sine
1099 1642 1101 1647 ,

281 1664 376 1681 caussa
389 1658 506 1690 putetur.
536 1653 687 1680 Defensoris
701 1653 815 1679 narratio
828 1652 979 1687 simplicem
994 1656 1019 1678 et
1029 1652 1071 1678 di-

282 1692 398 1719 lucidam
409 1692 601 1726 expositionem
612 1691 691 1717 debet
701 1690 806 1721 habere,
819 1698 881 1715 cum
892 1690 1070 1716 attenuatione

281 1730 452 1765 suspicionis.
484 1729 570 1755 Huius
589 1727 785 1755 constitutionis
803 1728 869 1753 ratio
882 1727 909 1753 in
923 1735 971 1753 sex
984 1731 1072 1761 partes

281 1771 321 1794 est
334 1767 491 1793 distributa:
515 1765 661 1801 probabile,
674 1765 849 1796 collationem,
862 1765 979 1800 signum,
993 1773 1072 1800 argu-

281 1809 415 1835 mentum,
443 1804 669 1834 consecutionem,
699 1802 924 1837 approbationem.
972 1802 1072 1827 Horum

281 1851 366 1868 unum
388 1841 508 1877 quidque
530 1841 596 1876 quid
614 1840 712 1871 valeat,
733 1840 894 1874 aperiemus.
933 1838 1072 1866 Probabile

281 1883 334 1911 est,
355 1888 401 1914 per
419 1878 491 1914 quod
506 1879 640 1913 probatur,
657 1877 799 1912 expedisse
813 1885 857 1903 reo
869 1885 978 1912 peccare
996 1880 1021 1902 et
1039 1876 1072 1902 ab

281 1916 364 1943 simili
383 1916 548 1951 turpitudine
562 1916 697 1942 hominem
712 1923 860 1949 numquam
874 1913 1004 1940 abfuisse.
1043 1913 1072 1940 Id

281 1954 411 1980 dividitur
424 1954 452 1979 in
466 1962 588 1979 caussam
602 1957 627 1979 et
640 1953 667 1979 in
678 1953 769 1979 vitam.
795 1951 894 1978 Caussa
904 1955 944 1977 est
953 1959 991 1982 ea,
1003 1959 1072 1986 quae

281 1991 389 2018 induxit
402 1990 435 2017 ad
449 1990 619 2022 maleficium,
635 1989 835 2016 commodorum
849 1997 897 2024 spe
911 1992 956 2015 aut
970 1989 1072 2014 incom-

282 2028 422 2055 modorum
444 2028 578 2060 vitatione,
602 2032 633 2054 ut
645 2036 731 2062 quum
750 2027 895 2062 quaeritur,
916 2034 981 2052 num
999 2025 1072 2060 quod

281 2065 451 2092 commodum
467 2065 597 2091 maleficio
611 2065 758 2099 appetierit,
775 2073 840 2090 num
854 2064 989 2095 honorem,
1006 2071 1072 2088 num

281 2103 431 2138 pecuniam,
447 2111 512 2128 num
527 2102 747 2133 dominationem3
763 2110 829 2127 num
840 2101 957 2136 aliquam
967 2099 1073 2134 cupidi-

281 2145 361 2167 tatem
375 2140 472 2166 amoris
486 2144 531 2166 aut
544 2139 677 2166 eiusmodi
692 2138 811 2165 libidinis
826 2138 940 2165 voluerit
949 2137 1070 2172 explere3

281 2182 327 2204 aut
345 2186 410 2204 num
429 2176 501 2211 quod
518 2177 718 2203 incommodum
736 2176 834 2207 vitarit,
850 2175 1013 2205 inimicitias,
1030 2175 1072 2200 in-

282 2215 403 2246 famiam,
424 2214 550 2245 dolorem,
567 2213 742 2248 supplicium.
775 2213 819 2239 111.
836 2213 860 2239 4.
875 2213 923 2239 Hic
936 2216 1072 2238 accusator

280 2253 308 2278 in
327 2260 374 2286 spe
392 2251 524 2278 commodi
543 2251 717 2286 cupiditatem
736 2249 857 2276 ostendet
874 2249 1027 2280 adversarii,
1043 2249 1071 2275 in

281 2290 407 2316 vitatione
428 2288 589 2315 incommodi
612 2287 782 2314 formidinem
800 2287 922 2323 augebit:
948 2285 1072 2312 defensor

281 2331 370 2353 autem
384 2326 491 2362 negabit
505 2325 589 2352 fuisse
603 2333 734 2355 caussam,
750 2325 773 2350 si
787 2325 890 2359 poterit,
903 2327 948 2350 aut
958 2332 1015 2350 eam
1026 2332 1073 2349 ve-

281 2363 418 2390 hementer
443 2363 610 2395 extenuabit;
642 2361 739 2388 deinde
763 2362 889 2396 iniquum
911 2369 970 2387 esse
991 2360 1069 2392 dicet,

280 2409 382 2431 omnes,
398 2400 431 2426 ad
444 2409 512 2435 quos
527 2400 629 2436 aliquid
642 2399 815 2426 emolumenti
828 2407 861 2425 ex
875 2398 964 2433 aliqua
974 2406 1001 2424 re
1012 2406 1073 2432 per-

281 2438 391 2469 venerit,
415 2438 443 2464 in
466 2438 647 2472 suspicionem
665 2436 789 2463 maleficii
811 2436 946 2468 devocari;
975 2435 1071 2461 deinde

281 2475 335 2500 vita
353 2475 470 2501 hominis
488 2483 522 2501 ex
539 2479 598 2501 ante
617 2474 692 2500 factis
711 2473 884 2508 spectabitur.
921 2474 946 2499 5.
975 2473 1004 2499 In
1017 2480 1072 2507 quo

281 2512 399 2546 primum
417 2511 594 2538 considerabit
612 2516 754 2542 accusator,
776 2519 841 2537 num
858 2510 966 2546 quando
984 2510 1071 2536 simile

280 2549 348 2584 quid
361 2548 460 2575 fecerit.
489 2548 518 2575 Si
532 2549 559 2575 id
570 2558 622 2576 non
636 2549 756 2583 reperiet=
773 2552 889 2583 quaeret,
906 2556 972 2574 num
986 2556 1072 2582 quan-

280 2587 315 2613 do
332 2586 435 2612 venerit
452 2587 480 2612 in
498 2586 615 2613 similem
629 2586 824 2621 suspicionem;
840 2589 865 2612 et
878 2586 906 2611 in
919 2593 950 2611 eo
964 2584 1072 2611 debebit

280 2632 339 2650 esse
361 2628 514 2658 occupatus,
539 2628 569 2650 ut
590 2624 623 2650 ad
645 2632 702 2650 eam
720 2632 842 2649 caussam
861 2623 969 2657 peccati,
989 2630 1071 2657 quam

281 2660 372 2695 paullo
385 2665 444 2687 ante
458 2662 620 2696 exposuerit,
636 2661 691 2688 vita
701 2660 818 2687 hominis
828 2660 913 2695 possit
922 2667 1071 2686 accommo—

1096 548 1097 553 η
1119 530 1212 556 fecisse
1235 540 1285 557 non
1305 541 1363 557 esse
1382 532 1543 558 mirandum.

1119 307 1310 340 ‹·on;.¹lutinar1‚·.
1339 309 1366 334 Si
1386 318 1436 334 non
1457 310 1550 343 poterit
1569 318 1615 344 par
1633 311 1713 336 animi
1735 312 1828 337 titium
1847 320 1908 338 cum

1119 354 1212 370 caussa
1228 346 1350 379 reperire,
1369 347 1480 380 reperiat
1494 347 1594 381 dispar.
1630 347 1657 373 Si
1673 356 1723 374 non
1739 349 1833 382 poterit
1848 358 1910 374 ava-

1120 391 1178 407 rum
1198 381 1387 411 demonstrare,
1403 383 1566 410 demonstret
1579 390 1758 419 corruptorem
1776 385 1815 411 vel
1832 386 1911 420 perti-

1119 419 1234 450 diosurn.
1247 420 1334 454 siquo
1345 420 1422 445 modo
1433 422 1539 455 poterit;
1555 421 1671 456 denique
1682 422 1908 457 aliquoautquam

1120 456 1244 490 plurimis
1267 457 1338 483 vitiis
1361 458 1550 484 contaminabit
1569 467 1721 493 personan1;
1744 459 1840 485 deinde
1862 461 1910 495 qui

1119 493 1186 519 illud
1202 493 1291 520 fecerit
1302 499 1353 520 tam
1366 495 1495 529 nequiter,
1508 496 1632 522 eumdem
1649 496 1696 522 boc
1708 501 1759 522 tam
1772 505 1909 531 perperam

1584 533 1611 559 Si
1635 534 1804 560 vehementer
1821 539 1910 560 castus

1118 572 1143 593 et
1161 568 1262 604 integer
1279 569 1475 595 existimabitur
1489 570 1670 600 adversarius.
1687 571 1755 596 dicet
1767 571 1841 602 facta,
1858 580 1910 598 non

1119 604 1215 631 faunam
1238 607 1349 640 spectari
1369 612 1500 641 oportere,
1524 607 1601 634 illum
1621 612 1680 634 ante
1701 608 1847 634 occultasse
1861 617 1910 634 sua

1119 641 1229 677 flagitia;
1252 651 1280 668 se
1299 643 1407 677 planum
1427 644 1567 676 facturum,
1588 646 1621 671 ab
1635 654 1665 671 co
1680 645 1838 672 maleficium
1858 654 1910 672 non

1119 679 1220 705 abesse.
1255 680 1382 706 Defensor
1400 682 1517 716 primum
1536 682 1726 709 demonstrabit
1747 683 1827 709 vitam
1842 683 1908 709 inte-

1120 725 1203 751 gram,
1224 717 1246 743 si
1266 718 1373 752 poterit:
1398 718 1422 743 id
1442 719 1463 744 si
1479 728 1530 745 non
1545 721 1647 754 poterit,
1664 719 1799 755 confugiet
1812 720 1844 746 ad
1859 721 1911 746 im-

1120 754 1302 788 prudentiam,
1323 755 1471 785 stultitiam,
1489 756 1701 787 adolescentiam.
1719 758 1783 787 vim,
1800 765 1910 792 persua-

1119 791 1234 823 sionem3
1259 792 1360 826 quibus
1383 793 1415 818 de
1438 794 1518 819 rebus
1542 795 1699 828 vituperatio
1721 803 1821 824 eorum,
1841 803 1910 830 quae

1097 843 1099 846 -
1120 833 1191 854 extra
1207 829 1232 854 id
1247 830 1347 855 crimen
1362 834 1447 860 crunt,
1465 839 1516 856 non
1530 831 1624 857 debeat
1637 832 1776 865 assignari.
1802 832 1849 858 Sin
1865 840 1911 858 ve-

1121 866 1257 892 hementer
1271 866 1387 892 hominis
1402 868 1567 902 turpitudine
1581 869 1742 903 impedietur
1751 873 1776 894 et
1790 868 1907 900 infamia.

1098 916 1099 919 =
1121 903 1195 937 prius
1209 903 1282 929 dabit
1296 912 1412 938 operam,
1429 909 1457 930 ut
1472 904 1552 931 falsos
1566 914 1686 932 rumores
1699 905 1842 940 dissipatos
1852 914 1911 932 esse

1120 940 1190 966 dicat
1203 940 1235 966 de
1249 941 1401 973 innocente;
1424 946 1449 968 et
1464 946 1552 969 utetur
1567 942 1622 969 loco
1635 944 1780 974 communi,
1797 944 1911 970 rumori-

1121 977 1172 1003 bus
1191 977 1262 1003 credi
1277 986 1328 1004 non
1342 983 1471 1012 oportere.
1493 979 1540 1006 Sin
1555 980 1621 1006 nihil
1633 980 1727 1006 horum
1739 980 1795 1006 fieri
1805 981 1908 1015 poterit,

1121 1019 1210 1040 utatur
1223 1019 1339 1041 extrema
1353 1015 1520 1049 defensione3
1542 1017 1620 1048 dicat,
1638 1026 1688 1043 non
1703 1026 1731 1044 se
1744 1017 1778 1043 de
1791 1018 1911 1044 moribus

1121 1052 1179 1078 eius
1193 1052 1265 1086 apud
1279 1061 1410 1084 censores,
1426 1054 1474 1080 sed
1488 1054 1520 1080 de
1530 1055 1689 1081 criminibus
1699 1054 1911 1081 adversariorum

1121 1089 1192 1124 apud
1207 1090 1309 1116 iudices
1323 1090 1420 1117 dicere.
1451 1091 1494 1118 [v.
1510 1094 1534 1117 6.
1551 1092 1661 1118 Collatio
1674 1096 1722 1121 est,
1738 1101 1823 1126 quum
1833 1101 1912 1118 accu-

1121 1131 1190 1152 sator
1212 1126 1253 1157 id,
1273 1127 1345 1161 quod
1364 1127 1547 1155 adversarium
1565 1129 1660 1155 fecisse
1677 1129 1846 1160 criminatur,
1867 1129 1912 1156 atii

1121 1164 1235 1195 nemini,
1257 1165 1308 1190 nisi
1323 1173 1375 1196 reo,
1392 1165 1461 1192 bono
1474 1165 1559 1192 fuisse
1572 1166 1747 1199 demonstrat3
1770 1171 1815 1192 aut
1829 1166 1912 1193 alium

1122 1201 1256 1227 neminem
1281 1203 1401 1236 potuisse
1423 1204 1557 1237 perficere,
1582 1204 1633 1230 nisi
1652 1203 1847 1236 adversarium
1867 1209 1913 1230 aut

1121 1247 1182 1264 eum
1197 1239 1288 1273 ipsum
1303 1239 1362 1265 aliis
1377 1241 1524 1267 rationibus
1537 1246 1583 1267 aut
1597 1250 1648 1267 non
1663 1242 1783 1276 potuisse
1800 1246 1846 1267 aut
1860 1250 1912 1268 non

1120 1284 1204 1310 aeque
1217 1277 1354 1303 commode
1366 1278 1495 1311 potuisse,
1511 1283 1556 1304 aut
1569 1286 1631 1304 eum
1647 1278 1749 1313 fugisse
1759 1278 1824 1304 alias
1835 1279 1913 1305 ratio—

1121 1322 1167 1339 nes
1185 1313 1377 1340 commodiores
1395 1319 1501 1349 propter
1518 1315 1701 1350 cupiditatem.
1729 1316 1782 1341 Hoc
1797 1315 1853 1342 loco
1866 1315 1914 1342 de-

1121 1349 1209 1376 fensor
1227 1350 1389 1377 demonstret
1407 1357 1521 1386 oportet,
1538 1357 1583 1378 aut
1596 1352 1655 1378 aliis
1669 1360 1777 1387 quoque
1791 1353 1860 1379 bono
1871 1353 1913 1379 fu-

1120 1388 1182 1418 isse,
1199 1392 1244 1413 aut
1262 1388 1328 1414 alios
1345 1397 1453 1423 quoque
1468 1389 1503 1420 id,
1519 1389 1592 1424 quod
1606 1390 1664 1424 ipse
1677 1389 1857 1421 insimuletur,
1873 1390 1913 1416 sa-

1121 1433 1179 1451 cere
1193 1425 1322 1460 potuisse.
1351 1426 1466 1461 Signum
1481 1431 1528 1457 est,
1546 1436 1593 1462 per
1606 1427 1678 1462 quod
1693 1427 1842 1453 ostenditur
1855 1427 1913 1454 ido-

1122 1470 1170 1488 nea
1192 1462 1347 1497 perficiendi
1366 1462 1478 1490 facultas
1496 1472 1555 1490 esse
1573 1465 1702 1499 quaesita.
1737 1463 1766 1490 ld
1783 1464 1914 1491 dividitur

1121 1500 1149 1525 in
1167 1504 1254 1534 partes
1273 1508 1334 1526 sex:
1351 1500 1447 1532 locum,
1464 1505 1579 1536 tempus,
1595 1502 1721 1536 spatium.
1737 1503 1910 1534 occasionem,

1121 1545 1197 1571 spem
1216 1536 1379 1571 perficiendi,
1395 1546 1471 1573 spem
1484 1538 1597 1565 celandi.
1625 1539 1650 1564 7.
1666 1539 1752 1565 Locus
1765 1540 1911 1574 quaeritur,

1121 1574 1235 1600 celebris
1249 1583 1282 1600 an
1296 1574 1430 1607 desertusg
1447 1584 1553 1610 semper
1563 1575 1692 1607 desertus,
1706 1585 1738 1602 an
1749 1581 1815 1607 tum,
1827 1585 1912 1611 quum

1122 1611 1150 1637 id
1172 1610 1271 1637 factum
1294 1612 1337 1643 sit,
1363 1611 1442 1638 fuerit
1460 1613 1487 1639 in
1506 1621 1536 1639 eo
1555 1613 1610 1639 loco
1632 1613 1761 1646 solitudo3
1789 1622 1862 1640 sacer
1880 1623 1913 1641 an

1122 1648 1264 1683 profanus,
1292 1649 1419 1683 publicus
1445 1659 1478 1676 an
1502 1651 1621 1685 privatus
1644 1650 1737 1683 fuerit,
1761 1651 1914 1678 cuiusmodi

1124 1686 1173 1712 loci
1196 1687 1338 1722 attingant3
1361 1695 1436 1718 num,
1456 1688 1503 1722 qui
1519 1692 1559 1713 est
1574 1696 1678 1722 passus,
1699 1692 1855 1723 perspectus
1868 1694 1915 1715 aut

1123 1723 1265 1750 exauditus
1284 1732 1342 1750 esse
1360 1725 1454 1759 possit.
1488 1725 1588 1751 Horum
1606 1725 1672 1760 quid
1686 1734 1738 1756 reo,
1754 1725 1821 1760 quid
1835 1734 1914 1752 accu-

1123 1761 1203 1787 satori
1216 1762 1363 1793 conveniat,
1380 1762 1544 1796 perscribere
1557 1771 1610 1788 non
1619 1771 1799 1798 gravaremur,
1812 1763 1864 1789 nisi
1875 1762 1914 1789 fa-

1123 1798 1173 1824 cile
1199 1799 1299 1834 quivis,
1327 1807 1422 1825 caussa
1445 1800 1538 1834 posita,
1567 1803 1657 1834 posset
1682 1799 1809 1826 iudicare.
1837 1800 1914 1827 Initia

1123 1836 1195 1861 enim
1212 1836 1374 1862 inventionis
1387 1836 1420 1863 ab
1434 1841 1488 1863 arte
1502 1836 1599 1863 debent
1611 1836 1756 1872 proficisci;
1776 1841 1861 1864 cetera
1874 1837 1915 1864 fa-
1940 1837 1941 1860 l

1123 1873 1174 1899 cile
1195 1873 1359 1908 comparabit
1380 1874 1540 1901 exercitatio.
1568 1874 1685 1909 Tempus
1707 1874 1743 1900 ita
1760 1875 1911 1909 quaeritur:

1123 1919 1177 1945 qua
1195 1915 1268 1945 parte
1286 1911 1363 1944 anni;
1387 1920 1440 1946 qua
1458 1911 1535 1944 hora3
1564 1916 1644 1938 noctu
1667 1920 1700 1937 an
1713 1911 1844 1945 interdiu,
1860 1921 1914 1947 qua

1123 1948 1185 1978 diei,
1201 1956 1255 1983 qua
1269 1949 1353 1974 noctis
1367 1948 1431 1975 hora
1444 1948 1544 1975 factum
1558 1957 1616 1975 esse
1626 1948 1737 1980 dicatur,
1749 1953 1775 1975 et
1783 1957 1832 1975 cur
1841 1949 1915 1976 eius-

1123 1985 1195 2011 modi
1210 1985 1384 2020 temporibus.
1406 1985 1529 2021 Spatium
1538 1985 1802 2012 itaconsiderabitur:
1815 1987 1914 2014 satisne

1124 2021 1234 2058 longum
1256 2022 1337 2049 fuerit
1357 2022 1390 2049 ad
1408 2031 1465 2049 eam
1483 2031 1540 2049 rem
1558 2022 1769 2058 transigendam,
1791 2024 1915 2050 scieritne

1123 2061 1187 2086 satis
1201 2059 1234 2086 ad
1252 2059 1279 2086 id
1297 2060 1490 2095 perficiendum
1504 2061 1584 2095 spatii
1597 2059 1730 2086 futurum.
1757 2060 1824 2087 Nam
1837 2062 1913 2096 parvi

1123 2097 1202 2123 refert
1215 2097 1279 2123 satis
1293 2098 1371 2132 spatii
1385 2097 1469 2124 fuisse
1483 2097 1516 2124 ad
1529 2097 1557 2123 id
1569 2097 1771 2132 perficiendum,
1783 2098 1807 2124 si
1816 2098 1844 2124 id
1853 2102 1914 2125 ante

1122 2135 1186 2161 sciri
1203 2139 1229 2161 et
1246 2135 1345 2161 ratione
1359 2135 1493 2169 provideri
1507 2143 1560 2161 non
1572 2135 1668 2169 potuit.
1709 2134 1818 2162 Occasio
1830 2143 1915 2170 quae—

1123 2173 1198 2203 ritur,
1214 2172 1343 2198 idoneane
1356 2172 1437 2198 fuerit
1450 2171 1483 2198 ad
1496 2180 1552 2198 rem
1562 2171 1741 2203 adoriendam,
1753 2180 1786 2198 an
1796 2172 1847 2199 alia
1857 2181 1914 2199 me·-

1124 2209 1181 2241 lior,
1197 2217 1266 2244 quae
1280 2214 1325 2235 aut
1337 2210 1477 2244 praeterita
1492 2210 1527 2235 sit
1545 2214 1591 2236 aut
1603 2217 1657 2235 non
1670 2213 1829 2244 exspectata.
1845 2209 1913 2245 Spes

1122 2246 1276 2282 perficiendi
1297 2255 1366 2281 quae
1392 2246 1484 2278 fuerit,
1509 2246 1672 2281 spectabitur
1693 2246 1743 2272 hoc
1764 2246 1856 2274 modo:
1877 2247 1911 2278 si,

1122 2293 1191 2319 quae
1209 2292 1290 2318 supra
1307 2283 1377 2310 dicta
1394 2288 1458 2310 sunt
1475 2284 1564 2319 signa,
1579 2283 1773 2316 concurrerint,
1795 2285 1819 2310 si
1837 2292 1914 2319 prae-

1123 2326 1193 2348 terea
1206 2330 1240 2347 ex
1252 2321 1331 2347 altera
1345 2325 1419 2356 parte
1432 2321 1512 2352 vires,
1528 2321 1649 2356 pecunia,
1661 2320 1813 2352 consilium,
1825 2322 1914 2348 scien-

1122 2359 1166 2389 tia,
1187 2359 1321 2394 apparatio
1338 2358 1474 2385 videbitur
1486 2357 1584 2391 fuisse3
1599 2366 1634 2384 ex
1645 2357 1727 2384 altera
1740 2362 1813 2392 parte
1826 2358 1914 2385 imbe-

1122 2396 1231 2427 cillitas,
1255 2396 1358 2430 inopia,
1382 2395 1507 2426 stultitia,
1531 2394 1724 2430 imprudentia,
1748 2395 1913 2430 inapparatio

1122 2433 1347 2460 demonstrabitur
1365 2432 1462 2465 fuisse,
1488 2440 1570 2467 quare
1588 2432 1655 2458 scire
1672 2433 1799 2466 potuerit,
1819 2437 1912 2459 utrum

1122 2470 1309 2502 diffidendum,
1333 2479 1367 2496 an
1388 2469 1575 2496 confidendum
1594 2468 1682 2495 fuerit.
1723 2469 1791 2504 Spes
1807 2469 1912 2496 celandi

1122 2517 1191 2543 quae
1209 2508 1301 2538 fuerit,
1317 2508 1454 2542 quaeritur
1467 2515 1501 2532 ex
1513 2507 1635 2538 consciis,
1651 2506 1767 2538 arbitris,
1783 2506 1912 2533 adiutori-

1122 2545 1186 2576 bus,
1203 2545 1294 2572 liberis
1308 2549 1354 2571 aut
1366 2545 1451 2571 servis
1465 2548 1510 2570 aut
1520 2544 1650 2578 utrisque.
1672 2543 1703 2570 V.
1719 2545 1744 2569 8.
1758 2544 1912 2579 Argumen—

1122 2587 1179 2609 tum
1197 2587 1250 2614 est,
1266 2590 1314 2617 per
1331 2582 1404 2617 quod
1420 2590 1482 2608 reus
1495 2581 1648 2616 coarguitur
1660 2581 1818 2607 certioribus
1830 2589 1912 2616 argu—

1122 2621 1220 2647 mentis
1241 2625 1268 2646 et
1285 2620 1370 2655 magis
1393 2619 1469 2645 firma
1490 2618 1653 2653 suspicione.
1692 2617 1722 2644 Id
1739 2618 1870 2644 dividitur
1881 2618 1910 2644 in

1122 2662 1240 2693 tempora
1262 2658 1320 2688 tria,
1344 2657 1523 2692 praeteritum,
1547 2656 1659 2687 instans,
1683 2663 1859 2691 consequens.
1880 2655 1908 2681 In
