1941 3052
522 138 816 165 PHILIPPICA
850 138 912 165 VII.

42 212 129 248 gilias,
141 219 231 241 curas,
244 210 416 246 cogitationes
427 209 455 235 in
465 208 628 244 reipublicae
639 209 723 235 salute
735 209 834 245 defige-

42 253 93 280 ret,
116 247 252 275 consulem
268 256 320 274 non
336 251 466 281 putarem.
507 249 531 273 6.
553 246 721 282 Quamquam
738 255 785 273 nos
802 247 834 272 ab

42 287 150 313 ineunte
169 285 243 311 illius
265 288 348 311 aetate
372 293 452 315 usus,
477 284 656 315 consuetudo,
684 284 834 311 studiorum

41 324 120 350 etiam
136 322 386 349 honestissimorum
402 322 512 348 societas
524 321 727 356 similitudoque
741 321 835 347 devin-

41 361 94 387 xit:
107 360 282 394 eiusdemque
292 368 354 386 cura
366 359 544 390 incredibilis,
566 360 595 385 in
606 359 760 394 asperrimis
771 358 835 384 belli

41 397 129 424 civilis
144 397 270 432 periculis
283 401 434 431 perspecta,
455 396 558 428 docuit,
576 405 629 423 non
641 397 719 423 modo
730 396 833 426 salutis,

41 435 88 462 sed
108 435 187 460 etiam
207 434 345 469 dignitatis
368 442 442 460 meae
468 433 551 460 fuisse
577 434 720 460 fautorem:
747 438 835 460 tamen

41 472 179 503 eumdem,
196 476 226 497 ut
236 472 306 503 dixi,
324 472 376 498 nisi
388 471 448 498 talis
459 471 551 497 consul
566 476 648 502 esset,
666 479 762 507 negare
777 479 835 496 esse

40 509 177 536 consulem
198 509 333 535 auderem.
373 509 446 535 Idem
462 517 513 534 non
530 508 608 534 modo
622 509 761 534 consulem
777 516 835 534 esse

40 547 112 578 dico,
126 547 173 573 sed
185 547 263 572 etiam
276 547 403 573 memoria
415 555 472 572 mea
484 546 743 580 praestantissimum
755 550 835 579 atque

40 585 171 619 optimum
188 584 339 615 consulem,
357 592 422 615 non,
440 583 506 618 quin
522 584 578 618 pari
595 584 692 609 virtute
703 587 729 609 et
740 582 835 609 volun-

39 626 92 648 tate
108 621 153 647 alii
171 621 281 652 fuerint,
298 621 345 647 sed
361 625 459 647 tantam
475 629 597 646 caussam
609 629 660 646 non
673 620 832 650 habuerunt,

39 660 67 686 in
89 668 141 694 qua
158 663 183 685 et
199 659 324 685 virtutem
341 663 366 685 et
381 658 544 684 voluntatem
564 666 640 684 suam
661 657 832 683 declararent.

40 697 66 722 7.
94 697 179 722 Huius
205 696 384 732 magnitudini
408 695 503 726 animi,
529 695 666 730 gravitati,
689 695 834 729 sapientiae

39 739 184 768 tempestas
195 738 235 760 est
246 733 331 760 oblata
344 732 586 759 formidolosissimi
597 732 735 766 temporis.
767 732 833 757 Tum

40 776 129 797 autem
140 771 288 797 illustratur
298 770 466 800 consulatus,
483 778 568 804 quum
584 769 715 805 gubernat
726 777 835 803 rempu-

40 808 147 839 blicam,
160 809 182 834 si
195 817 245 834 non
257 807 379 842 optabili,
393 812 419 834 at
429 807 577 833 necessario
588 811 715 841 tempore.
749 807 834 841 Magis

39 850 127 872 autem
143 845 329 877 necessarium,
346 849 433 880 patres
444 845 596 879 conscripti,
609 844 716 870 nullum
727 848 833 878 tempus

39 891 167 917 umquam
181 882 240 908 fuit.

95 921 136 946 111.
158 921 250 954 Itaque
263 927 312 955 ego
327 918 385 951 ille,
407 919 455 954 qui
471 927 579 953 semper
593 919 666 954 pacis
682 923 773 945 auctor
783 918 831 949 fni,

39 958 137 992 cuique
153 966 218 992 pax,
236 957 389 992 praesertim
406 956 508 987 civilis,
526 965 691 991 quamquam
707 956 833 982 omnibus

39 995 125 1026 bonis,
135 999 221 1021 tamen
234 995 260 1020 in
271 995 365 1029 primis
377 993 428 1020 fuit
438 994 577 1028 optabilis:
590 993 678 1029 (omne
689 995 761 1020 enim
772 1002 833 1020 cur-

39 1032 155 1059 riculum
172 1032 319 1058 industriae
335 1036 439 1058 nostrae
454 1032 481 1057 in
498 1031 565 1062 foro,
583 1032 611 1057 in
623 1031 709 1062 curia,
726 1032 754 1057 in
765 1032 834 1057 ami-

38 1078 129 1096 corum
152 1069 278 1104 periculis
299 1068 488 1104 propulsandis
509 1068 673 1095 elaboratum
695 1073 748 1095 est:
772 1069 834 1094 hinc

38 1107 150 1134 honores
166 1107 361 1142 amplissimos,
380 1107 442 1133 hinc
457 1106 603 1132 mediocres
618 1115 695 1141 opes,
714 1106 776 1132 hinc
792 1106 834 1132 di-

37 1145 177 1180 gnitatem,
201 1145 320 1179 siquam
337 1144 483 1176 habemus,
508 1145 643 1170 consecuti
665 1143 786 1178 sumus:)
807 1146 831 1169 8.

37 1190 86 1218 ego
97 1182 187 1217 itaque
198 1183 281 1216 pacis,
294 1186 324 1208 ut
336 1182 369 1208 ita
382 1181 478 1212 dicam,
491 1180 627 1212 alumnus,
636 1182 692 1216 qui,
701 1186 834 1215 quantus-

36 1227 154 1254 cumque
164 1228 235 1250 sum,
246 1219 323 1255 (nihil
335 1219 406 1245 enim
419 1219 485 1245 mihi
496 1218 673 1254 arrogo,)sine
685 1227 748 1253 pace
759 1218 833 1245 civili

37 1261 106 1283 certe
121 1266 173 1283 non
193 1256 318 1283 fuissem:
336 1256 494 1291 (periculose
509 1255 583 1282 dico:
605 1256 833 1291 quemadmodum

36 1295 180 1328 accepturi,
194 1298 281 1328 patres
291 1294 444 1328 conscripti,
457 1294 525 1324 sitis,
540 1294 645 1320 horreo:
659 1293 705 1320 sed
717 1303 764 1328 pro
775 1302 833 1320 mea

36 1336 165 1366 perpetua
185 1331 330 1366 cupiditate
351 1336 454 1357 vestrae
477 1331 615 1366 dignitatis
637 1331 788 1357 retinendae
808 1335 833 1357 01

37 1368 183 1404 augendae,
192 1377 292 1404 quaeso
301 1377 400 1403 oroque
412 1377 468 1399 vos,
478 1372 565 1403 patres
576 1369 728 1403 conscripti,
739 1372 767 1394 ut
778 1369 833 1403 pri-

36 1415 93 1438 mo,
112 1407 134 1432 si
150 1406 199 1432 erit
214 1406 255 1433 vel
271 1406 397 1432 acerbum
414 1405 507 1432 auditu
524 1405 565 1431 vel
581 1405 751 1437 incredibile,
769 1415 783 1432 a
795 1406 830 1432 M.

36 1443 161 1470 Cicerone
173 1452 231 1469 esse
243 1444 358 1475 dictum,
374 1443 510 1478 accipiatis
521 1443 579 1469 sine
590 1443 747 1474 offensione,
760 1443 832 1478 quod

36 1481 141 1512 dixero,
160 1489 226 1507 neve
239 1481 265 1507 id
281 1481 364 1515 prius,
382 1489 478 1515 quam,
495 1480 576 1515 quale
587 1481 634 1511 sit,
652 1480 830 1515 explicavero,

35 1518 205 1554 repudietis,)
216 1527 265 1554 ego
275 1518 329 1549 ille,
342 1518 429 1544 dicam
440 1518 557 1553 saepius,
573 1518 646 1552 pacis
658 1527 763 1553 semper
775 1518 833 1544 lau-

35 1555 123 1587 dator,
146 1564 253 1590 semper
275 1560 378 1586 auctor,
400 1563 492 1590 pacem
507 1564 569 1581 cum
585 1556 621 1582 M.
638 1555 753 1582 Antonio
773 1564 832 1582 esse

35 1592 105 1619 nolo.
146 1593 239 1629 Magna
260 1601 308 1628 spe
328 1593 462 1627 ingredior
480 1593 507 1619 in
528 1592 659 1627 reliquam
675 1593 829 1624 orationem,

34 1634 123 1666 patres
137 1631 293 1665 conscripti,
315 1631 442 1665 quoniam
463 1630 724 1665 periculosissimum
744 1630 830 1657 locum

35 1666 140 1694 silentio
155 1676 216 1694 sum
232 1671 438 1702 praetervectus.
478 1669 502 1694 9.
525 1667 578 1694 Cur
588 1668 670 1703 igitur
682 1676 773 1702 pacem
784 1676 832 1694 no-

36 1703 79 1731 1οἹ
91 1704 158 1737 Quia
170 1706 255 1740 turpis
267 1709 316 1736 est,
329 1705 392 1740 quia
404 1704 563 1739 periculosa,
576 1706 639 1740 quia
650 1713 709 1732 esse
722 1713 772 1731 non
783 1714 832 1740 po-

35 1746 94 1768 test.
125 1742 198 1774 Quae
209 1743 258 1769 tria
269 1742 334 1769 dum
345 1742 458 1777 explico,
472 1747 533 1777 peto
544 1751 557 1768 a
569 1743 655 1774 vobis,
669 1747 757 1777 patres
768 1751 832 1769 con—

35 1780 140 1814 scripti,
154 1783 184 1806 ut
194 1780 286 1806 eadem
297 1780 474 1816 benignitate,
492 1788 544 1815 qua
556 1780 661 1812 soletis,
679 1789 738 1806 mea
750 1780 831 1806 verba

35 1816 159 1843 audiatis.

89 1853 160 1886 Quid
171 1858 211 1880 est
220 1854 409 1885 inconstantia,
427 1853 587 1885 mobilitate,
606 1854 726 1886 levitate,
743 1863 828 1889 quum

34 1891 150 1926 singulis
169 1891 338 1923 hominibus,
361 1896 418 1918 tum
434 1900 497 1918 vero
513 1892 640 1919 universo
653 1893 757 1918 senatui
773 1896 830 1919 tur-

34 1928 116 1964 pius‘?
134 1927 205 1960 Quid
221 1936 298 1963 porro
313 1929 520 1960 inconstantius,
542 1938 637 1963 quam,
655 1938 737 1964 quem
752 1930 830 1956 modo

34 1965 137 1992 hostem
153 1974 205 1992 non
222 1965 316 1997 verbo,
339 1966 386 1992 sed
401 1975 429 1992 re
440 1966 533 1992 multis
545 1966 658 1993 decretis
669 1967 828 1999 iudicaritis,

33 2010 95 2029 cum
112 2002 161 2028 hoc
175 2002 264 2029 subito
274 2010 338 2037 pace
350 2003 419 2029 velle
432 2003 580 2038 coniungi?
619 2005 659 2030 10.
682 2004 740 2030 Nisi
757 2013 827 2036 vero,

33 2047 119 2075 quum
132 2039 162 2066 C.
175 2040 279 2066 Caesari
295 2040 402 2066 meritos
417 2040 457 2066 illi
472 2040 582 2075 quidem
595 2040 707 2067 honores
717 2041 830 2068 01110111-

32 2081 87 2108 tos,
109 2077 157 2103 sed
172 2081 259 2103 tamen
275 2077 425 2113 singulares
441 2081 466 2103 et
483 2077 646 2104 immortales
661 2078 827 2110 decrevistis,

33 2121 114 2141 unam
130 2114 164 2140 011
179 2122 315 2145 caussam,
337 2114 409 2149 quod
421 2119 510 2141 contra
524 2115 559 2141 M.
572 2115 717 2142 Antonium
729 2117 830 2142 exerci-

33 2155 91 2178 tum
106 2152 328 2186 comparavisset,
351 2160 403 2178 non
420 2151 522 2178 hostem
538 2152 682 2179 Antonium
699 2153 830 2179 iudicavi-

34 2189 97 2216 stis:
120 2197 167 2215 nec
183 2193 240 2215 tum
256 2189 340 2215 hostis
355 2193 396 2215 est
410 2197 424 2215 a
445 2189 522 2216 vobis
538 2189 670 2216 iudicatus
685 2190 826 2221 Antonius,

53 2235 119 2253 uum
135 2226 233 2252 laudati
249 2227 403 2253 auctoritate
418 2230 506 2252 vestra
522 2227 638 2253 veterani
651 2227 764 2258 milites,
781 2228 828 2262 qui

55 2271 170 2290 aesarem
187 2264 271 2290 secuti
289 2268 393 2290 essent:
417 2271 465 2289 nec
481 2268 537 2290 tum
558 2264 661 2290 hostem
683 2264 827 2291 Antonium

32 2301 210 2332 iudicavistis,
223 2309 308 2336 quum
321 2300 475 2327 fortissimis
488 2300 646 2336 legionibus,
655 2302 727 2336 quod
739 2301 826 2333 illum,

33 2338 81 2373 qui
90 2338 183 2365 consul
195 2338 393 2373 appellabatur,
410 2346 495 2373 quum
507 2342 578 2364 esset
589 2339 686 2370 hostis,
703 2339 829 2374 reliquis-

34 2379 100 2406 sent.
111 2376 271 2406 vacationes
285 2376 422 2410 pecunias.
436 2383 513 2411 agros
523 2376 715 2410 spopondistis.

88 2413 130 2440 lv.
155 2414 193 2439 11.
215 2412 304 2445 Quid?
322 2421 407 2447 quum
424 2413 548 2443 Brutum,
566 2413 654 2439 omine
668 2413 784 2447 quodam
797 2413 829 2440 il-

34 2447 86 2476 lius
96 2451 202 2485 generis
213 2455 239 2477 et
250 2450 379 2482 nominis,
402 2455 492 2476 natum
507 2450 540 2476 ad
552 2450 745 2484 rempublicam
763 2450 829 2476 libe-

33 2486 155 2518 randam,
177 2488 379 2523 exercitumque
394 2487 452 2513 eius
468 2495 515 2521 pro
533 2487 650 2513 libertato
670 2487 761 2522 populi
778 2488 828 2514 llo-

33 2524 106 2550 muni
122 2524 222 2551 bellum
235 2529 370 2560 gerentem
387 2533 449 2551 cum
464 2525 590 2554 Antonio,
609 2525 828 2559 provincianupm

34 2559 218 2588 fidelissimam
233 2567 313 2597 atquo
326 2562 468 2597 optimam,
486 2561 615 2593 Galliam,
635 2561 760 2587 laudibus
771 2571 828 2588 am-

34 2596 163 2632 plissimis
178 2598 314 2630 affecistis,
332 2604 389 2626 tum
404 2608 455 2625 non
473 2599 574 2625 bostem
591 2598 729 2626 iudicastis
746 2599 828 2625 Auto-

34 2634 128 2661 nium‘?
146 2635 235 2668 Quid?
254 2645 339 2671 quum
359 2636 529 2667 decrevistis,
553 2641 583 2663 ut
601 2635 739 2667 consules,
762 2636 827 2662 alter

34 2671 158 2705 ambove,
180 2672 212 2700 ad
228 2673 328 2701 bellum
345 2674 588 2709 proficiscerentur:
612 2673 684 2709 quod
700 2677 754 2700 erat
770 2673 826 2701 bol-

953 138 1007 164 CA
1022 138 1051 164 P.
1090 140 1096 164 1
1122 154 1156 158 -
1177 141 1201 164 6.
1632 142 1675 165 «331

887 209 955 239 lum,
979 209 1002 234 si
1017 209 1101 235 hostis
1117 209 1248 235 Antonius
1272 218 1323 235 non
1339 209 1412 236 erat?
1448 211 1486 235 12.
1508 208 1578 241 Quid
1601 210 1681 244 igitur

887 246 1019 280 profectus
1031 251 1071 272 est
1082 247 1122 273 vir
1134 246 1309 278 fortissimus,
1333 256 1408 273 meus
1419 246 1519 282 collega
1531 251 1556 272 et
1568 246 1682 272 familia-

886 284 935 313 115,
952 283 983 309 Α.
1001 284 1102 310 Hirtius
1118 284 1230 310 consul?
1245 289 1271 310 at
1281 293 1333 319 qua
1345 283 1546 310 imbecillitate?
1561 293 1613 318 qua
1625 293 1681 309 ma-

886 321 943 346 cie?
963 321 1015 347 Sed
1030 322 1112 347 animi
1129 322 1199 347 vires
1214 322 1332 356 corporis
1348 322 1488 347 infirmitas
1503 330 1553 347 non
1566 322 1682 347 retarda-

888 358 935 384 vit.
974 358 1116 393 Aequums
1129 359 1219 390 credo,
1238 359 1355 393 putavit,
1374 360 1469 389 vitam,
1491 367 1571 393 quam
1589 359 1681 393 populi

888 396 997 421 Romani
1010 397 1078 422 votis
1090 396 1256 427 retinuisset,
1275 405 1322 431 pro
1334 396 1453 422 libertate
1465 396 1557 430 populi
1570 396 1681 422 Romani

887 433 914 458 in
926 432 1070 459 discrimen
1081 433 1223 459 adducere.
1256 435 1296 459 13.
1309 433 1397 465 Quid?
1408 442 1492 468 quum
1504 433 1623 459 delectus
1635 433 1682 459 ba-

887 469 943 495 beri
955 474 1007 496 tota
1019 470 1091 496 Italia
1107 471 1238 502 1115515115,
1256 480 1341 505 quum
1357 472 1505 497 vacationes
1517 479 1609 497 omnes
1621 479 1682 496 sus-

887 506 1000 538 tulistis,
1019 512 1075 533 tum
1088 507 1132 533 ille
1144 508 1230 534 hostis
1245 517 1296 534 non
1312 514 1351 534 cst
1367 508 1519 534 iudicatus?
1539 508 1681 534 Armorum

886 544 1006 570 officinas
1019 545 1046 570 in
1058 545 1127 571 Urbe
1140 545 1249 571 videtis:
1269 545 1367 572 milites
1379 555 1439 572 011111
1451 546 1548 578 gladiis
1560 554 1682 579 sequun-

887 586 929 607 tur
940 582 1091 608 eonsulem:
1110 582 1243 616 praesidio
1254 588 1317 609 sunt
1327 584 1415 617 specie
1427 583 1544 612 consuli,
1561 592 1588 608 re
1600 587 1623 608 01
1636 591 1682 608 ve-

886 619 961 644 ritate
972 619 1062 645 nobis:
1075 628 1167 645 omnes
1177 621 1234 645 sine
1244 620 1298 646 ulla
1310 621 1474 646 recusatione
1485 629 1591 646 summo
1602 621 1680 646 etiam

886 665 947 681 cum
964 656 1054 682 studio
1075 658 1181 683 nomina
1197 657 1274 683 dant:
1296 662 1387 691 parcnt
1404 658 1551 683 auctoritati
1568 662 1680 684 vestrae.

886 694 943 719 Non
958 698 997 720 est
1014 694 1146 720 iudicatus
1162 694 1246 720 hostis
1261 694 1411 720 Antouius?
1434 696 1465 721 At
1488 694 1585 729 legatos
1607 695 1682 720 misi-

886 739 956 756 mus.
1000 732 1039 757 14.
1062 732 1131 762 Heu,
1155 740 1197 757 me
1218 732 1360 757 miserum!
1383 740 1430 758 cur
1450 737 1571 758 senatum
1592 741 1679 767 cogor,

885 776 966 802 quem
979 767 1085 794 laudavi
1096 777 1214 802 semper,
1228 769 1439 803 reprehendere?
1458 768 1547 800 Quid'?
1562 778 1608 794 vos
1620 778 1681 795 cen-

886 806 963 835 setis,
981 810 1068 839 patres
1080 807 1235 840 conscripti,
1255 806 1400 841 legatorum
1416 807 1570 832 missionem
1583 806 1682 840 populo

886 842 1003 869 Romano
1014 852 1062 869 vos
1073 843 1248 877 probavisse?
1263 852 1314 869 non
1326 843 1490 878 intelligitis,
1508 852 1558 869 non
1571 844 1679 871 nudius.

886 888 972 906 meam
984 881 1142 906 sententiam
1154 879 1284 916 flagitari?
1306 881 1349 907 cui
1361 890 1446 915 quum
1459 881 1543 915 pridie
1556 880 1681 915 frequen-

885 922 924 943 tes
936 918 1030 944 essetis
1041 919 1153 949 assensi,
1171 918 1298 952 postridie
1310 918 1342 944 ad
1354 927 1430 952 spem
1442 919 1506 944 estis
1518 919 1622 944 inanem
1636 927 1682 952 pa—

884 955 923 980 cis
934 955 1062 981 devoluti.
1096 955 1181 987 Quam
1194 960 1271 990 turpe
1283 964 1372 990 porro,
1387 955 1503 991 legiones
1516 956 1548 981 ad
1559 960 1680 981 senatum

886 992 985 1027 legatos
1005 993 1121 1023 mittere,
1142 998 1263 1019 senatum
1284 994 1317 1019 ad
1332 992 1497 1019 Antonium?
1517 1002 1682 1027 quamquam

885 1030 931 1056 illa
943 1030 1039 1066 legatio
1053 1039 1105 1057 non
1117 1035 1169 1057 est:
1192 1031 1359 1057 denuntiatio
1370 1035 1422 1060 est,
1441 1035 1560 1064 paratum
1573 1030 1612 1056 illi
1625 1031 1681 1056 exi-

885 1068 966 1097 tium,
985 1068 1037 1094 nisi
1052 1069 1170 1102 paruerit
1187 1068 1249 1094 huic
1263 1068 1360 1094 ordini.
1400 1068 1471 1100 Quid
1483 1067 1579 1093 resert'?
1594 1072 1681 1093 tamen

885 1106 975 1139 opinio
995 1109 1035 1131 est
1055 1106 1170 1141 gravior.
1211 1106 1307 1131 Missos
1328 1106 1399 1131 enim
1416 1105 1514 1141 legatos
1533 1114 1625 1131 01111105
1643 1106 1683 1131 vi·

885 1142 961 1168 dent:
974 1142 1072 1169 decreti
1084 1143 1166 1169 vestri
1177 1152 1229 1169 non
1241 1152 1334 1169 onmes
1346 1143 1425 1169 verba
1439 1148 1579 1169 noverunt.
1593 1143 1682 1168 &1110-

885 1180 993 1206 tinenda
1004 1184 1043 1206 est
1054 1181 1137 1216 igitur
1150 1180 1225 1207 vobis
1236 1181 1383 1207 constantia
1392 1201 1397 1211 ,
1410 1181 1540 1215 gravium,
1558 1189 1682 1214 perseve-

885 1218 978 1244 rantia.
1018 1218 1170 1253 Repetenda
1185 1223 1225 1244 est
1241 1222 1317 1245 vetus
1330 1218 1375 1244 illa
1387 1219 1527 1244 severitas:
1546 1218 1680 1252 siquidem

884 1255 1026 1282 auctoritas
1042 1260 1151 1282 senatus
1162 1256 1258 1286 decus,
1276 1256 1454 1286 honestatem,
1473 1255 1577 1281 laudem
1593 1255 1682 1289 digni-

884 1297 1019 1328 tatemque
1034 1293 1181 1320 desiderat:
1203 1293 1305 1328 quibus
1324 1293 1367 1319 hic
1382 1293 1446 1319 ordo
1461 1293 1545 1318 caruit
1566 1293 1681 1318 nimium

884 1330 941 1356 diu.
983 1330 1035 1356 Sed
1050 1335 1105 1356 erat
1121 1335 1183 1357 tunc
1198 1331 1335 1357 excusatio
1349 1331 1499 1365 oppressis:
1525 1330 1619 1355 misera
1637 1329 1680 1355 illa

884 1367 1008 1402 quidem,
1031 1367 1079 1393 sed
1096 1372 1182 1394 tamen
1199 1368 1281 1394 iusta:
1300 1376 1371 1394 nunc
1387 1367 1459 1393 nulla
1476 1371 1523 1393 est.
1566 1367 1680 1393 Lihcrati

885 1409 940 1431 tum
953 1406 1025 1440 regio
1035 1405 1172 1431 dominatu
1184 1405 1355 1431 videbamur:
1373 1404 1459 1431 multo
1470 1409 1559 1439 postea
1571 1405 1681 1439 gravius

884 1442 1047 1477 urgebamur
1058 1443 1139 1468 armis
1151 1442 1314 1469 domesticis.
1346 1442 1383 1468 Ea
1395 1442 1452 1476 ipsa
1464 1441 1620 1476 depulimus
1633 1449 1680 1467 nos

883 1480 1007 1514 quidem,
1024 1480 1204 1514 extorquenda
1219 1484 1292 1506 sunt.
1332 1479 1409 1511 Quod
1425 1480 1448 1505 si
1466 1488 1516 1505 non
1534 1487 1680 1513 possumus

884 1517 968 1543 facere
976 1537 982 1548 ,
998 1517 1108 1552 (dicam,
1125 1517 1197 1552 quod
1208 1517 1321 1553 dignum
1332 1521 1372 1543 est
1382 1521 1409 1543 et
1419 1521 1538 1542 senatore
1549 1520 1574 1542 et
1587 1516 1682 1541 Roma-

883 1563 917 1581 no
929 1554 1057 1589 homine,)
1069 1555 1224 1581 moriamur.
1260 1556 1300 1581 15.
1315 1554 1418 1586 Quanta
1430 1554 1501 1580 enim
1513 1554 1561 1579 erit
1574 1553 1617 1578 illa
1630 1553 1682 1578 rei—

883 1592 1006 1626 publicae
1022 1592 1172 1626 turpitudo,
1191 1597 1321 1627 quantum
1337 1591 1468 1621 dedecus,
1486 1590 1678 1625 quantalabes,

882 1629 970 1656 dicere
986 1630 1013 1656 in
1029 1629 1077 1655 1100
1093 1629 1185 1656 ordine
1201 1630 1358 1655 sententiam
1374 1629 1408 1655 M.
1422 1629 1566 1654 Antonium
1583 1636 1682 1653 consu-

884 1666 931 1693 lari
944 1667 1018 1694 loco‘?
1039 1667 1117 1693 cuius
1131 1672 1159 1693 ut
1172 1667 1291 1693 omittam
1304 1666 1510 1692 innumerabilia
1525 1665 1681 1691 5001010111-

883 1704 945 1731 bani
965 1704 1135 1735 consulatus,
1159 1704 1185 1730 in
1205 1713 1260 1739 quo
1281 1704 1421 1738 pecuniam
1442 1703 1577 1738 publicam
1596 1703 1681 1728 maxi-

883 1750 953 1768 mam
965 1741 1121 1777 dissipavit,
1139 1741 1248 1768 exsules
1259 1742 1317 1767 sine
1329 1741 1387 1777 lege
1398 1741 1527 1770 restituit,
1542 1739 1680 1775 vectigalia

881 1779 1046 1810 divendidit,
1063 1779 1214 1814 provincias
1226 1779 1258 1805 de
1270 1778 1362 1813 populi
1373 1778 1484 1805 Romani
1497 1778 1608 1812 imperio
1619 1785 1681 1802 sus-

883 1817 1059 1853 tulit,‘regna
1079 1816 1182 1843 addixit
1203 1817 1328 1851 pecunia,
1354 1816 1427 1851 leges
1446 1815 1546 1841 civitati
1563 1823 1610 1849 per
1625 1814 1680 1840 vim

883 1855 1025 1889 imposuit,
1048 1855 1129 1880 armis
1140 1858 1186 1880 aut
1197 1853 1302 1880 obsedit
1312 1857 1357 1880 aut
1367 1853 1482 1880 exclusit
1493 1857 1629 1878 senatum:
1652 1856 1681 1877 ut

883 1892 955 1923 11300,
964 1892 1084 1926 inquam,
1093 1892 1226 1918 omittam:
1242 1900 1273 1917 ne
1286 1891 1334 1917 1100
1345 1891 1456 1925 quidem
1467 1890 1598 1925 cogitatis,
1607 1897 1678 1917 eum.

881 1930 929 1964 qui
942 1930 1086 1960 Mutinam,
1102 1928 1232 1955 coloniam
1250 1928 1342 1964 populi
1358 1928 1469 1954 Romani
1487 1927 1678 1955 firmissimam,

881 1968 1057 2003 oppugnarit,
1079 1967 1265 2001 imperatorem
1286 1965 1378 2001 populi
1395 1965 1519 1996 Romani,
1541 1963 1679 1991 consulem

881 2004 1062 2040 designatum,
1074 2004 1218 2035 obsederit,
1231 2003 1410 2038 depopulatus
1421 2011 1498 2038 agros
1509 2003 1556 2033 sit;
1570 2001 1641 2027 1111110
1653 2001 1678 2026 111

881 2050 943 2068 011111
955 2042 1075 2068 ordinem
1088 2042 1184 2076 recipi,
1202 2050 1215 2067 a
1229 2050 1284 2076 quo
1297 2041 1373 2067 toties
1384 2040 1476 2067 oblias
1488 2040 1560 2074 ipsas
1571 2047 1679 2064 0111155115

883 2079 966 2105 bostis
979 2079 1113 2105 iudicatus
1125 2079 1168 2109 sit,
1184 2087 1264 2113 quam
1278 2078 1386 2104 foedum
1399 2077 1614 2113 flagitiosumque
1629 2074 1681 2101 sit?

939 2118 979 2143 16.
1001 2116 1071 2142 Satis
1087 2115 1170 2142 multa
1185 2116 1218 2142 de
1235 2115 1415 2150 turpitudine:
1438 2115 1525 2140 11103111
1540 2114 1676 2147 deinceps.

883 2157 911 2179 ut
922 2153 1062 2188 proposui,
1080 2153 1113 2179 do
1125 2153 1257 2187 periculo:
1275 2153 1347 2188 quod
1359 2153 1407 2178 etsi
1421 2153 1511 2178 minus
1522 2156 1561 2177 est
1574 2150 1679 2184 fugien-

881 2190 960 2221 dum,
973 2199 1055 2226 quam
1068 2190 1219 2225 turpitudo,
1237 2194 1325 2217 tamen
1337 2189 1444 2215 oll'endit
1455 2190 1558 2215 1111111105
1571 2188 1678 2214 maioris

882 2229 964 2262 partis
975 2227 1115 2254 hominum
1128 2228 1223 2263 magis.
1264 2228 1306 2254 Vl.
1329 2227 1451 2253 Poteritis
1464 2227 1546 2261 igitur
1557 2224 1678 2259 explora—

881 2270 934 2291 tam
951 2265 1047 2291 habere
1063 2273 1169 2299 pacem,
1185 2273 1270 2299 quum
1287 2265 1314 2290 iu
1329 2265 1434 2290 civitate
1447 2263 1590 2289 Antonium
1604 2261 1678 2287 vide-

882 2302 957 2333 bitis,
973 2301 1013 2328 vel
1027 2302 1115 2336 potius
1128 2301 1273 2328 Antonios?
1293 2301 1350 2327 Nisi
1367 2300 1432 2327 forto
1443 2299 1613 2327 contemnitis
1626 2299 1678 2324 Lu-

880 2339 962 2365 cium.
1004 2339 1105 2373 Egone
1116 2339 1209 2365 Caium
1221 2338 1342 2373 quidem.
1376 2338 1438 2368 Sed,
1452 2343 1480 2363 ut.
1492 2337 1577 2365 video,
1591 2335 1678 2361 ‹lomi-

881 2377 988 2403 nabitur
1003 2376 1112 2402 Lucius.
1153 2376 1199 2402 Est
1214 2376 1286 2401 enim
1303 2380 1429 2410 patronus
1450 2382 1525 2400 xxxv
1547 2373 1675 2400 triluium.

880 2422 994 2448 qiiurum
1010 2422 1059 2439 5113
1082 2413 1152 2447 lege,
1174 2421 1227 2447 qua
1243 2421 1305 2439 011111
1325 2413 1353 2440 C.
1372 2413 1483 2439 Caesare
1506 2411 1678 2446 inagis-iratus

881 2452 992 2485 partitus
1008 2455 1060 2481 051,
1078 2450 1236 2485 suffragium
1253 2449 1375 2476 sustulit:
1400 2454 1526 2483 patronus
1544 2448 1678 2473 centuria-

880 2497 939 2514 rum
956 2488 1077 2522 equitum
1094 2488 1286 2518 llouumorum,
1308 2495 1376 2522 quius
1393 2487 1455 2512 item
1472 2486 1530 2511 siue
1552 2484 1678 2519 suffragio

879 2535 933 2551 0551
951 2524 1048 2551 voluit:
1063 2529 1189 2559 patronus
1200 2525 1355 2558 eoruui.qui
1369 2523 1469 2550 tribuni
1480 2522 1606 2548 militares
1619 2521 1677 2547 fue-

880 2567 954 2588 runt:
969 2562 1262 2597 1101101111511111111101111.
1306 2562 1345 2587 17.
1362 2560 1384 2587 0
1396 2561 1448 2586 dii!
1461 2560 1522 2595 quis
1535 2559 1616 2585 liuius
1629 2567 1676 2593 po—

880 2600 987 2626 tentiam
1007 2599 1102 2634 poterit
1117 2599 1268 2625 sustinere?
1289 2598 1443 2633 praesertim
1464 2605 1549 2632 quum
1568 2597 1674 2623 eosdem

880 2637 905 2663 iu
922 2645 998 2672 agros
1015 2637 1093 2663 etiam
1109 2636 1259 2663 deduxerit..
1300 2636 1366 2668 Quis
1383 2643 1510 2670 umquam
1525 2642 1616 2660 omnes
1629 2634 1676 2659 111-

880 2673 949 2701 bus?
962 2675 1025 2711 quis
1039 2675 1143 2710 equites
1157 2673 1305 2700 Romanos?
1323 2673 1386 2709 quis
1398 2673 1518 2700 tribunos
1530 2670 1676 2698 initiian=s·‘
