1941 3052
400 139 445 164 [N
478 140 678 167 VERREM
710 140 809 168 ACT.

65 209 107 239 tis,
123 209 170 243 qui
184 208 289 235 tabulas
302 208 450 241 conficeret,
466 218 572 245 semper
584 211 612 237 in
623 211 739 238 Verrutii
750 212 857 238 nomine

64 250 134 272 certo
148 254 181 273 ex
195 246 251 273 loco
264 246 408 273 mendosus
423 251 501 274 esset.

122 285 178 309 ⁴89.
202 284 289 319 Atque
303 284 368 310 haec
381 284 557 318 postulabam,
574 293 626 311 non
639 294 694 320 quo
706 285 783 312 illum
798 285 857 321 cogi

64 324 185 355 putarem
208 325 341 356 oportere,
366 325 396 348 ut
413 330 443 347 ea
461 322 528 348 mihi
546 322 718 357 responderet
739 323 854 350 invitus:

64 357 112 384 sed
125 362 155 384 ut
168 358 293 385 omnibus
307 359 386 385 istius
400 358 482 391 furta,
503 359 578 386 illius
592 359 735 395 flagitium,
756 361 858 386 utrius-

64 403 117 430 que
135 395 244 422 audacia
262 396 403 430 perspicua
421 405 480 422 esse
494 401 591 431 posset.
631 398 724 432 Itaque
737 397 815 423 illum
829 398 856 424 in

64 432 122 458 iure
140 437 213 459 metu
231 433 446 468 conscientiaque
464 434 564 468 peccati
583 439 689 460 mutum
713 439 792 469 atque
810 443 858 462 ex·-

64 469 211 496 animatum
230 479 259 497 ac
277 471 324 497 vix
342 471 436 497 vivum
454 471 589 506 relinquo:
618 471 721 498 tabulas
739 473 766 498 in
790 471 855 504 foro,

64 515 170 533 summa
188 508 328 534 hominum
346 507 507 543 frequentia,
532 509 668 535 exscribo:
696 509 858 536 adhibentur

64 544 92 570 in
105 545 281 572 exscribendo
294 545 327 572 de
340 550 472 572 conventu
487 546 537 572 viri
552 546 685 580 primarii:
706 546 807 572 litterae
826 546 859 572 li-

65 585 193 617 turaeque
212 591 303 609 omnes
323 582 506 615 assimulatae,
531 591 686 618 expressae,
706 583 740 609 de
758 583 857 610 tabulis

64 619 91 645 in
106 618 187 646 libros
201 619 406 647 transferuntur.

121 659 179 683 ⁴90.
201 657 269 684 Haec
288 658 375 684 omnia
393 666 499 684 summa
517 666 580 683 cura
594 661 619 683 et
632 657 770 693 diligentia
784 666 859 684 reco-

63 695 136 729 gnita
150 698 176 721 et
188 695 295 726 collata,
320 699 346 721 et
359 695 392 721 ab
406 694 560 721 hominibus
575 694 771 721 honestissimis
786 695 859 721 obsi-

63 736 140 767 gnata
156 736 227 758 sunt.
258 732 286 759 Si
302 732 470 766 Carpinatius
484 736 541 758 tum
556 732 623 758 mihi
637 732 796 767 respondere
811 741 859 759 no-

65 769 127 795 luit:
143 769 273 804 responde
283 769 350 795 mihi
364 778 435 795 nunc
448 773 485 800 tu,
499 769 602 801 Verres,
618 778 699 804 quem
713 778 772 796 esse
786 770 858 796 hunc

64 811 140 832 tuum
158 815 242 841 paene
259 806 386 842 gentilem
404 806 559 834 Verrutium
580 811 667 841 putes.
708 807 778 833 Fieri
805 816 857 833 non

63 848 161 878 potest,
182 848 224 875 ut,
245 852 325 878 quem
345 843 423 870 video
441 848 465 870 te
483 848 600 878 praetore
614 844 641 870 in
656 844 747 870 Sicilia
762 844 855 876 fuisse,

63 885 88 907 et
105 889 187 916 quem
205 889 239 907 ex
256 881 315 916 ipsa
333 881 433 907 ratione
451 881 572 917 intelligo
588 881 747 916 locupletem
761 881 854 913 fuisse,

63 926 124 944 eum
138 922 166 944 tu
180 918 208 944 in
222 922 266 944 tua
281 919 416 953 provincia
431 927 482 945 non
496 919 661 955 cognoveris.
683 919 770 954 Atque
781 919 855 951 adeo,

62 963 96 981 ne
109 955 158 982 hoc
172 959 218 982 aut
231 955 337 992 longius
352 960 398 982 aut
410 956 552 982 obscurius
570 965 629 983 esse
646 957 743 991 possit,
765 965 858 991 proce-

61 992 116 1019 dite
129 993 157 1019 in
171 993 303 1025 medium,
324 993 455 1028 explicate
472 994 679 1028 descriptionem
697 994 857 1030 imaginem-

61 1038 115 1065 que
132 1030 298 1057 tabularum:
325 1035 355 1057 ut
373 1039 465 1057 omnes
483 1031 607 1058 mortales
630 1032 708 1058 istius
731 1032 856 1058 avaritiae

63 1076 114 1095 non
128 1068 181 1094 iam
196 1068 317 1104 vestigia,
333 1068 380 1094 sed
395 1069 452 1103 ipsa
466 1069 565 1095 cubilia
580 1069 671 1095 videre
684 1070 797 1103 possint.

117 1105 258 1132 LXXVIII.
271 1107 327 1132 ⁴91.
342 1106 444 1132 Videtis
458 1106 631 1133 Verrutium‘?
644 1107 741 1132 videtis
755 1107 855 1141 primas

62 1142 161 1169 litteras
179 1142 314 1179 integras?
332 1143 429 1169 videtis
447 1148 592 1170 extremam
612 1148 712 1178 partem
728 1144 853 1175 nominis,
877 1150 878 1168 l

61 1179 174 1206 caudam
191 1180 265 1206 illam
285 1180 388 1211 Verris,
409 1185 545 1216 tamquam
565 1182 592 1207 in
611 1182 680 1212 luto,
705 1181 854 1207 demersam

61 1225 119 1243 esse
132 1217 160 1244 in
175 1217 271 1244 litura?
296 1217 341 1244 Sic
354 1218 453 1244 habent
466 1227 494 1244 se
509 1218 626 1250 tabulae,
643 1218 755 1250 iudices,
771 1223 801 1245 ut
815 1219 856 1244 vi-

61 1254 138 1281 detis.
169 1254 241 1287 Quid
254 1255 432 1290 exspectatis?
445 1256 511 1291 quid
525 1256 653 1291 quaeritis
667 1255 801 1291 amplius?
815 1257 855 1282 Tu

61 1292 127 1327 ipse,
140 1292 244 1324 Verres,
259 1292 326 1328 quid
340 1292 435 1320 sedes?
448 1293 514 1329 quid
528 1293 657 1320 moraris?
670 1294 736 1320 Nam
751 1298 795 1320 aut
808 1302 856 1320 ex-
876 1315 877 1318 ,

844 142 874 167 11.
898 142 915 167 L
931 143 940 167 l
955 142 983 167 B.
1018 143 1048 167 11.

1084 142 1103 168 C
1117 143 1138 168 A
1153 143 1180 168 P.
1215 144 1247 169 74
1268 159 1303 162 ——
1323 145 1365 170 78.
1650 147 1698 171 283

908 211 1001 238 hibeas
1016 212 1092 238 nobis
1106 213 1268 244 Verrutium,
1286 222 1393 239 necesse
1407 218 1455 245 est,
1472 219 1516 240 aut
1531 219 1555 240 te
1569 223 1627 241 esse
1637 216 1701 241 Ver—

909 249 1008 275 rutium
1024 249 1129 275 fateare.
1156 250 1344 276 Laudabantur
1357 256 1471 277 oratores
1487 256 1596 283 veteres,
1613 252 1700 278 Crassi

909 286 947 311 illi
963 290 988 319 et
1001 287 1122 318 Antonii,
1142 287 1214 322 quod
1228 288 1339 314 crimina
1357 288 1459 314 diluere
1477 289 1607 319 dilucide,
1628 290 1699 324 quod

908 324 1013 357 copiose
1027 332 1131 350 reorum
1145 333 1253 351 caussas
1267 325 1408 351 defendere
1422 325 1545 352 solerent.
1569 327 1701 352 Nimirum

908 360 947 386 illi
963 370 1013 387 non
1029 361 1136 396 ingenio
1150 361 1237 388 solum
1253 362 1294 388 his
1309 364 1434 397 patronis,
1451 363 1498 389 sed
1510 363 1612 389 fortuna
1623 365 1701 389 etiam

909 399 1106 432 praestiterunt.
1147 400 1231 426 Nemo
1244 400 1314 425 enim
1331 404 1392 426 tunc
1406 401 1439 426 ita
1456 401 1593 435 peccabat,
1616 406 1643 427 ut
1656 401 1703 426 de—

909 435 1022 461 fensioni
1038 435 1125 462 locum
1139 445 1191 463 non
1207 436 1381 471 relinqueret:
1399 446 1475 464 nemo
1489 439 1524 464 ita
1539 438 1657 469 vivebat,
1675 443 1703 464 ut

910 472 981 498 nulla
1001 473 1059 498 eius
1078 474 1147 500 vitae
1166 483 1226 508 pars
1244 483 1366 501 summae
1385 475 1559 509 turpitudinis
1573 480 1642 502 esset
1656 484 1703 501 ex-

909 517 983 543 pers:
1009 518 1085 536 nemo
1102 511 1138 537 ita
1156 511 1183 537 in
1202 511 1342 538 manifesto
1361 517 1469 546 peccatu
1488 513 1637 544 tenebatur,
1663 517 1700 542 ut,

909 555 993 580 quum
1013 547 1155 582 impudens
1175 548 1270 575 suisset
1287 550 1314 575 in
1334 549 1413 581 facto,
1439 554 1496 576 tum
1522 550 1703 585 impudentior

911 584 1053 615 videretur,
1070 585 1092 611 si
1108 591 1224 620 negaret.

966 623 1022 647 492.
1046 622 1122 648 Nunc
1140 631 1202 649 vero
1225 623 1291 658 quid
1315 623 1391 649 saciat
1410 624 1584 650 Hortensius?
1609 625 1703 651 Avari-

909 659 994 684 tiaene
1012 659 1122 685 crimina
1142 659 1301 695 frugalitatis
1321 661 1445 687 laudibus
1467 661 1641 696 deprecetur?
1670 663 1703 689 At

910 695 1045 721 hominem
1057 695 1304 731 flagitiosissimum,
1325 698 1577 725 libidinosissimum
1594 700 1703 734 nequis-

909 733 1064 767 simumque
1078 734 1205 760 defendit.
1236 735 1276 761 An
1291 735 1323 760 ab
1339 735 1386 761 liae
1400 736 1458 761 eius
1473 736 1590 767 infamia,
1608 738 1703 771 nequi-

911 770 954 801 tia,
972 775 1073 797 vestros
1088 772 1190 797 animos
1205 772 1232 798 in
1247 772 1324 798 aliam
1340 777 1440 806 partem
1457 772 1619 800 fortitudinis
1630 783 1703 800 com-

910 808 1099 834 memoratione
1118 808 1254 835 traducat‘?
1281 810 1314 836 At
1334 809 1412 836 homo
1430 811 1550 841 inertior,
1570 812 1699 846 ignavior,

910 845 995 880 magis
1011 846 1051 871 vir
1064 846 1132 872 inter
1146 846 1286 878 mulieres,
1307 847 1412 881 impura
1427 848 1494 873 inter
1509 847 1578 873 viros
1594 848 1702 874 mulier—

908 882 966 908 cula
982 882 1092 917 proferri
1108 892 1159 909 non
1172 888 1269 919 potest.
1310 884 1343 910 At
1358 893 1442 911 mores
1457 885 1598 911 commodi.
1637 885 1702 917 Quis

909 919 1105 946 contumacior?
1129 922 1190 955 quis
1206 921 1394 948 inhumanior?
1412 922 1473 956 quis
1487 922 1645 956 superbior?
1671 923 1703 949 At

909 957 973 983 haec
987 958 1044 983 sine
1058 958 1219 993 cuiusquam
1234 958 1312 985 malo.
1353 958 1419 991 Quis
1433 959 1568 985 acerbior‘?
1585 960 1646 994 quis
1661 961 1703 986 in-

909 994 1050 1021 sidiosior?
1063 996 1125 1030 quis
1139 995 1272 1022 crudelior
1286 1005 1414 1031 umquam
1430 996 1497 1023 suit‘?
1510 997 1538 1023 Iu
1554 997 1602 1023 hoc
1617 997 1703 1024 homi-

909 1040 941 1057 ne
964 1036 1043 1067 atque
1066 1033 1093 1058 in
1115 1033 1247 1059 eiusmodi
1271 1042 1364 1060 caussa
1388 1034 1455 1069 quid
1474 1033 1588 1060 facerent
1610 1043 1702 1061 omnes

909 1068 997 1095 Crassi
1011 1074 1037 1095 et
1046 1069 1173 1097 Antonii?
1187 1071 1310 1102 Tantum,
1324 1072 1424 1106 opinor,
1440 1072 1574 1098 Hortensi:
1592 1072 1625 1098 ad
1635 1072 1702 1098 hanc

907 1115 1030 1133 caussam
1050 1116 1102 1134 non
1121 1108 1287 1140 accederent,
1313 1118 1345 1135 ne
1362 1109 1389 1135 in
1408 1109 1517 1135 alterius
1536 1110 1702 1144 impudentia

907 1144 950 1170 sui
965 1144 1075 1179 pudoris
1089 1145 1314 1172 existimationem
1328 1147 1486 1172 amitterent.
1528 1147 1616 1173 Liberi
1631 1148 1701 1173 enim

908 1181 939 1207 ad
954 1191 1062 1208 caussas
1077 1182 1212 1218 solutique
1227 1184 1376 1214 veniebant,
1394 1192 1480 1219 neque
1491 1184 1700 1214 committebant,

908 1222 949 1250 ut,
965 1220 988 1246 si
1004 1219 1173 1254 impudentes
1189 1221 1215 1247 in
1230 1220 1397 1248 defendendo
1411 1230 1469 1248 esse
1483 1221 1644 1253 noluissent,
1661 1222 1700 1248 in-

906 1257 973 1292 grati
988 1258 1015 1284 in
1029 1258 1176 1285 deserendo
1189 1259 1413 1285 existimarentur.

764 1400 986 1416 ——Qneeae

859 1608 899 1634 22.

580 1682 1176 1714 ACCUSATIONIS

359 1767 495 1816 ΙΝ
608 1768 648 1817 C.

760 1769 1398 1819 VERREM

678 1877 824 1904 LIBER
859 1878 1074 1905 'l'EllTlUS

852 1967 903 1986 01:

483 2036 829 2075 FRUM

110 2192 187 2213 Alto.
211 2191 254 2212 nic
267 2191 325 2213 liber
336 2193 413 2213 Verri·
424 2193 483 2214 sui-tn
493 2193 516 2214 in
527 2194 585 2214 untni
596 2194 700 2215 frumenti
711 2201 791 2219 genere
800 2202 851 2215 eon-

57 2227 120 2249 tinet.
147 2228 261 2249 Frumenti
275 2231 359 2253 autom,
374 2229 431 2255 quod
446 2232 534 2256 praetor
544 2229 627 2250 Siculis
638 2230 665 2250 ul»
676 2230 801 2250 aratoribus
813 2237 851 2250 ex-

56 2262 117 2288 igere
126 2265 214 2291 poterat
223 2265 245 2284 et
254 2263 359 2289 debebat,
370 2267 416 2285 erut
427 2264 496 2291 primu
507 2266 672 2289 decumanum,
683 2265 740 2291 quod
751 2268 850 2285 aratores

56 2305 95 2326 pro
106 2298 165 2324 agris
175 2299 223 2320 auin
233 2298 313 2326 cuique
322 2298 438 2319 attributis
448 2300 542 2324 ‹lfllnnnt3
553 2299 645 2320 ulturum
656 2300 773 2320 secundum
782 2299 850 2325 legem

56 2333 169 2361 Rupiliam
184 2336 244 2355 certo
259 2334 331 2361 pretio
346 2338 455 2362 emplum.
486 2335 509 2355 ld
525 2338 573 2355 erut
587 2334 784 2356 veldecumanmn
794 2335 849 2355 ulte-

56 2375 115 2393 ?um.
126 2369 162 2390 cui
172 2369 267 2397 pretium
278 2373 326 2390 orat
335 2376 347 2390 ιι
358 2373 436 2390 uenatu
446 2371 507 2390 Rom.
519 2369 663 2391 cuii-titutum
674 2370 697 2390 in
707 2370 792 2390 muniu-
803 2370 849 2390 nin-

56 2403 120 2429 gulon
130 2405 194 2425 fl—s.
205 2404 277 2429 terni5
293 2404 328 2425 vel
337 2404 489 2433 impertitum,
506 2405 541 2425 rui
553 2405 571 2425 Η
579 2417 586 2421 -
594 2406 609 2425 S
620 2404 720 2431 quaterni
731 2404 849 2425 coristituti

56 2441 126 2460 eunt.
155 2439 339 2461 Cunntimetmtur
352 2442 424 2460 autem
439 2447 452 2460 n
467 2443 545 2461 uenum
556 2439 578 2459 in
589 2446 658 2460 ιιιιιωι
668 2439 769 2464 ningulu-
780 2446 791 2460 e
802 2439 849 2464 lege

56 2473 165 2495 Terenti·
182 2477 204 2495 et
222 2474 301 2495 cunin
318 2474 473 2499 frumentaria,
501 2478 582 2502 quauta
600 2474 706 2501 pecuniane
725 2480 808 2494 nummu
826 2474 849 2494 in

56 2511 171 2536 utrumque
184 2509 257 2537 empti
265 2516 334 2535 genu·
349 2516 377 2530 ex
391 2510 478 2531 aerario
489 2510 658 2537 impenderetur.
688 2509 791 2529 Tertium
802 2513 848 2528 erat

55 2542 210 2569 aeutinmtum.
222 2543 270 2564 nivo
279 2544 304 2565 ἔτι
315 2545 402 2571 cellum,
412 2545 469 2572 quod
480 2552 508 2566 ox
518 2546 540 2566 S.
553 2546 576 2565 C.
586 2547 607 2565 et
620 2544 706 2570 legimns
717 2543 814 2571 praemi-i
825 2544 848 2564 in

55 2576 132 2599 cellum
151 2578 179 2599 nd
197 2586 251 2600 unu!
271 2587 323 2601 mun
342 2579 498 2608 imperabatur.
536 2580 608 2601 Dnlmt
626 2582 716 2600 uenatum
735 2578 848 2605 ‹irino-turi

55 2612 165 2640 praetori·
175 2616 255 2635 certam
266 2622 294 2635 ox
304 2615 390 2635 aerario
401 2615 528 2643 pecuniam,
543 2616 601 2636 undo
617 2615 643 2635 ab
653 2614 779 2634 amun-ihu-
791 2621 846 2634 aine-

55 2649 99 2673 ret,
116 2650 138 2669 et
151 2648 238 2675 quinem
253 2649 348 2671 modissm
361 2650 434 2671 tritici
449 2651 506 2671 }!-S
518 2650 568 2671 ull.
580 2649 657 2670 hui-dei
668 2652 739 2670 nutem
751 2650 807 2669 n-s
819 2649 846 2669 ll.

55 2681 118 2704 Illum
132 2683 246 2711 pecuniam
260 2685 386 2706 untur-ibu-
401 2685 569 2709 mluumernlmt,
585 2687 606 2705 at
621 2684 701 2705 deindo
715 2684 847 2704 frumentum

906 2037 1264 2075 ΕΝΤΟ.

903 2196 1035 2220 vellebatur,
1055 2203 1158 2222 quorsum
1175 2196 1269 2216 volabat.
1300 2196 1389 2217 Lim-bnt
1408 2198 1479 2215 autem
1499 2195 1595 2222 praetori
1616 2199 1696 2215 tautam

903 2231 1017 2258 pecuniam
1025 2247 1030 2255 ,
1042 2233 1143 2257 «pituitam
1155 2238 1246 2258 flt'qnunt
1258 2234 1317 2255 erut,
1334 2232 1360 2251 nl»
1371 2231 1496 2250 rumim-itm-
1507 2238 1545 2257 ,ιι-υ
1558 2230 1665 2250 frumento
1677 2234 1696 2249 et

903 2269 991 2287 vectura
1002 2266 1092 2293 pun-inei.
1124 2266 1167 2286 lam
1179 2266 1271 2292 primurn
1282 2272 1294 2286 e·
1305 2274 1322 2286 r.
1333 2269 1352 2285 fl.
1362 2267 1388 2286 ml
1398 2269 1430 2286 70.
1443 2266 1531 2286 srnmlm
1544 2269 1563 2285 et
1575 2265 1633 2284 furtu
1643 2266 1695 2284 Yet-

903 2301 934 2321 rin
945 2301 966 2321 in
977 2302 1108 2326 uteru-nunu,
1120 2308 1132 2321 u
1143 2309 1160 2322 c.
1172 2305 1204 2322 70.
1217 2301 1242 2321 ml
1254 2304 1286 2321 Sl.
1297 2300 1321 2320 in
1332 2304 1403 2327 emptu
1411 2317 1415 2324 ,
1427 2306 1446 2321 οι
1459 2300 1538 2320 deind(-
1548 2299 1570 2319 iu
1581 2299 1695 2319 aenimate

902 2337 1007 2357 «mendic.

958 2382 976 2407 1.
994 2383 1017 2407 l.
1033 2376 1149 2411 Ouium,
1165 2381 1212 2415 qui
1224 2380 1346 2410 alterum,
1363 2380 1474 2408 iudices,
1492 2378 1573 2405 nullis
1586 2379 1694 2413 impulsi

901 2419 1059 2448 inimicitiis,
1077 2418 1148 2444 nulla
1161 2418 1284 2452 privatim
1298 2417 1360 2443 laesi
1373 2417 1477 2445 iniuria.
1495 2416 1568 2442 nullo
1579 2416 1696 2450 praemio

900 2456 1020 2485 uddueti.
1037 2456 1063 2481 iu
1079 2455 1208 2481 iudicium
1224 2454 1386 2489 reipublicae
1399 2463 1492 2479 caussu
1509 2458 1613 2483 voennt,
1635 2462 1695 2487 pro-

901 2493 991 2519 videre
1009 2493 1120 2522 delient.
1141 2502 1192 2519 uon
1211 2491 1298 2518 solum
1317 2491 1383 2527 quid
1402 2491 1490 2517 oneris
1505 2491 1530 2517 iu
1547 2491 1693 2525 praesentia

900 2530 1004 2561 tollant,
1021 2530 1068 2556 sed
1082 2531 1175 2560 etiam,
1192 2534 1322 2564 quantum
1337 2530 1363 2555 iu
1377 2537 1483 2555 omnem
1500 2528 1579 2554 vitani
1596 2529 1693 2563 negotii

899 2568 1036 2602 suscipere
1058 2572 1196 2593 conentur.
1238 2567 1334 2601 Legem
1358 2567 1428 2592 euim
1451 2565 1502 2591 sibi
1528 2566 1578 2600 ipsi
1601 2565 1693 2591 dicunt

900 2605 1077 2635 innocentiae,
1098 2605 1275 2630 continentiae
1290 2604 1473 2638 virtutumque
1491 2603 1625 2632 oninium.
1646 2603 1692 2637 qui

898 2642 932 2668 ab
946 2642 1026 2668 nltero
1041 2642 1168 2668 rationem
1184 2642 1252 2667 vitae
1267 2645 1421 2676 reposcunt:
1450 2645 1529 2675 atque
1547 2649 1578 2666 eo
1597 2640 1690 2675 magis,

899 2680 921 2706 si
936 2679 972 2710 id,
990 2684 1019 2706 ut
1031 2684 1091 2706 aute
1104 2679 1170 2710 «lixi,
1187 2678 1287 2705 fuciunt
1302 2678 1374 2705 nullu
1388 2687 1415 2705 rc
1429 2678 1553 2704 commoti
1565 2677 1623 2708 ulia¹
1641 2677 1692 2703 nisi

1426 2725 1484 2752 36·
