1941 3052
202 163 252 189 276
779 162 818 186 21.
851 160 885 186 M.
915 160 945 186 T.
976 159 1019 186 ΕΙ

203 233 247 260 illa
262 238 349 260 nancta
364 238 439 263 κιιηι,
455 238 480 258 et
495 232 543 258 hoc
557 231 687 266 amplius:
707 239 792 265 quum
808 230 995 265 Agrigentino-

203 280 262 297 rum
277 270 330 296 duo
343 280 437 303 pour-ra
453 272 518 299 siut,
541 278 622 294 unum
642 273 773 297 vett—rum,
794 267 905 292 alterum
925 266 996 293 coto-

204 317 311 337 norum‚
333 317 400 342 quos
415 307 444 333 Τ.
461 306 574 332 Manlius
590 310 692 339 praetor
705 313 737 330 ex
752 308 860 330 senatus
873 303 996 330 consulto

203 346 236 371 tle
253 344 360 380 oppidis
378 344 527 370 Siculorum
547 342 659 368 deduxit
678 342 866 376 Agrigentum:
887 345 994 367 cautum

203 387 243 409 cst
262 383 286 408 iu
303 382 435 416 Scipionis
456 381 572 413 legibus,
594 388 625 404 ne
644 378 735 413 plures
754 382 843 404 essent
861 378 887 404 in
902 383 995 404 senatu

204 428 236 446 ex
249 419 401 445 colonorum
422 426 543 446 niune-ro.
564 425 644 451 quam
660 424 692 442 ex
708 420 794 441 vetere
809 415 996 449 Agrigentino-

204 465 272 483 rum.
295 456 406 490 lati-,qui
418 455 504 480 onmia
518 454 573 479 iura
586 453 669 488 pretio
679 453 997 487 exaequassetomnium-

203 502 256 528 quc
275 502 361 519 rerum
381 492 513 517 ‹lvlm-tum
528 495 606 525 atque
621 490 763 516 dim-timon
780 490 890 524 pecunia
905 494 997 515 suatu—
1018 490 1027 524 ῥ’

205 531 286 559 lisset,
304 539 353 555 non
367 529 444 554 morlo
456 528 508 558 illa,
525 537 594 562 quae
604 531 676 553 eraut
687 528 787 557 aetatis,
804 527 905 553 ordinis
915 535 997 561 quae-

204 572 324 602 stusque.
343 566 505 600 permiscuit,
522 565 568 590 sed
583 565 661 591 etiam
678 565 703 590 in
719 564 761 590 his
774 564 882 590 duobus
891 564 997 599 generi-

204 605 254 630 bus
268 604 366 629 civium
384 611 510 629 novorum
528 607 701 636 veterumque
715 601 848 627 delectum
863 601 997 627 ordinem-

203 650 255 676 que
270 641 395 667 turbavit.
419 641 474 666 ⁴²24.
492 641 568 670 Nam.
583 648 668 674 quum
683 644 752 665 esset
767 647 799 665 cx
814 643 931 664 veterum
947 646 998 664 nu—
1018 635 1027 674 ξ’

203 687 275 704 mero
292 678 402 712 quidam
421 682 525 703 senator
543 677 711 707 dennortuus.
732 681 757 702 et
773 684 859 711 quum
877 684 910 702 ex
925 679 997 701 utro-

203 724 255 751 que
269 724 364 751 genere
380 724 426 750 par
441 723 569 740 numerus
581 714 701 748 reliquus
711 718 794 740 essct:
810 718 925 739 veterem
936 721 997 739 coo-

204 753 269 787 ptari
285 761 393 778 necesse
407 756 461 778 erat
477 751 590 787 legibus,
607 756 636 777 ut
650 752 672 777 is
686 750 799 786 amplior
813 758 940 777 numerus
954 758 997 776 es-
1018 769 1020 789 ‚

202 794 251 816 set.
292 790 365 822 Quae
378 798 463 824 quum
478 790 511 815 ita
527 798 555 814 se
569 797 610 815 res
625 788 744 818 haberet.
767 793 853 814 tamen
867 787 900 813 ad
914 788 995 813 istum

202 831 322 862 emptum
338 831 467 853 venerunt
482 826 557 852 illuni
576 826 661 852 locum
673 825 834 851 senatorium
848 833 898 851 non
909 824 995 850 solum
1018 838 1027 852 ι1

203 869 314 895 veteres.
330 864 377 890 sed
391 864 470 890 etiam
486 863 557 890 novi.
598 863 651 894 Fit,
669 867 697 888 ut
711 863 794 897 pretio
809 871 894 888 novus
910 862 997 888 vincat

204 902 357 937 litterasque
371 910 384 927 a
399 906 516 936 praetore
530 900 640 926 auferat.
681 900 848 935 Agrigentini
863 899 895 925 ad
914 899 995 925 istum
1018 899 1019 920 l

204 939 302 975 legatos
322 940 441 969 mittunt,
461 939 508 973 qui
527 946 588 963 eum
609 937 680 973 leges
698 937 808 963 doceant
824 936 997 963 consuetudi-

203 985 317 1011 nemque
335 976 455 1002 omnium
475 984 604 1001 annorum
622 974 816 1001 demonstrent:
842 978 871 1000 ut
888 974 937 1000 iste
956 974 997 999 in-

203 1013 345 1047 telligeret,
362 1014 385 1039 ei
399 1022 427 1039 sc
443 1012 519 1039 illum
535 1012 621 1038 locum
638 1011 803 1042 vendidisse,
820 1011 862 1037 cui
879 1020 910 1037 ne
923 1019 997 1037 com·
1025 1029 1027 1049 ⁴.

1018 1079 1019 1086 ἵ
1049 1048 1140 1079 modo,
1161 1052 1202 1079 ut,

202 1051 331 1077 mercium
349 1050 459 1086 quidem
478 1058 536 1076 esse
559 1053 698 1084 oporteret.
739 1048 858 1080 Quorum
880 1049 996 1075 oratione

201 1083 260 1119 iste,
276 1096 361 1123 quum
377 1088 492 1122 pretium
507 1088 558 1113 iam
574 1087 727 1121 accepisset,
744 1094 776 1112 ne
791 1085 923 1112 tantulum
935 1086 997 1121 qui·
1018 1088 1019 1108 l

201 1125 263 1152 dem
276 1130 425 1152 commotus
440 1129 488 1151 est.
532 1125 588 1151 ⁴⁶25.
604 1124 676 1150 Idem
692 1123 752 1150 fecit
766 1123 918 1149 Heracleae:
935 1131 995 1149 nam
1017 1114 1020 1155 i

201 1171 232 1190 eo
249 1171 358 1198 quoque
375 1162 482 1188 colonos
496 1162 524 1188 P.
540 1161 665 1196 Rupilius
683 1160 796 1187 deduxit
815 1160 942 1196 legesque
959 1160 997 1186 si-
1018 1170 1019 1174 ¹

201 1199 279 1227 miles
297 1199 330 1226 de
347 1199 494 1234 cooptando
511 1203 604 1225 senatu
623 1203 648 1224 et
661 1198 694 1224 de
708 1206 819 1224 numero
834 1202 952 1224 veterum
966 1205 996 1223 ac

201 1246 330 1264 novorum
345 1237 427 1263 dedit.
462 1237 499 1263 lbi
515 1245 566 1262 non
580 1235 666 1262 solum
682 1236 739 1266 iste,
757 1239 786 1261 ut
798 1235 870 1270 apud
884 1240 993 1265 ceteros,

201 1275 341 1310 pecuniam
361 1275 474 1309 accepit,
495 1273 541 1300 sed
560 1273 638 1299 etiam
656 1281 753 1309 genera
772 1277 891 1298 veterum
905 1281 935 1298 ac
949 1280 996 1298 no-

201 1320 296 1339 vorum
312 1319 509 1346 numerumque
528 1311 693 1346 permiscuit.
735 1310 776 1336 LI.
797 1309 883 1336 Nolite
900 1317 996 1344 exspe-

201 1354 284 1380 ctare,
313 1348 378 1375 dum
407 1357 499 1375 omnes
521 1348 615 1374 obeam
639 1348 755 1373 oratione
779 1355 836 1373 mea
859 1347 994 1373 civitates:

201 1386 250 1413 hoc
268 1395 322 1413 uno
339 1385 499 1420 complector
516 1385 618 1416 onmia,
647 1385 781 1410 neminem
803 1384 855 1410 isto
877 1388 996 1419 praetore
1017 1395 1019 1404 ι

201 1428 348 1451 senatorem
380 1423 436 1450 lieri
466 1423 598 1458 potuisse,
631 1422 683 1448 nisi
709 1422 755 1457 qui
783 1421 827 1447 isti
853 1421 994 1456 pecuniam

200 1461 327 1488 dedisset.

258 1500 315 1526 ⁴26.
335 1498 389 1525 lloc
407 1497 478 1524 idem
497 1496 628 1524 transfero
641 1497 668 1522 in
683 1497 864 1532 magistratuS,
880 1495 996 1522 curatio·
1024 1524 1025 1532 ἵ

200 1544 258 1567 neS,
270 1536 430 1562 sacerdotia:
446 1535 547 1570 quihus
558 1534 584 1560 in
596 1534 676 1560 rebus
688 1543 740 1560 non
755 1533 843 1560 solum
854 1533 994 1559 hominum

200 1574 271 1605 iura,
305 1573 352 1599 sed
383 1573 462 1599 etiam
493 1572 604 1599 deorum
632 1570 775 1607 religiones
802 1570 994 1597 immortalium

200 1619 293 1637 omnes
312 1610 473 1645 repudiavit.
514 1608 655 1645 Syracusis
675 1608 718 1635 lex
740 1612 780 1634 est
803 1608 836 1634 de
854 1607 992 1643 religione,
1016 1613 1018 1637 .’

200 1656 269 1683 quae
287 1648 314 1674 in
333 1656 416 1674 annos
431 1647 554 1683 singulos
568 1646 637 1672 Iovis
651 1645 815 1671 sacerdotem
829 1645 922 1671 sortito
935 1645 994 1679 capi

200 1685 304 1711 iubeat:
329 1684 401 1720 quod
419 1685 491 1719 apud
509 1684 570 1710 illos
593 1682 793 1717 amplissimum
816 1682 994 1708 sacerdotium
1016 1686 1019 1718 3

200 1727 317 1757 putatur.

200 1760 276 1786 ribus
290 1759 370 1785 creati
384 1763 455 1790 sunt,
472 1767 514 1785 res
529 1762 666 1784 revocatur
679 1756 712 1783 ad
726 1760 834 1782 sortem.
875 1756 996 1782 Pei-sece-

201 1801 241 1823 rat
254 1797 304 1822 iste
318 1796 444 1830 imperio,
461 1801 491 1822 ut
504 1804 551 1830 pro
565 1794 693 1830 suffragio
706 1793 902 1820 Theomnastus
917 1792 995 1819 sami-

202 1834 274 1860 liaris
289 1842 356 1859 suus
370 1833 396 1859 in
412 1833 497 1859 tribus
512 1833 566 1859 illis
581 1832 786 1858 renuntiaretur.
813 1831 842 1856 ln
856 1835 935 1861 sorte,
950 1830 994 1856 cui

200 1871 332 1906 imperare
346 1879 397 1896 non
412 1874 527 1905 poterat,
548 1868 739 1904 exspectabant
757 1868 894 1899 homines,
914 1867 995 1902 quid-
1017 1869 1026 1901 ᾖ,

201 1917 263 1935 nani
277 1912 384 1934 acturus
399 1912 479 1934 esset.
519 1908 611 1937 llomo.
626 1906 655 1932 id
669 1905 741 1941 quod
755 1910 810 1931 erat
825 1905 992 1935 facillimum,

201 1945 288 1980 primo
301 1949 372 1971 vetat
385 1945 488 1971 sortiri:
503 1944 579 1971 iubet
591 1948 665 1970 extra
676 1947 774 1969 sortem
785 1942 994 1969 Theomnastum
1017 1940 1026 1967 ἴ,

1018 1978 1026 2010 ξι
1047 1980 1145 2011 voluit,
1162 1988 1214 2006 non
1229 1980 1257 2005 in
1270 1979 1407 2006 sortitione
1421 1978 1524 2010 fallere,
1545 1987 1632 2014 neque
1645 1978 1703 2005 dies
1716 1977 1750 2004 de
1764 1977 1840 2005 fastis

1017 2018 1026 2041 <¹²
1047 2018 1173 2044 eximere.
1205 2016 1278 2043 Nihil
1292 2024 1356 2043 sane
1370 2015 1443 2042 vafre
1457 2024 1505 2043 nec
1518 2015 1649 2043 malitiose
1664 2015 1748 2042 lacere
1760 2023 1840 2042 cona-

201 1982 356 2009 renuntiari.
398 1983 500 2018 Negant
518 1982 545 2008 id
560 1981 721 2017 Syracusani
735 1988 782 2015 per
795 1979 939 2015 religiones
953 1988 996 2005 sa-

200 2028 305 2047 crorum
320 2019 376 2046 ullo
388 2020 467 2045 modo
481 2019 537 2045 sieri
551 2027 643 2054 posse:
660 2018 700 2044 fas
713 2017 831 2052 denique
845 2021 943 2053 negant
953 2025 996 2042 es-

201 2065 240 2084 se.
272 2056 348 2083 Iubet
361 2057 411 2083 iste
421 2057 474 2084 sibi
489 2056 575 2092 legem
589 2056 703 2083 recitari.
736 2055 884 2081 Recitatur:
900 2054 928 2081 in
942 2062 994 2089 qua
1017 2059 1026 2097 j·

201 2094 331 2129 scriptum
350 2098 418 2125 erat,
443 2103 490 2125 ur,
510 2103 582 2124 Quor
601 2103 708 2120 essem
726 2100 920 2123 usumin-1,
944 2101 995 2118 τοτ
1016 2107 1019 2146 Ι

202 2141 229 2158 ix
243 2140 375 2158 uenatu
389 2140 497 2157 soni-ts
510 2139 767 2157 costicsnsxrun:
791 2138 883 2156 cniuu
897 2137 994 2155 sonas

202 2177 335 2200 axisssr,
351 2177 385 2195 ur
399 2177 424 2194 rs
437 2177 572 2195 nassam-
585 2177 613 2194 iu
627 2176 845 2194 suanno-riui«.
868 2167 930 2197 Iste.
947 2166 995 2192 ho-
1017 2162 1019 2188 1

201 2214 245 2233 mo
258 2206 415 2242 ingeniosus
429 2210 455 2232 et
468 2210 624 2240 peracutus,
640 2204 759 2240 Optime,
774 2204 877 2239 inquit:
898 2212 995 2238 nempe
1017 2208 1019 2226 ἰ

201 2244 331 2278 scriptum
350 2243 386 2269 ita
404 2247 456 2274 est,
477 2247 541 2277 quot
559 2243 704 2269 renuntiati
722 2246 810 2268 erunt.
850 2240 919 2273 Quot
933 2249 995 2276 ergo
1017 2251 1019 2261 ι

200 2280 308 2316 (inquit)
321 2284 385 2307 sunt
394 2279 556 2306 renuntiati?
568 2279 754 2315 Respondent:
770 2283 834 2305 tres.
856 2278 995 2313 Numquid
1016 2267 1019 2303 i

200 2318 284 2353 igitur
300 2322 415 2353 oportet.
435 2317 488 2344 nisi
507 2322 559 2343 tres
574 2322 658 2344 sortes
672 2316 782 2347 coniici,
802 2323 884 2341 unam
899 2315 996 2342 educi?
1016 2313 1019 2328 ¹

201 2355 284 2381 Nihil.
325 2355 425 2382 Coniici
443 2354 518 2381 iubet
536 2359 602 2385 tres,
622 2355 650 2381 in
668 2354 770 2389 quibus
788 2352 915 2379 omnibus
929 2353 996 2379 scri—

201 2396 277 2426 ptum
291 2397 362 2418 esset
375 2400 470 2418 nomen
482 2392 664 2418 Theomnasti.
686 2392 728 2417 Fit
737 2390 838 2417 clamor
847 2391 992 2420 maximus,

203 2438 288 2464 quum
301 2429 329 2455 id
343 2429 478 2455 universis
491 2429 634 2465 indignum
649 2433 729 2464 atque
743 2427 876 2454 nefarium
890 2427 996 2454 videre-

202 2470 254 2491 tur.
293 2466 330 2492 Ita
348 2466 418 2492 lovis
435 2466 504 2492 illud
522 2466 701 2492 sacerdotium
723 2464 924 2500 amplissimum
947 2473 995 2499 per

202 2502 270 2528 hanc
283 2503 412 2529 rationem
426 2503 604 2530 Theomnasto
617 2503 705 2529 datur.
746 2503 799 2528 LII.
816 2504 874 2528 ⁴28.
890 2502 994 2536 Cepha-

202 2538 255 2565 ledi
268 2540 370 2566 mensis
383 2544 424 2566 est
436 2545 538 2572 certus,
558 2549 613 2575 quo
626 2548 717 2566 mense
731 2539 893 2566 sacerdotem
908 2539 994 2565 maxi-

202 2584 276 2602 mum
290 2577 372 2602 creari
385 2581 511 2611 oporteat.
544 2578 607 2604 Erat
621 2578 679 2603 eius
694 2576 801 2603 honoris
814 2576 931 2610 cupidus
944 2576 994 2602 Ar-

202 2618 273 2640 temo
287 2613 410 2648 quidam,
427 2614 586 2640 Climachias
600 2614 766 2650 cognomine,
784 2612 863 2639 homo
875 2621 940 2639 sane
955 2612 994 2639 lo-
1014 2635 1017 2656 Γ

201 2649 295 2685 cuples
309 2655 334 2676 et
347 2650 419 2676 domi
433 2651 546 2677 nobilis:
567 2651 615 2677 sed
628 2652 652 2677 is
666 2651 723 2677 fieri
737 2649 812 2676 nullo
826 2650 904 2676 modo
917 2654 993 2684 pote-

202 2692 250 2718 rat,
265 2687 288 2713 si
303 2687 449 2714 Herodotus
463 2687 572 2722 quidam
587 2687 706 2714 adesset:
725 2687 750 2713 ei
764 2686 839 2713 locus
852 2686 898 2713 ille
912 2691 992 2722 atque
1013 2665 1016 2713 i

360 1722 417 1749 ⁴27.
437 1721 526 1754 Quum
545 1719 679 1755 suffragiis
699 1724 752 1746 tres
766 1719 900 1745 extribus
913 1727 996 1754 gene·
1017 1725 1025 1747 Ἃ

1018 1794 1026 1811 '-
1047 1802 1160 1829 maeque
1178 1793 1317 1820 faciundae
1334 1793 1437 1819 censori
1456 1793 1627 1827 permittitur.

1018 1830 1026 1864 &¹
1047 1831 1178 1866 populus,
1203 1831 1246 1857 cui
1269 1830 1385 1856 maxime
1403 1829 1482 1856 fidem
1501 1839 1611 1856 suarum
1629 1838 1719 1856 rerum
1734 1829 1837 1860 habeat,

1035 159 1252 186 CERONlS

1016 231 1019 261 ζ
1047 230 1130 256 honos
1150 230 1176 256 in
1196 229 1272 256 illum
1291 238 1391 256 annum
1411 230 1445 256 ita
1463 230 1554 257 deberi
1573 231 1729 266 putabatur.
1753 236 1782 258 ut
1803 241 1836 259 ne

1017 270 1019 297 ¹,
1046 267 1207 293 Climachias
1220 266 1330 302 quidem
1344 272 1433 293 contra
1447 267 1555 295 diceret.
1583 269 1633 295 ties
1647 268 1680 295 ud
1695 269 1776 295 istum
1789 269 1837 296 de-

1048 304 1130 330 fertur
1143 308 1168 329 et
1183 304 1261 329 istius
1276 312 1348 330 more
1361 303 1502 331 deciditur.
1528 305 1684 332 Toreumata
1699 314 1763 332 une
1776 311 1836 333 nota

1018 341 1027 376 ζζ
1047 350 1076 367 ac
1090 341 1203 375 pretiosa
1217 340 1385 368 auferuntur.
1419 341 1565 369 liermiotus
1580 343 1676 369 nomae
1689 347 1757 369 erat:
1773 344 1837 370 satia

1025 370 1027 415 Ξ
1048 378 1158 413 putabat
1175 386 1204 403 se
1221 377 1254 404 ad
1272 378 1377 404 comitia
1397 383 1514 413 tempore
1533 384 1690 410 venturum,
1710 380 1733 406 si
1752 380 1839 415 pridie

1025 419 1027 444 Ι
1049 415 1175 441 venisset,
1217 415 1276 446 late,
1293 423 1326 441 ne
1339 420 1384 442 aut
1398 415 1450 441 alio
1464 424 1564 447 mense,
1579 426 1609 443 ac
1623 417 1662 443 [aa
1677 422 1740 447 erat.
1756 417 1839 444 eomi-

1025 446 1027 481 ἶ
1049 453 1082 478 tia
1097 452 1271 482 haberentur.
1291 457 1336 478 aut
1351 452 1480 479 llerodoto
1493 454 1625 488 praesenti
1640 454 1723 481 honos
1737 454 1839 481 adime-

1048 494 1132 519 retur,
1148 489 1185 523 (id
1199 489 1272 524 quod
1287 490 1336 515 iste
1350 498 1401 516 non
1418 489 1564 521 laborabat,
1584 490 1744 518 Climachias
1759 492 1840 518 mini-

1025 551 1027 562 ,
1049 535 1090 552 me
1105 526 1231 560 volebat.)
1245 527 1384 562 excogitat.
1400 526 1466 561 (dixi
1482 527 1654 555 iamdudum:
1671 537 1722 555 non
1736 533 1778 555 est
1792 528 1840 555 ho-

1018 564 1027 595 ’.
1049 573 1091 590 mo
1105 564 1205 590 acutior
1218 564 1377 599 quisquam,
1398 572 1446 590 nec
1465 563 1536 599 fuit.)
1553 565 1696 600 excogitat.
1717 566 1837 601 inquam.

1047 601 1275 636 quemadmodum
1291 610 1382 627 mense
1397 601 1443 628 illo
1457 601 1576 636 legitimo
1589 602 1694 629 comitia
1709 602 1840 629 haberen-

1049 643 1104 669 tur.
1126 647 1174 664 nec
1192 642 1279 664 tamen
1295 638 1442 665 llerodotua
1459 636 1553 665 adesse
1572 644 1671 674 posset.
1712 641 1769 666 ⁴29.
1792 640 1840 667 Est

1047 676 1213 702 consuetudo
1243 675 1395 702 Siculorum
1430 681 1632 711 ceterorumque
1666 677 1837 707 Graecorum.

1047 713 1120 748 quod
1134 722 1198 739 suos
1211 712 1269 739 dies
1285 722 1445 748 mensesque
1458 722 1604 749 congruere
1619 713 1711 740 volunt
1721 723 1782 740 cum
1796 723 1840 741 ao-

1025 773 1027 786 ,
1049 750 1081 776 lis
1097 750 1230 785 lunaeque
1244 750 1357 781 ratione,
1378 755 1406 776 ut
1421 759 1637 785 nonnumquam,
1658 752 1679 777 ai
1698 751 1765 786 quid
1782 750 1840 778 dis-

1025 795 1027 821 ,
1047 792 1150 822 crepet.
1166 787 1285 814 eximant
1299 796 1382 814 unum
1397 787 1514 822 aliquem
1533 788 1618 819 diem,
1638 793 1683 815 aut
1701 796 1839 815 summum

1048 825 1161 851 biduum
1177 833 1210 851 ex
1224 833 1329 854 mense:
1353 833 1423 859 quos
1437 825 1476 851 illi
1490 827 1668 860 Ιξωροσίμοις
1680 825 1739 852 dies
1754 825 1841 852 nomi-

1049 866 1125 888 nant:
1141 862 1206 888 item
1222 870 1424 900 nonnumquam
1439 870 1492 888 uno
1504 861 1548 888 die
1563 862 1708 898 longiorem
1719 871 1839 889 mensem

1049 899 1148 925 faciunt
1162 903 1207 925 aut
1222 899 1313 925 biduo.
1347 900 1421 931 Quae
1435 899 1485 925 iste
1497 908 1582 934 quum
1597 900 1776 935 cognovisset,
1792 908 1840 926 no-

1049 945 1099 962 vus
1113 936 1276 971 astrologus.
1302 936 1349 971 qui
1368 945 1420 962 non
1439 940 1491 963 tam
1509 937 1576 963 caeli
1594 937 1734 967 rationem.
1757 945 1839 972 quam

1048 973 1141 1000 caelati
1155 973 1258 1009 argenti
1267 973 1384 1004 duceret.
1400 973 1482 1000 eximi
1492 973 1567 1000 iubet
1577 983 1628 1000 non
1639 974 1710 1000 diem
1720 982 1754 1001 ex
1765 982 1840 1001 men-

1049 1019 1087 1042 se,
1103 1010 1150 1037 sed
1165 1019 1197 1037 ex
1211 1019 1282 1037 anno
1295 1019 1380 1036 unum
1393 1010 1618 1046 dimidiatumque
1632 1020 1766 1043 mensem3
1791 1011 1840 1038 hoc

1223 1057 1277 1083 quo
1293 1047 1337 1074 die
1356 1047 1429 1074 verbi
1448 1056 1542 1074 caussa
1561 1057 1620 1075 esse
1632 1053 1764 1083 oporteret
1776 1047 1840 1074 Idus

1049 1085 1192 1115 lanuarias,
1209 1094 1240 1111 eo
1253 1084 1296 1111 die
1311 1084 1444 1111 Kalendas
1459 1085 1566 1112 Martias
1580 1085 1766 1120 proscriberet.
1789 1085 1840 1112 lta-

1047 1132 1100 1158 que
1120 1123 1161 1153 nt,
1182 1122 1310 1149 omnibus
1324 1122 1512 1149 recusantibus
1525 1127 1551 1149 et
1564 1122 1740 1157 plorantibus.
1778 1123 1840 1149 Dies

1048 1161 1071 1186 is
1085 1165 1140 1187 erat
1155 1160 1291 1195 legitimus
1305 1160 1420 1186 comitiis
1435 1159 1576 1186 habendis.
1610 1160 1648 1186 Eo
1662 1160 1740 1186 modo
1753 1168 1841 1187 sacer-

1025 1215 1027 1230 ,
1047 1197 1095 1224 dos
1122 1197 1282 1224 Climachias
1309 1197 1477 1223 renuntiatus
1508 1202 1558 1224 est.
1606 1199 1660 1223 130.
1692 1196 1840 1223 Herodotus

1046 1243 1132 1270 quum
1143 1235 1225 1261 Roma
1237 1234 1386 1264 revertitur.
1402 1233 1508 1265 diebus.
1523 1239 1551 1261 ut
1561 1234 1619 1270 ipse
1629 1234 1747 1269 putabat,
1759 1235 1840 1269 quin-

1047 1272 1133 1298 decim
1147 1276 1207 1298 ante
1220 1272 1340 1302 comitia,
1359 1270 1469 1298 offendit
1481 1280 1544 1298 eum
1558 1280 1692 1301 mensem.
1716 1271 1763 1307 qui
1777 1280 1841 1298 oon—

1047 1310 1171 1344 sequitur
1189 1317 1309 1335 mensem
1327 1308 1503 1340 comitialem,
1527 1309 1644 1335 comitiis
1666 1309 1719 1337 iam
1742 1308 1840 1336 abhinc

1048 1347 1154 1382 triginta
1169 1346 1266 1372 diebus
1281 1345 1390 1372 habitis.
1430 1346 1505 1372 Tunc
1518 1345 1734 1381 Cephaloeditani
1747 1346 1840 1373 decr&

1047 1388 1143 1410 verunt
1162 1382 1360 1410 intercalarium
1381 1390 1438 1409 nv
1461 1382 1520 1410 dies
1543 1382 1667 1419 longum,
1692 1387 1721 1410 ut
1742 1383 1839 1418 reliqui

1047 1430 1153 1448 menses
1169 1421 1195 1447 in
1209 1429 1286 1447 suam
1301 1421 1429 1447 rationem
1443 1425 1648 1447 reverterentur.
1687 1421 1742 1447 Hoc
1755 1421 1778 1447 si
1788 1421 1839 1448 Ro-

1047 1467 1105 1485 mae
1127 1458 1184 1484 lieri
1207 1462 1309 1493 posset,
1336 1462 1406 1484 certe
1428 1457 1518 1493 aliqua
1538 1458 1638 1484 ratione
1660 1463 1840 1494 expugnasset

1047 1497 1108 1527 iste,
1130 1500 1158 1522 ut
1175 1495 1232 1522 dies
1249 1503 1306 1521 nv
1323 1495 1392 1522 inter
1409 1495 1487 1522 binos
1506 1494 1583 1522 ludos
1601 1495 1768 1527 tollerentur.
1794 1503 1840 1530 per

1046 1542 1115 1569 quos
1128 1532 1199 1559 solos
1213 1532 1345 1559 iudicium
1360 1532 1416 1558 lieri
1430 1537 1528 1567 posset.
1555 1533 1620 1559 Lm.
1637 1534 1694 1559 ⁴3⁴.
1710 1533 1763 1559 tam
1777 1540 1840 1559 vero

1046 1579 1177 1601 censores,
1193 1569 1421 1605 quemadmodum
1433 1570 1460 1596 in
1469 1569 1560 1596 Sicilia
1572 1570 1622 1596 isto
1631 1574 1749 1605 praetore
1759 1570 1838 1596 creati

1046 1609 1112 1639 sint,
1133 1615 1228 1642 operae
1247 1607 1362 1641 pretium
1381 1611 1420 1632 est
1437 1615 1606 1642 cognoscere.
1647 1606 1694 1633 Ille
1711 1607 1782 1633 enim
1800 1611 1839 1633 est

1047 1645 1217 1681 magistratus
1231 1643 1304 1678 apud
1317 1643 1434 1674 Siculos.
1449 1644 1496 1679 qui
1511 1643 1716 1680 diligentissime
1730 1643 1840 1670 manda-

1047 1688 1090 1709 tur
1103 1691 1117 1708 a
1131 1681 1231 1717 populo
1245 1686 1351 1716 propter
1364 1680 1432 1707 hanc
1445 1689 1581 1712 caussam,
1604 1680 1677 1716 quod
1690 1689 1784 1707 omnes
1796 1680 1840 1707 Si—

1047 1719 1100 1746 culi
1115 1728 1148 1745 ex
1161 1727 1244 1745 censu
1262 1718 1405 1753 quotannis
1423 1718 1520 1745 tributa
1537 1717 1691 1745 conserunt:
1710 1719 1739 1745 in
1756 1726 1839 1745 censu

1024 1755 1026 1798 ᾖ
1050 1756 1173 1783 habendo
1186 1761 1301 1790 potestas
1315 1755 1402 1782 omnis
1416 1756 1607 1782 aestimationis
1617 1755 1754 1782 habendae
1764 1764 1841 1782 sum-

1666 1793 1759 1828 ltaque
1777 1801 1839 1819 eum

1047 1869 1163 1895 maxima
1177 1876 1240 1894 cura
1253 1867 1360 1903 deligit,
1379 1871 1405 1894 et
1418 1871 1525 1902 propter
1538 1866 1751 1903 magnitudinem
1766 1871 1840 1902 pote-

1024 1917 1026 1923 ¹
1046 1906 1122 1932 statis
1144 1905 1187 1931 hic
1209 1905 1380 1941 magistratus
1402 1913 1417 1930 a
1440 1904 1540 1939 populo
1565 1913 1670 1931 summa
1695 1904 1840 1930 ambitione

1045 1942 1224 1969 contenditur.
1265 1943 1322 1969 ⁴32.
1343 1942 1372 1968 In
1390 1950 1419 1968 ea
1438 1950 1466 1968 re
1484 1943 1534 1968 iste
1548 1941 1616 1968 nihil
1629 1941 1742 1968 obscure
1754 1940 1840 1968 facere

1047 2060 1090 2081 tus
1104 2059 1157 2081 est:
1173 2053 1229 2085 sed.
1245 2058 1275 2080 ut
1287 2053 1377 2080 studia
1390 2053 1604 2088 cupiditatesque
1618 2053 1748 2080 honorum
1759 2057 1840 2088 atque

1046 2092 1207 2118 ambitiones
1220 2100 1254 2117 ex
1266 2091 1393 2117 omnibus
1406 2091 1561 2117 civitatibus
1575 2089 1690 2121 tolleret,
1710 2097 1780 2125 quae
1797 2097 1839 2116 res

1017 2134 1026 2160 ,s
1045 2129 1203 2156 evertendae
1220 2127 1383 2163 reipublicae
1404 2127 1491 2154 solent
1507 2136 1580 2159 esse,
1603 2126 1718 2154 ostendit
1733 2135 1794 2153 sese
1811 2127 1839 2153 in

1046 2166 1173 2193 omnibus
1194 2165 1349 2192 civitatibus
1370 2173 1494 2192 censores
1515 2173 1574 2191 esse
1595 2164 1738 2191 facturum.
1780 2165 1836 2190 ¹33.

1046 2205 1130 2230 Tanto
1142 2207 1260 2230 mercatu
1274 2203 1402 2237 praetoris
1415 2202 1523 2234 indicto,
1539 2202 1705 2229 concurritur
1718 2199 1839 2235 undique

1047 2241 1080 2267 ad
1094 2241 1176 2267 istum
1191 2239 1347 2275 Syracusas.
1380 2240 1400 2266 F
1404 2239 1521 2275 lagrahat
1534 2239 1630 2266 domus
1643 2242 1695 2264 tota
1709 2238 1838 2273 praetoria

1046 2278 1136 2304 studio
1150 2277 1289 2304 hominum
1303 2281 1329 2303 et
1341 2277 1501 2311 cupiditate:
1522 2285 1571 2303 nec
1584 2276 1696 2306 mirum,
1711 2274 1838 2302 omnibus

1045 2315 1161 2342 comitiis
1187 2319 1224 2341 tot
1249 2314 1387 2341 civitatum
1413 2323 1494 2340 unam
1515 2314 1544 2340 in
1565 2312 1676 2339 domum
1698 2312 1836 2343 revocatis,

1046 2357 1172 2387 tantaque
1185 2351 1329 2378 ambitione
1343 2351 1496 2386 provinciae
1509 2350 1590 2377 totius
1605 2350 1631 2375 in
1645 2357 1699 2375 uno
1713 2348 1839 2376 cubiculo

1045 2389 1159 2416 inclusa.
1199 2388 1351 2424 Exquisitis
1374 2388 1462 2423 palam
1484 2387 1576 2422 pretiis
1597 2391 1623 2413 et
1646 2385 1838 2413 licitationibus

1046 2426 1136 2457 sactis,
1156 2425 1324 2452 describebat
1341 2433 1463 2452 censores
1475 2424 1553 2451 binos
1566 2424 1594 2450 in
1607 2423 1731 2458 singulas
1743 2423 1838 2450 civita-

1045 2469 1084 2491 tes
1097 2463 1288 2490 Timarchides.
1310 2463 1335 2489 Is
1349 2471 1399 2489 suo
1412 2461 1500 2488 labore
1513 2461 1626 2496 suisque
1639 2460 1838 2487 accessionibus

1045 2501 1128 2527 huius
1145 2500 1245 2536 negotii
1263 2504 1343 2534 atque
1360 2499 1448 2534 operis
1470 2497 1591 2525 molestia
1612 2497 1835 2532 consequebatur,

1045 2543 1074 2564 ut
1091 2538 1125 2564 ad
1142 2538 1225 2564 istum
1242 2537 1301 2563 sine
1319 2535 1374 2562 ulla
1391 2535 1572 2562 sollicitudine
1589 2543 1695 2561 summa
1709 2535 1838 2569 pecuniae

1044 2575 1195 2601 referretur.
1233 2575 1288 2600 lam
1301 2574 1345 2600 hic
1358 2572 1540 2599 Timarchides
1553 2576 1681 2607 quantam
1695 2571 1836 2606 pecuniam

1045 2612 1147 2643 fecerit,
1176 2611 1255 2646 plane
1272 2610 1360 2637 adhuc
1377 2618 1536 2645 cognoscere
1554 2618 1606 2636 non
1624 2608 1763 2644 potuistis:
1790 2616 1837 2634 ve-

1044 2653 1194 2676 rumtamen
1208 2649 1295 2683 priore
1305 2647 1419 2678 actione,
1435 2655 1516 2682 quam
1531 2647 1611 2678 varie,
1623 2654 1704 2681 quam
1715 2645 1837 2680 improbe

1021 2703 1023 2713 =.
1042 2686 1185 2721 praedatus
1197 2689 1276 2716 esset,
1285 2683 1430 2711 multorum
1443 2692 1477 2710 ex
1490 2684 1649 2710 testimoniis
1661 2682 1835 2719 cognovistis.
