1941 3052
220 137 282 160 ⁴080
780 131 833 154 tta.
870 128 903 153 M.
938 128 967 153 't·.

220 205 295 230 valde
313 202 470 236 fugiendum
487 210 544 226 esse
561 201 706 234 Ιιοψιιυιιι,
728 206 812 233 enque.
833 198 975 224 inhaerens
986 203 1011 224 et

219 243 326 277 penitus
353 243 442 266 insita·
476 238 652 271 similiterque
677 236 804 261 deiinitur
829 240 854 261 et
878 237 1011 260 numerum

219 282 312 306 mltum,
327 283 353 302 ut
366 276 514 310 tummim,
532 280 565 302 et,
583 279 610 298 ut
622 273 750 302 limonia.
768 282 866 304 φήμη-ιιι
877 274 990 298 Ιιιιηιιυιὶ.

277 315 331 340 xit.
347 315 430 347 Atque·
443 317 470 337 ut
482 311 513 336 ml
527 310 688 336 valetudinis
700 309 907 335 similitudinem
921 310 1011 335 venia-

221 361 289 381 mus,
301 360 383 384 enqui-
395 350 533 374 collatione
547 353 652 372 ιιιιιιιιιιι
663 346 820 380 aliquando,
834 346 880 371 sed
894 347 1009 380 parcius,

219 387 493 423 qnmmsolt-ntstnivi1
510 389 605 410 utsunt
616 384 661 409 alii
673 384 705 409 ad
717 383 783 409 alios
795 383 902 408 morbos
914 383 1012 417 procli-

221 427 320 452 viores,
334 430 337 454 ι]
346 425 433 457 itaque
444 423 561 448 dicimus
573 421 764 456 gravedinosos
775 420 916 455 quosdam,
929 429 1012 455 quos-

219 462 278 487 dam
288 467 455 488 tui-uiuumos,
466 469 515 485 uon
523 459 585 493 quia
595 459 644 484 iam
652 458 714 488 sint,
724 457 770 483 sed
778 458 840 492 quia
848 466 926 492 saepe
933 458 1008 491 siut):

219 500 257 524 sie
269 499 314 523 alii
327 498 358 522 ιιιΙ
371 502 484 526 metunt,
503 496 548 521 alii
561 496 592 521 ad
607 495 686 521 aliam
700 495 937 529 perturbationem.
973 495 1011 520 Ex

219 544 272 570 quo
286 535 382 560 insiliis
393 533 700 562 nn.1·i1›1‹1s.=m‹teunxit,
716 533 740 558 ιιι
753 532 814 557 aliis
826 534 962 557 iracundia
969 531 1012 557 ‹li-
1034 547 1035 554 ι

218 574 296 600 citur,
310 580 378 606 <piae
393 571 426 596 ab
439 574 478 596 im
490 570 590 596 ‹littei-t:
604 574 697 604 estque
708 569 781 595 aliud
795 569 954 595 iracundum
969 577 1013 594 cs-

219 619 256 637 se,
270 609 343 634 aliud
357 610 466 639 iratum;
482 613 509 634 ut
520 607 607 633 differt
618 610 738 632 uarietas
750 606 783 631 nb
794 615 898 638 rumore.
922 607 1012 640 Neque

219 647 290 672 euim
307 654 400 671 omnes
415 646 502 675 auxii,
521 645 567 680 qui
580 649 715 679 anguntur
726 643 884 678 aliquando,
904 652 951 669 nec
965 643 1012 677 qui

219 684 306 713 auxii,
320 691 426 717 semper
437 687 585 717 anguntur:
605 687 632 707 ut
646 682 712 707 inter
722 681 876 706 ebrietatem
889 685 914 706 et
925 680 1013 706 ebrio-

218 722 322 746 sitatem
340 721 461 746 interest:
485 719 612 754 aliudque
628 724 668 744 est
683 723 826 744 amatorem
844 726 916 747 esse.
939 716 1012 743 aliud

218 763 362 784 amantem.

218 795 325 821 clivitas
338 795 388 821 late
400 799 479 829 patet.
521 795 586 820 Nam
599 794 713 828 pertinet
724 793 755 818 ad
767 801 860 819 omues
873 792 1013 827 perturba-

219 833 314 858 tiones.
340 834 382 858 28.
398 833 426 858 ln
439 831 532 858 multis
543 832 622 857 etiam
636 831 709 856 vitiis
721 835 843 865 apparet:
857 830 902 855 sed
916 838 1011 855 nomen

219 878 261 895 res
277 878 328 895 non
344 869 433 895 babet.
475 869 544 903 Ergo
555 874 579 894 et
593 867 678 894 invidi
690 872 715 893 et
727 867 851 893 malevoli
863 871 888 893 et
901 866 977 893 lividi
989 871 1013 892 et

219 907 308 933 timidi
320 911 345 932 et
356 906 557 934 misericordes,
577 907 641 940 quia
657 905 790 939 proclives
804 904 836 930 ad
853 913 897 930 eas
909 909 1014 938 pertur-

219 944 349 974 bationes,
363 953 413 970 non
425 944 489 978 quia
501 952 607 977 semper
619 942 749 968 serunt-ir.
782 943 850 967 llaec
861 942 942 977 igitur
952 950 1014 975 pro-

219 981 326 1007 clivitas
341 981 373 1007 nd
389 989 468 1007 suum
483 981 610 1015 quodque
624 988 710 1015 genus
727 988 740 1005 a
758 979 937 1005 similitudine
955 987 1014 1004 cor-

1031 201 1041 216 Γ

1032 296 1035 324 Ι

1032 341 1035 379 l

1033 412 1035 437 Ι

1034 439 1035 461 ι

1002 127 1276 153 (ΞΙιΞΙΞΙιΟΧΙΞ

1063 198 1126 224 tudo
1143 202 1260 223 vocatur.
1301 197 1421 232 Itemque
1437 197 1542 224 viribus
1554 198 1674 233 eorporis
1688 203 1713 224 et
1727 198 1817 224 nervis
1828 202 1854 224 et

1062 235 1212 260 efficacitati
1227 234 1331 260 similes
1345 234 1482 260 similibus
1496 244 1604 270 quoque
1616 235 1706 261 verbis
1717 236 1800 261 animi
1813 236 1854 261 vi·

1064 281 1104 297 rea
1127 273 1306 297 nominantur,
1349 271 1479 297 Velocitas
1493 278 1580 299 autern
1596 273 1714 307 corporis
1733 272 1855 298 celeritas

1063 308 1225 343 appellatur:
1247 317 1316 343 quae
1336 309 1428 334 eadem
1452 310 1552 344 ingenii
1566 311 1645 336 etiam
1669 310 1726 335 laus
1743 309 1856 335 babetur

1064 351 1170 380 propter
1181 346 1264 371 animi
1276 345 1420 371 multarum
1434 355 1521 372 rerum
1535 347 1609 373 brevi
1622 352 1739 382 tempore
1747 355 1855 381 percur-

1064 384 1177 408 sionem.
1219 383 1287 408 xiv.
1311 383 1378 408 illud
1394 383 1544 409 animorum
1559 392 1755 419 corporumque
1773 383 1856 410 dissi-

1065 420 1136 449 mile,
1150 419 1222 454 quod
1235 420 1317 446 animi
1331 419 1449 445 valentes
1461 421 1553 447 morbo
1564 422 1657 447 tentari
1669 430 1720 447 non
1733 425 1854 456 possunt.

1034 466 1035 494 j
1063 465 1171 491 corpora
1185 462 1309 491 pcissunt:
1328 457 1374 482 sed
1385 466 1526 492 corporum
1538 457 1697 484 offensiones
1708 459 1766 484 sine
1777 457 1856 492 culpa

403 757 489 791 Atque
506 757 569 782 baec
585 756 697 781 aliorum
713 755 744 781 ad
757 755 822 781 alios
835 755 941 781 morbos
953 762 1014 788 pro-
1036 754 1037 759 ¹

221 1019 294 1053 poris
306 1019 449 1053 aegrotatio
459 1018 572 1046 dicatur.
581 1017 646 1043 dum
658 1026 687 1043 ea
701 1016 866 1051 intelligatur
877 1016 909 1042 ad
921 1024 1015 1051 aegro-
1025 1020 1037 1044 J

219 1055 331 1081 tandum
348 1056 511 1090 proclivitas.
553 1054 605 1080 Sed
619 1054 682 1080 baec
695 1055 719 1079 in
737 1054 814 1079 bonis
830 1053 923 1083 rebus,
941 1053 1014 1087 quod

219 1093 265 1119 alii
278 1092 372 1119 adalia
386 1093 452 1118 bona
465 1096 527 1118 sunt
538 1093 661 1126 aptiores.
675 1093 790 1124 furimus
802 1091 968 1119 nominetur,
988 1091 1013 1116 in

220 1129 299 1156 malis
313 1132 476 1162 proclivitas,
497 1134 525 1155 ut
540 1130 673 1164 signilicet
691 1128 851 1163 lapsionem:
870 1128 895 1153 in
913 1128 1014 1153 neutris

220 1167 316 1193 babeat
331 1168 457 1202 superius
473 1175 580 1192 nomen.
623 1166 692 1191 Xlll.
715 1167 772 1197 Quo
789 1165 866 1191 modo
881 1169 970 1190 autem
987 1165 1014 1190 in

219 1212 328 1238 corpore
340 1209 379 1230 est
391 1204 514 1234 morbus,
529 1208 568 1229 est
580 1203 736 1238 aegrotatio,
754 1207 793 1228 est
805 1202 915 1233 vitiuin;
936 1202 1014 1227 sicin

219 1242 318 1267 auimo.
360 1242 475 1267 Morbum
490 1240 625 1275 appellant
641 1241 722 1266 totius
735 1240 854 1274 corporis
865 1239 1015 1273 corruptio-

220 1287 295 1304 nem:
330 1280 372 1305 ⁶29.
395 1281 591 1311 aeqrutnti'onem
607 1277 730 1303 morbum
742 1285 804 1302 cum
816 1275 1012 1302 imbecillitate:

219 1319 321 1346 vitium,
344 1324 428 1350 quum
447 1320 533 1350 partes
549 1315 668 1349 eorporis
686 1315 753 1340 inter
768 1322 796 1339 se
813 1313 959 1340 dissident:
982 1322 1014 1339 ex

219 1361 273 1388 quo
285 1354 402 1387 pravitas
413 1352 606 1382 membrorum,
619 1352 750 1381 distortio.
764 1351 929 1377 deformitas.
965 1351 1015 1376 lta-

219 1399 272 1425 que
284 1390 328 1415 illa
341 1390 403 1421 duo,
417 1390 527 1416 morbus
538 1394 563 1415 et
577 1390 729 1425 aegrotatio,
744 1397 777 1415 ex
789 1389 869 1414 totius
882 1388 1015 1414 valetudi-

220 1428 261 1453 nis
276 1427 395 1462 corporis
411 1427 633 1462 conquassatione
647 1431 672 1453 et
687 1426 885 1461 perturbatione
896 1425 1016 1461 gignun—

220 1470 274 1490 tur:
293 1466 390 1490 vitium
406 1469 508 1494 autem,
527 1465 629 1499 integra
645 1463 813 1493 valetudine,
832 1463 922 1497 ipsum
937 1471 970 1488 ex
986 1470 1014 1488 se

219 1503 346 1528 cernitur.
381 1502 434 1527 Sed
446 1503 472 1528 in
485 1502 574 1527 animo
586 1500 770 1527 tantummodo
781 1501 941 1536 cogitatione
953 1507 1016 1534 pos-

219 1547 315 1565 sumus
331 1539 453 1565 morbum
470 1539 503 1565 ab
519 1539 697 1574 aegrotatione
712 1538 865 1573 seiungere.

219 1581 258 1602 tas
274 1581 363 1602 autem
379 1581 418 1602 est
435 1576 542 1602 habitus
558 1580 604 1602 aut
619 1575 722 1602 affectio
741 1576 766 1601 in
784 1580 835 1601 tota
852 1575 906 1601 vita
923 1575 1016 1600 incon-

219 1618 292 1639 stans
303 1618 328 1639 et
338 1622 351 1639 a
363 1622 390 1639 se
402 1615 459 1648 ipsa
471 1613 645 1639 dissentiens.
688 1614 724 1639 lta
737 1612 772 1643 lit,
787 1617 816 1638 ut
827 1613 854 1638 in
865 1612 945 1638 altera
957 1620 1016 1638 cor-

220 1651 342 1685 ruptione
365 1652 524 1685 opinionum
543 1650 653 1677 morbus
669 1650 800 1676 efficiatur
815 1654 841 1676 et
860 1649 1013 1685 aegrotatio,

219 1689 246 1713 in
257 1687 337 1714 altera
350 1689 526 1714 inconstantia
538 1693 564 1714 et
575 1688 760 1723 repugnantia.
784 1687 841 1713 Non
853 1688 925 1713 enim
937 1694 1015 1713 omne

220 1725 317 1751 vitium
329 1730 417 1759 partes
430 1725 726 1755 habetdissentientes‚
742 1729 887 1755 uteorum,
904 1724 1015 1759 quinon

221 1761 298 1797 louge
310 1770 323 1788 a
338 1763 468 1797 sapientia
480 1763 591 1793 absunt,
610 1762 712 1789 allectio
728 1767 767 1788 est
779 1761 824 1787 illa
835 1761 947 1796 quidem
959 1761 1017 1786 dis·

219 1807 331 1833 crepans
343 1800 396 1826 sibi
408 1801 480 1834 ipsa.
496 1799 561 1826 dum
574 1804 614 1826 est
625 1800 766 1834 insipiens.
783 1799 830 1824 sed
843 1808 894 1825 non
905 1798 1015 1824 distorta

220 1845 268 1862 uec
280 1845 371 1871 prava.
412 1837 498 1863 Morbi
513 1841 602 1863 autem
614 1842 640 1863 et
650 1836 842 1872 aegrotationes
854 1841 942 1870 partes
953 1840 1017 1861 sunt

220 1874 388 1901 vitiositatis:
405 1874 452 1900 sed
463 1874 676 1909 perturbationes
687 1875 776 1900 sintne
787 1873 908 1899 eiusdem
916 1877 1014 1907 partes,
1038 1875 1047 1891 ὓ

220 1912 342 1945 quaestio
353 1916 402 1938 est.
437 1913 479 1938 30.
500 1912 571 1938 Vitia
583 1912 654 1937 enim
665 1911 817 1937 affectiones
828 1915 891 1936 sunt
905 1918 1017 1936 manen-

907 1537 1016 1563 Vitiosi-
1037 1543 1039 1551 ⁴

1034 559 1043 590 l=
1065 569 1152 594 niunt.

1064 494 1184 519 accidere
1196 499 1317 528 possunt,
1331 495 1481 520 animorum
1489 504 1540 521 non
1549 496 1624 521 item:
1638 504 1753 530 quorum
1763 503 1857 521 omnes

1066 531 1150 556 morbi
1167 536 1193 557 et
1207 531 1420 565 perturbationes
1431 539 1464 557 ex
1476 533 1661 567 aspernatione
1673 533 1783 559 rationis
1793 540 1857 558 eve-

1194 569 1284 603 ltaque
1308 569 1333 594 in
1351 568 1507 595 bominibus
1522 569 1608 595 solum
1625 570 1772 595 exsistunt:
1796 577 1856 595 nam

1066 606 1166 631 bestiae
1177 606 1266 631 simile
1277 605 1407 640 quiddam
1421 605 1534 635 iaciunt.
1548 606 1594 632 sed
1606 607 1632 633 in
1645 607 1858 641 perturbationes

1066 652 1116 668 non
1130 643 1262 669 incidunt.
1303 644 1344 669 32.
1368 644 1437 669 inter
1451 649 1542 670 acutos
1554 648 1641 669 autem
1657 649 1683 670 et
1697 644 1804 669 hebetes
1817 643 1858 669 in-

1066 684 1158 709 terest,
1175 680 1247 715 quod
1265 681 1411 715 ingeniosi.
1431 685 1459 706 ut
1474 689 1518 706 aes
1529 681 1697 707 Corinthium
1712 682 1738 707 in
1751 680 1859 716 aerugi-

1067 726 1136 745 nem.
1145 718 1184 743 sic
1197 717 1235 743 illi
1249 718 1274 743 in
1287 717 1410 743 morbum
1423 723 1448 744 et
1461 718 1582 744 incidunt
1593 718 1695 744 tardius
1705 723 1859 744 etrecrean-

1066 760 1108 780 tur
1127 755 1216 786 ocius;
1241 755 1349 781 hebetes
1371 764 1421 781 non
1442 755 1515 781 item.
1557 755 1610 781 Nec
1630 764 1693 782 vero
1709 757 1735 781 in
1751 762 1858 781 omnem

1066 792 1189 817 morbum
1211 800 1240 817 ac
1262 792 1488 826 perturbationem
1505 793 1613 818 animus
1628 793 1760 828 ingeniosi
1776 791 1857 818 cadit.

1067 829 1122 855 Non
1137 830 1248 855 enimin
1262 829 1332 854 ulla*
1345 829 1448 855 efferata
1460 834 1485 856 et
1500 830 1641 856 immania:
1663 829 1795 865 quaedam
1811 837 1859 855 au-

1066 871 1117 892 tem
1131 867 1305 892 humanitatis
1315 875 1423 901 quoque
1437 867 1535 893 babent
1550 868 1664 901 primam
1681 867 1812 902 speciem.
1831 870 1860 891 ut

1066 903 1259 933 misericordia.
1273 904 1421 939 aegritudo,
1436 909 1532 930 metus.
1559 905 1759 937 Aegrotationes
1769 908 1858 929 autem

1067 941 1207 975 morbique
1223 941 1374 967 animorum
1385 940 1525 967 difficilius
1539 941 1618 967 evelli
1631 950 1709 976 posse
1720 945 1858 976 putantur,

1065 986 1146 1012 quam
1157 986 1263 1004 sumnia
1276 977 1320 1004 illa
1336 979 1414 1007 vitia,
1431 987 1500 1013 quae
1517 978 1662 1005 virtutibus
1677 984 1741 1004 sunt
1755 982 1860 1004 contra-

1066 1016 1114 1041 ria.
1145 1015 1245 1042 Morbis
1257 1016 1328 1041 enim
1341 1016 1521 1046 manentibus.
1535 1016 1599 1042 vitia
1611 1016 1716 1042 sublata
1727 1023 1786 1041 esse
1798 1023 1857 1049 pos-

1065 1058 1142 1082 sunt,
1158 1053 1221 1087 quia
1239 1052 1266 1078 lii
1283 1061 1333 1079 non
1350 1058 1402 1079 tam
1419 1053 1540 1079 celeriter
1555 1058 1696 1081 sanantur.
1718 1061 1800 1087 quam
1815 1050 1859 1077 illa

1067 1089 1205 1116 tolluntur.
1246 1092 1287 1116 33.
1310 1090 1396 1115 liabes
1411 1098 1456 1121 ea,
1478 1098 1547 1125 quae
1563 1090 1596 1116 de
1612 1088 1860 1125 perturbationibus

1066 1127 1203 1153 enucleate
1214 1127 1454 1161 disputantStoici:
1468 1136 1537 1162 quae
1550 1126 1633 1163 logica
1645 1126 1860 1161 appellant.quia

1066 1164 1236 1190 disseruntur
1247 1164 1387 1190 subtilius.
1421 1165 1461 1190 Ex
1471 1165 1573 1199 quibus
1584 1165 1712 1199 quoniam
1724 1169 1860 1199 tamquam

1066 1210 1080 1227 e
1091 1202 1229 1236 seruposis
1239 1202 1345 1228 cotibus
1355 1202 1509 1237 enavigavit
1519 1202 1616 1232 oratio,
1634 1201 1754 1236 reliquae
1764 1200 1861 1235 dispu-

1067 1239 1174 1265 tationis
1195 1247 1306 1264 eursum
1327 1244 1479 1265 teneamus:
1503 1239 1581 1265 modo
1601 1239 1666 1265 satis
1682 1239 1727 1265 illa
1741 1237 1861 1264 dilucide

1066 1276 1218 1302 dixerimus
1232 1284 1279 1310 pro
1295 1285 1384 1302 rerum
1399 1277 1572 1303 obscuritate.
1612 1277 1643 1302 A.
1657 1277 1768 1302 Prorsus
1779 1275 1858 1301 satis:

1066 1313 1113 1339 sed
1128 1314 1150 1339 si
1163 1322 1214 1348 qua
1227 1313 1386 1349 diligentius
1397 1318 1475 1340 erunt
1484 1313 1682 1349 cognoscenda.
1699 1320 1862 1348 quaeremus

1067 1351 1146 1377 alias:
1163 1359 1234 1377 nunc
1247 1351 1318 1381 vela.
1331 1360 1400 1386 quae
1412 1351 1490 1378 modo
1501 1350 1624 1380 dicebas,
1637 1356 1826 1386 exspectamus
1836 1354 1862 1375 et

1067 1397 1187 1415 cursum.
1228 1388 1287 1414 XV.
1302 1389 1343 1415 34.
1364 1389 1399 1414 Μ.
1411 1388 1524 1420 Quando
1535 1393 1560 1414 et
1569 1388 1631 1414 aliis
1644 1387 1708 1414 locis
1718 1387 1752 1414 de
1763 1387 1862 1413 virtute

1067 1426 1197 1456 diximus,
1219 1430 1245 1451 et
1264 1434 1343 1460 saepe
1363 1425 1510 1452 dicendum
1531 1426 1593 1456 erit,
1615 1424 1768 1460 (pleraeque
1788 1425 1861 1450 enim

1066 1464 1246 1499 quaestiones,
1260 1471 1329 1497 quae
1339 1463 1373 1490 ad
1385 1464 1467 1489 vitam
1479 1471 1620 1498 moresque
1631 1463 1772 1497 pertinent,
1781 1471 1795 1488 a
1807 1462 1863 1487 vir-

1067 1501 1131 1527 tutis
1147 1500 1216 1526 sonte
1227 1499 1385 1536 ducuntur.)
1399 1500 1508 1535 quando
1519 1501 1602 1536 igitur
1613 1501 1700 1526 virtus
1709 1504 1750 1526 est
1760 1498 1863 1526 affectio

1067 1539 1150 1564 animi
1171 1542 1296 1564 constans
1315 1539 1547 1572 conveniensque,
1571 1537 1722 1564 laudabiles
1741 1536 1862 1563 efficiens

1067 1584 1126 1605 eos,
1143 1576 1169 1601 in
1181 1575 1283 1610 quibus
1294 1580 1346 1605 est.
1361 1576 1454 1610 etipsa
1466 1583 1514 1609 per
1523 1583 1552 1601 se
1562 1583 1610 1601 sua
1621 1579 1729 1609 sponte,
1742 1577 1863 1608 separata

1067 1614 1147 1639 etiam
1159 1613 1282 1641 utilitate,
1297 1612 1458 1638 laudabilis:
1475 1620 1510 1638 ex
1520 1620 1550 1638 ea
1562 1611 1770 1646 proficiscuntur
1780 1611 1863 1637 hone·

1067 1655 1122 1676 stae
1140 1650 1303 1680 voluntates,
1323 1650 1484 1679 sententiae,
1502 1650 1619 1675 actiones
1633 1649 1777 1683 omnisque
1793 1651 1862 1674 recta

1067 1688 1147 1714 ratio:
1169 1695 1335 1722 quamquam
1357 1687 1414 1721 ipsa
1431 1687 1517 1712 virtus
1533 1686 1694 1712 brevissime
1708 1690 1777 1711 recta
1797 1684 1863 1711 ratio

1067 1725 1121 1751 dici
1133 1729 1229 1760 potest.
1270 1725 1355 1750 Huius
1372 1725 1455 1759 igitur
1468 1724 1576 1749 w'rtutis
1591 1723 1722 1749 contraria
1732 1727 1772 1748 est
1783 1722 1864 1748 vitio-

1067 1763 1142 1789 sitas.
1177 1762 1222 1788 Sic
1232 1763 1304 1788 enim
1317 1760 1395 1791 malo,
1411 1769 1492 1796 quam
1505 1759 1634 1786 malitiam
1646 1759 1781 1795 appellare
1792 1767 1861 1787 eam.

1045 1816 1047 1818 -
1067 1808 1149 1835 quam
1161 1800 1257 1826 Graeci
1267 1800 1357 1825 κακίαν
1371 1797 1517 1833 appellant.
1549 1798 1615 1823 Nam
1628 1797 1729 1823 malitia
1739 1796 1804 1823 certi
1815 1804 1864 1822 cu-

220 1953 273 1978 tes,
291 1949 505 1982 perturbationes
520 1953 609 1975 autem
625 1953 777 1978 moventes,
800 1952 830 1973 ut
844 1956 896 1974 non
913 1948 1017 1982 possint
1038 1957 1039 1966 ι

220 1985 389 2012 affectionum
401 1986 566 2012 manentium
579 1990 667 2020 partes
678 1994 746 2011 esse.
781 1985 868 2020 Atque
880 1990 908 2011 ut
921 1986 946 2011 in
960 1992 1017 2010 ma-

222 2021 255 2048 lis
267 2023 372 2059 attingit
386 2024 470 2049 animi
486 2027 608 2049 naturam
619 2023 739 2057 corporis
754 2022 918 2052 similitudo,
937 2022 976 2048 sic
988 2022 1015 2047 ιιι

221 2059 309 2086 bonis.
350 2061 417 2087 Sunt
430 2061 503 2086 enim
515 2061 542 2086 in
554 2068 663 2094 corpore
674 2061 819 2094 praecipua
830 2059 1014 2094 pulchritudo,

221 2097 306 2128 vires,
320 2097 458 2128 valetudo,
472 2097 597 2127 firmitas,
611 2097 750 2129 velocitas3
769 2102 831 2123 sunt
843 2098 906 2124 item
919 2098 946 2123 in
957 2097 1017 2122 ani—

221 2142 274 2160 mo.
315 2135 348 2161 Ut
370 2135 443 2161 enim
461 2135 580 2169 corporis
600 2135 769 2169 temperatio,
796 2143 880 2169 quum
901 2143 932 2161 ea
953 2142 1017 2160 con—

220 2177 321 2206 gruunt
332 2173 401 2198 inter
410 2180 448 2203 se,
461 2180 475 2197 e
487 2172 588 2206 quibus
598 2177 761 2202 constamus,
777 2173 892 2199 sanitas:
907 2173 948 2198 sie
958 2172 1017 2198 ani-
1039 2183 1041 2201 ,-

220 2209 258 2234 mi
274 2208 386 2240 dicitur,
409 2217 494 2244 quum
510 2209 569 2235 eius
585 2209 685 2235 iudicia
701 2210 896 2245 opinionesque
907 2217 1017 2236 eoncor—

220 2245 293 2276 dant,
307 2254 391 2280 eaque
402 2247 487 2272 animi
496 2251 536 2272 est
547 2247 646 2272 virtus:
663 2255 745 2281 quam
756 2247 803 2273 alii
815 2248 901 2282 ipsam
914 2252 1017 2282 tempe-

221 2283 333 2309 rantiam
344 2283 438 2309 dicunt
448 2292 516 2313 esse.
525 2282 570 2309 alii
585 2283 813 2318 obtemperantem
825 2285 1016 2320 temperantiae

220 2321 384 2355 praeceptis,
401 2325 427 2347 et
442 2329 500 2347 eam
511 2320 736 2356 subsequentem,
759 2331 807 2348 nec
819 2322 962 2349 habentem
974 2322 1018 2348 ul-

222 2357 274 2383 lam
285 2358 403 2392 speciem
415 2367 506 2384 suam:
524 2357 572 2384 sed
583 2359 641 2384 sive
653 2358 712 2389 hoc,
725 2360 784 2385 sive
794 2359 863 2386 illud
873 2361 917 2390 sit,
934 2360 961 2386 in
973 2368 1018 2386 so·-

223 2393 246 2419 lo
260 2402 318 2420 esse
333 2396 464 2430 sapiente.
504 2396 551 2422 Est
564 2400 653 2421 autem
665 2396 797 2430 quaedam
809 2397 893 2423 animi
904 2397 1014 2427 sanitas.

221 2438 290 2464 quae
302 2433 328 2458 in
341 2433 514 2467 insipientem
525 2433 606 2458 etiam
616 2432 702 2463 cadat,
714 2442 800 2468 quum
811 2435 948 2461 curatione
959 2442 1017 2460 me-

221 2467 342 2495 dicorum
355 2470 470 2496 turbatio
482 2471 580 2497 mentis
591 2469 720 2496 aufertur.
760 2473 802 2497 3⁴.
824 2471 869 2502 Et.
883 2476 913 2498 ut
922 2480 1018 2506 corpo-

223 2504 260 2529 ris
275 2510 314 2531 est
327 2507 459 2540 quaedam
476 2513 536 2542 apta
552 2507 637 2543 figura
652 2507 835 2534 membrorum
846 2517 908 2534 cuni
919 2508 1016 2535 coloris

221 2542 338 2574 quadam
350 2545 489 2574 suavitate,
503 2553 533 2571 ea
544 2553 613 2579 quae
624 2544 724 2571 dicitur
733 2545 922 2579 pulchritudo:
938 2547 977 2571 sic
989 2545 1016 2571 in

222 2579 312 2604 animo
327 2580 484 2613 opinionum
499 2581 717 2617 iudiciorumque
728 2582 906 2616 aequabilitas
917 2587 943 2609 et
952 2591 1017 2609 con-

222 2616 318 2641 stantia
334 2624 396 2642 cum
412 2617 535 2645 firmitate
550 2619 667 2654 quadam
682 2623 708 2645 et
723 2619 867 2646 stabilitate
888 2621 1017 2646 virtutem

222 2651 392 2687 subsequens
406 2659 451 2681 aut
461 2655 568 2682 virtutis
578 2657 635 2682 vim
645 2657 733 2691 ipsam
743 2657 883 2683 continens
894 2656 1018 2692 pulchri-

1068 1837 1174 1864 iusdam
1190 1837 1250 1862 vitii
1267 1844 1362 1862 nomen
1373 1841 1427 1865 est.
1444 1835 1576 1861 vitiositas
1586 1835 1718 1861 omnium.
1759 1834 1800 1860 Ex
1809 1841 1863 1868 qua

1067 1875 1235 1901 concitantur
1246 1873 1473 1908 perturbationes,
1488 1880 1557 1907 quae
1571 1877 1647 1902 sunt,
1660 1876 1690 1898 ut
1699 1870 1790 1906 paullo
1803 1875 1865 1897 ante

1067 1913 1198 1941 diximus,
1212 1910 1313 1937 turbidi
1325 1911 1476 1936 animorum
1487 1910 1666 1944 concitatique
1676 1913 1774 1938 motus,
1786 1915 1865 1933 aver—

1067 1951 1090 1976 si
1102 1958 1115 1975 a
1128 1949 1238 1979 ratione,
1254 1953 1280 1974 et
1290 1948 1474 1974 inimicissimi
1487 1947 1584 1973 mentis
1595 1947 1720 1981 vitaeque
1731 1943 1864 1980 tranquil-

1069 1987 1118 2013 lae.
1159 1987 1304 2021 important
1317 1985 1390 2011 enini
1401 1984 1584 2020 aegritudines
1595 1984 1689 2010 anxias
1700 1988 1779 2018 atque
1790 1990 1864 2008 acer-

1068 2025 1130 2054 bas,
1148 2024 1306 2058 animosque
1322 2021 1446 2057 affligunt
1460 2026 1486 2048 et
1500 2021 1643 2048 debilitant
1657 2025 1740 2046 metu.
1779 2018 1864 2046 Iidem

1068 2061 1235 2088 inflammant
1255 2060 1416 2095 appetitione
1437 2059 1533 2085 nimia:
1555 2066 1638 2093 quam
1658 2062 1714 2084 tum
1729 2055 1866 2091 cupidita-

1046 2106 1047 2109 ’
1068 2104 1135 2130 tem,
1153 2103 1210 2125 tum
1224 2097 1366 2124 libidinem
1377 2096 1508 2127 dicimus,
1522 2095 1707 2130 impotentiam
1717 2092 1864 2129 quamdam

1046 2140 1047 2163 ξ
1068 2136 1162 2166 animi,
1179 2144 1193 2161 a
1207 2135 1382 2170 temperantia
1393 2139 1419 2160 et
1430 2133 1611 2160 moderatione
1621 2132 1771 2167 plurimum
1781 2129 1865 2157 dissi-

1068 2173 1186 2200 dentem.
1226 2173 1268 2198 35.
1290 2172 1364 2204 Quae
1379 2171 1403 2197 si
1413 2170 1522 2206 quando
1531 2170 1626 2205 adepta
1637 2169 1688 2195 erit
1698 2168 1740 2199 id,
1754 2166 1827 2203 quod
1838 2167 1864 2193 ei

1068 2211 1149 2237 fuerit
1164 2209 1352 2244 concupitum,
1373 2213 1430 2235 tum
1447 2207 1571 2234 effertur·
1587 2206 1734 2236 alacritate,
1750 2209 1781 2231 ut
1794 2203 1863 2230 nihii

1046 2262 1048 2271 ι
1068 2249 1122 2283 ipsi
1136 2252 1251 2277 constet,
1269 2245 1342 2281 quod
1356 2251 1429 2282 agat:
1445 2244 1544 2275 mille,
1561 2245 1609 2279 qui
1619 2245 1772 2276 voluptatem
1783 2243 1865 2268 animi

1068 2288 1174 2311 nimiam
1184 2293 1310 2310 summum
1323 2292 1374 2309 esse
1384 2291 1497 2309 errorem
1507 2281 1660 2308 arbitratur.
1699 2279 1799 2306 Eorum
1811 2278 1864 2314 igi-

1067 2327 1111 2349 tur
1121 2321 1253 2348 malorum
1265 2322 1293 2347 in
1303 2329 1357 2347 una
1369 2321 1466 2346 virtute
1478 2319 1564 2354 posita
1574 2318 1677 2344 sanatio
1687 2321 1737 2342 est.

1121 2359 1193 2385 XVI.
1205 2358 1276 2390 Quid
1287 2362 1376 2384 autem
1387 2362 1489 2383 estnon
1500 2356 1627 2382 miserius
1637 2353 1735 2383 solum,
1748 2352 1796 2379 sed
1808 2351 1864 2378 foe—

1068 2396 1130 2422 dius
1141 2397 1222 2423 etiam
1232 2401 1258 2422 et
1268 2395 1430 2424 deformius.
1450 2401 1532 2429 quam
1542 2391 1710 2428 aegritudine
1721 2391 1785 2425 quis
1794 2388 1864 2416 afni-

1068 2439 1141 2464 ctus,
1154 2432 1325 2463 debilitatus,
1343 2430 1452 2458 iacens‘?
1470 2431 1520 2458 Cui
1530 2429 1655 2456 miseriae
1666 2428 1808 2462 proximus
1823 2430 1865 2453 est

1069 2472 1106 2501 is,
1120 2471 1169 2506 qui
1185 2471 1405 2505 appropinquans
1420 2467 1530 2503 aliquod
1541 2466 1643 2493 malum
1658 2465 1754 2491 metuit
1768 2464 1864 2490 exani-

1069 2513 1212 2543 matusque
1222 2507 1320 2542 pendet
1331 2507 1424 2533 animi.
1464 2505 1550 2537 Quam
1560 2504 1618 2530 vim
1629 2501 1693 2529 mali
1705 2501 1864 2538 significan-

1070 2550 1108 2572 tes
1123 2549 1216 2580 poetae
1231 2543 1387 2579 impendere
1402 2542 1474 2578 apud
1485 2540 1585 2568 inferos
1595 2548 1692 2566 saxum
1703 2538 1812 2566 Tantalo
1823 2537 1864 2564 fa-

1068 2583 1143 2608 ciunt

1105 2621 1135 2645 ob
1155 2620 1253 2646 scelera
1271 2620 1401 2652 animique
1420 2618 1593 2650 impotentiam
1615 2617 1638 2641 e't
1654 2614 1863 2647 superbiloquen-

1476 2655 1547 2683 tiam,
