1941 3052
374 129 699 157 EPISTOLARUM
729 131 782 157 AD
810 130 1018 158 ATTICUM
1048 132 1281 159 LIB.1V.EP.
1307 134 1335 159 16
1356 148 1392 152 —
1414 134 1453 159 ⁴8.

100 209 169 232 mus,
183 200 264 228 facias
275 208 319 227 me
327 202 466 228 certiorem
479 200 570 232 velim,
583 206 609 228 et
619 200 652 227 de
663 201 813 237 Eutychide
825 201 892 237 quid

99 247 196 275 egeris.

152 307 226 328 XVII.
249 309 336 331 (Romae,
347 308 439 330 Domitio,
452 309 504 332 App.
514 308 595 327 Pulchro
605 316 650 328 coss.
663 310 717 332 700.)

282 351 448 378 CICERO
477 351 644 379 ATTICO
674 352 701 380 S.

157 391 180 416 ⁴.
205 384 233 415 O
245 394 411 424 exspectatas
422 389 490 415 mihi
502 394 560 416 tuas
573 389 685 416 litteras!
701 398 716 416 o
727 394 833 425 gratum
844 389 892 416 ad-

101 426 224 453 ventum!
245 435 261 453 o
275 427 451 453 constantiam
467 428 594 461 promissi
609 432 635 454 et
649 427 729 453 fidem
746 427 854 453 miram!
877 435 893 454 o

100 464 299 499 navigationem
314 464 468 490 amandam!
487 473 569 498 quam
585 463 739 490 mehercule
754 472 803 499 ego
814 463 893 490 valde

100 501 242 532 timebam,
265 501 407 527 recordans
427 502 574 536 superioris
597 506 657 528 tuae
681 502 893 528 transmissionis

100 538 208 575 δὲῤῥεις.
248 538 300 565 Sed
311 539 363 565 nisi
375 538 464 569 fallor,
482 539 562 564 citius
574 544 612 569 te,
631 547 712 573 quam
723 538 834 569 scribis,
852 539 894 564 vi-

100 575 179 602 debo.
220 575 305 603 Credo
316 576 388 602 enim
399 580 424 602 te
435 580 543 610 putasse
551 597 557 606 ,
571 581 629 602 tuas
641 575 769 602 mulieres
780 576 807 601 in
819 576 894 610 Apu-

101 613 135 640 lia
147 621 218 645 esse;
237 612 309 648 quod
325 622 409 648 quum
421 622 498 639 secus
509 613 571 643 erit,
584 613 651 648 quid
663 618 686 639 te
698 612 795 647 Apulia
807 620 893 638 more-

99 649 161 678 tur‘?
171 651 238 676 Nam
250 650 370 677 Vestorio
381 650 462 676 dandi
473 655 536 676 sunt
547 650 605 676 dies
613 671 619 681 ,
632 655 658 676 et
668 649 714 676 ille
725 650 836 676 Latinus
848 649 894 675 άτ-

99 687 216 722 τικισμός
226 696 259 714 ex
273 687 414 714 intervallo
429 687 618 722 regustandus.
659 686 730 719 Quin
742 691 770 713 tu
782 686 835 713 huc
846 685 895 712 ad-

100 724 184 755 volaS,
193 729 219 751 et
229 725 326 751 invisis
338 724 412 751 illius
423 729 526 751 nostrae
533 724 858 760 reipublicaegermanam
866 722 895 748 ⁸?

99 762 139 788 Ne
149 767 214 796 puta
222 782 228 793 ,
245 762 321 793 vide,
338 763 456 788 nummis
468 766 527 788 ante
538 762 645 788 comitia
656 761 779 788 tributim
791 769 844 787 uno
856 760 895 787 lo-

100 807 131 826 co
142 799 249 830 divisis,
261 798 350 834 palam
362 799 424 825 iude
435 798 587 825 absolutum
594 799 751 829 Gabinium,
763 798 842 825 detur
851 806 894 824 es—

100 845 129 863 se
148 836 304 863 valiturum.
344 838 369 862 2.
389 836 426 862 De
446 835 570 862 Messalla
589 835 662 870 quod
681 836 803 870 quaeris:
826 835 894 870 quid

100 874 217 900 scribam
229 874 332 900 nescio:
355 881 503 908 numquam
519 881 568 908 ego
580 872 637 899 vidi
648 877 701 899 tam
712 881 790 907 pares
801 872 895 898 candi-

100 911 186 938 datos.
224 909 363 937 Messallae
384 911 475 945 copias
498 911 578 937 nosti.
619 910 750 936 Scaurum
774 910 894 936 Triarius

101 957 177 975 reum
191 947 263 974 fecit.
304 947 334 974 Si
344 948 465 982 quaeris,
483 947 557 974 nulla
573 952 720 983 estmagno
730 956 810 982 opere
820 956 894 974 com-

100 989 170 1012 mota
191 983 359 1021 συμπάθεια.
398 984 451 1011 Sed
479 989 566 1012 tamen
591 984 672 1011 habet
691 985 814 1012 aedilitas
835 985 894 1011 eius

100 1023 257 1049 memoriam
269 1031 320 1049 non
332 1023 477 1058 ingratam:
491 1027 516 1049 et
527 1027 567 1049 est
579 1022 685 1057 pondus
697 1022 769 1057 apud
780 1022 894 1049 rusticos

99 1061 128 1087 in
140 1060 222 1095 patris
233 1060 371 1086 memoria.
397 1059 505 1095 Reliqui
516 1059 570 1086 duo
580 1059 679 1094 plebeii
691 1060 730 1086 sic
741 1068 895 1094 exaequan-

100 1102 156 1128 tur,
174 1101 203 1124 ut
212 1097 345 1124 Domitius
360 1096 447 1123 valeat
458 1097 565 1128 amieis,
586 1097 729 1124 adiuvetur
742 1102 830 1123 tamen
842 1105 894 1123 non

99 1135 254 1171 gratissimo
265 1142 388 1161 munere.
406 1135 550 1161 Memmius
561 1134 682 1161 Caesaris
693 1134 896 1161 commendetur

100 1172 244 1203 militibus,
258 1172 378 1206 Pompeii
390 1171 477 1199 Gallia
487 1172 596 1198 nitatur.
630 1172 737 1204 Quibus
748 1173 771 1198 si
784 1180 836 1199 non
848 1180 895 1198 va-

100 1209 193 1240 luerit,
210 1213 306 1244 putant
317 1209 370 1235 fore
381 1209 500 1244 aliquem
509 1230 515 1241 ,
531 1210 579 1244 qui
590 1210 697 1236 comitia
710 1211 737 1236 in
749 1209 894 1236 adventum

99 1247 221 1274 Caesaris
232 1246 364 1278 detrudat,
378 1246 475 1274 Catone
485 1248 643 1282 praesertim
657 1247 789 1274 absoluto.
816 1249 840 1273 3.
854 1246 894 1273 Ab

99 1284 200 1317 Quinto
211 1283 290 1310 fratre
300 1289 326 1311 et
335 1292 350 1310 a
361 1284 472 1311 Caesare
484 1285 575 1319 accepi
587 1294 611 1311 a.
623 1284 651 1311 d.
663 1293 702 1311 xx.
715 1283 828 1311 Kalend.
841 1284 895 1310 No-

99 1321 192 1348 vemb.
205 1321 315 1352 litteras,
329 1321 598 1353 confectaBritannia,
611 1321 755 1349 obsidibus
766 1322 892 1356 acceptis,

100 1358 174 1386 nulla
185 1358 292 1394 praeda,
306 1359 435 1393 imperata
447 1364 535 1386 tamen
546 1360 674 1394 pecunia,
687 1359 762 1386 datas
773 1368 787 1385 a
799 1359 895 1385 littori—

100 1396 318 1427 busBritanniae,
328 1397 450 1431 proximo
462 1405 486 1423 a.
498 1397 570 1423 d.v1.
578 1396 691 1423 Kalend.
699 1397 793 1424 Octob.
810 1397 895 1423 Exer-

99 1435 184 1460 citum
199 1434 335 1460 Britannia
351 1434 529 1469 reportabant.
570 1434 601 1466 Q.
618 1434 703 1461 Pilius
721 1439 776 1461 erat
792 1435 844 1460 iam
862 1434 895 1461 ad

99 1471 240 1498 Caesarem
252 1470 396 1506 profectus.
438 1472 462 1498 4.
484 1472 533 1502 Tu,
547 1472 570 1498 si
581 1476 627 1498 aut
637 1480 711 1498 amor
722 1473 749 1498 in
761 1476 785 1498 te
796 1476 837 1498 est
848 1480 896 1498 no-

99 1509 148 1535 stri
164 1517 194 1535 ac
208 1513 328 1539 tuorum,
347 1513 392 1535 aut
402 1508 457 1535 ulla
469 1509 581 1540 veritas,
597 1513 643 1536 aut
653 1509 677 1535 si
687 1510 766 1536 etiam
778 1509 851 1544 sapis
865 1518 895 1536 ac

99 1545 154 1572 frui
165 1546 219 1572 tuis
230 1545 379 1572 commodis
389 1546 499 1581 cogitas,
516 1546 660 1573 adventare
671 1551 696 1573 et
706 1555 790 1581 prope
801 1546 895 1573 adesse

99 1583 154 1610 iam
165 1582 257 1609 debes.
278 1583 336 1609 Non
348 1583 502 1610 mehercule
514 1592 599 1618 aequo
610 1585 699 1611 animo
711 1588 735 1611 te
746 1592 831 1610 careo.
859 1585 895 1611 Te

99 1625 189 1647 autem
200 1619 267 1655 quid
278 1621 391 1651 mirum,
409 1621 457 1655 qui
469 1621 627 1657 Dionysium
644 1626 714 1648 tanto
729 1630 808 1656 opere
822 1621 896 1648 desi-

99 1657 209 1684 derem?
227 1657 312 1690 Quem
327 1658 438 1692 quidem
454 1658 552 1690 abste,
569 1666 655 1693 quum
667 1658 725 1685 dies
737 1659 852 1689 venerit,
870 1664 896 1686 et

99 1703 149 1731 ego
164 1699 190 1721 et
200 1694 292 1722 Cicero
304 1703 380 1721 meus
392 1694 532 1731 flagitabit.
572 1695 627 1722 Abs
640 1700 663 1723 te
675 1696 812 1731 proximas
824 1695 895 1723 litte-

101 1741 142 1758 ras
154 1732 286 1759 habebam
297 1732 405 1768 Epheso
416 1741 440 1759 a.
453 1732 480 1759 d.
494 1741 519 1759 v.
532 1732 570 1759 Id.
583 1733 656 1761 Sext.
669 1734 754 1761 datas.

155 1802 238 1823 XVssl.
262 1804 362 1826 (Domiti-1,
372 1805 425 1828 App.
437 1805 517 1823 Pulchro
528 1812 574 1822 coss.
586 1807 640 1827 ⁷00.)

157 1885 180 1909 ⁴.
201 1879 272 1910 Puto
284 1889 308 1911 te
322 1885 490 1916 existimare,
507 1894 559 1917 me,
573 1894 644 1912 nunc
654 1886 770 1913 oblitum
781 1894 896 1913 consue-

100 1919 203 1947 tudinis
214 1925 239 1947 et
250 1921 365 1948 instituti
377 1922 439 1953 mei,
448 1923 535 1949 rarius
549 1922 582 1949 ad
593 1927 617 1950 te
628 1923 755 1954 scribere,
763 1932 845 1959 quam
851 1932 896 1950 so-

100 1957 202 1991 lebam3
219 1957 431 1993 sed,quumloca
443 1964 469 1986 et
479 1960 574 1986 itinera
586 1965 629 1987 tua
641 1960 709 1987 nihil
722 1961 820 1987 habere
829 1962 895 1988 certi

100 1994 192 2026 video,
215 2003 303 2030 neque
318 1996 345 2022 in
361 1996 488 2031 Epirum,
506 2005 593 2032 neque
609 1998 739 2028 Athenas,
764 2006 851 2033 neque
867 1999 894 2025 in

100 2032 202 2062 Asiam,
211 2041 298 2067 neque
310 2033 447 2067 cuiquam,
457 2034 509 2060 nisi
520 2034 553 2060 ad
565 2039 588 2061 te
600 2035 691 2069 ipsum
703 2035 892 2070 proficiscenti,

99 2069 163 2096 dedi
176 2069 285 2096 litteras.
321 2070 414 2105 Neque
425 2071 498 2097 enim
509 2076 573 2098 sunt
582 2080 628 2098 eae
639 2072 768 2106 epistolae
779 2077 892 2103 nostrae,

99 2115 169 2142 quae
185 2107 209 2133 si
224 2106 340 2142 perlatae
357 2116 407 2133 non
424 2108 490 2139 sint,
511 2108 579 2134 nihil
595 2117 625 2135 ea
643 2117 684 2135 res
699 2117 746 2136 nos
761 2110 895 2136 offensura

99 2144 147 2176 sit,
161 2152 230 2179 quae
242 2149 344 2171 tantum
357 2144 455 2172 habent
466 2147 703 2181 mysterioruni‚ut
713 2155 757 2173 eas
769 2155 801 2173 ne
814 2146 896 2174 libra-

100 2181 148 2208 riis
167 2181 278 2216 quidem
300 2181 353 2208 sere
374 2183 584 2210 committamus.
624 2185 649 2210 2,
672 2184 819 2218 Lepidum,
841 2193 895 2219 quo

100 2218 212 2246 exedar!
226 2218 356 2246 Consules
368 2218 479 2255 flagrant
491 2219 611 2251 infamia,
624 2221 697 2256 quod
708 2222 737 2248 C.
751 2222 895 2248 Memmius

99 2256 258 2283 candidatus
274 2257 423 2291 pactionem
441 2257 467 2283 in
483 2262 576 2284 senatu
593 2259 727 2289 recitavit,
743 2267 824 2293 quam
837 2259 895 2293 ipse

100 2298 126 2320 et
136 2295 503 2329 suuscompetitornomitius
514 2303 576 2321 cum
586 2295 746 2322 consulibus
758 2295 893 2327 fecissent,

99 2331 139 2358 uti
151 2331 299 2358 amboll—S
310 2331 480 2367 quadragena
492 2331 651 2359 consulibus
661 2332 763 2364 darent,
772 2334 794 2359 si
806 2338 896 2360 essent

99 2368 153 2403 ipsi
165 2368 289 2395 consules
301 2368 376 2399 facti,
391 2370 443 2395 nisi
455 2370 502 2396 tris
514 2378 630 2405 augures
642 2369 794 2399 dedissent,
807 2371 854 2405 qui
867 2379 895 2397 se

99 2405 219 2432 adfuisse
231 2405 358 2437 dicerent,
371 2415 455 2441 quum
470 2406 511 2433 lex
521 2407 621 2433 curiata
635 2406 755 2437 serretur,
764 2416 832 2442 quae
845 2407 895 2434 lata

100 2450 152 2469 non
163 2447 246 2476 esset;
260 2447 286 2470 et
295 2443 349 2470 duo
359 2443 522 2475 consulares,
531 2444 579 2479 qui
590 2452 618 2470 se
628 2444 748 2471 dicerent
760 2445 786 2471 in
798 2454 896 2471 ornan-

99 2479 143 2506 dis
154 2480 301 2514 provinciis
312 2481 501 2508 consularibus
512 2481 655 2508 scribendo
666 2481 794 2511 adfuisse,
808 2491 894 2517 quum

99 2517 210 2544 omnino
221 2526 253 2544 ne
264 2523 372 2545 senatus
383 2519 494 2553 quidem
507 2518 612 2545 suisset.
653 2519 721 2545 llaec
733 2519 828 2553 pnctio,
843 2528 895 2546 non

101 2590 200 2618 tabulis
214 2600 300 2627 quum
315 2601 374 2620 esse
391 2592 457 2620 sacta
469 2593 616 2624 diceretur,
632 2593 732 2628 prolata
743 2602 756 2619 a
769 2593 894 2620 Memmio

100 2633 141 2655 est
151 2629 307 2656 nominibus
319 2630 445 2662 inductis,
460 2635 566 2657 auctore
579 2631 714 2665 Pompeio.
731 2631 778 2657 llic
791 2631 894 2666 Appius

101 2670 156 2693 erat
166 2665 247 2693 idem.
288 2667 362 2695 Nihil
373 2676 437 2695 sane
453 2669 579 2695 iacturae.
620 2668 760 2695 Corruernt
773 2667 851 2699 alter,
869 2673 894 2696 et

916 2574 919 2592 l

916 2606 925 2647 z}

924 2650 925 2664 l

1684 137 1732 162 849

943 201 1029 236 plane,
1043 203 1168 237 inquam,
1182 203 1294 230 iacebat.
1328 205 1352 229 3.
1370 204 1513 230 Memmius
1525 209 1622 235 autem,
1635 204 1736 232 direm-

942 244 986 274 pta
997 240 1111 266 coitione
1124 240 1207 266 invito
1213 240 1333 271 Calvino,
1342 240 1421 275 plane
1432 241 1583 274 refrixerat3
1601 247 1627 268 et
1637 251 1668 268 eo
1679 251 1736 269 ma-

942 277 984 312 gis
1001 286 1071 303 nunc
1086 278 1202 312 cogitare
1218 277 1391 309 dictaturam,
1412 283 1469 304 tum
1489 278 1577 305 favere
1593 280 1696 306 iustitio
1711 284 1737 306 et

942 315 1064 340 omnium
1076 323 1165 340 rerum
1178 314 1309 341 licentiae.
1344 315 1468 350 Perspice
1479 317 1641 351 aequitatem
1652 318 1737 343 animi

943 352 996 377 mei
1008 356 1032 377 et
1044 351 1152 382 ludum,
1171 357 1196 378 et
1207 353 1431 386 contemptionem
1442 352 1615 380 Seleucianae
1626 354 1737 388 provin-

944 389 1008 419 ciae,
1025 393 1051 415 et
1062 389 1214 415 mehercule
1226 398 1287 415 cum
1300 389 1410 416 Caesare
1422 391 1613 417 suavissimam
1624 391 1738 418 coniun-

943 426 1072 456 ctionem,
1090 426 1164 460 (haec
1180 427 1252 452 enim
1270 435 1311 453 me
1326 436 1379 453 una
1391 436 1424 454 ex
1435 427 1484 454 hoc
1496 427 1635 464 naufragio
1646 428 1737 455 tabula

944 462 1081 497 delectatz)
1097 464 1145 498 qui
1159 463 1269 498 quidem
1285 463 1415 496 Quintum
1431 473 1521 491 meum
1536 470 1681 500 tuumque,
1698 465 1737 492 dii

943 500 1020 526 boni!
1039 500 1267 535 quemadmodum
1283 506 1375 528 tractat
1386 501 1498 533 honore,
1515 502 1657 538 dignitate,
1675 511 1738 538 gra—

944 537 993 563 tia!
1011 545 1063 563 non
1079 546 1170 568 secus,
1189 546 1219 564 ac
1233 539 1256 564 si
1268 547 1317 573 ego
1328 547 1415 565 essem
1426 540 1578 574 imperator.
1619 539 1737 566 Hiberna

945 574 1082 609 legionum
1098 574 1216 610 eligendi
1227 576 1299 610 optio
1310 575 1396 602 delata
1408 576 1592 607 commodum,
1611 582 1640 603 ut
1650 576 1682 602 ad
1694 585 1738 603 me

944 611 1048 637 scribit.
1088 612 1164 638 Hunc
1183 617 1211 638 tu
1227 621 1279 638 non
1294 612 1385 639 ames‘?
1404 613 1489 645 Quem
1505 614 1587 649 igitur
1608 613 1739 640 istorum?

945 648 998 674 Sed
1009 648 1076 675 heus
1087 654 1125 680 tu,
1133 650 1328 683 scripseramne
1339 650 1398 680 tibi,
1412 659 1454 676 me
1465 659 1523 676 esse
1536 650 1652 686 legatum
1659 651 1738 677 Pom-

944 685 1022 720 peio?
1032 690 1058 712 et.
1067 686 1245 713 extraUrbem
1252 687 1363 721 quidem
1375 686 1428 713 fore
1440 696 1474 714 ex
1483 687 1551 714 Idib.
1559 687 1633 714 lanf?
1644 688 1737 714 Visum

944 727 985 748 est
1005 722 1055 749 hoc
1075 724 1143 749 mihi
1164 723 1197 749 ad
1212 724 1295 750 multa
1312 724 1452 759 quadrare.
1493 724 1546 751 Sed
1561 725 1627 760 quid
1643 725 1738 759 plura‘?

944 760 1052 790 Coram,
1068 761 1175 795 opinor,
1193 761 1310 795 reliqua,
1333 766 1362 787 ut
1379 766 1407 787 tu
1423 767 1511 788 tamen
1527 762 1630 797 aliquid
1641 771 1738 797 exspe-

945 802 1009 824 ctes.
1050 798 1176 833 Dionysio
1191 797 1338 832 plurimam
1353 798 1481 824 salutem:
1503 800 1546 825 cui
1562 799 1672 834 quidem
1689 808 1738 835 ego

945 843 997 861 non
1009 834 1087 861 modo
1098 835 1214 865 servavi,
1227 835 1275 861 sed
1286 836 1365 861 etiam
1378 835 1518 862 aedificavi
1531 836 1628 862 locum.
1667 836 1739 868 Quid

944 871 1070 907 quaeris?
1088 872 1122 898 ad
1136 881 1270 898 summam
1287 872 1414 899 laetitiam
1429 881 1528 903 meam,
1547 881 1629 907 quam
1645 881 1679 900 ex
1694 878 1739 900 tuo

945 909 1033 935 reditu
1044 910 1130 944 capio,
1146 918 1261 944 magnus
1273 909 1348 936 illius
1359 909 1476 936 adventu
1487 910 1614 936 cumulus
1625 910 1737 937 accedit.

944 946 1003 979 Quo
1014 946 1058 973 die
1070 946 1103 973 ad
1113 955 1155 973 me
1167 947 1269 978 venies,
1285 947 1309 973 si
1321 955 1363 973 me
1374 956 1460 978 amas,
1475 947 1547 983 apud
1559 956 1600 975 me
1611 956 1674 975 cum
1685 948 1739 974 tuis

944 992 1063 1011 maneas.

1228 1033 1454 1050 ⁴¹0⁹*

1324 1265 1365 1291 94.

1061 1328 1263 1357 LIBER
1310 1327 1626 1363 QUINTUS.

1001 1459 1076 1480 ARG.
1093 1458 1199 1484 Triginta
1213 1459 1259 1479 fere
1270 1457 1382 1478 mensibus
1392 1461 1442 1485 post
1453 1457 1543 1478 ultimas
1553 1457 1677 1485 superioris
1687 1456 1741 1477 libri

946 1494 1054 1523 epistolas
1069 1493 1152 1521 elapsis
1163 1493 1240 1514 Cicero
1252 1494 1281 1514 M.
1293 1492 1398 1514 Marcello
1410 1496 1431 1513 et
1442 1494 1490 1514 Ser.
1502 1492 1602 1519 Sulpicio
1612 1499 1669 1513 coss.
1681 1499 1740 1512 rnen-

947 1537 970 1551 se
980 1529 1039 1551 Maio
1049 1537 1097 1551 curn
1108 1528 1201 1556 imperio
1211 1529 1280 1549 Rome
1289 1527 1313 1548 in
1322 1527 1457 1555 provinciam
1468 1527 1577 1551 Ciliciam,
1585 1534 1647 1553 quum
1655 1526 1741 1554 Appius

947 1565 1081 1589 obtinuerat,
1100 1565 1192 1586 Prueos.
1208 1563 1350 1591 proficiscens
1360 1569 1436 1583 rursus
1447 1563 1473 1583 sd
1485 1562 1583 1583 Atticum
1593 1562 1680 1582 litters·
1690 1561 1741 1582 mit-

946 1604 993 1621 tere
1002 1599 1104 1620 instituit
1114 1599 1154 1620 lioc
1165 1598 1221 1619 libr«.
1233 1601 1339 1622 servatus,
1350 1601 1372 1618 et
1382 1597 1439 1618 sliu
1450 1597 1536 1625 quidem
1545 1604 1573 1618 ex
1583 1597 1741 1621 itinere-letes,

946 1635 1003 1656 sliss
1021 1641 1033 1656 e
1051 1633 1172 1662 provincis.
1202 1633 1300 1658 Qus'rurn
1319 1639 1374 1660 quse
1388 1640 1416 1653 ex
1431 1632 1512 1653 itinere
1522 1636 1574 1653 sunt
1584 1631 1672 1656 missae,
1683 1631 1741 1652 nihil

946 1671 993 1691 fere
1005 1668 1147 1691 memorabile
1156 1669 1278 1693 continent,
1290 1668 1335 1688 nisi
1345 1675 1407 1695 quum
1419 1667 1475 1688 vinni
1486 1667 1571 1688 inierit.
1600 1667 1634 1687 ltu
1644 1666 1740 1687 triduum

946 1705 1042 1727 Terenti
1055 1712 1102 1726 cum
1113 1703 1219 1732 Pompeio
1235 1703 1277 1725 fuit
1289 1707 1323 1724 Vl.
1335 1703 1450 1724 Brundisii
1461 1703 1530 1724 adhuc
1541 1706 1610 1728 rogst,
1620 1706 1643 1723 ut
1653 1701 1742 1723 Atticus

946 1741 1018 1768 ipsum
1036 1739 1117 1761 Miloni
1137 1742 1229 1760 excuset
1243 1742 1264 1759 et
1274 1738 1372 1759 iniuriae
1385 1738 1498 1759 cuiusdam
1514 1737 1642 1765 suspicione
1653 1737 1741 1762 liberet,

947 1780 1002 1797 vlu.
1019 1776 1136 1800 Corcyram
1147 1778 1168 1794 et
1179 1774 1263 1799 Sybota
1273 1773 1367 1794 devertit
1378 1777 1414 1794 lx.
1444 1773 1531 1794 Aetium
1542 1773 1601 1793 uenit
1613 1779 1632 1793 s.
1643 1773 1664 1792 d.
1675 1775 1740 1793 xvn.

947 1811 998 1832 Kal.
1019 1811 1096 1835 Quint.
1117 1813 1153 1830 lx.
1178 1809 1278 1830 Athenas
1296 1815 1316 1829 s.
1336 1809 1357 1829 d.
1378 1812 1422 1829 ΠΙ.
1443 1808 1493 1829 Kal.
1515 1808 1592 1832 Quint.
1608 1806 1701 1829 secessit
1713 1809 1740 1827 Χ.

947 1846 1004 1867 nine
1023 1845 1129 1867 discessit
1146 1844 1220 1872 pridie
1234 1845 1292 1866 Nun.
1304 1843 1380 1868 Quint.
1391 1847 1428 1864 ΧΙ.
1463 1843 1562 1864 Tandem
1573 1843 1595 1863 in
1606 1841 1742 1870 provincism

946 1881 1046 1909 pervenit
1057 1880 1113 1908 prid.
1125 1879 1177 1901 Καὶ.
1188 1880 1250 1901 Sext.
1262 1883 1305 1900 xv.
1323 1878 1408 1900 Deinde
1417 1885 1473 1906 quae
1483 1877 1592 1905 epistulae
1602 1878 1625 1898 in
1636 1877 1742 1905 ipsspro-

946 1916 1020 1938 vineis
1035 1916 1132 1943 scriptae
1145 1918 1204 1939 sunt,
1220 1914 1277 1935 nihil
1287 1914 1408 1938 declarant,
1420 1914 1517 1940 nisique
1527 1912 1684 1936 moderatione,
1701 1918 1743 1939 qun

946 1951 1083 1973 abstinentis
1101 1950 1162 1971 illam
1180 1950 1320 1975 gubernarit.
1340 1952 1362 1970 et
1379 1956 1422 1976 quo
1436 1948 1512 1972 modo,
1528 1947 1548 1968 si
1563 1947 1620 1968 forte
1631 1946 1708 1968 Parthi
1719 1946 1742 1967 in

946 1994 1007 2008 sunm
1017 1985 1153 2014 proxinciam
1164 1985 1309 2012 irruptionem
1322 1984 1394 2005 fucere
1404 1987 1518 2007 conentur,
1530 1982 1611 2003 henum
1622 1989 1685 2009 parm
1691 1981 1740 2002 erit.

946 2023 1002 2044 Nem
1021 2029 1086 2049 quuru
1102 2020 1217 2048 superiore
1231 2027 1288 2040 nuno
1302 2019 1425 2040 exercitum
1439 2018 1518 2046 pupuli
1533 2017 1639 2042 Ruumni,
1660 2019 1742 2038 Crasso

946 2058 1000 2079 duce
1010 2057 1136 2081 interfecto,
1147 2054 1272 2076 miser-bili
1283 2054 1345 2075 clude
1355 2053 1495 2075 affecissent.
1509 2052 1660 2079 reliquissque
1670 2051 1742 2075 illius.

947 2092 1003 2113 haud
1014 2098 1068 2113 sune
1078 2097 1156 2116 magus
1166 2096 1238 2115 nnnnu,
1249 2089 1272 2110 in
1283 2089 1369 2115 Syriam
1381 2088 1499 2116 persecuti,
1511 2096 1522 2108 ιι
1534 2090 1560 2112 Q.
1571 2087 1650 2108 Cassio
1662 2086 1742 2111 Longi-

947 2134 974 2147 no
993 2125 1116 2147 fortissime
1130 2124 1215 2152 repulsi
1236 2124 1342 2145 fuissent:
1366 2123 1450 2144 maiore
1461 2130 1486 2144 sc
1496 2122 1592 2143 firmiore
1602 2122 1623 2142 ri
1634 2122 1674 2143 hor
1685 2128 1741 2141 sunu

946 2161 1072 2185 redierunt,
1096 2161 1121 2181 ek
1143 2160 1261 2186 eodemque
1275 2160 1355 2180 enum
1369 2165 1454 2179 rursum
1471 2158 1537 2183 Syria
1551 2157 1657 2178 excedere
1671 2155 1742 2177 roseti

947 2198 1005 2216 sunt.
1029 2195 1124 2215 Rumon
1134 2199 1204 2215 nutem
1215 2194 1242 2215 de
1253 2193 1368 2215 ciceroni·
1378 2194 1414 2214 suh
1421 2197 1472 2214 entu
1483 2192 1563 2216 nostri,
1574 2196 1594 2212 et
1606 2190 1692 2213 Cassio.
1704 2189 1741 2216 qui

947 2229 1067 2251 Antiochia
1081 2230 1204 2253 tenebatur.
1221 2229 1307 2249 fluimus
1322 2228 1425 2252 necessit,
1436 2232 1457 2249 et
1468 2227 1559 2249 Parthis
1571 2226 1636 2247 timor
1645 2225 1742 2245 inim-tus

947 2269 988 2286 est.
1012 2265 1089 2291 ltaque
1098 2264 1201 2285 cedentes
1211 2264 1238 2284 ul»
1249 2263 1330 2290 oppido
1341 2262 1434 2283 vnn-ius
1445 2262 1617 2285 insecutus.r‹=m
1629 2262 1682 2281 bene
1693 2267 1740 2285 grs-

947 2300 987 2321 sit:
1006 2307 1049 2326 qun
1059 2299 1081 2319 iu
1093 2299 1152 2324 fuga.
1168 2305 1245 2323 rit-gns
1255 2297 1388 2319 auctoritate
1397 2298 1478 2318 Osaces
1488 2298 1534 2318 dux
1544 2297 1682 2318 Parthumm,
1694 2294 1740 2315 ml-

947 2343 988 2356 nus
999 2334 1091 2362 secr-pil.
1107 2340 1176 2360 euque
1185 2333 1272 2353 interiit
1283 2332 1360 2360 pum-i·
1371 2335 1420 2359 pust
1431 2332 1517 2352 diebus.
1547 2330 1742 2352 conducturum

947 2371 982 2392 his
1002 2369 1114 2397 epistulis.
1133 2368 1240 2395 qut-modu
1257 2368 1335 2388 Cicero
1347 2367 1369 2387 iu
1381 2368 1478 2388 Amano.
1497 2365 1644 2388 Pindenisso,
1660 2364 1741 2392 „ppido

948 2404 1157 2427 Eleutherocilicum
1186 2407 1262 2431 capto.
1282 2410 1360 2423 ιιυηιοιι
1379 2401 1519 2429 imperatoris
1538 2404 1653 2421 asur-‹utu-
1674 2399 1740 2420 tuerit

947 2443 1113 2462 xvim-xxm
1142 2443 1163 2459 et
1173 2438 1278 2465 «prumiam
1293 2437 1347 2460 alta.
1367 2437 1423 2457 hsud
1438 2435 1510 2461 ungui
1526 2436 1552 2456 sd
1569 2434 1684 2455 historiam
1695 2441 1740 2455 mn-

947 2475 1022 2499 menti,
1039 2479 1063 2496 ut
1073 2475 1100 2495 de
1111 2473 1179 2501 Appii
1190 2473 1317 2498 nrrugsntin
1328 2475 1382 2493 ,xvh
1395 2475 1459 2492 ληι.
1471 2471 1498 2491 de
1509 2470 1569 2491 Hirri
1581 2469 1670 2497 repulsu
1681 2472 1739 2490 MK.

947 2512 980 2532 ltu
994 2511 1016 2531 in
1028 2509 1124 2535 singulis
1135 2509 1259 2536 quibusque
1267 2515 1321 2535 qun
1332 2506 1401 2528 mittit
1412 2505 1516 2533 epistulis
1527 2505 1625 2526 Antrum
1636 2509 1705 2529 roget.
1717 2508 1741 2525 ut

100 2553 191 2580 verbis
200 2575 205 2585 ‚
221 2554 269 2581 sed
280 2556 436 2582 nominibus
448 2561 472 2582 (¹1
485 2556 735 2591 perscriptionibus,
749 2556 894 2583 multorum
917 2555 918 2571 ι
946 2552 1033 2573 opernm
1052 2545 1096 2568 det.
1113 2551 1139 2565 ne
1150 2543 1264 2571 pruiinria
1278 2542 1322 2563 sim
1332 2546 1469 2569 prorogetur.
1494 2541 1526 2562 De
1537 2539 1620 2561 litent-
1631 2539 1696 2567 pleue
1706 2538 1740 2559 nl-

946 2581 977 2602 lnil
989 2581 1075 2605 scribit,
1091 2580 1136 2601 nini
1146 2579 1173 2599 de
1183 2577 1334 2601 Thallumeto.
1344 2577 1408 2598 ruins
1417 2582 1484 2604 «ψη.
1493 2575 1581 2596 Atticus
1592 2575 1614 2595 in
1625 2574 1741 2596 stes-runis

946 2614 1010 2635 libris
1026 2613 1192 2642 pervulutsndis
1210 2614 1314 2634 utet-ntur
1329 2615 1377 2633 ΧΙΙ.
1402 2611 1501 2633 Prin-u-
1511 2611 1538 2631 de
1548 2611 1613 2631 rebus
1624 2617 1667 2630 nnn
1677 2616 1740 2637 prse-

945 2649 1051 2670 tereunds
1064 2648 1175 2673 videntur,
1189 2655 1245 2675 quse
1259 2648 1286 2669 de
1296 2646 1367 2669 Atdct
1381 2646 1429 2667 tilis
1438 2649 1498 2668 xlx.
1510 2652 1566 2673 quse
1575 2645 1602 2667 de
1611 2644 1740 2667 eunoun-ta

1488 2713 1534 2739 107
