1941 3052
423 130 607 158 ORATIO
639 131 729 159 PRO
760 133 790 158 P.
824 132 1044 165 QUINTIO.
1080 132 1177 158 CAP.
1212 134 1362 159 25—31.

76 207 105 228 ut
119 207 205 228 tecum
220 201 300 228 simul
317 201 450 236 possideat
464 201 615 239 Quintius:]

74 275 220 303 observas?
239 277 314 302 Mitto
331 276 399 302 illud
418 276 513 307 dicere,
530 286 600 309 eum,
617 279 664 312 qui
683 286 735 304 non
751 278 865 309 latitarit,

74 315 118 340 cui
143 314 241 340 Romae
266 313 371 344 domnS,
400 323 475 345 uxor,
502 314 587 346 liberi,
614 319 766 349 procurator
783 320 866 342 esset:

74 359 149 382 eum,
178 351 225 386 qui
249 351 296 377 tibi
315 351 498 377 vadimonium
523 361 575 378 non
598 352 774 378 deseruisset:
804 353 870 378 haec

73 389 161 414 omnia
187 388 272 414 mitto.

73 425 106 451 de
121 425 240 460 praedio;
266 425 373 451 domino
388 434 401 451 a
417 425 516 452 familia
531 435 580 452 sua
595 435 690 452 manus
704 426 795 453 allatas
810 435 868 453 esse

73 467 133 489 ante
147 471 210 489 suos
224 462 303 488 Lares
319 462 476 513 &miliaresz
500 463 549 489 hoc
563 464 631 490 dico.

257 499 270 512 *
394 499 407 513 *
465 500 477 513 ’0²
532 500 545 513 ἢ(
601 500 613 513 ¹&

130 535 194 555 ..aaa
215 535 249 555 Ant
265 538 320 555 extr.
337 542 376 562 cap
379 536 463 556 XXV
466 536 493 556 ΙΙ.
508 536 558 560 ubi,
571 536 622 563 quid
633 536 664 556 sit
673 536 774 560 latitare,
790 536 867 556 vicero

73 562 174 593 potuisse
184 562 272 582 xittetur
282 562 367 587 dicere
385 562 426 583 hoc
436 563 580 588 fragmentum
592 562 670 583 referii
681 563 749 586 salet,
761 570 795 588 qui
791 563 818 582 ml
830 562 867 583 Ll-

72 588 152 615 pianus
167 588 218 614 (lili.
230 592 262 610 59.
279 589 305 609 ad
321 589 403 615 Edict)
418 589 535 609 memoriae
549 589 648 616 prodidit
662 589 702 609 huc
717 589 790 609 modu
806 589 867 609 Luti-

73 618 120 635 tare
131 618 171 639 est,
183 615 264 642 inquit,
276 623 318 635 nun
329 619 354 635 nt
364 616 441 636 Cicero
452 616 536 639 delinit

307 644 404 679 Turpis
417 644 557 670 occultatio
571 645 623 670 sui.

72 679 108 705 (L.
115 682 134 699 7.
143 680 162 704 §.
169 682 189 699 ⁴¹.
196 679 222 699 D.
231 679 317 703 Quibus
325 680 444 700 excanssis
452 680 473 699 in
481 681 644 706 possessionen:
656 682 718 700 eatur
725 691 748 693 —
755 682 788 703 42,
798 682 814 699 (ι.
823 680 866 705 -).

127 724 247 751 XXVIII.
268 724 435 751 ”Naevium
449 733 482 750 ne
496 724 644 759 appellasse
658 724 768 759 quidem
783 724 868 756 Quin-

70 761 148 792 tium,
173 770 258 796 quum
281 762 362 788 simul
383 766 464 792 esset,
485 762 599 796 experiri
623 766 714 796 posset
731 762 864 796 quotidie:

668 500 681 514 :t

70 798 167 825 deinde
188 798 261 833 quod
282 800 371 825 omnia
389 799 488 825 iudicia
507 798 666 825 difficillima
684 808 745 825 cum
760 808 866 825 summa
888 810 890 819 ι

70 844 119 862 sua
149 836 250 862 invidia
280 837 453 871 maximoque
479 836 598 871 periculo
623 837 652 862 P.
680 836 783 868 Quintii
810 836 866 862 fieri

70 872 168 904 mallet,
193 881 273 908 quam
288 873 357 899 illud
371 874 554 908 pecuniarium
569 873 710 905 indicium,
726 873 799 908 quod
812 882 865 900 uno

69 910 113 936 die
131 911 242 946 transigi
260 916 363 946 posset:
386 920 419 937 ex
432 920 486 946 quo
505 920 558 937 uno
576 911 640 937 haec
658 912 746 937 omnia
767 915 825 937 nata
841 915 866 936 et

69 947 185 983 profecta
210 957 268 975 esse
293 949 422 975 concedit.
467 948 525 981 Quo
551 949 579 975 in
605 948 661 975 loco
686 948 864 975 conditionem

69 985 132 1017 tuli,
153 986 175 1012 si
190 985 270 1012 vellet
284 986 424 1021 pecuniam
439 991 541 1021 petere,
562 986 591 1012 P.
607 985 747 1018 Quintium
763 986 866 1012 indica-

69 1027 125 1049 tum
144 1023 211 1049 solvi
231 1023 435 1055 satisdaturnm,
456 1023 520 1050 dum
536 1024 607 1059 ipse,
628 1024 651 1050 si
669 1023 736 1059 quid
753 1027 862 1058 peteret,

67 1061 125 1095 pari
138 1060 289 1087 conditione
303 1065 430 1087 uteretur.

124 1099 165 1124 86.
188 1097 311 1130 Ostendi,
336 1107 418 1133 quam
436 1098 520 1124 multa
543 1102 602 1124 ante
625 1098 682 1124 fieri
700 1098 862 1129 convenerit,

67 1143 148 1170 quam
167 1135 283 1162 hominis
301 1136 446 1171 propinqui
465 1136 532 1162 bona
551 1135 683 1170 possideri
697 1135 865 1170 postularen-

67 1177 123 1199 tur:
146 1174 301 1208 praesertim
315 1182 400 1208 quum
414 1174 512 1199 Romae
526 1173 622 1199 domus
637 1174 709 1204 eius,
730 1182 810 1204 uxor,
832 1172 866 1199 li-

67 1210 123 1237 beri
142 1215 231 1237 essent
249 1215 274 1237 et
296 1215 448 1245 procurator
470 1219 554 1245 aeque
576 1211 719 1246 utriusque
742 1219 864 1237 necessa-

67 1248 133 1274 riuS.
161 1248 252 1279 Docui,
264 1257 349 1283 quum
361 1248 495 1274 desertum
510 1256 569 1274 esse
583 1248 653 1274 dicat
667 1248 861 1279 vadimonium,

312 388 382 414 Illud
405 388 472 418 dico,
494 389 633 415 dominum
652 389 797 424 expulsum
811 398 869 415 esse
890 402 891 408 ι

631 204 666 229 ita
681 203 823 238 possideto,
839 208 869 230 ut
889 203 891 243 ζ

75 239 183 271 Quintio
197 240 238 265 vis
252 248 285 265 ne
298 239 426 265 afferatur.
448 240 537 272 Quid?
550 241 589 267 Tu
603 241 631 266 id
641 241 868 275 quemadmodum
889 248 890 256 ¹

66 1286 175 1312 omnino
186 1285 370 1312 vadimonium
381 1285 486 1312 nullum
502 1285 599 1312 fuisse:
616 1294 670 1321 quo
683 1285 726 1312 die
741 1286 813 1311 hunc
827 1286 864 1311 si·
885 1284 887 1311 ἶ

67 1323 93 1349 bi
108 1323 264 1357 promisisse
273 1323 352 1354 dicat,
368 1331 398 1349 eo
409 1323 452 1349 die
467 1332 499 1348 ne
509 1324 607 1349 Romae
618 1323 727 1357 quidem
743 1331 805 1348 eum
821 1322 864 1348 fu-

66 1360 128 1391 isse,
145 1360 174 1386 id
188 1360 300 1386 testibus
315 1368 357 1386 me
370 1360 506 1395 pollicitus
520 1369 581 1386 sum
596 1360 707 1395 planum
719 1360 860 1390 facturum,
885 1371 886 1386 ι

66 1398 113 1432 qui
133 1402 158 1423 et
176 1398 243 1423 scire
262 1397 389 1424 deberent
407 1401 432 1423 et
449 1406 584 1429 caussam,
609 1406 657 1424 cur
675 1398 860 1428 mentirentur,
892 1420 893 1424 ,

314 1435 356 1461 Ex
374 1434 459 1461 edicto
477 1439 566 1461 autem
585 1443 636 1461 non
655 1435 775 1469 potuisse
795 1435 862 1460 bona
885 1461 886 1466 ,

444 1472 516 1507 quod
531 1481 617 1507 neque
632 1472 771 1498 fraudandi
785 1480 863 1498 caus-
884 1493 886 1502 .

884 1505 893 1514 ''
915 1508 1021 1534 Fatetur
1039 1517 1067 1534 se
1086 1517 1137 1535 non
1158 1509 1226 1535 belle
1240 1510 1341 1541 (liceiffe
1368 1520 1418 1537 non
1438 1511 1470 1536 ad
1490 1510 1652 1537 ιοΙιιιιῑειῑοιιι
1673 1510 1711 1537 Ιο-

891 1558 892 1570 2
914 1546 960 1580 qui
977 1554 1067 1579 posse:
1091 1555 1142 1572 non
1157 1547 1189 1572 ab
1204 1546 1297 1573 aftlicti
1312 1548 1427 1574 amicitia
1447 1548 1567 1580 transfuJ-r
1560 1557 1612 1574 ere
1631 1552 1711 1583 atque

66 1443 118 1461 non
137 1435 274 1461 haberent.

65 1472 205 1507 possideri,
221 1472 414 1498 demonstravi:

65 1518 94 1535 sa
114 1509 230 1535 latitasse
248 1518 334 1544 neque
353 1509 441 1535 exsilii
466 1518 560 1535 caussa
584 1509 672 1536 solum
691 1510 803 1535 vertisse
821 1509 863 1535 di-

64 1551 177 1573 ceretur.
204 1547 246 1573 87.
262 1546 406 1581 Reliquum
421 1550 469 1577 est,
490 1551 519 1573 ut
532 1555 595 1573 eum
610 1556 688 1573 nemo
702 1547 801 1573 iudicio
816 1546 863 1572 de—

66 1583 188 1610 fenderit.
228 1583 304 1616 Quod
323 1588 411 1610 contra
434 1584 619 1618 copiosissime
637 1584 777 1610 defensum
803 1592 862 1609 esse

64 1621 197 1652 contendi,
214 1630 265 1647 non
280 1621 312 1647 ab
327 1621 434 1647 homine
449 1621 547 1652 alieno,
566 1630 653 1656 neque
667 1621 700 1647 ab
714 1621 805 1656 aliquo
819 1630 863 1647 ca—

65 1658 224 1686 lumniatore
242 1663 321 1693 atque
339 1658 474 1693 improbo,
503 1658 551 1684 sed
569 1659 602 1685 ab
625 1659 715 1693 equite
732 1659 859 1690 Romano,

64 1696 215 1732 propinquo
229 1700 255 1722 et
269 1696 417 1722 necessario
430 1704 488 1727 suo,
504 1704 585 1731 quem
599 1696 657 1731 ipse
669 1696 731 1722 Sex.
745 1696 862 1722 Naevius

64 1737 259 1769 procuratorem
286 1733 435 1768 relinquere
465 1737 541 1760 antea
570 1738 740 1760 consuesset:
775 1741 862 1768 neque

64 1779 140 1802 eum,
161 1771 184 1797 si
199 1771 319 1797 tribunos
333 1770 485 1806 appellarit,
510 1770 609 1797 idcirco
624 1771 714 1797 minus
728 1770 861 1796 iudicium

64 1809 118 1843 pati
145 1812 266 1843 paratum
293 1807 391 1834 fuisse:
427 1816 514 1843 neque
540 1809 657 1843 potentia
683 1808 861 1843 procuratoris

64 1846 164 1872 Naevio
182 1846 225 1872 ius
243 1850 380 1880 ereptum:
402 1850 491 1872 contra
509 1846 591 1872 istum
611 1846 726 1880 potentia
740 1854 788 1871 sna
804 1850 861 1871 tum
883 1868 885 1877 ,

63 1882 248 1910 tantummodo
262 1883 426 1918 superiorem
445 1882 542 1914 fuisse,
568 1892 640 1909 nunc
659 1883 736 1909 nobis
755 1883 801 1909 vix
819 1892 861 1909 re-

64 1920 183 1956 spirandi
213 1925 368 1955 potestatem
395 1920 467 1946 dare.
515 1920 617 1946 XXlX.
645 1922 687 1946 88.
721 1920 857 1952 Quaesivi,

63 1966 132 1993 quae
150 1966 243 1984 caussa
263 1957 370 1989 fuisset,
390 1966 439 1984 cur
453 1957 520 1984 bona
536 1966 588 1984 non
603 1958 752 1989 venissent,
773 1966 859 1992 quum

63 2003 98 2022 ex
114 1995 200 2022 edicto
222 1995 432 2029 possiderentur.
473 1995 574 2021 Deinde
597 1994 665 2021 illud
687 2003 795 2030 qnoque
819 2003 860 2021 re-

62 2033 178 2068 quisivi,
198 2041 252 2067 qua
271 2033 370 2059 ratione
388 2041 422 2058 ex
440 2036 476 2058 tot
489 2032 666 2059 creditoribus
680 2041 759 2058 nemo
772 2040 859 2067 neque

62 2074 120 2096 tum
140 2069 211 2095 idem
230 2069 333 2100 fecerit,
355 2078 441 2104 neque
461 2078 532 2096 nunc
545 2074 633 2096 contra
648 2069 731 2100 dicat,
751 2077 860 2096 omnes-

62 2115 116 2142 que
134 2115 181 2142 pro
200 2107 228 2133 P.
248 2106 357 2139 Quintio
380 2111 513 2142 pugnent:
545 2107 700 2141 praesertim
723 2115 808 2141 quum
832 2107 859 2133 in

63 2144 109 2171 tali
134 2144 235 2171 iudicio
261 2145 411 2170 testimonia
433 2144 594 2171 creditorum
618 2145 805 2170 existimentur
827 2144 859 2170 ad

63 2190 119 2208 rem
134 2182 250 2208 maxime
264 2182 404 2216 pertinere.
445 2181 537 2208 Postea
552 2190 612 2207 sum
627 2190 694 2208 usus
713 2181 859 2208 adversarii

62 2219 223 2250 testimonio,
240 2220 286 2254 qui
301 2219 353 2245 sibi
367 2227 429 2245 cum
445 2227 530 2253 nuper
543 2219 626 2245 edidit
640 2219 752 2250 socium,
765 2228 857 2254 quem,

62 2264 117 2292 quo
130 2256 209 2283 modo
223 2265 293 2283 nnnc
307 2256 433 2287 intendit,
455 2265 486 2282 ne
504 2257 531 2282 in
547 2257 669 2283 vivorum
684 2256 793 2291 quidem
809 2266 859 2283 nu-

62 2302 135 2320 mero
153 2298 209 2320 tum
224 2293 387 2320 demonstrat
405 2293 498 2319 fuisse.
539 2293 606 2319 Tum
626 2293 699 2320 illam
715 2294 860 2320 incredibi-

63 2330 114 2358 lem
133 2330 292 2357 celeritatem
310 2340 358 2357 seu
382 2331 471 2365 potius
495 2330 631 2357 audaciam
656 2330 768 2365 protuli:
795 2340 859 2358 con-

63 2367 166 2394 firmavi
186 2377 293 2395 necesse
311 2377 370 2394 esse
388 2373 433 2394 aut
451 2368 534 2394 biduo
552 2377 605 2394 ncc
625 2367 709 2394 millia
727 2377 857 2402 passuum

62 2413 120 2432 esse
133 2405 245 2432 decursa
264 2410 309 2432 aut
327 2406 388 2432 Sex.
410 2406 540 2431 Naevium
558 2405 655 2431 diebus
672 2405 858 2440 compluribus

62 2446 121 2469 ante
138 2443 166 2469 in
185 2444 381 2477 possessionem
402 2443 521 2474 misisse,
541 2451 624 2476 quam
639 2442 798 2477 postularet,
819 2443 857 2468 nti

62 2483 88 2506 et
105 2479 196 2506 liceret
213 2480 281 2506 bona
300 2480 446 2515 possidere.
487 2482 528 2506 89.
552 2480 642 2506 Postea
667 2480 775 2506 recitavi
800 2479 858 2506 edi-

61 2521 148 2549 ctum,
168 2517 241 2552 quod
259 2522 348 2552 aperte
361 2517 500 2544 dominum
516 2517 548 2543 de
566 2516 674 2551 praedio
687 2516 793 2543 detrudi
812 2525 858 2543 ve-

61 2557 140 2581 taret:
162 2555 190 2581 in
204 2563 258 2590 quo
277 2555 409 2587 constitit,
429 2555 560 2581 Naevium
578 2562 611 2580 ex
629 2554 716 2580 edicto
730 2562 781 2580 non
796 2562 859 2588 pos-

61 2591 176 2623 sedisse,
197 2600 282 2626 quum
300 2593 469 2619 confiteretur
487 2600 520 2618 ex
542 2591 649 2626 praedio
668 2591 694 2617 vi
717 2591 856 2617 detrusum

61 2636 120 2655 esse
137 2628 287 2661 Quintium.
328 2630 443 2656 Omnino
461 2633 549 2655 autem
568 2628 636 2655 bona
659 2636 782 2663 possessa
804 2636 856 2654 non

61 2673 120 2692 esse
142 2667 282 2693 constitui:
317 2667 389 2702 quod
413 2667 543 2694 bonorum
566 2666 701 2701 possessio
722 2670 857 2700 spectetur

886 2659 888 2676 Ι

886 2677 888 2693 l

1666 138 1712 161 213

920 212 971 229 non
987 204 1012 229 in
1028 203 1117 238 aliqua
1132 208 1217 238 parte,
1235 204 1282 230 sed
1297 205 1323 230 in
1338 205 1485 235 universis,
1506 213 1574 239 quae
1590 207 1670 232 teneri
1685 216 1713 232 ac

921 240 1051 274 possideri
1070 242 1180 275 possint.
1220 242 1279 267 Dixi
1298 242 1395 268 Romae
1413 242 1523 268 domum
1544 242 1639 273 fnisse,
1660 252 1714 277 quo

920 278 969 303 iste
985 286 1016 303 ne
1031 279 1154 312 aspirarit
1168 278 1292 313 quidem:
1317 288 1408 305 servos
1422 279 1582 313 complures,
1609 288 1642 306 ex
1653 282 1714 314 qui-

920 315 971 340 bus
990 315 1038 341 iste
1057 315 1204 349 possederit
1223 317 1371 346 neminem,
1399 325 1432 342 ne
1454 317 1569 351 attigerit
1587 317 1711 351 quidem:

920 360 1005 377 unum
1025 352 1121 383 fuisse,
1146 361 1227 387 quem
1246 354 1373 388 attingere
1391 359 1500 380 conatus
1519 355 1567 380 sit:
1594 354 1714 388 prohihi-

921 394 977 415 tum
993 389 1090 416 fuisse:
1112 390 1258 424 quievisse.
1300 393 1342 416 90.
1364 391 1392 417 In
1407 392 1465 425 ipsa
1480 391 1565 418 Gallia
1580 393 1714 427 cognostis

920 427 947 452 in
962 427 1068 460 praedia
1083 428 1183 461 privata
1194 428 1295 459 Quintii
1311 428 1372 454 Sex.
1385 429 1515 454 Naevium
1530 437 1581 455 non
1596 429 1712 454 venisse.

920 464 1038 498 Denique
1057 472 1090 489 ex
1108 464 1157 490 hoc
1175 465 1234 499 ipso
1252 465 1334 496 saltu,
1356 474 1450 500 quern,
1472 474 1518 500 per
1532 466 1587 492 vim
1601 466 1714 500 expulso

920 501 1003 531 socio,
1025 501 1156 535 possedit,
1185 511 1276 528 servos
1296 503 1412 537 privatos
1430 503 1531 534 Quintil
1552 512 1603 529 non
1621 512 1714 529 omnes

920 538 1016 563 eiectos
1031 547 1099 564 esse.
1133 539 1174 564 Ex
1188 548 1241 573 quo
1255 544 1279 565 et
1293 549 1326 566 ex
1340 541 1433 566 ceteris
1447 540 1534 570 dictis,
1552 540 1627 567 sactis
1641 541 1714 575 cogi—

920 576 1035 609 tatisque
1049 575 1111 601 Sex.
1128 576 1220 602 Naevii
1239 578 1330 610 quivis
1350 582 1434 611 potest
1450 578 1610 613 intelligere,
1631 579 1713 604 istum

920 612 986 637 nihil
1010 612 1084 638 aliud
1106 613 1193 647 egisse
1220 622 1306 648 neque
1330 623 1400 640 nunc
1419 624 1509 649 ageime
1539 616 1590 641 nisi
1609 616 1647 641 uti
1667 624 1714 649 per

919 649 987 680 vim,
1016 658 1063 684 per
1085 650 1222 681 iniuriam,
1252 659 1299 685 pei
1321 652 1489 686 iniquitatem
1513 652 1605 678 iudicii
1630 657 1713 678 totum

919 695 1025 721 agrum
1047 687 1094 721 qui
1109 689 1258 713 communis
1273 693 1324 718 est,
1345 698 1425 714 suum
1442 689 1525 715 ficare
1540 691 1632 732 possit.

973 723 1061 749 XXX
1078 726 1118 749 9¹.
1142 725 1226 755 Nunc,
1240 734 1332 751 caussa
1349 731 1478 760 perorata
1501 736 1541 752 res
1556 728 1612 761 ipsa
1628 732 1652 753 et
1666 736 1714 761 pe-

918 760 996 786 riculi
1015 761 1184 796 magnitudo,
1206 762 1234 788 C
1255 763 1369 797 Aquilli,
1391 772 1483 799 cogere
1502 764 1619 794 videtur
1642 769 1670 790 ut
1689 769 1713 790 te

919 802 997 832 atque
1012 807 1065 829 eOS,
1081 799 1128 832 qui
1144 783 1212 824 tibi
1206 809 1233 825 in
1247 800 1358 826 consilio
1373 806 1447 831 sunt,
1465 801 1583 827 obsecret
1597 802 1713 827 obteste-

918 839 1015 870 turque
1033 836 1062 861 P.
1082 835 1209 867 Quintius
1233 846 1280 871 per
1301 842 1464 864 senectutem
1489 847 1517 864 ac
1539 838 1710 865 solitudinem

918 881 994 898 suam
1010 873 1075 898 nihil
1091 873 1177 905 aliud,
1199 875 1250 900 nisi
1266 879 1293 900 ut
1308 880 1410 901 vestrae
1425 880 1532 902 naturae
1547 876 1713 910 bonitatique

917 910 1118 944 obsequamini:
1142 916 1178 942 ut,
1195 920 1280 946 quum
1296 913 1392 938 veritas
1406 922 1467 938 cum
1483 913 1531 939 hoc
1546 913 1631 943 faciat,
1651 914 1712 947 plus

918 947 999 973 huius
1022 948 1111 982 inopia
1130 949 1214 982 possit
1235 949 1268 975 ad
1290 950 1512 981 misericordiam,
1538 959 1618 985 quam
1639 950 1713 976 illins

917 993 981 1019 opes
1004 985 1036 1011 ad
1058 986 1252 1012 crudelitatem.
1293 989 1334 1013 92.
1357 987 1415 1019 Quo
1432 988 1475 1013 die
1498 987 1530 1013 ad
1553 992 1577 1014 te
1597 988 1712 1014 iudicem

918 1022 1051 1053 venimus,
1068 1024 1160 1048 eodeni
1175 1023 1217 1049 die
1232 1024 1339 1050 illorum
1355 1025 1452 1055 minas,
1467 1034 1533 1060 quas
1549 1030 1607 1051 ante
1622 1025 1712 1051 horre-

917 1059 1025 1090 bamus,
1047 1060 1182 1096 negligere
1200 1062 1348 1095 coepimus.
1390 1062 1417 1088 Si
1433 1071 1527 1088 caussa
1541 1072 1602 1088 cum
1617 1071 1711 1088 caussa

916 1098 1099 1129 contenderet,
1126 1106 1173 1124 nos
1192 1104 1307 1124 nostram
1330 1099 1454 1134 perfacile
1476 1101 1563 1126 cnivis
1586 1100 1712 1134 probatu-

916 1143 958 1160 ros
979 1135 1172 1161 statuebamus.
1213 1135 1289 1167 Quod
1305 1137 1373 1162 vitae
1392 1138 1457 1163 ratio
1475 1146 1537 1163 cum
1557 1138 1656 1163 ratione
1672 1138 1711 1163 vi-

916 1176 956 1197 tae
974 1171 1139 1203 decerneret,
1164 1172 1262 1199 idcirco
1281 1174 1357 1200 nobis
1376 1175 1454 1200 etiam
1473 1175 1558 1210 magis
1577 1180 1600 1201 te
1624 1175 1712 1200 iudice

915 1218 983 1243 opus
998 1218 1056 1235 esse
1070 1210 1187 1236 arbitrati
1202 1220 1307 1237 sumus.
1338 1212 1375 1237 Ea
1388 1220 1429 1237 res
1444 1213 1514 1238 enim
1530 1221 1600 1238 nunc
1616 1213 1641 1238 in
1656 1212 1713 1238 ‹lis-

886 1263 887 1266 =
915 1247 1026 1273 crimine
1041 1252 1173 1278 versatur,
1192 1253 1281 1274 utrum
1298 1250 1416 1283 possitne
1430 1258 1458 1275 se
1473 1254 1561 1275 contra
1576 1249 1711 1275 luxuriem

915 1293 944 1310 ac
964 1283 1096 1310 licentiam
1115 1286 1247 1311 rusticana
1266 1286 1311 1312 illa
1330 1291 1409 1321 atque
1427 1287 1526 1313 inculta
1550 1287 1712 1321 parsimonia

914 1321 1070 1348 defendere:
1093 1331 1125 1348 an
1144 1322 1288 1349 deformata
1307 1329 1386 1358 atque
1404 1325 1567 1350 ornamentis
1585 1325 1711 1350 omnibus

915 1358 1038 1393 spoliata,
1064 1359 1134 1385 nuda
1158 1361 1297 1394 cupiditati
1321 1361 1536 1396 petulantiaeque
1562 1361 1710 1387 addicatur.

915 1398 955 1422 93.
976 1396 1071 1422 “*Non
1090 1403 1224 1431 comparat
1246 1407 1274 1423 se
1301 1403 1389 1424 tecum
1414 1400 1497 1434 gratia
1526 1400 1553 1425 P.
1573 1399 1708 1431 Quintius,

914 1434 975 1459 5οΧ.
996 1434 1092 1460 Naevi:
1124 1444 1175 1460 non
1198 1435 1309 1469 opibus,
1338 1445 1390 1462 non
1416 1436 1540 1462 facultate
1565 1436 1709 1462 contendit.

914 1470 1013 1496 Omnes
1028 1475 1086 1497 tuas
1101 1476 1177 1502 artes
1191 1473 1291 1506 quibiis
1306 1477 1334 1499 tu
1346 1482 1458 1509 magnus
1470 1482 1506 1504 cs,
1520 1474 1567 1499 tibi
1579 1473 1709 1500 concedit

914 1583 946 1608 ad
965 1583 1100 1609 florentem
1119 1583 1197 1610 aliam
1217 1584 1353 1611 devolare:
1381 1594 1432 1611 non
1451 1576 1568 1620 profusis
1595 1586 1711 1620 sumpti-

914 1620 965 1646 bus
980 1621 1084 1646 vivere:
1109 1630 1160 1647 non
1174 1630 1266 1647 ornare
1282 1623 1420 1657 magnifice
1436 1622 1630 1657 splendideque
1647 1631 1711 1649 con-

913 1657 1031 1683 vivium:
1060 1666 1112 1684 non
1127 1658 1223 1684 babere
1237 1659 1347 1685 domum
1363 1660 1480 1686 clausam
1496 1660 1590 1695 pudori
1605 1665 1630 1686 et
1648 1669 1711 1686 san-

912 1695 1067 1726 ctimoniae,
1096 1700 1228 1730 patentem
1247 1701 1327 1731 atquc
1345 1697 1410 1723 adeo
1433 1698 1580 1732 expositam
1604 1697 1711 1731 cupidi-

914 1733 959 1758 tati
978 1737 1003 1758 et
1022 1733 1219 1767 voluptatibus:
1242 1739 1330 1760 contra
1349 1735 1401 1760 sibi
1416 1735 1451 1760 ait
1465 1735 1597 1765 osticium,
1619 1735 1707 1764 tidem,

912 1769 1093 1805 diligentiam,
1122 1771 1203 1796 vitam
1223 1772 1332 1797 omnino
1354 1780 1460 1806 semper
1478 1772 1611 1798 horridam
1630 1776 1710 1806 atque

913 1807 1012 1832 aridam
1031 1807 1105 1833 cordi
1125 1807 1217 1834 fuisse.
1259 1809 1309 1835 lsta
1328 1810 1465 1844 superiora
1492 1818 1550 1835 esse
1577 1818 1605 1835 ac
1626 1809 1710 1844 pluri-

913 1852 987 1870 mum
1006 1853 1084 1879 posse
1103 1844 1145 1870 his
1165 1845 1284 1871 moribus
1299 1847 1387 1872 sentit.
1428 1848 1470 1873 94.
1492 1847 1562 1879 Quid
1577 1855 1639 1882 crgo
1653 1846 1711 1872 cst‘?

913 1890 965 1908 non
980 1890 1067 1916 usque
1080 1890 1110 1908 eo
1125 1886 1226 1914 tamen.
1248 1888 1277 1909 ut
1291 1884 1318 1909 in
1332 1884 1417 1918 capite
1436 1883 1604 1919 fortunisque
1623 1884 1709 1910 homi-

913 1927 977 1945 num
993 1919 1243 1946 honestissimorum
1258 1921 1430 1947 dominentur
1445 1922 1475 1952 ii,
1495 1922 1543 1956 qui
1558 1922 1647 1948 relicta
1663 1921 1710 1947 bo-

912 1965 1007 1982 norum
1027 1957 1145 1983 virorum
1164 1957 1307 1992 disciplina
1326 1963 1351 1984 et
1364 1964 1507 1993 quaestum
1526 1963 1551 1985 et
1569 1964 1708 1993 sumptum

912 1993 1028 2020 Gallonii
1047 1994 1123 2029 sequi
1143 1994 1304 2026 maluerunt,
1326 2000 1405 2031 atque
1419 1997 1512 2028 etiam,
1534 1996 1607 2031 quod
1622 1998 1648 2023 in
1664 1996 1709 2022 illo

912 2039 963 2057 non
979 2031 1037 2062 fuit,
1054 2040 1116 2058 cum
1130 2032 1238 2058 audacia
1254 2033 1419 2068 perfidiaque
1432 2034 1567 2060 vixerunt.
1606 2034 1633 2060 Si
1650 2034 1709 2060 licet

912 2069 1002 2095 vivere
1015 2077 1087 2099 eum,
1103 2077 1184 2104 quem
1199 2070 1262 2096 Sex.
1278 2071 1395 2097 Naevius
1411 2080 1461 2097 non
1477 2071 1548 2097 vult:
1571 2072 1594 2097 si
1608 2077 1647 2098 est
1663 2072 1709 2097 lio-

912 2106 978 2132 mini
997 2106 1107 2133 honesto
1127 2107 1200 2133 locus
1218 2107 1245 2133 in
1264 2108 1370 2134 civitate
1390 2109 1474 2135 invito
1492 2109 1604 2135 Naevio:
1627 2110 1649 2135 si
1670 2108 1708 2134 fas

911 2147 952 2170 est
970 2144 1100 2178 respirare
1118 2144 1146 2170 P.
1166 2144 1307 2177 Quintium
1333 2150 1422 2172 contra
1449 2150 1543 2172 nutum
1567 2146 1708 2172 ditionem—

911 2189 964 2216 que
979 2181 1086 2207 Naevii:
1109 2182 1146 2213 si,
1161 2190 1231 2216 quae
1246 2182 1346 2217 pudore
1360 2188 1512 2210 ornamenta
1527 2183 1578 2209 sibi
1595 2184 1705 2218 peperit,

911 2227 941 2244 ea
960 2223 1046 2253 potest
1063 2223 1152 2245 contra
1170 2219 1343 2254 petulantiam
1363 2225 1386 2246 te
1400 2220 1558 2246 defendente
1573 2221 1705 2246 obtinere.-

912 2264 973 2290 spes
988 2260 1036 2287 est,
1053 2261 1077 2282 et
1093 2256 1164 2282 bunc
1179 2257 1306 2283 miserum
1322 2262 1401 2292 atque
1416 2257 1548 2283 infelicem
1564 2257 1708 2292 aliquando

912 2293 1017 2319 tandem
1037 2302 1114 2327 posse
1132 2294 1286 2320 consistere.
1328 2295 1375 2321 Sin
1389 2299 1414 2320 ct
1429 2295 1523 2329 poterit
1538 2295 1653 2320 Naevius
1669 2295 1704 2324 iil.

910 2330 982 2364 quod
999 2330 1075 2361 libet,
1096 2335 1121 2356 et
1135 2331 1158 2356 ci
1175 2331 1280 2361 libebit,
1297 2332 1369 2366 quod
1385 2341 1435 2358 nun
1452 2332 1523 2357 licet:
1546 2332 1612 2366 quid
1627 2341 1707 2367 agen-

889 2376 890 2381 *
910 2368 975 2393 (lum
994 2367 1052 2393 est?
1071 2368 1117 2402 qui
1134 2368 1203 2394 Deus
1221 2368 1398 2402 appellandus
1416 2369 1474 2394 est?
1492 2370 1571 2395 cuius
1591 2369 1706 2396 bominis

888 2401 889 2408 ¹
911 2405 976 2430 tides
992 2404 1155 2439 imploraandi
1170 2405 1227 2431 est?
1244 2406 1291 2440 qni
1305 2406 1421 2448 (linique
1434 2411 1556 2440 (1ιιι51ιι5.
1572 2407 1619 2441 qni
1635 2416 1706 2433 mae-

911 2451 952 2468 ιοι
966 2442 1012 2475 dig:
1005 2450 1066 2467 nus
1080 2442 1194 2468 inveniri
1210 2442 1236 2468 in
1250 2442 1288 2468 cal
1292 2443 1398 2469 ainit·ite
1413 2448 1482 2469 tanta
1498 2449 1596 2477 pottst.
1589 2444 1602 2460 ¹'

964 2469 1064 2505 XXXI.
1081 2481 1122 2505 95.
1145 2479 1271 2505 Miserum
1287 2485 1327 2506 cst
1340 2481 1475 2506 exturbari
1491 2481 1603 2507 fortunis
1619 2484 1705 2508 onini-

911 2516 974 2547 bus;
1002 2517 1127 2542 misciius
1149 2521 1202 2547 est,
1231 2517 1337 2543 iniuria.
1381 2518 1513 2544 Acerbum
1541 2523 1580 2544 est
1601 2519 1634 2544 ab
1657 2519 1705 2545 ιΙί-

886 2569 888 2584 c
908 2562 962 2588 quo
976 2554 1178 2580 rircmnveniri:
1201 2554 1332 2584 acerbius,
1349 2564 1361 2580 a
1378 2556 1536 2589 propinquo.
1564 2555 1703 2582 Calamito-

908 2600 968 2616 sum
988 2596 1028 2617 est
1046 2591 1122 2617 bonis
1141 2592 1236 2617 exerti:
1267 2591 1461 2623 «aluminosum,
1485 2601 1547 2618 cum
1565 2593 1702 2619 (ἰωὴ-,ουτω

909 2628 927 2654 l'
932 2633 1056 2654 {mestum
1071 2633 1110 2654 est
1124 2637 1138 2654 a
1154 2628 1212 2654 fuiti
1227 2633 1306 2663 atqui
1322 2629 1431 2656 honesto
1442 2630 1498 2655 tiro
1512 2630 1642 2665 iugulari;
1663 2631 1703 2657 fu-

909 2666 1024 2696 nestius,
1045 2665 1078 2692 ab
1092 2674 1137 2696 eo
1156 2667 1235 2692 cuius
1250 2674 1302 2692 xox
1316 2667 1342 2692 in
1358 2667 1498 2701 praeconio
1511 2673 1623 2702 quatstn
1644 2677 1702 2702 pio—
