1941 3052
321 141 411 169 PRO
443 142 574 169 DOMO
607 142 696 169 SUA
729 142 785 169 AD
816 142 1136 170 PONTIFICES.
1170 144 1270 171 CAP.

72 212 148 240 luris.
188 213 218 239 In
228 212 307 240 Vacci
318 213 401 248 pratis
411 213 508 240 domus
519 213 571 240 fuit
581 213 616 240 M.
629 213 719 245 Vacci,
734 222 803 248 quae
814 222 865 248 pu-

70 250 167 277 blicata
178 255 218 277 est
229 254 255 277 et
265 259 371 282 eversa,
389 255 418 277 ut
432 250 507 277 illius
521 250 626 277 facinus
642 252 769 277 memoria
781 255 807 277 et
817 259 865 277 no-

70 288 143 314 mine
156 287 205 314 loci
222 291 365 314 notaretur.
405 288 442 314 M,
455 287 584 319 Manlius,
602 297 688 323 quum
703 288 736 314 ab
752 296 864 314 ascensu

71 324 195 359 Capitolii
205 324 343 352 Gallorum
355 325 486 360 impetum
498 325 654 360 repulisset,
672 333 725 352 non
741 325 865 351 fuitcon-

70 366 160 388 tentus
171 362 293 389 beneficii
305 363 347 388 sui
359 362 457 398 gloria:
474 372 586 398 regnum
597 363 732 398 appetisse
743 368 783 388 est
793 362 865 388 iudi-

69 404 159 426 catus:
172 408 234 435 ergo
245 400 304 426 eius
316 400 426 426 domum
437 409 558 426 eversam
570 400 676 427 duobus
689 399 757 426 lucis
767 408 866 426 conve-

69 437 160 463 stitam
170 437 278 464 videtis.
319 437 403 470 Quam
418 438 501 473 igitur
512 438 625 464 maiores
636 438 719 464 nostri
730 437 865 463 sceleratis

69 483 100 501 ac
115 474 223 501 nefariis
238 475 345 501 civibus
362 476 505 502 maximam
521 484 633 510 poenam
648 475 775 501 constitui
786 483 865 509 posse

69 512 188 538 arbitrati
203 517 279 545 sunt,
303 512 423 539 eamdem
439 521 488 549 ego
503 513 602 539 subibo
615 521 646 538 ac
660 512 813 543 sustinebo,
835 516 865 538 ut

69 549 142 584 apud
158 554 277 584 posteros
293 555 396 576 nostros
412 559 464 577 non
480 551 625 576 exstinctor
637 549 828 576 coniurationis
840 553 865 575 et

69 586 192 618 sceleris,
210 587 258 613 sed
272 592 363 614 auctor
374 592 399 614 et
410 587 467 614 dux
478 587 561 614 fuisse
573 586 682 613 videar?
712 588 769 613 ⁴02.
792 587 864 613 Hanc

69 632 141 656 vero,
155 624 305 659 pontifices,
323 624 409 651 labem
421 624 597 659 turpitudinis
608 629 633 650 et
643 624 806 650 constantiae
817 632 865 658 po-

69 662 130 688 terit
145 662 239 697 populi
252 663 363 689 Romani
379 661 496 697 dignitas
512 662 658 692 sustinere,
680 662 743 688 vivo
758 666 862 692 senatu,

68 699 146 726 vobis
158 700 325 735 principibus
338 700 439 734 publici
450 699 569 730 consilii,
586 704 614 725 ut
625 699 721 725 domus
732 699 768 725 M.
782 699 864 725 Tullii

69 736 205 763 Ciceronis
220 746 282 764 cum
298 737 376 763 domo
388 737 477 763 Fulvii
489 737 575 763 Flacci
589 736 622 762 ad
633 737 788 762 memoriam
801 745 865 770 poe-

69 782 118 800 nae
138 774 246 809 publice
261 775 420 801 constitutae
436 775 576 800 coniuncta
591 782 650 800 esse
666 773 806 800 videatur?
825 774 861 800 M.

69 811 194 843 Flaccus,
211 813 274 847 quia
290 821 351 838 cum
364 812 393 838 C.
407 811 526 838 Graccho
540 816 630 838 contra
646 811 760 837 salutem
772 811 864 845 reipu-

68 849 153 875 blicae
164 848 274 880 fecerat,
293 854 317 875 et
329 853 438 875 senatus
449 849 580 875 sententia
595 853 636 874 est
651 848 820 879 interfectus,
838 853 864 874 et

67 887 126 913 cius
141 886 238 913 domus
253 895 345 913 eversa
362 891 387 913 et
402 886 537 921 publicata
551 890 605 912 est:
627 886 655 912 in
665 895 719 921 qua
731 887 863 920 porticum

67 928 128 959 post
138 924 274 959 aliquanto
284 924 315 956 Q.
324 923 434 950 Catulus
445 924 478 950 de
489 923 625 950 manubiis
637 923 779 950 Cimbricis
791 923 862 950 feeit.

67 962 118 988 Ista
130 966 218 988 autem
231 961 275 988 sax
289 970 318 987 ac
334 961 404 988 furia
421 961 534 996 patriae,
551 969 637 996 quum
653 961 752 987 Urbem
767 961 863 987 Pisone

67 1003 93 1026 et
104 999 219 1026 Gabinio
230 999 345 1025 ducibus
357 999 485 1034 cepisset,
503 1003 673 1033 occupasset,
687 1003 795 1029 teneret,
809 1007 862 1025 uno

67 1036 214 1071 eodemque
234 1041 352 1072 tempore
373 1041 398 1062 et
418 1036 561 1063 clarissimi
582 1036 633 1062 viri
654 1037 751 1062 mortui
767 1045 864 1062 monu-

67 1079 154 1100 menta
171 1074 288 1105 delebat,
306 1078 332 1100 et
343 1082 429 1100 meam
441 1073 551 1100 domum
563 1082 624 1100 cum
636 1074 672 1100 M.
685 1073 772 1100 Flacci
784 1073 863 1100 domo

65 1111 259 1147 coniungebat:
281 1116 324 1142 ut,
342 1120 394 1147 qua
410 1119 494 1146 poena
506 1115 614 1138 senatus
626 1111 863 1138 affecerateverso-

66 1157 122 1175 rem
133 1149 263 1180 civitatis,
286 1149 378 1176 eadem
390 1149 453 1180 iste,
477 1157 605 1183 oppresso
616 1153 723 1180 senatu,
746 1148 863 1175 afficeret

65 1195 141 1218 eum,
158 1195 239 1222 quem
257 1192 345 1222 patres
360 1187 504 1221 conscripti
519 1186 659 1212 custodem
675 1186 774 1221 patriae
790 1186 863 1212 iudi-

65 1229 179 1251 cassent.
219 1224 349 1251 XXXIX.
365 1226 421 1250 ⁴03.
438 1224 510 1250 Hanc
522 1224 622 1250 veroin
633 1224 823 1258 Palatioatque
834 1224 861 1249 in

66 1261 247 1296 pulcherrimo
257 1262 336 1289 Urbis
349 1262 405 1288 loco
416 1262 547 1296 porticum
559 1269 617 1287 esse
628 1262 775 1296 patiemini,
791 1261 863 1287 furo-

66 1299 103 1325 ris
115 1299 261 1331 tribunicii,
275 1299 384 1326 seeleris
396 1298 729 1330 consularis,crudelitatis
740 1300 863 1325 coniura-

67 1341 166 1367 torum,
185 1336 343 1363 calamitatis
359 1336 536 1371 reipublicae,
558 1335 657 1362 doloris
673 1337 727 1362 mei
742 1336 861 1362 defixum

65 1373 195 1400 indicium
218 1374 251 1400 ad
272 1375 426 1400 memoriam
447 1374 568 1400 omnium
584 1374 705 1409 gentium
721 1374 863 1408 sempiter-

65 1410 146 1438 nam?
164 1420 245 1446 quam
266 1412 399 1447 porticum
420 1420 467 1446 pro
487 1419 585 1442 amore,
607 1419 688 1446 quem
710 1411 814 1437 habetis
834 1412 862 1437 in

65 1449 259 1483 rempublicam
275 1454 301 1475 et
311 1457 417 1484 semper
432 1448 580 1479 habuistis,
598 1457 650 1474 non
662 1448 740 1475 modo
756 1453 863 1475 senten-

64 1487 118 1517 tiis,
132 1486 188 1518 sed,
202 1487 225 1513 si
236 1495 303 1521 opus
315 1491 394 1517 essct,
407 1486 532 1512 manibus
544 1486 641 1512 vestris
652 1486 803 1512 disturbare
814 1495 862 1513 cu-

65 1524 173 1558 peretis.
213 1524 270 1550 Nisi
286 1532 367 1559 quem
385 1523 450 1550 forte
466 1523 540 1550 illius
555 1523 701 1550 castissimi
716 1524 861 1550 sacerdotis

64 1562 250 1596 superstitiosa
261 1561 393 1588 dedicatio
403 1561 527 1587 deterret.

121 1599 177 1625 404.
199 1598 221 1625 O
236 1607 306 1630 rem,
323 1607 405 1634 quam
421 1599 543 1625 homines
559 1597 641 1624 soluti
652 1598 738 1624 ridere
750 1607 801 1625 non
814 1598 862 1625 de-

63 1635 165 1667 sinant,
188 1636 318 1662 tristiores
339 1640 429 1662 autem
450 1636 508 1662 sine
528 1636 647 1662 maximo
663 1635 753 1662 dolore
767 1636 860 1663 audire

64 1681 115 1700 non
128 1674 245 1708 possint!
258 1673 407 1700 Publiusne
419 1672 538 1704 Clodius,
551 1673 599 1708 qui
611 1682 644 1700 ex
656 1674 791 1708 pontificis
803 1682 861 1700 ma-

63 1710 130 1737 ximi
150 1710 228 1738 domo
248 1710 406 1747 religionem
426 1711 538 1746 eripuit,
560 1711 584 1737 is
604 1711 632 1737 in
649 1719 736 1738 meam
752 1711 862 1738 intulit?

63 1747 196 1775 hunccine
219 1757 277 1780 vos,
300 1749 348 1784 qui
369 1749 433 1775 estis
449 1749 582 1775 antistites
597 1749 819 1775 caerimoniarum
836 1753 862 1775 et

63 1793 208 1817 sacrorum,
231 1790 366 1813 auctorem
387 1786 491 1812 habetis
510 1791 536 1813 et
556 1786 715 1822 magistrum
736 1787 861 1822 publicae

64 1822 220 1859 religionis?
239 1823 261 1850 Ο
276 1823 313 1850 dii
329 1823 507 1850 immortales!
524 1824 583 1859 (vos
600 1824 672 1850 enim
687 1824 753 1851 haec
767 1825 860 1851 audire

62 1860 152 1895 cupio)
163 1861 192 1887 P.
205 1860 315 1887 Clodius
327 1865 413 1888 vestra
425 1870 499 1888 sacra
510 1860 603 1888 curat‘?
622 1866 743 1888 vestrum
760 1871 860 1889 numen

63 1897 170 1924 horret?
189 1906 231 1924 res
241 1907 334 1925 omnes
347 1898 478 1925 humanas
490 1899 619 1935 religione
631 1904 718 1926 vestra
729 1900 860 1926 contineri

63 1934 157 1969 putat?
175 1935 224 1961 llic
235 1944 286 1962 non
296 1935 387 1962 illudit
398 1936 546 1963 auctoritati
559 1936 655 1963 horum
666 1938 798 1969 omnium,
811 1938 860 1973 qui

63 1971 174 2003 adsunt,
191 1981 360 1999 summorum
372 1973 510 2000 virorum?
529 1982 581 2000 non
593 1979 695 2006 vestra,
709 1975 858 2009 pontifices,

62 2010 191 2045 gravitate
203 2009 340 2037 abutitur‘?
362 2011 403 2037 Ex
417 2011 470 2037 isto
483 2019 528 2037 ore
539 2010 677 2046 religionis
688 2013 802 2039 verbum
814 2022 862 2040 ex-

63 2046 151 2073 cidere
163 2051 209 2073 aut
219 2047 288 2073 elabi
301 2048 405 2082 potest‘?
424 2056 506 2083 quam
518 2052 546 2074 tu
558 2049 651 2075 eodem
662 2057 716 2081 ore,
732 2058 861 2077 accusan-

62 2083 97 2111 do
107 2089 244 2116 senatum,
258 2085 330 2120 quod
342 2093 434 2111 severe
444 2085 477 2112 de
488 2085 618 2122 religione
628 2086 795 2118 decerneret,
808 2089 861 2114 im-

63 2122 210 2156 purissime
221 2123 425 2158 taeterrimeque
436 2122 552 2149 violasti.
587 2123 644 2150 XL.
661 2125 717 2150 ⁴05.
730 2125 858 2160 Aspicite,

63 2159 186 2194 aspicite,
201 2160 353 2194 pontifices.
367 2160 502 2186 hominem
515 2160 686 2196 religiosum,
701 2166 734 2193 et,
748 2162 771 2188 si
784 2163 860 2189 vobis

62 2196 181 2228 videtur,
195 2196 276 2232 (quod
289 2201 329 2223 est
340 2197 469 2224 bonorum
481 2198 659 2233 pontificum)
671 2204 775 2226 monete
786 2208 857 2232 eum,

62 2233 172 2261 modum
188 2234 332 2269 quemdam
348 2243 408 2261 esse
423 2234 576 2270 religionis:
599 2237 714 2263 nimium
734 2245 794 2264 esse
813 2246 861 2264 su-

62 2272 246 2306 perstitiosum
259 2281 310 2299 non
323 2276 453 2307 oportere.
468 2272 539 2304 Quid
551 2273 599 2299 tibi
612 2282 721 2300 necesse
732 2274 783 2301 suit
794 2275 859 2302 anili

62 2309 264 2344 superstitione,
283 2310 362 2336 homo
374 2309 500 2341 fanatice,
518 2310 693 2342 sacrificium,
710 2312 783 2346 quod
795 2312 860 2338 alie-

62 2353 111 2373 nae
122 2346 194 2373 domi
206 2346 292 2378 lieret,
308 2346 443 2374 invisere?
462 2355 531 2383 quae
542 2351 630 2374 autem
643 2353 667 2374 te
679 2353 749 2375 tanta
761 2350 859 2376 mentis

61 2383 233 2411 imbecillitas
249 2385 348 2416 tenuit,
371 2389 401 2411 ut
417 2393 468 2411 non
485 2389 606 2419 putares,
629 2385 693 2411 deos
704 2387 770 2412 satis
781 2395 860 2421 posse

62 2420 175 2456 placari,
193 2421 244 2448 nisi
260 2422 339 2448 etiam
353 2422 533 2449 muliebribus
545 2422 721 2458 religionibus
732 2428 756 2450 te
768 2424 860 2458 impli-

61 2457 184 2485 cuisses?
193 2467 275 2494 quem
287 2468 415 2495 umquam
427 2459 527 2486 audisti
538 2460 669 2486 maiorum
682 2464 798 2491 tuorum,
811 2462 858 2496 qui

61 2499 88 2522 et
97 2503 171 2522 sacra
183 2497 285 2531 privata
296 2497 445 2528 coluerunt,
453 2501 478 2524 et
489 2497 605 2532 publicis
617 2497 772 2524 sacerdotiis
783 2506 860 2533 prae-

62 2531 183 2564 fuerunt.
205 2542 291 2569 quum
312 2535 474 2561 sacrificium
490 2535 577 2561 Bonae
591 2534 656 2561 deae
672 2535 754 2566 tieret,
777 2537 860 2562 inter-

62 2568 165 2597 fuisse?
175 2571 323 2604 Neminem.
339 2580 370 2599 ne
381 2572 459 2599 illum
470 2572 591 2608 quidem,
604 2572 651 2607 qui
663 2581 757 2598 caecus
767 2578 809 2599 est
820 2573 860 2599 sa-

61 2610 131 2633 ctus.
162 2607 203 2634 Ex
212 2616 267 2643 quo
277 2609 446 2646 intelligitur.
460 2610 543 2636 multa
554 2609 581 2635 in
593 2610 646 2636 vita
659 2609 725 2636 salso
736 2610 858 2637 homines

61 2644 178 2679 opinari:
200 2653 286 2680 quum
298 2646 353 2678 ille,
365 2647 412 2682 qui
425 2646 492 2674 niliil
505 2646 607 2673 viderat
617 2647 714 2678 sciens.
728 2647 800 2683 quod
812 2656 858 2674 ne-

61 2679 102 2708 fas
112 2685 196 2714 esset.
215 2682 316 2711 lumina
327 2685 430 2718 amisit3
451 2685 546 2716 istius,
559 2685 606 2720 qui
619 2693 670 2711 non
681 2684 769 2712 solum
781 2694 859 2721 nspe—

1306 147 1337 172 35
1357 161 1393 165 —
1415 147 1456 173 42.
1659 148 1708 174 487

916 218 973 245 ctu,
991 214 1039 240 sed
1054 215 1134 241 etiam
1149 215 1250 243 incesto
1264 215 1362 253 flagitio
1376 222 1402 244 et
1416 221 1509 252 stupro
1521 217 1617 252 polluit
1627 218 1710 244 caeri-

917 252 1032 283 monias,
1050 261 1133 286 poena
1148 254 1236 280 omnis
1251 254 1389 281 oculorum
1405 255 1439 281 ad
1449 256 1599 281 caecitatem
1612 256 1709 281 mentis

917 293 957 315 est
967 297 1105 316 conversa.
1145 290 1199 317 Hoc
1215 296 1319 318 auctore
1334 296 1387 318 tam
1402 297 1487 323 casto,
1505 297 1558 318 tam
1574 292 1708 328 religioso,

916 330 969 352 tam
981 331 1084 359 sancto,
1098 331 1151 353 tam
1163 328 1220 362 pio,
1234 329 1353 363 potestis,
1370 330 1517 364 pontifices,
1530 339 1582 356 non
1593 338 1711 356 commo-

916 364 981 394 veri,
994 372 1080 399 quum
1091 366 1149 391 suis
1160 366 1230 392 dicat
1241 375 1269 392 se
1280 367 1404 393 manibus
1415 367 1525 394 domum
1537 368 1605 394 civis
1616 367 1710 402 optimi

916 402 1053 432 evertisse,
1067 406 1092 428 et
1103 410 1159 428 eam
1172 403 1267 430 iisdem
1280 405 1404 431 manibus
1416 404 1603 431 consecrasse?

972 440 1029 464 ⁴06.
1051 438 1124 470 Quae
1135 444 1180 466 tua
1193 440 1242 466 suit
1255 442 1436 468 consecratio?
1456 442 1593 473 Tuleram,
1611 442 1709 476 inquit,

916 479 945 501 ut
957 476 1023 501 mihi
1036 475 1135 502 liceret.
1167 477 1256 509 Quid?
1275 488 1327 505 non
1339 488 1489 514 exceperas.
1503 484 1541 511 ut,
1555 480 1579 506 si
1590 480 1656 515 quid
1668 480 1710 506 ius

916 521 968 538 non
979 518 1049 539 esset
1061 514 1159 549 rogari,
1178 524 1210 541 ne
1221 521 1291 542 esset
1302 517 1443 552 rogatum‘.⁷
1462 518 1506 544 Ius
1519 518 1602 554 igitur
1611 521 1710 543 statue-

916 550 950 576 tis
961 558 1034 581 esse,
1052 552 1133 577 unius
1145 553 1278 587 cuiusque
1294 559 1412 581 vestrum
1429 555 1519 586 sedes,
1537 564 1609 586 aras,
1627 554 1708 584 focos,

916 587 979 614 deos
1000 593 1109 622 penates
1130 589 1265 616 subiectos
1285 599 1344 617 esse
1366 591 1471 619 libidini
1487 591 1663 619 tribuniciae?
1682 592 1710 618 in

915 633 996 659 quern
1008 626 1124 660 quisque
1135 635 1182 660 per
1193 627 1314 654 homines
1328 630 1471 656 concitatos
1487 631 1606 661 irruerit,
1628 638 1710 664 quem

915 663 1017 696 impetu
1030 663 1184 697 perculerit,
1202 664 1284 691 huius
1297 666 1407 692 domum
1419 676 1471 694 non
1483 667 1570 693 solum
1582 666 1708 702 affligere,

915 700 988 734 quod
999 705 1039 726 est
1050 702 1197 734 praesentis
1208 703 1336 734 insaniae,
1350 705 1427 738 quasi
1439 705 1604 739 tempestatis
1616 713 1711 739 repen-

916 738 998 768 tinae,
1013 738 1060 763 sed
1071 739 1150 765 etiam
1162 740 1189 765 in
1202 744 1339 774 posterum
1352 746 1457 776 tempus
1470 742 1597 777 religione
1609 742 1710 776 sempi-

915 779 988 800 terna
999 775 1135 810 obligare?
1164 776 1231 803 XLI.
1248 779 1303 804 ⁴07.
1316 779 1448 813 Equidem
1460 780 1500 805 sic
1511 780 1608 814 accepi,
1623 779 1711 814 ponti-

916 812 986 843 flces,
1003 813 1030 838 in
1042 813 1218 849 religionibus
1229 816 1410 850 suscipiendis
1421 821 1501 851 caput
1511 825 1570 843 esse
1580 817 1710 851 interpre-

916 849 977 881 tari,
995 858 1064 885 quae
1080 851 1204 878 voluntas
1220 852 1331 879 deorum
1345 854 1537 880 immortalium
1549 863 1608 881 esse
1620 854 1711 879 videa-

915 891 970 913 tur:
995 896 1042 914 nec
1053 892 1093 914 est
1104 888 1158 914 ulla
1170 897 1231 925 erga
1243 890 1306 916 deos
1318 891 1416 925 pietas,
1431 892 1482 918 nisi
1495 892 1604 918 honesta
1615 891 1648 917 de
1660 899 1711 917 nu-

915 925 986 950 mine
997 933 1087 951 eorum
1100 935 1129 952 ac
1140 931 1228 953 mente
1239 928 1430 963 opini0‚quum
1442 930 1530 964 expeti
1543 929 1610 956 nihil
1622 929 1654 955 ab
1665 929 1708 958 iis,

914 962 987 997 quod
998 963 1032 988 sit
1043 963 1174 989 iniustum
1186 969 1266 999 atque
1277 965 1463 997 inhonestum,
1481 967 1617 993 arbitrere.
1659 966 1711 992 Ho-

915 1000 1015 1026 minem
1026 1001 1147 1027 invenire
1159 1001 1208 1028 ista
1221 1002 1293 1029 labes
1305 1008 1361 1029 tum
1370 1025 1376 1035 ,
1394 1013 1479 1039 quum
1494 1005 1582 1030 omnia
1594 1003 1708 1034 tenebat,

915 1038 1050 1064 neminem
1063 1039 1161 1073 potuit,
1178 1040 1222 1065 eui
1234 1048 1305 1066 meas
1317 1041 1396 1067 aedes
1407 1042 1552 1073 addiceret,
1570 1042 1614 1068 cui
1625 1041 1711 1067 trade-

915 1079 962 1106 ret,
975 1075 1018 1101 cui
1030 1075 1153 1103 donaret:
1175 1077 1234 1111 ipse
1245 1086 1331 1112 quum
1343 1078 1392 1105 loci
1404 1079 1492 1110 illius,
1506 1088 1591 1114 quum
1603 1079 1710 1105 aedium

914 1112 1060 1146 cupiditate
1081 1112 1215 1149 flagraret,
1238 1116 1272 1141 ob
1290 1124 1404 1151 eamque
1418 1125 1539 1143 caussam
1555 1125 1636 1143 unam
1658 1124 1710 1142 una

915 1150 984 1176 iusta
996 1150 1041 1176 illa
1054 1152 1187 1186 rogatione
1200 1161 1247 1178 sua
1260 1154 1300 1179 vir
1312 1154 1399 1180 bonus
1411 1154 1551 1180 dominum
1562 1155 1630 1180 sein
1642 1154 1710 1180 meis

914 1187 991 1213 bonis
1003 1196 1061 1214 esse
1073 1188 1216 1216 voluisset:
1232 1194 1319 1217 tamen
1332 1191 1377 1218 illo
1389 1192 1447 1226 ipso
1459 1193 1485 1218 in
1498 1191 1586 1218 surore
1598 1200 1647 1218 suo
1658 1200 1709 1218 uon

913 1229 954 1251 est
964 1234 1046 1251 ausus
1058 1234 1144 1252 meam
1157 1227 1276 1258 domum.
1285 1230 1363 1255 euius
1374 1229 1518 1264 cupiditate
1530 1229 1710 1256 inflammatus

914 1267 981 1294 erat⁷
1000 1263 1145 1297 possidere.
1185 1265 1250 1291 Deos
1262 1266 1425 1293 immortales
1441 1267 1614 1298 existimatis,
1632 1267 1710 1293 cuius

915 1299 1003 1326 labore
1019 1305 1044 1327 et
1059 1301 1171 1328 consilio
1186 1311 1234 1328 sua
1250 1303 1301 1338 ipsi
1318 1305 1416 1339 templa
1434 1310 1589 1335 tenuerunt,
1608 1305 1635 1330 in
1651 1305 1710 1330 eius

914 1337 1024 1363 domum
1041 1337 1164 1365 afflictam
1180 1344 1206 1365 et
1216 1348 1336 1367 eversam
1349 1350 1395 1376 per
1406 1343 1486 1368 unius
1499 1343 1615 1368 hominis
1626 1341 1711 1367 scele—

915 1375 1042 1401 ratissimi
1065 1375 1195 1402 nefarium
1217 1377 1384 1405 latrocinium
1405 1380 1558 1414 immigrare
1575 1377 1711 1405 voluisse?

916 1413 973 1438 408.
990 1413 1063 1438 Civis
1075 1418 1115 1439 est
1126 1422 1203 1440 nemo
1215 1415 1242 1440 in
1254 1420 1325 1442 tanto
1336 1416 1448 1451 populo.
1462 1422 1534 1443 extra
1546 1417 1710 1443 contamina-

915 1454 966 1475 tam
979 1449 1053 1476 illam
1065 1455 1090 1476 et
1100 1456 1237 1477 cruentam
1250 1453 1277 1479 Ρ.
1291 1453 1375 1480 Clodii
1391 1463 1514 1484 manum,
1532 1455 1579 1489 qui
1595 1462 1649 1480 rem
1667 1453 1710 1479 ul-

915 1486 965 1513 lam
977 1487 1010 1513 de
1022 1488 1088 1513 meis
1100 1488 1176 1515 bonis
1188 1490 1311 1525 attigerit.
1325 1492 1371 1526 qui
1385 1500 1434 1517 non
1448 1500 1494 1526 pro
1505 1492 1562 1517 suis
1573 1491 1670 1526 opibus
1682 1491 1708 1517 in

914 1524 958 1550 illa
971 1529 1126 1559 tempestate
1137 1526 1294 1554 defenderit.
1321 1529 1362 1559 At,
1376 1529 1423 1563 qui
1436 1529 1523 1563 aliqua
1535 1537 1563 1554 se
1575 1528 1710 1564 contagio-

914 1570 946 1588 ne
966 1562 1092 1596 praedae³
1116 1565 1262 1596 societatis,
1286 1566 1429 1600 emptionis
1450 1567 1706 1597 contaminaverunt,

914 1599 1016 1626 nullius
1029 1609 1115 1635 neque
1127 1603 1222 1636 privati
1236 1612 1322 1638 neque
1335 1604 1435 1638 publici
1449 1604 1540 1629 iudicii
1552 1602 1710 1638 poenamet'-

914 1637 1005 1673 sugere
1017 1642 1170 1671 potuerunt.
1204 1640 1244 1666 Ex
1257 1641 1298 1666 liis
1311 1641 1392 1676 igitur
1403 1641 1490 1671 bonis.
1505 1650 1619 1676 quoi-um
1632 1649 1710 1667 nemo

913 1683 968 1701 rem
981 1675 1064 1701 ullam
1076 1677 1176 1711 attigit,
1194 1678 1240 1712 qui
1257 1687 1306 1704 uon
1319 1679 1438 1704 omnium
1451 1679 1550 1704 iudicio
1560 1679 1709 1704 sceleratis-

912 1713 1000 1739 simus
1012 1713 1167 1745 baberetur,
1187 1715 1224 1741 dii
1242 1716 1405 1742 immortales
1419 1716 1528 1742 domum
1546 1725 1630 1742 meam
1646 1724 1710 1742 con-

912 1750 1093 1785 cupiverunt?
1113 1752 1162 1778 Ista
1179 1756 1222 1778 tua
1235 1753 1346 1787 pulchra
1359 1754 1478 1779 Libertas
1489 1753 1552 1779 deos
1565 1758 1672 1788 penates
1684 1758 1710 1779 et

913 1787 1058 1815 familiares
1070 1797 1143 1815 meos
1156 1789 1222 1816 lares
1235 1790 1347 1825 expulit.
1356 1796 1385 1817 ut
1396 1800 1409 1816 a
1422 1795 1446 1817 te
1458 1791 1524 1825 ipsa,
1535 1796 1668 1825 tamquam
1681 1791 1708 1816 in

912 1826 1026 1860 captivis
1038 1826 1159 1857 sedibus.
1173 1827 1363 1854 collocaretur?
1379 1830 1433 1854 ⁴09.
1445 1828 1515 1861 Quid
1527 1834 1567 1855 est
1579 1829 1706 1858 sanctius,

912 1863 979 1898 quid
990 1864 1062 1890 omni
1075 1864 1203 1899 religione
1215 1867 1356 1897 munitiuS,
1367 1875 1448 1901 quam
1461 1866 1557 1892 domus
1569 1867 1650 1892 unius
1661 1874 1709 1892 cu-

913 1902 1010 1936 iusque
1021 1902 1142 1928 civium?
1153 1903 1199 1928 llic
1211 1912 1269 1929 arae
1281 1908 1352 1934 sunt,
1362 1903 1404 1929 liic
1417 1903 1476 1933 soei,
1486 1903 1528 1929 liic.
1539 1903 1576 1930 (lii
1589 1908 1706 1938 penates:

913 1939 956 1965 hic
976 1948 1059 1968 sacra,
1083 1939 1234 1975 religiones,
1258 1941 1434 1967 caerimoniae
1454 1942 1636 1967 continentur:
1661 1941 1709 1966 lioc

913 1976 1065 2012 perfugium
1078 1982 1118 2003 est
1130 1978 1164 2003 ita
1175 1983 1296 2004 sanctum
1309 1979 1444 2009 omuibus,
1454 1984 1481 2005 ut
1493 1979 1554 2004 inde
1565 1978 1650 2013 abripi
1663 1986 1709 2004 ne-

912 2014 1011 2040 minem
1026 2014 1064 2040 sas
1075 2015 1120 2040 sit.
1161 2015 1242 2042 XLII.
1264 2016 1322 2048 Quo
1337 2017 1423 2051 magis
1438 2021 1478 2042 est
1494 2015 1566 2042 furor
1580 2017 1658 2042 istius
1675 2015 1708 2041 ab

912 2052 1024 2077 auribus
1037 2052 1133 2078 vestris
1144 2052 1329 2087 repellendus,
1342 2055 1389 2089 qui
1398 2074 1404 2084 ,
1421 2062 1490 2088 quae
1501 2054 1614 2079 maiores
1626 2053 1707 2079 nostri

913 2089 1089 2125 religionibus
1110 2094 1165 2116 tuta
1187 2090 1264 2117 nobis
1280 2096 1305 2117 et
1319 2096 1409 2117 sancta
1424 2099 1483 2117 esse
1500 2091 1655 2121 voluerunt,
1678 2098 1708 2116 ea

913 2126 961 2152 iste
981 2135 1033 2153 non
1055 2127 1142 2153 solum
1162 2132 1252 2154 contra
1274 2128 1430 2164 religionem
1454 2128 1633 2159 labefactavit,
1661 2127 1707 2154 sed

912 2164 991 2190 etiam
1004 2165 1091 2198 ipsius
1104 2165 1241 2201 religionis
1254 2166 1361 2192 nomine
1373 2166 1477 2192 evertit.

970 2203 1025 2227 ΗΟ.
1038 2201 1072 2228 At
1082 2211 1151 2236 quae
1162 2202 1209 2228 dea
1221 2202 1279 2228 est?
1289 2203 1386 2229 Bonam
1398 2211 1457 2229 esse
1468 2207 1577 2238 oportet,
1586 2202 1708 2237 quando-

911 2238 1022 2272 quidem
1043 2243 1083 2264 est
1099 2239 1146 2265 abs
1163 2244 1186 2265 te
1202 2239 1331 2266 dedicata.
1375 2240 1508 2270 Libertas,
1531 2240 1632 2275 inquit.
1656 2244 1705 2265 est.

912 2276 976 2301 Eam
990 2280 1016 2301 tu
1029 2276 1112 2310 igitur
1122 2276 1194 2302 domi
1206 2285 1279 2303 mene
1289 2277 1437 2307 collocasti,
1451 2286 1532 2312 quam
1544 2285 1576 2303 ex
1588 2277 1656 2303 Urbe
1669 2281 1707 2302 to-

912 2317 935 2338 ta
947 2313 1101 2339 sustulisti?
1111 2313 1160 2343 Tu,
1173 2322 1258 2348 quum
1271 2314 1386 2349 collegas
1398 2319 1580 2343 tuos,summn
1592 2319 1708 2348 potcsta-

912 2354 935 2376 te
947 2349 1094 2384 praeditos.
1112 2359 1222 2385 negares
1236 2351 1332 2377 liberos
1343 2359 1415 2377 esse:
1438 2360 1523 2386 quum
1536 2352 1562 2377 in
1575 2350 1705 2385 templum

911 2387 1027 2413 Castoris
1038 2387 1126 2413 aditus
1137 2392 1207 2414 essct
1217 2393 1325 2423 apertus
1336 2389 1450 2415 nemini:
1473 2396 1557 2423 quum
1571 2388 1642 2414 hunc.
1653 2388 1708 2414 ela-

911 2425 1050 2451 rissimum
1063 2425 1150 2451 virum
1159 2446 1165 2455 ,
1182 2434 1290 2451 summo
1299 2434 1395 2461 genere
1406 2430 1496 2452 natum
1505 2446 1511 2456 ,
1529 2426 1644 2451 summis
1659 2434 1707 2460 po-

911 2461 968 2496 puli
991 2462 1128 2488 beneflciis
1149 2471 1238 2493 usum,
1263 2463 1414 2497 {mutitieem
1435 2468 1460 2489 et
1479 2462 1656 2493 consularem,
1680 2468 1707 2489 et

910 2499 1041 2534 singulari
1059 2499 1174 2526 bonitate
1189 2500 1353 2526 etmodestia
1366 2500 1525 2535 praeditum.
1539 2500 1629 2536 (quem
1641 2501 1706 2527 satis

910 2537 1014 2568 mirari,
1030 2537 1132 2572 quibus
1143 2538 1228 2564 oculis
1239 2538 1358 2573 aspicere
1369 2538 1476 2568 audens,
1495 2547 1545 2564 non
1557 2538 1647 2573 queo.)
1658 2546 1706 2564 au-

909 2574 998 2600 diente
1015 2574 1114 2609 populo
1129 2575 1247 2602 Romano
1261 2584 1275 2601 n
1292 2575 1447 2610 pedisequis
1461 2575 1611 2602 conculcari
1628 2575 1706 2602 iube-

910 2620 966 2638 res:
979 2620 1065 2646 quum
1076 2612 1261 2639 indemnatum
1274 2613 1439 2643 exturbares.
1454 2612 1603 2649 privilegiis
1615 2617 1705 2649 tyrun-

910 2649 977 2675 nicis
994 2650 1130 2686 irrogatis:
1151 2659 1236 2685 quum
1253 2650 1400 2685 principem
1416 2651 1488 2677 orbis
1509 2655 1593 2677 terrae
1614 2651 1703 2677 virum

909 2686 1044 2714 inclusum
1058 2687 1130 2714 domi
1145 2688 1309 2715 contineres:
1331 2696 1415 2723 quum
1434 2687 1520 2715 forum
1536 2688 1644 2714 armatis
1660 2696 1703 2714 ea-
