1941 3052
218 130 226 153 l
238 129 244 152 l
254 128 281 152 Μ
782 122 838 147 ⁴22.

213 197 300 223 nolum
314 196 410 229 legitis,
427 199 510 220 vestra
523 193 629 221 uniatis,
653 197 754 217 ceteros
764 199 859 216 caussa
872 190 1004 223 incognita

213 234 406 260 coniti-inmitis.
447 231 523 257 Velut
534 240 546 255 n
559 235 582 255 t«-
595 230 652 263 ipsn
665 229 787 254 lit-sterno
797 227 842 253 die
852 227 1006 253 dictumest

214 280 294 297 υιιιιηι
309 270 442 296 fatidicam
458 267 582 302 πρόνοιαν
597 276 609 291 n
622 267 719 291 Stoicis
732 265 836 295 induci,
857 264 882 290 id
894 269 933 290 est
945 273 1007 298 pro-

216 308 371 334 videnum
402 305 477 337 Quod
493 314 523 330 eo
534 313 621 329 errore
632 303 735 332 dixisti,
747 303 810 337 quia
822 302 961 328 existimas
973 301 1006 327 al)

215 346 257 371 liis
269 344 463 379 providentiam
477 342 540 375 fingi
552 341 630 375 quasi
641 339 787 374 quenulam
799 338 1007 373 deamsingula-

215 391 279 411 rem,
293 390 360 415 quae
373 379 503 405 mundum
515 387 621 404 omnem
633 378 765 411 gubernet
775 382 800 403 et
812 382 897 411 regat:
921 376 967 401 sed
980 376 1005 402 id

213 419 331 454 praecise
343 417 450 442 dicitur.
482 417 523 442 74.
547 415 587 445 Ut,
600 415 622 440 si
635 415 697 449 quis·
707 414 786 443 dicat,
800 414 1006 440 Atheniensium

214 454 409 489 rempublicam
420 453 532 479 consilio
545 453 614 486 regi.
632 452 702 478 desit
715 451 780 477 illud
794 451 935 483 Areopuyt:
956 452 1004 481 sic,

212 501 296 527 quum
309 491 425 517 dit-imus
437 490 605 525 providentia
621 488 1007 518 mumdumadministrandu-

212 539 270 555 ‹mso
286 529 426 555 arbitrator
439 530 552 554 deorum.
594 527 672 553 I’lene
689 531 777 552 autem
793 530 819 552 et
837 525 952 560 perfecte
968 527 1007 551 sic

212 567 264 593 dici
281 567 446 595 existimato.
470 564 638 599 providentia
653 564 763 590 deorum
776 562 908 589 mundum
920 562 1007 588 adrni-

213 604 328 630 nistrari.
370 604 405 629 lta
417 602 500 628 salem
513 602 608 632 istum,
631 610 685 637 quo
696 605 767 627 caret
778 605 865 626 vestra
877 600 960 630 natio,
980 600 1006 626 in

212 640 356 667 irridendis
368 640 445 666 nobis
458 639 565 666 nolitote
576 637 1006 669 consumere,etmeliercle,sime

211 678 336 709 audiatis,
351 686 382 704 ne
395 677 572 712 experiamini
584 676 705 711 quidem.
729 677 785 702 Non
797 675 882 705 decet.
897 683 947 700 non
959 674 1007 700 da-

212 721 267 742 tum
279 720 327 745 est,
342 724 393 741 non
407 714 527 749 potestis.
569 714 622 740 Nec
634 722 696 740 vero
708 713 756 739 lioc
772 713 798 739 in
811 718 835 739 te
847 721 931 738 unum
943 720 1007 738 con-

211 753 294 783 venit,
308 752 429 778 moribus
440 751 595 778 domesticis
606 760 635 777 ac
647 756 796 777 nostrorum
810 750 949 776 hominum
962 758 1007 775 ur-

211 790 327 816 bunitnte
340 789 476 816 limatum:
494 789 540 815 sed
553 797 638 823 quum
651 789 677 814 in
690 787 808 822 reliquos
820 792 935 817 vestros,
950 791 1006 812 tum

211 828 238 854 in
250 835 312 853 eum
326 828 456 857 maxime,
470 826 518 861 qui
531 827 578 852 ista
592 826 708 860 peperit,
722 825 858 851 bominem
870 825 928 850 sine
941 829 1004 855 arte,

210 865 269 891 sine
282 864 386 894 litteris,
396 863 569 890 insultantem
582 864 608 889 in
619 872 722 891 omnes,
732 863 790 889 sine
805 863 929 888 acumine
941 861 1004 891 ullo.

210 903 269 928 siue
281 901 449 931 auctoritate,
466 901 524 926 sine
537 900 634 935 lepore.
676 900 764 926 XXX.
786 901 829 926 75.
852 900 914 925 Dico
926 900 1008 934 igitur

211 938 380 974 providentia
395 938 506 964 deorum
523 937 656 964 mundum
672 942 697 964 et
707 946 801 964 omnes
813 937 907 963 mundi
920 941 1007 971 partes

211 976 324 1003 et'initio
337 976 494 1002 constitutas
510 984 569 1001 esse
583 981 609 1002 et
622 976 694 1001 omni
707 980 824 1009 tempore
835 974 1008 1000 administra-

211 1015 246 1045 ri3
260 1021 374 1048 eamque
386 1013 595 1047 disputationem
608 1017 660 1039 tres
672 1013 699 1038 in
711 1017 799 1047 partes
811 1012 893 1038 nostri
906 1011 1007 1037 teredi-

211 1050 322 1077 vidunt:
339 1059 454 1085 quarum
471 1059 532 1085 pars
548 1051 634 1085 prima
650 1055 703 1080 cst,
721 1058 790 1084 quae
805 1049 914 1075 ducitur
929 1049 962 1074 ab
977 1057 1007 1074 ea

211 1089 322 1118 ratione,
336 1096 404 1122 quae
416 1087 491 1114 docet
503 1096 562 1113 esse
573 1087 650 1119 deos·,
664 1096 718 1122 quo
728 1095 864 1116 concesso,
878 1086 1008 1112 confiten-

210 1125 275 1151 dum
288 1129 328 1151 est
342 1133 434 1151 eorum
450 1125 564 1151 consilio
580 1124 712 1150 mundum
728 1124 920 1150 administrari.
960 1123 1008 1149 Se—

210 1162 298 1189 cunda
310 1167 350 1188 est
360 1167 459 1192 autem,
468 1171 536 1197 quae
548 1162 734 1192 docet,omnes
745 1170 786 1187 res
797 1161 933 1187 subiectas
948 1169 1007 1186 esse
1036 1183 1037 1186 ,

211 1205 320 1226 naturae
335 1200 475 1231 sentienti,
492 1199 525 1225 ab
541 1208 625 1234 eaque
641 1199 729 1225 onmia
746 1198 927 1233 pulcherrime
938 1199 1006 1233 geri.

210 1236 268 1269 Quo
283 1237 440 1267 constituto.
463 1237 599 1271 sequitur,
618 1236 651 1262 ab
666 1236 849 1262 animantibus
864 1236 1007 1270 principiis

210 1282 269 1300 esse
284 1274 374 1300 omnia
389 1278 524 1309 generata.
564 1274 669 1300 Tertius
686 1278 725 1300 est
738 1273 824 1303 locus,
840 1274 888 1308 qui
900 1273 1008 1299 ducitur

209 1319 244 1338 ex
254 1310 430 1338 admiratione
441 1320 531 1337 rerum
542 1310 698 1337 caelestium
711 1315 790 1346 atque
802 1311 978 1336 terrestrium.

263 1349 305 1375 76.
328 1349 448 1374 Primum
464 1349 547 1384 igitur
565 1353 611 1375 aut
625 1348 779 1384 negandum
798 1353 838 1374 est
852 1356 911 1374 esse
932 1347 1005 1378 deos,

209 1386 282 1420 quod
297 1390 322 1412 et
337 1386 503 1412 Democritus
522 1385 667 1412 simulacra
683 1390 708 1412 et
723 1386 858 1420 Epicurus
875 1386 1008 1420 imagines

211 1423 342 1449 inducens
354 1423 470 1458 quodam
483 1428 559 1458 pacto
571 1428 662 1458 negat3
676 1428 730 1453 aut,
739 1423 787 1458 qui
798 1422 862 1449 deos
874 1431 932 1448 esse
943 1431 1008 1448 con-

209 1460 313 1491 cedant,
323 1461 356 1487 iis
369 1460 506 1487 fatendum
518 1465 558 1487 est
569 1469 613 1486 eos
625 1460 729 1495 aliquid
741 1469 828 1496 agere,
837 1460 919 1494 idque
931 1468 1008 1494 prae-

209 1497 322 1524 clarum.
363 1498 437 1524 Nihil
448 1503 489 1525 est
500 1503 588 1524 autem
600 1497 765 1532 praeclarius
780 1497 876 1523 mundi
890 1497 1009 1523 admini-
1036 1503 1037 1524 1

208 1535 349 1561 stratione:
364 1535 475 1562 deorum
489 1535 908 1571 igiturconsilioadministratur.
930 1534 1007 1566 Quod

208 1573 233 1598 si
244 1572 321 1598 aliter
335 1577 387 1603 est,
405 1572 509 1607 aliquid
526 1572 644 1607 profecto
660 1581 769 1599 necesse
785 1577 825 1599 est
838 1581 897 1598 esse
909 1571 1007 1598 melius
1036 1589 1037 1598 1

209 1614 235 1636 et
246 1610 344 1636 maiore
357 1611 384 1636 vi
395 1610 556 1644 praeditum,
570 1619 653 1645 quam
664 1609 741 1639 deos.
758 1609 838 1644 quale
850 1609 878 1635 id
889 1617 1007 1644 cumque
1036 1610 1037 1636 ἶ

209 1652 258 1677 est,
271 1647 329 1673 sive
342 1647 460 1674 inanima
472 1652 574 1678 natura,
591 1648 650 1674 sive
661 1648 807 1674 necessitas
818 1647 845 1673 vi
857 1655 953 1682 magna
965 1647 1008 1672 in-

209 1684 301 1715 citata,
324 1684 390 1710 liaeo
405 1684 587 1719 pulcherrima
602 1693 683 1720 opera
697 1684 832 1716 efficiens,
849 1693 918 1719 quae
930 1683 1008 1710 vide-

209 1729 281 1747 mus».
321 1722 363 1748 77.
386 1722 443 1748 Non
457 1727 497 1748 est
512 1723 596 1757 igitur
611 1727 704 1748 natura
722 1722 834 1748 deorum
848 1726 1006 1756 praepotens

209 1766 297 1793 neque
308 1758 456 1790 excellens,
474 1759 612 1794 siquidem
627 1767 657 1785 ea
672 1759 793 1785 subiecta
807 1764 848 1785 est
863 1759 887 1784 ei
903 1758 945 1784 vel
959 1766 1007 1784 ne-

209 1796 327 1822 cessitati
338 1795 381 1822 vel
393 1801 511 1827 naturae.
520 1805 574 1831 qua
585 1796 699 1827 caelum.
708 1801 802 1827 terrae,
816 1797 899 1822 maria
911 1804 1007 1831 regan-

209 1837 262 1859 tur.
303 1833 377 1859 Nihil
389 1838 428 1860 est
438 1839 527 1860 autem
539 1835 719 1868 praestantius
730 1833 789 1860 deo.

209 1878 319 1896 necesse
333 1875 373 1897 est
388 1871 521 1897 mundum
538 1872 606 1906 regi.
646 1870 721 1897 Nulli
736 1875 776 1897 est
795 1871 878 1906 igitur
897 1875 1006 1896 naturae

208 1906 338 1933 obediens
349 1912 395 1934 aut
405 1908 544 1934 subiectus
555 1908 633 1934 deus.
667 1908 781 1934 Omnem
793 1915 856 1943 ergo
867 1908 936 1942 regit
948 1907 1006 1941 ipse

209 1949 342 1971 naturam.
382 1945 488 1971 Etenim
507 1946 531 1971 si
552 1944 726 1971 concedimus
745 1944 927 1980 intelligentes
947 1953 1006 1970 esse

209 1980 282 2012 deOS,
291 1981 551 2008 concedimusetiam
563 1982 745 2017 providentes,
754 1987 779 2008 et
789 1991 879 2008 rerum
893 1981 1006 2016 quidem

210 2019 399 2045 maximarum.
440 2019 510 2054 Ergo
521 2024 611 2046 utrum
624 2020 760 2055 ignorant,
779 2027 848 2054 quae
865 2027 906 2045 res
919 2019 1007 2045 maxi-

210 2064 268 2082 mae
279 2056 346 2087 sint,
362 2064 470 2091 quoque
483 2056 532 2082 hae
544 2056 622 2082 modo
633 2056 784 2083 tractandae
796 2062 821 2083 et
832 2056 960 2087 tuendae,
973 2065 1006 2082 an

209 2093 266 2119 vim
278 2101 330 2119 non
341 2093 453 2124 habent,
469 2102 522 2128 qua
539 2098 624 2120 tantas
641 2102 683 2120 res
699 2095 849 2120 sustineant
861 2093 1008 2129 etgerant‘?

208 2130 242 2156 At
257 2135 283 2156 et
299 2130 429 2166 ignoratio
445 2139 535 2156 rerum
551 2130 638 2157 aliena
654 2136 762 2157 naturae
778 2131 889 2157 deorum
907 2136 960 2161 est,
982 2135 1008 2157 et

208 2167 362 2194 sustinendi
379 2168 498 2194 muneris
514 2173 622 2203 propter
637 2168 850 2195 imbecillitatem
861 2167 1007 2194 difficultas

209 2205 322 2231 minime
337 2204 409 2231 cadit
422 2205 450 2231 in
462 2206 628 2232 maiestatem
639 2205 761 2232 deorum.
801 2206 844 2232 Ex
856 2214 910 2240 quo
921 2205 1008 2231 effici-
1028 2207 1030 2218 ¹

208 2246 252 2268 tur
263 2242 304 2273 id,
321 2242 394 2277 quod
410 2241 550 2273 volumus,
567 2243 678 2269 deorum
693 2242 862 2278 providentia
873 2242 1007 2269 mundum

209 2279 400 2306 administrari.
440 2279 541 2307 XXXI.
562 2281 604 2307 78.
626 2280 709 2315 Atqui
724 2288 834 2306 necesse
849 2285 902 2311 est,
920 2288 1006 2315 quum

209 2316 263 2343 sint
274 2316 322 2347 dii,
335 2317 359 2343 si
371 2316 450 2343 modo
460 2322 532 2348 sunt,
544 2322 574 2344 ut
587 2317 705 2352 protecto
715 2322 788 2348 sunt,
802 2318 952 2344 animantes
963 2326 1007 2343 es-

209 2361 247 2384 se,
263 2362 311 2380 nec
322 2353 410 2380 solum
422 2355 581 2385 animantes.
590 2354 725 2381 sedetiam
736 2355 848 2381 rationis
858 2359 1004 2389 compotes,

210 2390 278 2416 inter
292 2399 376 2426 seque
391 2392 470 2426 quasi
486 2391 563 2418 civili
573 2392 759 2418 conciliatione
771 2397 796 2419 et
806 2393 931 2418 societate
942 2400 1007 2418 con-

210 2427 322 2459 iunctOS,
336 2437 421 2455 unum
433 2428 614 2460 mundum,ut
624 2437 796 2456 communem
808 2429 1004 2464 rempublicam

210 2468 288 2497 atque
300 2465 395 2491 urbem
407 2465 535 2501 aliquam,
549 2471 681 2502 regentes.
714 2467 757 2492 79.
772 2466 908 2501 Sequitur,
921 2471 952 2492 ut
961 2475 1006 2492 ea-

210 2499 271 2541 dem
283 2502 355 2528 sitin
367 2503 413 2533 iis,
431 2512 500 2538 quae
516 2503 634 2530 humano
646 2504 673 2530 in
684 2512 796 2539 genere,
813 2504 894 2535 ratio,
911 2503 1005 2530 eadem

211 2542 309 2563 veritas
329 2539 471 2574 utrobique
491 2541 528 2567 sit
547 2540 697 2576 eademque
718 2540 774 2567 lex:
797 2549 866 2576 quae
885 2545 925 2567 est
940 2541 1006 2567 recti

210 2575 361 2608 praeceptio
377 2577 507 2612 pravique
522 2577 657 2612 depulsio.
696 2577 739 2604 Ex
758 2586 812 2613 quo
832 2577 1002 2613 intelligitur,

210 2610 380 2652 prudentiam
391 2621 498 2648 quoque
509 2619 535 2641 et
545 2620 664 2642 mentem
674 2623 688 2641 a
699 2614 753 2641 diis
764 2615 798 2641 ad
809 2614 932 2642 homines
943 2623 1006 2650 per-

210 2655 330 2681 veu185t33
344 2648 378 2675 ob
389 2658 501 2686 eamque
507 2659 630 2679 caussam
636 2653 769 2680 maiorum
775 2653 905 2680 institutis
917 2661 1003 2683 mens,

830 1833 871 1859 Ab
882 1841 913 1859 eo
924 1833 1007 1868 igitur
1035 1831 1036 1836 ¹

873 105 1279 146 M.T.‹;1(;nti‹›'xis

1058 190 1138 218 lidos.
1157 191 1256 219 virtus,
1272 189 1412 216 concordia
1428 195 1596 216 consecratae
1611 195 1636 217 et
1651 190 1759 225 publice
1773 191 1851 218 dedi—

1057 232 1129 253 catae
1141 232 1212 253 sunt.
1252 228 1325 258 Quae
1339 230 1386 262 qut
1397 228 1522 254 convenit
1533 237 1615 262 penes
1625 227 1690 254 deos
1699 237 1757 254 esse
1770 238 1851 264 nega·

1059 274 1098 293 re.
1116 273 1201 298 quum
1217 273 1308 290 corum
1324 270 1437 298 augusta
1449 270 1474 291 et
1484 270 1574 291 aaiicta
1586 265 1728 291 simulacra
1741 275 1851 292 venere-

1059 303 1136 327 mur'.¹
1155 300 1231 333 Quod
1247 302 1270 327 si
1287 302 1356 327 inest
1371 302 1396 327 in
1410 302 1548 328 hominum
1560 311 1657 336 genere
1669 312 1757 331 mens.
1774 303 1848 333 tides,

1059 340 1153 368 virtus.
1167 338 1321 369 concordien
1339 338 1410 364 unde
1425 339 1489 364 haec
1501 340 1527 365 in
1539 344 1630 369 terras,
1644 340 1696 366 nisi
1708 349 1721 366 a
1734 341 1850 374 superis,

1058 375 1174 402 defluere
1186 375 1347 410 potuerunt?
1360 376 1564 411 Quumqueaint
1573 377 1599 402 in
1607 376 1684 403 nobis
1695 378 1850 407 consilium.

1059 413 1136 442 ratio.
1155 412 1310 447 prudentia,
1330 421 1438 439 necesse
1453 418 1505 443 est.
1523 413 1587 439 deos
1604 413 1667 440 haec
1684 414 1741 449 ipsa
1754 414 1852 440 habere

1059 451 1170 479 maiora,
1185 459 1232 475 nec
1245 450 1342 476 habere
1352 449 1454 480 solum,
1470 450 1517 476 sed
1529 451 1608 476 etiam
1622 451 1664 476 his
1676 452 1714 478 uti
1727 451 1753 478 in
1765 452 1854 478 maxi-

1059 488 1109 513 mis
1121 492 1146 513 et
1156 488 1267 521 optimis
1280 487 1370 513 rebus.
1406 489 1448 514 80.
1470 487 1543 514 Nihil
1555 492 1595 513 eat
1606 493 1694 514 autem
1706 497 1754 514 nec
1765 490 1853 515 maius

1059 534 1106 551 nec
1123 524 1220 550 melius
1237 524 1350 551 mundo:
1374 533 1482 551 necesse
1494 530 1534 550 est
1544 533 1607 560 ergo
1617 525 1729 551 deorum
1740 526 1853 553 consilio

1058 567 1083 588 et
1104 561 1271 596 providentia
1295 570 1357 587 eum
1377 561 1569 588 administrari.
1611 562 1745 589 Postremo
1767 571 1853 597 quum

1034 616 1036 620 =
1058 600 1122 625 satis
1134 599 1306 625 docuerimus
1319 599 1366 625 llos
1377 607 1435 625 esse
1447 599 1642 634 deos.quorum
1651 600 1784 633 insignem
1798 600 1853 626 vim

1058 642 1082 663 et
1095 636 1225 662 illustrem
1239 636 1334 662 faeiem
1347 636 1510 666 videremus,
1523 636 1607 663 solem
1619 637 1680 663 dico
1689 632 1816 664 et'lunam
1828 642 1854 664 et

1060 684 1140 709 vagas
1152 673 1242 700 stellas
1254 679 1278 700 et
1291 675 1438 700 inerrantes
1449 673 1754 700 etcaelumetmundum
1763 675 1853 709 ipsum

1058 716 1083 738 et
1098 720 1188 737 carum
1205 720 1293 737 rerum
1310 712 1378 741 vim,
1394 720 1463 746 quac
1479 712 1597 737 inessent
1614 712 1640 737 in
1655 712 1728 737 omni
1742 711 1852 741 mundo.

1058 758 1119 775 cum
1132 758 1228 782 magno
1241 757 1290 775 usu
1303 754 1328 775 et
1338 749 1526 775 commoditate
1537 749 1643 784 generis
1656 748 1781 775 humani:
1795 748 1854 775 essi-

1058 787 1142 815 citur,
1159 786 1248 812 onmia
1261 787 1316 821 regi
1328 786 1421 812 divina
1434 791 1522 812 mente
1534 791 1613 820 atque
1625 786 1776 820 prudentia.

1058 823 1091 850 de
1103 824 1188 858 prima
1201 823 1311 858 quidem
1324 829 1397 857 parte
1409 824 1474 849 satis
1488 823 1652 850 dictumest.

1115 861 1226 887 ΧΧΧΙΙ,
1249 863 1290 887 Sl.
1313 861 1455 895 Sequitur,
1472 865 1503 889 ut
1511 860 1620 887 doceam
1631 860 1721 887 omnia
1733 860 1853 887 subiecta

1059 907 1117 924 esse
1130 903 1247 927 naturae,
1257 907 1341 933 eaque
1353 898 1386 924 ab
1398 907 1427 924 ea
1440 897 1621 932 pulcherrime
1633 898 1699 933 regi.
1722 897 1774 924 Sed
1787 896 1853 932 quid

1058 937 1093 961 sit
1105 936 1161 970 ipsa
1175 941 1274 963 natura.
1283 935 1474 970 explicandum
1486 941 1596 961 estante
1608 935 1734 965 breviter,
1750 943 1804 970 quo
1815 933 1854 960 fa-

1058 973 1139 999 cilius
1151 972 1267 1007 id,quod
1279 973 1373 999 docere
1386 973 1520 1002 volumus,
1530 973 1644 1008 intelligi
1657 973 1750 1007 possit.
1772 972 1855 998 Nam-

1059 1019 1111 1045 que
1127 1010 1172 1036 alii
1190 1015 1310 1036 naturam
1326 1019 1385 1036 esse
1396 1015 1505 1036 censent
1517 1011 1572 1036 vim
1583 1009 1728 1044 quamdam
1741 1010 1798 1035 sine
1813 1017 1855 1035 ra-

1059 1049 1143 1077 tione,
1161 1048 1275 1074 cientem
1293 1053 1380 1074 motus
1397 1048 1423 1073 in
1439 1047 1597 1082 corporibus
1611 1047 1790 1078 necessarios3
1808 1045 1854 1072 alii

1059 1090 1146 1111 autem
1164 1085 1218 1110 vim
1240 1086 1398 1119 participem
1414 1086 1524 1110 rationis
1544 1090 1623 1119 atque
1646 1084 1762 1114 ordinis,
1785 1089 1856 1110 tam-

1059 1131 1139 1157 quam
1152 1122 1194 1147 via
1207 1122 1421 1157 progredientem
1433 1121 1675 1156 declarantemque.
1684 1120 1750 1156 quid
1762 1121 1856 1147 cuius-

1059 1168 1111 1194 que
1123 1160 1160 1185 rei
1172 1168 1265 1185 caussa
1277 1159 1383 1188 efficiat.
1392 1159 1458 1194 quid
1470 1164 1606 1193 sequatur,
1620 1159 1699 1184 cuius
1709 1157 1855 1184 sollertiam

1816 787 1854 813 Ac

1036 1203 1037 1221 i
1059 1196 1132 1223 nulla
1147 1206 1203 1227 ars,
1223 1196 1295 1223 nulla
1313 1205 1422 1227 manus,
1440 1204 1519 1222 nemo
1529 1195 1621 1231 opifex
1631 1195 1760 1230 consequi
1771 1195 1856 1230 possit

1059 1234 1202 1260 imitando:
1215 1234 1328 1260 seminis
1339 1234 1411 1260 enim
1424 1234 1479 1259 vim
1491 1242 1550 1259 esse
1562 1238 1670 1261 tantam,
1679 1238 1707 1259 ut
1715 1232 1856 1267 id,quam-

1059 1272 1376 1307 quamsitperexiguum,
1385 1275 1482 1302 tamen.
1491 1271 1514 1297 si
1526 1270 1651 1297 inciderit
1661 1270 1687 1296 in
1699 1270 1856 1304 concipien-

1059 1314 1111 1336 tem
1136 1308 1463 1344 comprehendentemque
1488 1313 1610 1334 naturam
1635 1312 1797 1342 nactumque
1820 1307 1856 1333 sit

1060 1347 1267 1381 materiam,qua
1280 1346 1315 1372 ali
1327 1347 1475 1381 augerique
1487 1346 1580 1380 possit,
1595 1346 1629 1371 ita
1640 1344 1750 1380 effingat
1760 1349 1786 1371 et
1796 1343 1856 1370 el'li-

1058 1385 1112 1410 ciat
1122 1384 1149 1410 in
1161 1393 1210 1410 suo
1222 1383 1562 1419 quidquegenere‚partim
1575 1388 1603 1409 ut
1615 1381 1799 1409 tantummodo
1808 1390 1856 1416 per

1059 1424 1156 1456 stirpes
1168 1421 1273 1448 alantur
1283 1430 1356 1451 suas,
1370 1421 1467 1456 partim
1479 1425 1508 1447 ut
1520 1420 1621 1447 moveri
1632 1420 1712 1445 etiam
1722 1424 1748 1446 et
1757 1419 1856 1445 sentire

1059 1464 1083 1485 et
1095 1463 1218 1493 appetere
1231 1459 1335 1493 possint
1345 1463 1371 1484 et
1381 1467 1416 1484 ex
1426 1466 1484 1484 sese
1495 1458 1539 1484 sui
1549 1456 1649 1483 similia
1660 1457 1782 1492 gignere.
1813 1457 1854 1482 82.

1059 1496 1125 1522 Sunt
1137 1501 1239 1526 autem,
1257 1497 1305 1531 qui
1319 1496 1409 1522 omnia
1421 1500 1530 1522 naturae
1542 1495 1650 1521 nomine
1660 1493 1809 1528 appellent,
1827 1498 1856 1519 ut

1059 1534 1203 1568 Epicurus,
1211 1534 1259 1568 qui
1271 1534 1306 1559 ita
1317 1532 1425 1564 dividit,
1434 1534 1565 1562 omnium.
1573 1540 1643 1567 quae
1654 1532 1717 1562 sint,
1734 1535 1856 1557 naturam

1059 1579 1118 1597 esse
1138 1579 1247 1605 corpora
1267 1576 1292 1597 et
1313 1571 1405 1601 inane,
1428 1578 1552 1605 quaeque
1569 1569 1611 1595 his
1632 1568 1764 1595 accidant.
1804 1566 1856 1594 Sed

1060 1617 1107 1634 nos
1119 1616 1204 1643 quum
1217 1607 1349 1638 dicimus,
1372 1612 1466 1634 natura
1482 1612 1602 1634 constare
1618 1605 1856 1640 administrarique

1060 1645 1206 1675 mundum,
1230 1654 1281 1671 non
1298 1646 1332 1671 ita
1347 1644 1478 1675 dicimus.
1502 1649 1532 1670 ut
1546 1644 1652 1679 glebam
1665 1648 1710 1669 aut
1721 1642 1857 1678 fragmen-

1059 1688 1116 1709 tum
1135 1682 1233 1717 lapidis
1253 1687 1299 1709 aut
1317 1681 1422 1717 aliquid
1437 1681 1585 1711 eiusmodi,
1607 1680 1680 1707 nulla
1694 1678 1856 1706 cohaerendi

1058 1725 1165 1751 natura;
1189 1719 1236 1745 sed
1254 1725 1283 1746 ut
1297 1719 1434 1749 arborem,
1457 1723 1487 1745 ut
1501 1717 1615 1747 animal.
1630 1718 1656 1744 in
1668 1717 1770 1752 quibus
1781 1716 1855 1743 nulla

1035 1755 1037 1782 Ξ
1058 1757 1206 1787 temeritaS,
1229 1756 1276 1783 sed
1296 1756 1361 1783 ordo
1380 1760 1491 1791 apparet
1510 1761 1536 1782 et
1551 1756 1615 1782 artis
1630 1754 1764 1790 quaedam
1778 1754 1857 1780 simi-

1059 1794 1152 1821 litudo.

1112 1831 1236 1858 XXXIII.
1259 1833 1300 1857 83.
1322 1830 1399 1863 Quod
1414 1831 1439 1856 si
1456 1838 1500 1860 ea,
1522 1838 1590 1865 quae
1606 1838 1619 1855 a
1636 1834 1703 1855 terra
1724 1827 1856 1863 stirpibus

1058 1869 1241 1899 continentur.
1265 1873 1319 1894 arte
1335 1873 1444 1894 naturae
1461 1868 1558 1893 vivunt
1573 1872 1598 1893 et
1613 1867 1720 1902 vigent,
1738 1864 1857 1900 profecto

1059 1907 1116 1941 ipsa
1129 1911 1196 1932 terra
1207 1905 1301 1931 eadem
1311 1906 1339 1931 vi
1350 1906 1502 1931 continetur
1512 1909 1538 1930 et
1548 1909 1603 1930 arte
1615 1909 1723 1930 naturae
1731 1923 1737 1933 ,
1752 1903 1856 1937 quippe

1058 1952 1127 1978 quae
1143 1943 1281 1979 gravidata
1297 1942 1450 1969 seminibus
1464 1942 1554 1968 omnia
1571 1942 1657 1976 pariat
1672 1945 1698 1967 et
1713 1939 1808 1966 fundat
1822 1947 1857 1966 ex

1058 1989 1126 2011 sese,
1143 1981 1240 2015 stirpes
1252 1980 1375 2015 amplexa
1387 1979 1439 2006 alat
1449 1984 1475 2005 et
1485 1984 1582 2014 augeat
1593 1979 1706 2013 ipsaque
1717 1976 1803 2003 alatur
1814 1978 1857 2003 vi-

1058 2019 1152 2044 cissim
1167 2027 1182 2044 a
1197 2018 1304 2052 superis
1323 2017 1496 2051 externisque
1517 2016 1630 2042 naturis.
1671 2013 1856 2049 Eiusdemque

1058 2056 1289 2091 exspirationibus
1304 2059 1330 2081 et
1345 2063 1390 2081 aer
1405 2054 1486 2081 alitur
1497 2058 1522 2080 et
1535 2053 1627 2079 aether
1637 2057 1663 2079 et
1672 2052 1763 2079 omnia
1773 2059 1856 2086 supe-

1059 2101 1096 2119 ra.
1137 2094 1188 2124 Ita,
1206 2094 1229 2119 si
1241 2098 1309 2119 terra
1320 2097 1414 2118 natura
1425 2095 1530 2117 tenetur
1540 2095 1565 2117 et
1577 2091 1662 2126 viget.
1679 2088 1774 2116 eadem
1790 2088 1856 2115 ratio

1058 2131 1086 2156 in
1101 2129 1205 2165 reliquo
1216 2129 1318 2156 mundo
1329 2134 1382 2155 est:
1405 2129 1502 2163 stirpes
1518 2128 1591 2154 enim
1605 2132 1689 2154 terrae
1701 2126 1853 2156 inhaeream

1059 2168 1208 2194 animantes
1224 2172 1313 2193 autem
1329 2167 1491 2201 aspiratione
1505 2165 1574 2191 aeris
1584 2165 1765 2194 sustinentur.
1782 2163 1856 2197 ipse-

1058 2213 1112 2240 que
1128 2213 1172 2231 aer
1187 2204 1329 2230 nobiscum
1345 2203 1432 2233 videt.
1450 2202 1593 2229 nobiscum
1607 2201 1696 2232 audit,
1712 2200 1854 2227 nobiscum

1059 2247 1147 2274 sonat;
1173 2241 1242 2268 nihil
1257 2242 1330 2267 enim
1345 2249 1438 2267 eorum
1452 2240 1511 2266 sine
1526 2248 1557 2266 eo
1574 2239 1632 2265 fieri
1646 2242 1743 2274 potest.
1783 2235 1854 2268 Quin

1058 2280 1139 2306 etiam
1160 2283 1284 2305 movetur
1303 2278 1460 2305 nobiscum:
1485 2284 1658 2311 quacumque
1677 2275 1751 2301 enim
1771 2273 1852 2303 imus.

1058 2324 1230 2352 quacumque
1251 2323 1405 2346 movemur,
1427 2314 1536 2341 videtur
1549 2314 1629 2349 quasi
1644 2312 1732 2339 locum
1750 2310 1814 2337 dare
1829 2315 1855 2337 et

1058 2353 1163 2380 cedere.
1204 2354 1245 2380 84.
1267 2353 1396 2387 Quaeque
1407 2353 1435 2378 in
1446 2352 1568 2378 medium
1579 2350 1667 2377 locum
1678 2347 1787 2378 mundi,
1805 2348 1853 2382 qui

1057 2396 1098 2418 est
1114 2390 1237 2421 infimus,
1259 2396 1285 2418 et
1299 2398 1369 2425 quae
1385 2398 1400 2416 a
1414 2389 1504 2415 medio
1519 2389 1547 2415 in
1562 2394 1706 2422 superum,
1728 2393 1853 2420 quaeque

1057 2429 1232 2454 conversione
1244 2427 1357 2454 rotunda
1368 2427 1471 2453 circum
1482 2425 1603 2452 medium
1614 2423 1745 2453 teruntur,
1753 2431 1783 2449 ea
1789 2430 1854 2448 con-

1058 2465 1416 2492 tinentemmundiefficium
1426 2470 1562 2498 unamque
1574 2466 1705 2488 naturam.
1724 2460 1757 2486 Et
1766 2467 1853 2495 quum

1057 2508 1184 2537 quattuor
1197 2504 1252 2529 sint
1267 2510 1364 2538 genera
1380 2508 1536 2536 corporum,
1554 2497 1744 2525 vicissitudine
1759 2504 1853 2523 eorum

1057 2539 1153 2566 mundi
1163 2541 1317 2567 continuata
1328 2544 1421 2565 natura
1431 2542 1481 2564 est.
1521 2536 1589 2563 Nam
1599 2544 1634 2561 ex
1643 2540 1712 2561 terra
1723 2542 1791 2569 aqua
1799 2554 1805 2565 ,
1818 2541 1853 2560 ex

1056 2585 1126 2612 aqua
1136 2578 1221 2604 oritur
1231 2585 1290 2608 aer,
1306 2585 1340 2602 ex
1355 2584 1415 2602 aere
1425 2574 1527 2605 aether;
1545 2572 1642 2599 deinde
1653 2577 1799 2598 retrorsum
1810 2571 1853 2596 vi-

1034 2627 1035 2631 *
1056 2615 1150 2641 cissim
1161 2623 1195 2641 ex
1205 2614 1311 2641 aethere
1322 2621 1380 2644 aer,
1392 2621 1427 2639 ex
1437 2620 1496 2638 aere
1507 2618 1576 2645 aqua
1584 2630 1590 2640 ‚
1606 2618 1640 2635 ex
1651 2617 1720 2644 aqua
1731 2614 1799 2635 terra
1809 2608 1853 2634 in-

1056 2651 1128 2678 fima.
1169 2651 1213 2678 Sic
1234 2651 1337 2678 naturis
1361 2650 1418 2681 his,
1440 2657 1475 2675 ex
1494 2647 1596 2684 quibus
1610 2647 1701 2674 omnia
1720 2649 1850 2676 constant,
