1941 3052
278 139 307 163 ¹8
815 135 838 159 3.
874 133 882 159 1
898 133 919 158 N
934 132 953 158 C
967 132 986 158 Ε
1002 132 1020 158 R
1036 132 1056 157 T
1071 132 1079 158 l

275 207 418 237 amicitias;
443 206 469 231 in
483 204 586 230 divitiis
603 203 692 238 qualis
705 208 749 229 aut
765 203 790 229 in
806 208 958 237 paupertate
971 203 1063 228 cuius-

277 245 346 271 modi
363 243 454 272 fuerit;
470 241 696 277 quc-ruadimuluui
713 240 832 266 babuerit
848 241 873 266 in
889 240 1063 274 potestatibus

275 282 399 317 gerendis
413 281 542 306 animum.
565 279 591 304 Si
608 278 743 308 interierit,
760 277 910 303 cuiusmodi
926 286 995 302 inuris·
1005 277 1063 303 eius

277 319 368 348 fus-rit,
396 316 547 343 cuiusmodi
574 325 615 342 res
642 320 750 341 mortem
774 315 832 339 eius
855 315 889 339 sit
912 319 1061 340 consecuta.

276 357 342 383 Vlll.
362 358 399 382 tlt.
416 355 454 381 Ad
469 362 560 379 omnes
575 358 661 378 autem
678 361 726 381 res,
745 352 770 377 in
785 351 886 385 quibus
900 351 1005 376 animus
1017 351 1064 377 ho-

277 394 356 420 minis
371 393 485 418 maximi·
499 390 687 419 consideratur,
705 389 764 414 illae
778 393 903 423 ‹piattuor
917 388 996 414 animi
1011 389 1064 414 vir-

277 436 345 457 tutes·
364 434 440 455 erunt
459 427 707 456 arvommorlanrlae;
736 430 771 456 ut,
788 425 809 450 si
827 425 974 455 latiur—mus,
991 425 1062 451 aliud

276 469 354 497 iuste,
375 466 446 492 aliud
468 465 574 493 fortiter.
595 463 667 489 aliud
688 463 813 492 modeste,
834 462 906 488 aliud
922 462 1064 497 prudenter

277 505 375 531 factum
390 513 446 529 essi·
463 502 658 537 praedici-mus,
683 501 703 526 si
725 500 915 534 vituperemus.
937 499 1008 525 aliud
1024 501 1064 525 in-

277 543 355 572 iuste,
372 541 443 567 uliud
460 540 562 570 ignave,
579 537 651 563 aliud
667 537 830 567 immodeste,
847 537 919 562 aliud
935 537 1014 562 stulte
1027 536 1064 562 [ιι-

276 585 348 605 ctum
372 587 429 603 esse
452 577 582 602 ‹ln-amus.
617 575 790 609 Perspicuum
813 579 852 600 cst
871 575 920 600 iam
938 575 1063 600 nimirum

276 626 307 642 ex
324 617 371 641 bac
384 614 566 649 ‹lis-positione,
583 612 808 647 quemadmodum
824 612 857 637 sit
873 611 1003 637 tractanda
1019 612 1065 637 u-i-
1086 609 1094 629 3¹

277 654 369 688 partita
385 652 482 678 divisio
497 650 582 676 laudis
597 654 621 675 ct
636 650 846 684 vituperationis,
868 650 888 674 si
906 649 971 674 illud
986 649 1064 674 ctiam
1086 647 1087 651 ¹

276 689 511 724 assumpserimus,
529 696 579 713 non
595 696 700 713 necesse
715 696 772 712 esse
788 696 834 712 nos
845 695 936 711 ornnes
948 686 994 711 bas
1006 695 1065 720 par·
1086 690 1087 693 ’

276 733 315 754 tes
330 728 356 753 in
373 727 475 753 laudem
491 730 536 751 aut
548 724 766 758 vituperationvm
785 723 932 753 transferre,
947 728 1065 757 propter-

276 774 304 791 ea
319 764 390 799 quod
404 772 482 798 saepe
497 771 527 789 ne
543 762 662 788 incidunt
676 761 794 795 quidem,
811 770 888 795 saepe
904 761 937 786 ita
953 760 1065 786 tenuiter

276 802 406 832 incidunt,
427 806 456 827 ut
475 809 524 826 non
540 800 592 825 sint
607 799 768 825 necessariae
783 798 865 824 dictu.
900 798 1065 832 Quapropter

276 849 319 865 cas
335 845 428 874 partes,
445 847 513 873 quac
528 836 695 862 firmissimae
707 835 877 864 videbuntur,
893 835 977 870 legere
988 844 1065 869 opor-

277 877 349 903 tebit.
366 875 588 903 Conclusionibus
603 873 730 899 brevibus
742 878 854 902 uti-mur,
868 873 1064 898 enumeratione

276 914 308 940 ad
327 914 427 940 exitum
447 920 568 943 caussae,
595 911 620 936 in
636 911 693 945 ipsa
706 919 798 935 caussa
813 910 917 935 crebras
932 914 956 935 et
971 910 1064 935 breves

277 951 493 986 amplificationes
517 950 714 982 interponemus
738 956 783 982 per
809 947 877 973 locos
896 956 1062 973 communes.

276 990 329 1015 Noe
344 989 392 1014 boc
406 996 491 1020 genus
505 994 623 1016 caussae,
644 993 674 1011 eo
691 985 762 1020 quod
778 993 836 1011 raro
849 984 944 1010 accidit
957 985 983 1010 in
1000 985 1061 1015 vita,

277 1022 455 1059 negligentius
473 1022 705 1050 commentandum
720 1022 734 1036 ³*
748 1027 797 1048 cst.
842 1023 933 1056 Neque
951 1022 1022 1048 enim
1038 1022 1063 1047 id

276 1059 447 1098 quodpotest
462 1062 587 1091 accidere,
597 1065 626 1086 ut
640 1059 789 1086 faciendum
802 1060 836 1085 sit
847 1059 999 1094 aliquando,
1013 1068 1064 1085 non

276 1100 536 1135 oportetvelle‹piani
548 1097 819 1124 accommodatissime
832 1105 908 1131 posse
919 1096 1010 1122 facere.
1021 1097 1061 1127 Et,

276 1140 297 1165 si
312 1138 452 1172 separatim
469 1138 532 1163 haec
545 1144 638 1161 caussa
654 1135 742 1161 minus
757 1143 834 1169 saepe
850 1139 981 1163 tractatur,
998 1139 1022 1160 at
1037 1135 1063 1160 in
1086 1143 1094 1163 ιἸ

275 1175 448 1202 iudicialibus
462 1179 486 1201 et
501 1175 527 1200 in
541 1173 722 1199 deliberativis
736 1173 839 1198 caussis
853 1180 932 1206 saepe
954 1180 1064 1207 magnae

276 1218 362 1248 partes
382 1217 520 1239 versantur
539 1210 625 1237 laudis
639 1214 684 1236 aut
699 1209 913 1244 vituperationis:
941 1217 1022 1243 quare
1037 1209 1064 1234 in

275 1251 324 1277 hoc
342 1259 449 1285 quoque
468 1257 563 1285 genere
581 1255 689 1274 caussae
708 1246 828 1273 nonnihil
844 1246 988 1272 industriae
1002 1254 1065 1272 con-

275 1288 436 1314 sumendum
453 1291 587 1322 putamus,
610 1285 695 1315 Nunc,
712 1284 831 1310 absoluta
846 1284 922 1310 nobis
936 1283 1065 1309 difficilli-

275 1334 317 1351 ma
333 1330 404 1360 parte
419 1325 570 1354 rhetoricae,
587 1322 635 1349 hoc
649 1326 697 1353 est,
718 1322 868 1348 inventione
883 1320 1012 1356 perpolita
1026 1325 1065 1346 at—

275 1371 328 1398 que
341 1362 374 1389 ad
387 1371 464 1389 omne
477 1369 587 1388 caussae
600 1368 685 1395 genus
695 1359 897 1389 accommodata,
910 1363 1015 1392 tempus
1025 1362 1065 1384 est
1086 1366 1087 1380 1

275 1400 308 1427 ad
325 1405 424 1427 ceteras
443 1404 530 1434 partes
548 1397 689 1433 proficisci.
723 1397 852 1431 Deinceps
867 1396 949 1432 igitur
962 1395 994 1421 de
1008 1395 1065 1421 dis-

275 1438 405 1473 positione
419 1437 549 1463 dicemus.

331 1475 377 1501 lx.
404 1476 443 1500 ⁴6.
467 1474 598 1506 Quoniam
620 1471 761 1506 dispositio
783 1474 831 1502 est,
853 1479 900 1505 per
913 1477 994 1504 quam
1008 1468 1062 1500 illa,

275 1520 343 1547 quae
357 1512 518 1542 invenimus,
533 1511 559 1537 in
571 1509 690 1537 ordinem
701 1508 857 1544 redigimus,
868 1512 896 1534 ut
905 1511 975 1533 certo
985 1506 1066 1541 quid-

275 1558 328 1584 que
347 1549 402 1575 loco
420 1548 614 1584 pronuntietur,
630 1546 776 1572 videndum
791 1549 838 1576 est,
858 1544 1010 1571 cuiusmodi
1025 1553 1066 1570 ra-

276 1588 372 1613 tionem
386 1587 414 1612 in
428 1585 594 1620 disponendo
608 1584 704 1610 habere
717 1583 865 1610 conveniat.
894 1582 996 1609 Genera
1010 1582 1066 1608 dis—

275 1625 439 1659 positionum
453 1627 516 1649 sunt
529 1622 596 1649 duo:
612 1629 697 1647 unum
711 1621 744 1647 ab
756 1619 921 1646 institutione
931 1619 994 1645 artis
1005 1628 1066 1654 pro-

275 1662 383 1693 fectum,
405 1661 517 1687 alterum
535 1659 568 1686 ad
581 1667 673 1685 casum
687 1658 813 1693 temporis
827 1656 1064 1683 accommodatum.
1088 1653 1096 1686 ’ἒ

274 1700 317 1726 Ex
339 1699 505 1725 institutione
528 1697 590 1723 artis
614 1695 797 1730 disponemus,
817 1703 903 1729 quum
921 1702 1066 1729 sequemur

275 1745 333 1763 eam
348 1736 656 1770 praeceptionem,quam
668 1734 694 1759 in
706 1733 792 1768 primo
803 1731 869 1758 libro
879 1732 1064 1766 exposuimus,

275 1774 326 1800 hoc
343 1778 391 1803 est,
413 1777 443 1799 ut.
461 1777 567 1798 utamur
585 1771 724 1806 principio,
746 1769 903 1801 narratione,
923 1769 1064 1800 divisione,

276 1811 482 1841 confirmatione,
498 1809 684 1839 confutatione,
700 1807 882 1838 conclusione,
900 1811 924 1833 et
939 1807 1011 1834 hunc
1024 1816 1067 1834 or-

276 1849 375 1879 dinem,
395 1846 621 1882 quemadmodum
640 1849 810 1880 praeceptum
829 1849 868 1871 est
891 1849 959 1875 ante,
979 1845 1007 1871 in
1025 1844 1067 1871 di-

275 1886 360 1913 cendo
373 1893 527 1920 sequamur.
561 1885 626 1910 Item
640 1891 673 1909 ex
686 1883 852 1909 institutione
866 1883 929 1908 artis
943 1891 995 1908 non
1010 1890 1067 1908 mo-

276 1924 310 1950 do
328 1928 394 1950 totas
411 1931 520 1948 caussas
534 1930 581 1956 per
594 1921 747 1951 orationem,
763 1920 810 1946 sed
824 1919 945 1955 singulas
958 1928 1066 1954 quoque

276 1960 516 1996 argumentationes
527 1959 709 1993 disponemus,
721 1957 949 1992 quemadmodum
959 1957 986 1983 in
1000 1956 1067 1984 libro

276 1997 394 2024 secundo
411 1997 561 2027 docuimus,
584 1995 622 2032 [id
640 1999 688 2026 est,
708 1995 910 2029 expositionem,
927 1994 1063 2025 rationem,

276 2035 503 2062 confirmationem
525 2033 647 2064 rationis,
673 2032 879 2063 exornationem,
903 2031 1067 2066 complexio-

276 2081 347 2099 nem.
371 2073 411 2098 Π.
426 2072 494 2097 Haec
508 2071 589 2107 igitur
602 2069 704 2105 duplex
721 2069 860 2104 dispositio
873 2073 924 2095 est:
953 2077 1005 2095 una
1020 2078 1067 2104 per

276 2110 415 2140 orationes,
432 2108 512 2134 altera
525 2117 573 2143 per
586 2107 836 2143 argumentationes,
853 2106 885 2132 ab
899 2107 1066 2133 institutione
1088 2103 1097 2135 'J

277 2147 340 2173 artis
362 2144 499 2181 profecta]
538 2145 585 2171 Est
607 2150 696 2171 autem
714 2148 740 2170 et
757 2143 808 2170 alia
822 2143 970 2178 dispositio,
986 2152 1064 2178 quae,

276 2193 362 2219 quum
381 2184 414 2209 ab
435 2182 527 2209 ordine
544 2182 684 2208 artificioso
702 2181 880 2207 recedendum
894 2186 941 2211 est,
957 2181 1066 2207 oratoris

276 2221 376 2248 iudicio
394 2220 427 2247 ad
441 2225 546 2254 tempus
561 2218 786 2251 acconimodatur3
811 2223 841 2244 ut
854 2219 877 2244 si
891 2227 905 2244 a
919 2219 1066 2244 narratione

276 2259 364 2285 dicere
376 2258 537 2292 incipiamus
551 2261 596 2282 aut
607 2256 639 2282 ab
650 2255 739 2290 aliqua
761 2255 914 2281 firmissima
924 2264 1067 2291 argumen-

276 2297 374 2322 tatione
388 2299 433 2321 aut
446 2304 460 2321 a
474 2294 621 2320 litterarum
635 2292 786 2327 aliquarum
800 2293 964 2325 recitatione;
984 2297 1030 2318 aut
1043 2293 1065 2319 si

276 2333 425 2359 secundum
443 2331 606 2367 principium
619 2330 816 2357 confirmatione
831 2334 946 2361 utamur,
970 2329 1066 2356 deinde

277 2371 438 2402 narratione;
475 2373 521 2395 aut
542 2369 565 2395 si
587 2376 668 2403 quam
691 2366 823 2394 eiusmodi
845 2367 1066 2401 permutationem

277 2407 377 2434 ordinis
392 2407 534 2438 faciamus;
550 2414 665 2441 quorum
680 2404 756 2435 nibil,
766 2405 817 2430 nisi
831 2413 924 2430 caussa
938 2404 1063 2439 postulet,

277 2444 333 2471 fieri
347 2444 485 2478 oportebit.
519 2444 586 2469 Nam
604 2443 628 2469 si
641 2442 811 2469 vehementer
824 2450 900 2467 aures
914 2442 1066 2468 auditorum

277 2481 387 2508 obtusae
405 2481 567 2507 videbuntur
585 2484 664 2515 atque
681 2479 763 2505 animi
777 2478 912 2514 defatigati
926 2479 958 2505 ab
973 2479 1068 2505 adver-

277 2519 354 2545 sariis
380 2517 552 2544 multitudine
574 2518 730 2547 verborum,
755 2516 894 2542 commode
919 2517 1066 2551 poterimus

276 2555 408 2591 principio
421 2555 603 2589 supersedere,
619 2559 644 2581 et
657 2553 772 2580 exordiri
785 2561 907 2579 caussam
918 2558 964 2579 aut
977 2562 992 2579 a
1006 2562 1067 2579 nar-
1094 2580 1095 2586 ,

277 2593 377 2620 ratione
389 2596 435 2619 aut
448 2592 481 2618 ab
494 2592 584 2627 aliqua
597 2592 672 2618 firma
685 2590 921 2626 argumentatione.
955 2590 1063 2621 Deinde,

276 2630 300 2657 si
318 2629 487 2656 commodum
505 2630 562 2660 erit,
577 2629 650 2664 quod
664 2637 716 2655 non
730 2636 835 2662 semper
848 2635 955 2654 necesse
969 2631 1016 2658 est,
1032 2627 1066 2653 ad

276 2667 402 2702 principii
415 2666 572 2693 sententiam
586 2666 682 2693 reverti
696 2664 794 2691 licebit.
816 2664 852 2690 X.
868 2664 897 2691 Si
910 2673 1004 2691 caussa
1018 2673 1066 2691 no-
1094 2667 1096 2690 ἱ

1113 131 1362 159 AUCTORlS

1090 203 1093 226 9
1115 207 1166 228 stra
1182 211 1303 235 magnam
1317 202 1501 229 difficultatem
1512 203 1646 230 videbitur
1660 203 1764 234 babere.
1782 209 1810 231 ut
1824 212 1902 232 nemo

1115 248 1198 273 aequo
1216 240 1305 265 animo
1322 240 1482 275 principium
1503 242 1585 275 possit
1603 241 1702 271 audire.
1727 250 1741 267 a
1756 243 1902 268 narratione

1114 285 1198 311 quum
1219 277 1405 311 inceperimus,
1426 277 1458 302 ad
1475 279 1597 313 principii
1616 279 1772 305 sententiam
1788 284 1902 305 reverta·

1115 322 1175 339 ntur
1190 313 1288 339 licebit.
1322 314 1349 339 Si
1366 315 1477 340 narratio
1491 324 1583 349 parum
1600 316 1744 350 probabilis
1757 321 1806 345 est.
1826 324 1903 343 exor-
1940 318 1941 327 ¹

1114 351 1220 376 dicmur
1233 351 1265 376 ab
1279 350 1366 386 aliqua
1382 352 1455 377 firma
1470 354 1703 387 argumentatione.
1724 353 1769 379 llis
1783 362 1903 379 commu-

1116 388 1259 413 tationibus
1277 393 1302 414 et
1321 388 1502 414 tralationibus
1522 390 1635 423 partium
1651 399 1728 424 saepe
1744 391 1781 416 uti
1797 399 1903 417 necesse

1115 430 1162 455 est,
1183 434 1267 460 quum
1287 426 1343 460 ipsa
1363 435 1403 451 res
1422 426 1588 452 artificiosam
1607 427 1807 462 dispositionem
1822 427 1904 454 artifi—

1114 463 1184 488 ciose
1202 468 1364 488 commutare
1381 463 1461 497 cogit.
1498 465 1536 489 «8.
1553 464 1579 489 ln
1593 464 1790 490 confirmatione
1803 469 1829 491 et
1841 473 1904 491 con-

1092 497 1093 502 *
1116 499 1242 525 futatione
1261 500 1518 535 argumentationum
1537 500 1724 535 dispositiones
1748 501 1902 528 huiusmodi

1092 559 1093 563 ,
1115 538 1238 563 convenit
1266 537 1375 563 babere:
1411 538 1578 563 firmissimas
1609 539 1850 571 argumentationes
1877 539 1903 565 in

1116 575 1209 608 primis
1232 579 1257 600 et
1280 574 1305 600 in
1333 575 1473 609 postremis
1495 583 1605 601 caussae
1624 576 1744 610 partibus
1761 576 1901 602 collocare:

1117 611 1260 637 mediocres
1274 616 1299 637 et
1313 621 1400 646 neque
1415 611 1523 638 inutiles
1541 612 1573 638 ad
1591 612 1734 638 dicendum
1753 621 1839 648 neque
1857 621 1904 639 ne·

1115 649 1242 674 cessarias
1261 649 1293 674 ad
1312 649 1487 683 probandum,
1520 658 1588 684 quae
1605 650 1627 676 si
1646 651 1787 684 separatim
1805 658 1835 676 ac
1848 650 1905 676 sin-

1115 686 1194 718 gulae
1207 686 1328 712 dicantur
1343 687 1461 712 infirmae
1475 687 1537 717 sint,
1553 696 1614 713 cum
1637 687 1730 713 ceteris
1749 687 1904 714 coniunctae

1117 724 1206 749 firmae
1219 728 1244 749 et
1259 723 1410 758 probabiles
1425 724 1495 754 fiant,
1513 724 1642 759 interponi
1669 729 1693 750 et
1707 725 1734 750 in
1749 724 1838 750 medio
1849 724 1904 751 col-

1117 760 1194 787 locari
1208 765 1317 795 oportet.
1352 761 1417 787 Nam
1436 762 1524 787 statim
1540 770 1566 787 re
1585 767 1684 788 narrata
1699 766 1833 796 exspectat
1847 762 1905 788 ani-

1116 807 1176 824 mus
1199 798 1336 828 auditoris.
1361 806 1394 824 ex
1415 807 1468 833 qua
1491 806 1518 824 re
1535 807 1627 824 caussa
1645 799 1793 825 confirmari
1808 800 1903 833 possit.

1115 835 1280 870 Quapropter
1296 836 1422 861 continuo
1440 835 1541 861 firmam
1560 836 1676 871 aliquam
1693 840 1794 870 oportet
1808 835 1904 862 inferre

1116 873 1380 908 argumentationem.
1414 873 1447 898 Et
1471 873 1599 907 quoniam
1626 873 1777 907 nuperrime
1802 872 1903 900 dictum

1116 910 1191 936 facile
1205 910 1346 936 memoriae
1361 910 1509 941 mandatur,
1526 910 1590 936 utile
1604 915 1651 941 est,
1667 918 1752 945 quum
1762 910 1849 936 dicere
1857 910 1905 936 de-

1116 947 1245 977 sinamus,
1266 952 1395 973 recentem
1410 947 1527 982 aliquam
1542 947 1691 982 relinquere
1706 947 1732 973 in
1747 948 1843 974 animis
1856 955 1905 974 au-

1116 985 1231 1010 ditorum
1246 984 1312 1010 bene
1327 984 1428 1011 firmam
1443 986 1708 1020 argumentationem.
1733 984 1800 1010 llaec
1813 984 1906 1019 dispo-

1116 1022 1177 1048 sitio
1192 1021 1317 1053 locorum,
1334 1027 1470 1057 tamquam
1485 1023 1623 1049 instructio
1636 1022 1762 1052 militum,
1779 1021 1906 1048 facillime

1117 1059 1142 1085 in
1157 1059 1278 1090 dicendo,
1299 1060 1369 1086 sicut
1382 1059 1426 1086 illa
1442 1060 1468 1085 in
1483 1059 1635 1095 pugnando,
1652 1067 1743 1094 parare
1756 1059 1851 1094 poterit
1864 1059 1905 1085 vi-

1115 1097 1234 1123 ctoriam.

1170 1134 1519 1160 X1.l9.Pronuntiationem
1531 1133 1606 1159 multi
1619 1134 1734 1160 maxime
1744 1132 1836 1160 utilem
1847 1141 1905 1160 ora-

1093 1188 1094 1206 ]
1116 1171 1163 1198 tori
1178 1171 1303 1197 dixerunt
1316 1179 1375 1197 esse
1389 1176 1413 1197 et
1427 1172 1459 1197 ad
1473 1171 1688 1206 persuadendum
1702 1170 1849 1206 plurimum
1860 1179 1906 1197 va-

1093 1209 1094 1222 ³
1117 1209 1178 1235 lere.
1200 1209 1254 1235 Nos
1267 1208 1376 1243 quidem
1392 1217 1471 1235 unam
1486 1208 1519 1234 de
1531 1209 1652 1243 quinque
1666 1208 1746 1234 rebus
1757 1207 1906 1243 plurimum

1117 1255 1194 1281 posse
1221 1254 1272 1272 non
1295 1245 1371 1272 facile
1393 1246 1555 1278 dixerimu53
1583 1246 1688 1281 egregie
1706 1254 1829 1281 magnam
1847 1253 1907 1272 esso

1117 1283 1257 1310 utilitatem
1276 1284 1302 1309 in
1321 1283 1547 1318 pronuntiatione,
1567 1283 1692 1309 audacter
1709 1282 1907 1309 confirmaveri-

1117 1330 1186 1347 mus.
1218 1321 1284 1346 Nam
1303 1321 1456 1347 commodae
1473 1321 1639 1347 inventiones
1652 1324 1677 1346 et
1690 1320 1833 1346 concinnae
1847 1328 1907 1346 ver-

1117 1359 1211 1385 borum
1225 1357 1386 1384 elocutiones
1400 1362 1425 1384 et
1438 1358 1553 1392 partium
1567 1365 1676 1383 caussae
1686 1357 1841 1384 artificiosae
1849 1357 1907 1383 dis-

1117 1396 1270 1430 positiones,
1286 1400 1312 1421 et
1325 1395 1420 1422 horum
1433 1395 1554 1421 omnium
1568 1394 1683 1430 diligens
1697 1394 1832 1426 memoria,
1848 1394 1906 1421 sine

1086 1446 1089 1474 ι
1117 1433 1330 1467 pronuntiatione
1354 1441 1406 1459 non
1427 1432 1499 1467 plus,
1523 1440 1605 1467 quam
1623 1432 1681 1458 sine
1694 1431 1737 1458 his
1751 1432 1831 1458 rebus
1845 1439 1907 1466 pro-

1117 1470 1246 1496 nuntiatio
1260 1469 1316 1496 sola
1329 1469 1416 1496 valere
1429 1469 1534 1504 poterit.
1556 1468 1650 1501 Quare,
1666 1469 1729 1504 quia
1743 1477 1821 1495 nemo
1833 1469 1906 1495 deea

1116 1516 1144 1534 re
1158 1507 1299 1543 diligenter
1312 1507 1433 1542 scripsit:
1445 1507 1516 1542 (nam
1529 1514 1622 1533 omnes
1636 1506 1682 1532 vix
1691 1514 1769 1541 posse
1779 1511 1907 1541 putarunt

1088 1553 1096 1571 1*
1117 1545 1149 1571 de
1167 1553 1230 1571 voce
1249 1549 1274 1570 et
1292 1544 1370 1570 vultu
1387 1549 1413 1570 et
1429 1548 1506 1579 gestu
1524 1543 1642 1570 dilucide
1655 1543 1745 1574 scribi,
1761 1551 1847 1578 quum
1860 1551 1906 1570 eae

1117 1591 1158 1608 res
1181 1581 1214 1608 ad
1236 1590 1332 1608 sensus
1355 1586 1458 1608 nostros
1472 1580 1658 1616 pertinerentz)
1682 1585 1708 1606 et
1728 1581 1792 1615 quia
1809 1589 1906 1617 magno

1094 1632 1095 1646 1
1116 1627 1194 1654 opere
1212 1627 1242 1645 ea
1260 1627 1321 1654 pars
1339 1627 1353 1645 a
1372 1619 1449 1645 nobis
1462 1618 1496 1644 ad
1508 1617 1652 1644 dicendum
1665 1617 1842 1652 comparanda
1854 1623 1903 1649 est,

1118 1665 1168 1683 non
1183 1656 1348 1692 negligenter
1360 1655 1466 1682 videtur
1480 1660 1530 1682 tota
1545 1664 1586 1681 res
1599 1654 1799 1682 consideranda.

1171 1693 1305 1720 Dividitur
1322 1693 1405 1729 igitur
1422 1693 1601 1728 pronuntiatio
1618 1693 1645 1718 in
1663 1692 1736 1719 vocis
1754 1692 1867 1728 figuram
1880 1697 1906 1719 et

1117 1731 1234 1766 corporis
1259 1735 1370 1757 motum.
1404 1730 1502 1766 Figura
1525 1730 1598 1756 vocis
1623 1734 1663 1756 est
1675 1738 1714 1761 ea,
1737 1738 1806 1765 quae
1824 1738 1905 1756 suum

1117 1768 1261 1804 quemdam
1275 1767 1393 1802 possidet
1406 1767 1528 1794 habitum
1541 1767 1641 1794 ratione
1653 1771 1679 1793 et
1692 1767 1822 1793 industria
1832 1775 1906 1794 com-

1095 1821 1097 1832 .
1118 1810 1248 1841 paratum.
1273 1807 1315 1832 20.
1329 1805 1366 1831 Ea
1380 1805 1510 1831 dividitur
1524 1805 1551 1831 in
1564 1809 1617 1831 tres
1631 1809 1726 1839 partes,
1742 1803 1905 1840 magnitudi-

1119 1852 1192 1874 nem,
1218 1842 1423 1873 firmitudinem,
1449 1841 1656 1868 mollitudinem.
1694 1840 1904 1877 Magnitudinem

1118 1881 1190 1907 vocis
1204 1880 1320 1906 maxime
1333 1883 1467 1914 comparat
1480 1883 1581 1909 natura,
1593 1878 1714 1905 nonnihil
1724 1879 1845 1914 adauget,
1857 1878 1906 1905 sed

1118 1918 1233 1944 maxime
1247 1922 1384 1944 conservat
1397 1925 1473 1949 cura,
1493 1916 1684 1943 firmitudinem
1697 1916 1771 1942 vocis
1790 1916 1906 1942 maxime

1117 1964 1180 1982 cura
1193 1954 1209 1969 *
1221 1959 1363 1989 comparat,
1380 1953 1501 1980 nonnihil
1515 1953 1637 1989 adauget,
1653 1953 1700 1979 sed
1713 1953 1830 1979 maxime
1842 1961 1906 1980 con-

1117 1996 1205 2019 servat
1217 1992 1283 2018 ratio
1293 1991 1310 2006 *
1319 1991 1532 2024 declamationis,
1547 1990 1744 2017 mollitudinem
1757 1990 1839 2022 vocis,
1856 1990 1906 2017 hoc

1117 2035 1165 2061 est,
1181 2034 1211 2056 ut
1224 2038 1282 2056 eam
1299 2033 1422 2064 torquere
1439 2029 1467 2054 in
1480 2028 1592 2054 dicendo
1605 2036 1653 2062 pro
1665 2032 1755 2054 nostro
1767 2027 1906 2054 commodo

1088 2066 1097 2097 v}
1117 2067 1262 2103 possimus,
1285 2067 1401 2093 maxime
1423 2065 1501 2092 faciet
1522 2065 1673 2092 exercitatio
1694 2064 1903 2091 declamationis.

1117 2105 1282 2140 Quapropter
1294 2104 1327 2130 de
1341 2103 1524 2139 magnitudine
1537 2102 1610 2129 vocis
1624 2106 1649 2128 et
1662 2101 1835 2128 firmitudinis
1844 2110 1906 2137 par—

1088 2138 1097 2175 J,
1117 2147 1150 2173 te,
1175 2142 1303 2177 quoniam
1326 2140 1406 2167 altera
1427 2144 1529 2171 natura,
1554 2139 1634 2166 altera
1651 2147 1714 2165 cura
1727 2143 1902 2174 comparatur,
1935 2138 1938 2139 ⁷

1088 2173 1097 2184 ¹⁴
1117 2179 1184 2206 nihil
1205 2177 1256 2215 [ad]
1277 2187 1324 2205 nos
1342 2178 1434 2204 attinet
1450 2185 1625 2208 commonere,
1645 2176 1698 2202 nisi
1710 2176 1786 2202 utab
1799 2176 1842 2206 iis,
1857 2176 1904 2211 qui
1936 2189 1941 2196 ι

1117 2225 1169 2243 non
1183 2216 1260 2242 inscii
1274 2220 1337 2242 sunt
1350 2215 1408 2241 eius
1422 2214 1534 2246 artificii,
1550 2214 1615 2240 ratio
1627 2213 1759 2240 curandae
1771 2213 1844 2240 vocis
1857 2221 1906 2248 pe-

1117 2258 1196 2280 tatur.
1230 2253 1289 2279 XII.
1304 2253 1341 2279 De
1354 2261 1384 2278 ea
1397 2256 1470 2287 parte
1485 2251 1666 2282 firmitudinis,
1682 2258 1751 2285 quae
1763 2258 1906 2277 conserva-

1096 2309 1097 2320 ,
1117 2296 1160 2318 tur
1181 2291 1281 2317 ratione
1301 2289 1509 2320 declamationis,
1533 2293 1560 2315 et
1579 2288 1613 2314 de
1634 2287 1803 2314 mollitudine
1819 2287 1903 2319 vocis.

1088 2328 1097 2348 vl
1116 2336 1185 2363 quae
1199 2327 1314 2354 maxime
1327 2327 1474 2353 necessaria
1487 2330 1528 2352 est
1540 2325 1643 2356 oratori,
1658 2324 1784 2359 quoniam
1798 2333 1828 2351 ea
1837 2332 1906 2359 quo-

1116 2374 1169 2400 que
1179 2364 1356 2391 moderatione
1369 2363 1568 2390 declamationis
1578 2366 1752 2396 comparatur,
1760 2361 1904 2388 dicendum
1939 2376 1941 2379 -

1117 2403 1232 2429 videtur.
1265 2403 1307 2428 21.
1327 2402 1346 2428 F
1349 2401 1444 2427 irmam
1462 2400 1578 2427 maxime
1591 2399 1737 2434 poterimus
1751 2399 1779 2425 in
1791 2398 1906 2425 dicendo

1096 2471 1097 2474 Ἴ
1116 2448 1208 2466 vocem
1221 2447 1386 2469 conservare,
1397 2439 1420 2464 si
1430 2446 1511 2473 quam
1521 2437 1637 2463 maxime
1646 2436 1736 2462 sedata
1745 2440 1771 2462 et
1779 2435 1906 2470 depressa
1938 2470 1941 2472 q

1094 2492 1097 2512 ρ
1116 2485 1180 2504 voce
1193 2476 1324 2511 principia
1337 2476 1468 2502 dicemus.
1502 2475 1569 2500 Nam
1583 2473 1725 2500 laeduntur
1737 2473 1854 2504 arteriae,
1869 2473 1902 2504 si,

1095 2513 1097 2544 l
1116 2519 1257 2549 antequam
1268 2513 1322 2539 leni
1331 2521 1395 2539 voce
1404 2511 1555 2547 permulsae
1564 2515 1636 2542 sunt,
1647 2511 1700 2537 acri
1709 2509 1824 2536 clamore
1831 2518 1906 2536 oom—

1116 2551 1248 2586 pleantur.
1268 2550 1303 2576 Et
1315 2549 1462 2576 intervallis
1476 2548 1642 2584 longioribus
1651 2547 1690 2574 uti
1699 2547 1851 2580 conveniet;
1862 2555 1906 2573 re-

1115 2593 1219 2615 creatur
1232 2588 1304 2614 enim
1317 2596 1370 2614 vox
1383 2586 1488 2622 spiritu,
1504 2590 1529 2612 et
1543 2585 1652 2612 arteriae
1666 2584 1799 2611 reticendo
1811 2584 1905 2619 acqui-

1094 2620 1096 2638 ⁷
1116 2630 1223 2658 escunt3
1243 2629 1269 2651 et
1281 2625 1438 2651 continuum
1451 2623 1593 2650 clamorem
1606 2622 1738 2649 remittere
1763 2625 1790 2648 et
1801 2621 1835 2647 ad
1848 2629 1905 2647 ser-

1116 2671 1222 2690 monem
1235 2662 1346 2689 transire
1355 2665 1468 2696 oportet3
1483 2660 1702 2687 commutationes
1711 2659 1782 2686 enim
1792 2658 1901 2690 faciunt,
