1941 3052
761 133 802 157 93.
837 130 871 157 Μ.
906 129 937 157 T.

196 136 243 161 ⁸5⁸

971 130 1244 158 ClCERONlS

196 205 317 231 tribunos«
330 203 416 238 pls-bia
427 201 603 237 appellarunt,
618 209 648 227 ne
661 202 765 227 iniussu
779 199 870 236 populi
883 199 986 227 iudica·
1014 202 1015 221 l
1036 201 1123 227 sibus.
1157 203 1195 227 Η.
1209 200 1261 227 Sed
1273 203 1363 236 accipe
1375 201 1436 229 alia.
1459 202 1509 229 lien
1520 201 1577 229 fluit
1587 202 1619 229 ad
1633 204 1825 239 interregnum.

1014 248 1016 269 v,
1037 243 1062 264 ct
1073 244 1112 264 est
1123 238 1269 264 nonnullus
1280 238 1345 265 odor
1355 238 1515 269 dictaturae,
1533 250 1620 267 sermo
1629 241 1740 276 quidem
1757 241 1828 268 mul-

197 247 262 268 rcnt
305 242 354 266 lle-⁴
368 240 446 265 redit.
487 239 599 264 ilotuitia
615 239 694 264 dilata
711 248 743 264 ex
758 243 866 264 mutatus
878 237 986 263 consul-

197 279 303 307 to.‹luni
318 277 359 303 lex
370 277 402 301 «le
415 277 491 302 tacito
504 276 603 301 iudicio
615 275 736 302 ferretur.
758 275 836 301 Venit
849 275 899 310 legi
911 275 983 304 dies:

195 315 335 341 'run-nnius
353 313 510 339 intercessit.
551 312 693 342 Consules.
711 313 758 347 qui
775 312 841 338 illud
859 312 910 338 levi
926 312 987 338 bra-

196 353 257 378 ehio
273 352 403 385 egissent,
422 358 476 375 rent
491 349 522 374 ml
537 354 658 375 menatum
671 349 832 376 detulerunt.
874 349 921 375 liic
934 349 987 375 ΑΙ)-

196 390 267 417 ιΙι-τη,
282 397 332 414 non
346 391 446 413 tacente
458 395 510 413 mc.
551 387 636 417 Dices,
650 391 737 413 tamen
750 392 776 412 tu
788 395 839 413 non
851 385 988 421 quiescis?

197 427 313 461 ignosce,
329 425 374 450 vix
389 432 509 458 possum.
544 424 730 450 Verumtamen
743 423 809 458 quid
821 428 873 450 tam
886 423 987 450 ridicu-

198 462 271 489 lum‘?
289 462 402 487 Senatus
418 460 584 491 decreverat,
602 470 634 487 nc
650 462 725 495 prius
737 461 843 487 comitia
857 461 987 487 baberen-

197 505 251 530 tur,
267 507 348 534 quam
362 497 403 524 lex
416 497 464 524 lato
477 503 559 524 esset:
577 499 600 524 si
611 498 658 533 qui
672 499 878 529 intercessisset,
892 507 934 525 res
946 499 988 524 in-

197 542 268 570 tegra
290 535 439 561 referretur.
480 536 576 570 Coepta
599 534 661 561 ferri
683 535 788 566 levitcr;
811 536 986 562 intercessum

197 583 247 600 uon
261 573 365 604 invitis,
385 580 425 598 res
442 572 474 598 ud
490 577 625 599 senatum:
643 572 676 598 de
687 581 716 599 ea
729 582 755 599 rc
768 573 801 599 ita
813 577 984 602 censuerunt,

195 611 302 637 comitia
315 610 400 644 primo
411 618 518 644 quoque
531 614 647 644 tempore
661 610 762 639 haberi.
771 619 829 636 csse
841 609 988 644 erepubli-

196 657 235 674 ca.
276 648 301 673 7.
323 647 454 677 Scaurus,
472 647 518 681 qui
535 651 590 673 erat
600 648 692 682 paucis
704 647 801 673 dicbus
814 647 867 674 illis
878 646 988 673 absolu-

197 690 252 714 tus,
269 693 352 719 quum
365 692 413 719 ego
426 688 527 719 partem
541 685 599 710 eius
611 685 780 711 ornatissime
793 684 985 715 defendissem,

195 721 446 749 obnuntiationibus
462 730 508 756 per
523 721 676 748 Scaevolam
693 722 869 756 interpositis.
892 721 988 757 singu-

197 759 230 785 lis
245 758 343 785 diebus
358 767 445 793 usque
461 758 492 784 ad
510 758 596 793 pridie
610 758 666 785 Kal.
678 758 782 789 Octob..
798 768 852 794 quo
862 768 912 795 ego
924 759 988 785 baec
1008 760 1011 770 ⁶

195 796 239 823 die
250 796 357 831 scripsi,
371 795 493 825 sublatis,
507 795 606 831 populo
617 796 738 823 tributim
750 795 823 822 domi
834 804 898 823 suae
909 796 988 822 satis-

196 833 303 860 fecerat.
344 833 396 860 Sed
417 838 518 864 tamen,
541 834 590 860 etsi
607 833 714 860 uberior
730 833 875 860 liberalitas
894 833 985 863 huius,

195 871 295 907 gratior
309 879 368 896 esso
384 870 525 897 videbatur
539 879 630 897 eorum
640 891 646 901 ,
662 871 709 905 qui
724 875 894 905 occuparant.

190 944 314 985 rprolecto
325 953 400 980 spem
409 943 470 981 [non
479 943 499 981 ‘]
510 945 591 971 habes
604 945 715 976 nullam,
724 945 789 971 haec
800 946 904 981 negotia
917 945 988 971 mul-

196 987 283 1009 tarum
305 982 486 1008 nundinarum
509 982 572 1009 sore.
611 982 663 1008 Sed
683 987 792 1009 senatus
808 983 887 1009 hodie
903 982 988 1008 suerat

197 1019 316 1050 futurus,
335 1019 362 1046 id
376 1024 416 1046 est
432 1019 489 1046 Kal.
505 1019 676 1046 Octobribus.
716 1020 769 1046 lam
785 1021 857 1046 enim
871 1020 985 1046 luciscit.

196 1057 236 1084 lbi
253 1056 376 1092 loquetur
392 1061 494 1092 practer
508 1057 618 1084 Antium
634 1062 659 1084 et
677 1058 823 1083 Favonium
841 1057 924 1084 libere
940 1065 988 1083 ne-

196 1103 250 1121 mo.
291 1095 357 1120 Nam
368 1094 431 1121 Cato
442 1099 567 1129 aegrotat.
607 1095 643 1120 De
655 1103 696 1120 me
709 1094 777 1121 nibil
790 1095 925 1121 timueris:
939 1093 986 1120 sed

196 1137 284 1159 tamen
297 1132 420 1166 promitto
435 1131 513 1158 nihil.
553 1133 578 1158 8.
600 1131 684 1164 Quid.
698 1132 819 1167 quaeris,
837 1131 929 1158 aliud‘?
943 1132 988 1158 lu-

195 1168 276 1199 dicia,
289 1168 378 1195 credo.
417 1169 518 1195 Drusus
527 1189 533 1197 ,
550 1168 668 1195 Scaurus
679 1178 729 1195 non
743 1169 838 1195 fecisse
850 1169 985 1195 videntur.

195 1206 260 1233 Tres
271 1205 405 1232 candidati
422 1205 476 1233 sore
493 1207 529 1232 rei
542 1206 716 1241 putabantur,
734 1207 865 1233 Domitius
877 1215 891 1232 a
902 1206 987 1232 Mem-

197 1244 263 1275 mio,
282 1243 403 1270 Messalla
420 1252 433 1269 a
448 1243 480 1276 Q.
498 1244 622 1278 Pompeio
632 1243 714 1274 Rufo,
732 1244 848 1270 Scaurus
859 1252 873 1269 a
885 1244 987 1270 Triario

195 1286 265 1308 auta
278 1281 306 1307 1..
319 1280 440 1307 Caesare.
481 1280 550 1313 Quid
567 1282 678 1316 poteris,
697 1281 818 1315 inquies,
836 1290 884 1315 pro
900 1281 933 1307 iis
945 1281 988 1307 di-

194 1317 273 1344 cere‘?
283 1319 320 1344 Ne
332 1318 432 1348 vivam.
446 1318 469 1344 si
481 1319 546 1345 scio.
572 1319 600 1344 [a
612 1318 667 1345 illis
678 1318 789 1354 quidem
800 1318 887 1346 tribus
899 1317 985 1350 libris,

194 1363 263 1391 quos
275 1360 302 1382 tu
314 1354 451 1386 dilaudas,
465 1355 532 1382 nihil
544 1356 657 1391 reperio.

247 1424 302 1445 xvt
313 1431 330 1445 c.
341 1424 493 1449 Fragmentum
504 1425 638 1452 deperditae,
649 1429 673 1446 ut
682 1425 776 1450 videtur,
788 1425 897 1454 epistolae
906 1429 957 1454 post
966 1432 985 1447 ι,

194 1460 214 1479 d.
227 1462 260 1480 Π.
270 1459 322 1480 Kal.
333 1460 379 1480 Oct.
390 1459 460 1481 eiu-d.
471 1459 524 1480 anni
534 1459 639 1487 scriptae:

248 1505 273 1532 9.
295 1498 392 1536 Nunc,
410 1505 603 1540 utopinionem
614 1504 714 1532 habeas
726 1514 828 1537 rerum,
845 1505 986 1533 serendum

193 1546 243 1568 est.
283 1541 410 1574 Quaeris,
427 1550 476 1578 ego
491 1551 533 1568 me
544 1546 574 1569 ut
584 1542 733 1578 gesserim?
749 1543 906 1571 Constanter
916 1549 942 1571 et
954 1544 988 1571 li-

194 1579 266 1606 bere.
282 1578 352 1611 Quid
363 1579 416 1610 ille,
426 1580 580 1614 inquies‚ut
591 1579 709 1607 ferebat?
720 1581 885 1613 Humaniter,
898 1590 988 1608 meae-

193 1624 246 1651 que
257 1616 410 1652 dignitatiS,
428 1616 516 1651 quoad
528 1617 596 1643 mihi
607 1617 774 1644 satisfactum
785 1623 868 1649 esset,
885 1618 988 1645 haben-

193 1653 255 1680 dam
271 1654 325 1680 sibi
341 1654 469 1680 rationem
481 1654 603 1689 putabat.
644 1655 702 1687 Quo
716 1655 795 1682 modo
805 1664 868 1691 ergo
879 1655 988 1683 absolu-

195 1690 255 1717 tus?
275 1690 390 1717 Omnino
401 1693 511 1727 γοργεῖα
522 1691 621 1727 renui:
643 1697 828 1719 accusatorum
840 1693 988 1719 incredibi-

195 1727 228 1754 lis
242 1727 366 1758 infantia,
385 1728 412 1754 id
427 1732 467 1754 est
486 1728 516 1754 L.
531 1728 651 1759 Lentuli,
670 1729 699 1755 L.
716 1729 756 1759 F„
774 1738 855 1764 quem
871 1729 988 1757 fremunt

194 1773 287 1791 omncs
302 1766 527 1799 praevaricatum3
548 1765 646 1792 deinde
660 1766 780 1801 Pompeii
796 1767 863 1794 mira
878 1771 988 1794 conten-

195 1802 244 1828 tio:
263 1802 384 1828 iudicum
399 1802 501 1829 sordes.
541 1802 663 1829 Attamen
673 1811 753 1829 xxxn
764 1803 985 1835 condemnarunt,

194 1847 302 1865 xxxvut
313 1839 494 1866 absolverunt.
509 1839 611 1866 Iudicia
622 1839 726 1875 reliqua
738 1841 907 1875 impendent:
920 1850 987 1868 non-

194 1875 260 1902 dum
280 1881 319 1902 est
337 1876 415 1911 plane
430 1876 583 1911 expeditus.
626 1879 665 1904 lo.
687 1878 777 1908 Dices,
800 1882 828 1904 tu
844 1887 907 1914 ergo
923 1878 987 1905 haec

194 1921 248 1948 quo
263 1913 342 1940 modo
358 1912 428 1939 fers?
447 1913 518 1940 Belle
536 1913 703 1945 mehercule,
721 1919 747 1941 et
762 1915 789 1941 in
805 1923 836 1942 eo
851 1924 893 1941 me
910 1915 987 1942 valde

194 1958 263 1976 amo.
303 1950 466 1981 Amisimus,
489 1951 526 1977 mi
543 1951 686 1986 Pomponi,
707 1960 815 1978 omnem
835 1961 887 1979 non
908 1952 987 1980 modo

194 1995 306 2013 succum
317 1995 347 2013 ac
358 1988 518 2023 sanguinem
526 2008 532 2019 ,
554 1987 601 2014 sed
616 1989 696 2015 etiam
707 1988 822 2016 colorem
833 1994 859 2016 et
868 1991 986 2025 speciem

194 2025 335 2059 pristinam
347 2025 474 2051 civitatis.
508 2024 588 2051 Nulla
599 2030 639 2052 est
650 2026 816 2061 respublica,
833 2035 902 2062 quae
913 2027 987 2054 dele-

193 2066 254 2089 ctet,
268 2061 295 2087 in
307 2070 359 2096 qua
371 2063 551 2097 acquiescam.
584 2062 648 2089 Idne
660 2063 754 2099 igitur,
773 2065 894 2099 inquieS,
909 2064 986 2092 facile

194 2098 266 2125 fers?
280 2098 308 2125 ld
325 2099 425 2134 ipsum.
465 2099 597 2126 Recordor
611 2101 697 2131 enim,
720 2109 801 2136 quam
817 2101 888 2128 bella
907 2101 987 2137 paul—

194 2135 285 2170 lisper,
299 2136 377 2162 nobis
387 2136 611 2172 gubernantibus,
624 2138 720 2164 civitas
731 2137 823 2172 fuerit,
837 2147 906 2174 quae
918 2139 986 2166 mihi

192 2173 277 2209 gratia
289 2173 369 2200 relata
380 2174 424 2200 sit.
456 2173 554 2201 Nullus
564 2173 640 2201 dolor
651 2183 693 2201 me
704 2176 786 2211 angit,
800 2184 886 2202 unum
896 2177 986 2203 omnia

193 2218 285 2245 posse3
303 2210 496 2245 dirumpuntur
511 2212 543 2243 ii,
560 2212 609 2246 qui
623 2220 666 2238 me
681 2211 786 2248 aliquid
798 2221 877 2248 posse
891 2213 987 2241 dolue-

193 2252 267 2279 runt:
286 2247 369 2274 multa
381 2248 448 2274 mihi
459 2248 523 2275 (lant
533 2248 639 2282 solatia:
656 2258 705 2276 nec
720 2254 808 2276 tamen
823 2259 872 2286 ego
883 2250 916 2277 de
927 2259 986 2278 meo

192 2289 262 2311 statu
273 2284 407 2321 demigr03
426 2294 548 2321 quaeque
564 2286 617 2312 vita
629 2287 746 2313 maxime
757 2292 797 2314 est
807 2287 841 2314 ad
852 2292 983 2319 naturam,

192 2321 226 2347 ad
237 2330 296 2348 eam
312 2330 354 2348 me
370 2321 455 2349 refero
468 2327 494 2349 et
509 2323 609 2350 litteras
620 2328 645 2350 et
655 2324 746 2351 studia
756 2329 858 2357 nostra;
876 2325 986 2352 dicendi

194 2358 310 2385 laborem
322 2359 496 2386 delectatione
506 2361 618 2387 oratoria
629 2360 760 2388 consolor.
795 2362 895 2389 Domus
907 2371 950 2389 me
960 2367 986 2390 et

193 2404 253 2421 rura
265 2401 352 2423 nostra
364 2396 505 2424 delectant.
532 2398 590 2424 Non
601 2398 733 2429 recordor,
745 2399 818 2426 unde
828 2399 983 2430 ceciderim.

192 2432 240 2458 sed
251 2433 322 2459 unde
332 2435 506 2461 surrexerim.
546 2435 665 2462 Fratrem
677 2444 784 2462 mec-um
795 2441 820 2463 et
831 2441 856 2464 te
866 2438 890 2463 si
902 2437 986 2464 habe-

193 2468 239 2499 ho,
257 2478 305 2504 per
319 2479 361 2496 me
377 2471 427 2498 ista
437 2471 554 2507 pedibus
565 2472 712 2499 trahantur.
745 2473 829 2500 Vobis
844 2475 984 2509 ἐμφιλοσο-

193 2507 274 2538 φῆσαι
287 2515 408 2540 possum.
448 2509 534 2535 Locus
550 2509 595 2535 ille
609 2510 692 2536 animi
710 2511 808 2542 nostri,
831 2511 985 2538 stomachus

194 2541 241 2567 ubi
253 2542 389 2571 habitabat
399 2545 478 2577 olim,
495 2545 648 2573 concalluit.
688 2547 793 2574 Privata
808 2548 887 2575 modo
898 2553 924 2575 et
936 2548 986 2576 do-

194 2579 303 2605 mestica
319 2588 366 2606 nos
382 2581 522 2610 delectant.
562 2584 656 2610 Miram
674 2585 845 2611 securitatem
861 2585 982 2619 videbis:

193 2615 272 2656 cuius
287 2615 418 2658 plurimae
434 2620 586 2647 mehercule
601 2625 690 2655 partes
704 2626 768 2648 sunt
782 2622 810 2648 in
826 2627 871 2649 tuo
884 2622 983 2650 reditu.

194 2651 278 2680 hemo
289 2661 361 2680 emm
373 2655 400 2682 in
411 2658 487 2682 terris
497 2662 537 2684 est
548 2657 616 2685 mihi
626 2663 680 2685 tam
686 2659 916 2688 consentientibus
922 2668 985 2688 sen-

1008 681 1011 741 ἱ

934 870 988 897 Cu·
1008 872 1017 897 e*

195 916 287 944 pereni
299 907 403 934 vultum
415 907 506 934 videre
517 912 602 938 tuum,
615 916 700 943 quum
713 907 777 934 haec
789 908 900 944 legeres.
921 908 987 933 Nam
1008 906 1017 923 '¹

1016 1010 1017 1015 ,
1038 981 1194 1016 phaturum.

1037 280 1093 306 tus,
1112 276 1158 310 qui
1175 276 1253 301 etiam
1265 276 1412 302 Gabinium
1428 277 1499 312 apud
1515 278 1622 304 timidos
1636 278 1738 304 iudices
1750 278 1828 304 adiu·

1040 313 1086 338 vit.
1112 312 1252 338 Candidati
1267 313 1422 339 consulares
1432 323 1525 340 omnes
1537 316 1573 341 rei
1585 315 1712 341 ambitus.
1745 317 1828 341 ,tece-

1037 349 1076 375 dit
1087 349 1166 375 etiarn
1174 349 1316 379 Gabinius,
1329 359 1410 385 quem
1422 351 1449 377 Ρ.
1461 351 1544 381 Sulla,
1560 360 1611 378 non
1622 352 1750 378 dubitans
1760 353 1827 387 quin

1039 386 1102 412 loris
1113 391 1191 416 esset.
1209 387 1362 421 postularat,
1370 388 1566 415 contradicente
1577 394 1603 415 et
1613 389 1680 416 nibil
1692 389 1829 416 obtinente

1038 424 1180 458 Torquato.
1210 423 1261 450 sed
1273 432 1365 450 omnes
1377 424 1558 455 absolventur,
1572 434 1619 452 nec
1631 426 1740 461 postlnc
1751 427 1829 461 quis-

1038 469 1118 495 quam
1131 460 1315 492 damnabitur,
1329 462 1381 488 nisi
1393 463 1440 496 qui
1453 462 1587 489 hominem
1598 463 1734 490 occiderit.
1776 463 1830 490 ttoc

1039 503 1124 524 tamen
1137 499 1225 533 agitur
1236 499 1367 525 severius.
1389 499 1479 534 ltaque
1491 500 1589 526 iudicia
1600 500 1695 526 calent.
1718 500 1752 526 M.
1765 499 1830 527 Put-

1040 536 1100 561 vius
1113 535 1232 562 Nobilior
1247 535 1439 562 condemnatus
1454 541 1503 563 est.
1544 536 1619 563 Multi
1631 537 1676 563 nui
1689 537 1783 564 urbani
1796 545 1829 564 ne

1039 572 1200 607 respondent
1219 573 1340 607 quidem.
1384 575 1422 600 ⁴2.
1443 573 1514 606 Quid
1535 574 1608 600 aliud
1630 573 1711 600 novi?
1735 574 1767 601 Et
1790 579 1829 601 ta-

1039 618 1110 636 men.
1150 609 1279 636 Absolute
1294 610 1423 640 Gabinio,
1440 611 1636 637 stomachantes
1651 611 1698 637 alii
1714 611 1827 641 iudices.

1039 646 1101 673 hora
1113 652 1180 681 post.
1192 647 1352 674 Antiochum
1359 648 1515 677 Gabinium,
1529 649 1619 675 nescio
1628 656 1709 683 quem
1720 657 1734 674 e
1745 648 1829 683 Sopo-

1039 683 1102 710 lidis
1114 684 1271 718 pictoribus,
1286 684 1411 712 libertum
1423 693 1565 712 accensum
1577 685 1696 715 Gabinii.
1711 685 1769 721 lege
1781 685 1830 712 P·-

1038 722 1080 756 pia
1095 721 1316 749 condemnarunt.
1357 723 1447 758 ltaque
1463 722 1533 750 dixit
1548 724 1636 749 statim
1653 731 1714 749 reus
1729 723 1756 749 Ρ.
1772 722 1830 758 lege

1039 759 1194 785 maiestatis.
1217 759 1248 786 οὔ
1263 759 1286 786 α’
1304 757 1355 786 οἷδ’
1373 760 1446 796 Ἄρης
1461 760 1516 795 ἅμα
1532 760 1642 795 ΙΙαφίμβ
1662 760 1830 795 Pomptinius

1039 795 1096 822 vult
1107 795 1165 822 a.d.
1178 804 1213 822 iv.
1227 797 1434 824 Non.Novemb.
1446 797 1621 832 triumphare.
1644 797 1711 823 Huic
1721 797 1829 824 obviam

1039 832 1101 860 Cato
1112 838 1137 860 et
1150 833 1296 863 Servilius,
1313 839 1461 868 praetores,
1474 839 1572 869 aperte,
1585 839 1611 861 et
1621 835 1652 866 Q.
1665 834 1771 861 Mucius
1782 835 1831 860 tri·

1039 869 1139 896 hunus.
1180 871 1217 897 Ne
1239 872 1364 897 antenim
1378 871 1460 898 latum
1471 872 1504 898 de
1517 872 1642 907 imperio:
1660 876 1685 898 et
1695 876 1736 898 est
1747 871 1829 898 latum

1038 907 1147 934 hercule
1159 879 1271 934 insulgse.
1293 908 1345 936 Sed
1357 910 1407 935 crit
1417 917 1478 935 cum
1490 909 1640 944 Pomptinio
1651 910 1756 944 Appius
1766 917 1831 935 con-

1038 944 1091 971 sul.
1131 944 1194 972 Cato
1210 950 1296 972 tamen
1311 945 1439 975 affirmat,
1457 955 1485 973 se
1500 947 1562 973 vivo
1578 946 1654 972 illum
1670 954 1721 972 non
1734 946 1830 972 trium-

1234 982 1262 1009 ld
1273 991 1323 1018 ego
1333 988 1411 1018 puto,
1429 988 1458 1010 ut
1470 983 1552 1010 multa
1564 983 1700 1013 eiusdem,
1716 983 1748 1009 ad
1761 982 1829 1010 nihil

1038 1027 1204 1046 recasurum.
1244 1020 1349 1055 Appius
1359 1021 1418 1047 sine
1431 1020 1502 1057 lege,
1519 1029 1568 1048 suo
1582 1026 1706 1055 sumptu,
1726 1021 1752 1047 in
1763 1020 1831 1047 Cili-

1037 1057 1106 1083 ciam
1117 1057 1224 1091 cogitat.

1096 1095 1134 1120 ⁴3.
1147 1095 1289 1121 Paccianae
1300 1094 1427 1129 epistolae
1439 1095 1578 1130 respondi:
1591 1103 1722 1131 cognosce
1732 1100 1829 1121 cetera.

1037 1131 1078 1157 Ex
1090 1130 1177 1158 fratris
1193 1131 1287 1158 litteris
1303 1132 1472 1159 incredibilia
1483 1132 1614 1167 quaedam
1626 1133 1659 1159 de
1670 1133 1792 1159 Caesaris
1804 1133 1830 1159 in

1038 1177 1080 1194 me
1091 1177 1180 1195 amore
1191 1169 1319 1204 cognovi:
1332 1177 1417 1204 eaque
1428 1174 1490 1196 sunt
1502 1170 1588 1204 ipsius
1594 1169 1715 1196 Caesaris
1725 1169 1832 1196 uberri-

1016 1229 1017 1247 ἱ
1038 1206 1090 1232 mis
1102 1205 1197 1232 litteris
1208 1206 1372 1232 confirmata.
1402 1207 1547 1234 Britannici
1559 1206 1623 1234 belli
1634 1208 1723 1234 exitus
1733 1214 1832 1241 exspe-

1038 1248 1133 1270 ctatur.
1173 1243 1281 1270 Constat
1300 1244 1386 1274 enim,
1409 1243 1498 1270 aditus
1520 1243 1623 1271 insulae
1638 1252 1697 1271 esse
1713 1245 1832 1271 munitos

1038 1280 1161 1307 mirificis
1173 1280 1300 1307 molibus.
1331 1281 1418 1307 Etiam
1430 1281 1498 1308 illud
1509 1281 1561 1307 iam
1572 1282 1709 1317 cognitum
1721 1286 1770 1311 est,
1784 1289 1833 1308 ne-

1038 1326 1091 1354 que
1102 1319 1204 1354 argenti
1215 1317 1365 1353 scripulum
1376 1327 1435 1345 esse
1445 1318 1531 1345 ullum
1542 1319 1570 1345 in
1581 1318 1625 1345 illa
1633 1318 1731 1349 insula,
1743 1326 1832 1353 neque

1009 1372 1011 1393 2
1039 1355 1122 1382 ullam
1138 1364 1214 1390 spem
1231 1355 1358 1391 praedae,
1381 1357 1434 1383 nisi
1449 1364 1482 1382 ex
1497 1356 1654 1391 mancipiis:
1678 1364 1712 1383 ex
1729 1355 1832 1391 quibus

1039 1393 1127 1420 nullos
1138 1398 1203 1428 puto
1215 1398 1238 1419 te
1251 1393 1346 1419 litteris
1357 1398 1402 1420 aut
1413 1394 1525 1420 musicis
1535 1393 1654 1420 eruditos
1665 1397 1830 1428 exspectare.

1041 1432 1080 1458 ⁴4.
1102 1430 1213 1457 Paullus
1228 1431 1255 1457 in
1267 1430 1356 1457 medio
1371 1430 1426 1458 soro
1436 1430 1576 1457 basilicam
1588 1431 1640 1457 iam
1651 1439 1736 1466 paene
1747 1431 1833 1457 texuit

1039 1468 1136 1496 iisdem
1148 1468 1266 1503 antiquis
1277 1467 1425 1495 columnis:
1438 1468 1512 1495 illam
1524 1473 1711 1503 autem,quam
1724 1467 1829 1498 locavit,

1039 1506 1102 1533 facit
1116 1506 1420 1541 magnificentissimam.
1460 1505 1532 1538 Quid
1546 1504 1672 1540 quaeris?
1687 1504 1754 1532 nihil
1769 1512 1832 1541 gra-

1039 1545 1092 1571 tius
1105 1542 1150 1570 illo
1162 1548 1347 1574 monumento,
1361 1542 1429 1569 nihil
1439 1542 1593 1579 gloriosius.
1633 1543 1725 1578 Itaque
1735 1542 1832 1569 Caesa-

1039 1582 1076 1608 ris
1092 1581 1172 1607 amici
1187 1580 1239 1615 (me
1255 1580 1315 1606 dico
1329 1585 1355 1606 et
1367 1579 1500 1615 Oppium,
1522 1579 1687 1615 dirumparis
1702 1579 1789 1614 licetz)
1803 1579 1830 1606 in

1038 1622 1243 1645 monumentum
1254 1617 1332 1648 illud,
1348 1617 1420 1652 quod
1432 1622 1459 1644 tu
1471 1617 1562 1644 tollere
1577 1617 1703 1644 laudibus
1714 1616 1829 1646 solebas,

1039 1660 1068 1682 ut
1078 1655 1164 1682 forum
1176 1654 1328 1682 laxaremus
1342 1659 1368 1681 et
1379 1662 1465 1690 usque
1475 1654 1508 1680 ad
1523 1655 1620 1681 atrium
1630 1654 1773 1681 Libertatis
1783 1661 1831 1680 ex-

1038 1692 1210 1728 plicaremus,
1223 1692 1436 1726 contempsimus
1445 1692 1595 1718 sexcenties
1605 1691 1680 1718 H-S.
1696 1690 1764 1717 Cum
1774 1691 1832 1725 pri-

1038 1731 1108 1756 vatis
1123 1738 1175 1756 non
1191 1734 1292 1764 poterat
1308 1729 1420 1765 transigi
1440 1729 1542 1755 minore
1557 1729 1682 1764 pecunia.
1721 1727 1832 1754 Efficie-

1040 1775 1100 1793 mus
1111 1775 1166 1793 rem
1176 1767 1410 1802 gloriosissimam.
1450 1766 1516 1792 Nam
1527 1766 1556 1792 in
1567 1766 1667 1801 Campo
1677 1765 1771 1792 Martio
1781 1764 1831 1792 Se-

1038 1809 1082 1839 pta
1093 1804 1202 1831 tributis
1217 1803 1333 1830 comitiis
1347 1811 1493 1830 marmorea
1503 1811 1599 1829 sumus
1609 1808 1635 1830 et
1645 1807 1711 1830 tecta
1723 1801 1829 1833 tacturi,

1038 1849 1123 1876 eaque
1142 1842 1284 1877 cingemus
1304 1840 1409 1867 excelsa
1425 1841 1543 1876 porticu,
1566 1845 1595 1867 ut
1609 1839 1684 1866 mille
1700 1847 1831 1874 passuum

1037 1878 1203 1905 conficiatur.
1244 1877 1331 1904 Simul
1343 1877 1505 1914 adiungetur
1515 1877 1579 1904 huic
1589 1877 1663 1912 operi
1675 1876 1739 1904 villa
1749 1878 1831 1903 etiam

1038 1915 1158 1950 publica.
1197 1916 1283 1945 Dices,
1298 1914 1365 1950 quid
1377 1914 1444 1941 mihi
1457 1915 1506 1941 hoc
1516 1919 1721 1941 monumentum
1734 1913 1832 1949 prode-

1038 1952 1089 1980 rit?
1103 1952 1193 1985 Quid‘?
1207 1952 1300 1979 celabo
1314 1957 1339 1979 te
1354 1960 1396 1979 res
1407 1951 1558 1978 Romanas?
1576 1952 1634 1979 Non
1647 1952 1720 1978 enim
1731 1956 1755 1978 te
1765 1956 1831 1986 puto

1037 1989 1070 2016 de
1082 1990 1179 2021 lustro,
1195 1989 1268 2025 quod
1284 1991 1337 2016 iam
1351 1989 1523 2024 desperatum
1534 1994 1587 2021 est,
1604 1993 1650 2016 aut
1663 1988 1698 2016 de
1708 1987 1828 2019 iudiciis,

1037 2036 1106 2063 quae
1118 2027 1176 2064 lege
1187 2027 1276 2055 Coctia
1288 2026 1359 2058 fiant,
1372 2034 1510 2062 quaerere.

1090 2097 1144 2118 XV!
1155 2097 1176 2117 d.
1195 2097 1348 2122 Fragmentum
1357 2096 1497 2124 deperditae,
1511 2099 1536 2117 ut
1545 2095 1644 2119 videtur,
1658 2093 1768 2122 epistol-e
1778 2098 1829 2115 ante

1037 2131 1154 2159 epistolam
1164 2131 1185 2152 h.
1196 2131 1212 2152 1.
1222 2135 1269 2153 xv.
1279 2131 1368 2152 min-e.

1092 2178 1132 2203 ⁴5.
1153 2171 1238 2203 Nunc
1254 2181 1278 2203 te
1292 2176 1432 2212 obiurgari
1449 2180 1553 2211 patere,
1575 2175 1599 2202 si
1619 2175 1687 2202 iure.
1726 2173 1829 2202 Scribis

1036 2213 1109 2240 enim
1125 2215 1152 2240 in
1167 2213 1293 2248 epistola,
1315 2222 1398 2249 quam
1416 2213 1446 2240 C.
1465 2213 1602 2240 Decimius
1617 2211 1686 2238 mihi
1699 2211 1826 2242 reddidit,

1035 2251 1164 2278 Buthroto
1177 2251 1280 2282 datam,
1296 2251 1323 2277 in
1334 2251 1426 2277 Asiam
1440 2250 1490 2277 tibi
1501 2249 1622 2276 eundum
1631 2257 1703 2280 esse,
1721 2253 1746 2275 te
1756 2248 1830 2275 arbi—

1037 2289 1110 2315 trari.
1150 2288 1218 2314 Mihi
1232 2287 1386 2314 mehercule
1400 2287 1470 2314 nihil
1485 2287 1628 2313 videbatur
1641 2293 1714 2316 esse,
1731 2286 1760 2312 in
1774 2294 1829 2321 quo

1036 2324 1170 2352 tantulum
1185 2326 1338 2356 interesset,
1355 2330 1446 2351 utrum
1462 2332 1510 2359 per
1524 2327 1706 2359 procuratores
1723 2331 1826 2358 ageres,

1036 2372 1069 2389 an
1081 2371 1128 2398 per
1138 2368 1163 2389 te
1174 2363 1278 2398 ipsum:
1292 2367 1323 2389 ut
1333 2362 1421 2389 abires
1431 2362 1509 2388 toties
1518 2366 1545 2387 et
1555 2365 1608 2387 tam
1619 2359 1697 2396 longe
1707 2359 1826 2386 abesses.

1036 2400 1090 2426 Sed
1101 2399 1166 2426 haec
1178 2399 1296 2430 mallem,
1309 2400 1411 2435 integra
1422 2407 1460 2430 re,
1474 2403 1561 2425 tecum
1574 2397 1672 2433 egisse.
1708 2396 1828 2424 Profecto

1036 2438 1109 2464 enim
1127 2437 1232 2472 aliquid
1246 2437 1373 2473 egissem.
1413 2436 1491 2462 Nunc
1509 2435 1654 2470 reprimam
1674 2439 1828 2469 susceptam

1035 2474 1260 2511 obiurgationem.
1300 2474 1408 2501 Utinam
1422 2472 1509 2499 valeat
1525 2471 1559 2498 ad
1577 2471 1740 2498 celeritatem
1756 2470 1828 2497 redi-

1036 2516 1079 2538 tus
1090 2512 1142 2538 tui!
1154 2512 1212 2547 Ego
1222 2511 1256 2538 ad
1266 2516 1291 2538 te
1301 2515 1440 2546 propterea
1452 2510 1543 2535 minus
1553 2516 1633 2543 saepe
1643 2508 1741 2539 scribo,
1753 2507 1828 2543 quod

1035 2554 1138 2575 certum
1149 2557 1201 2575 non
1213 2548 1306 2579 habeo,
1319 2548 1368 2574 ubi
1379 2547 1417 2573 sis
1425 2567 1431 2577 ‚
1443 2550 1489 2572 aut
1499 2545 1548 2572 ubi
1562 2545 1668 2572 tuturus
1680 2546 1728 2572 sis.
1759 2545 1828 2571 Huic

1036 2591 1124 2613 tamen
1139 2586 1230 2613 nescio
1244 2586 1302 2615 cui,
1319 2584 1392 2620 quod
1406 2582 1549 2610 videbatur
1563 2583 1586 2609 is
1600 2587 1625 2609 te
1635 2583 1746 2608 visurus
1756 2589 1824 2613 esse,

1035 2624 1129 2658 putavi
1139 2623 1241 2650 dandas
1252 2630 1311 2649 esse
1325 2622 1435 2648 litteras.
1475 2620 1529 2651 Tu,
1545 2620 1674 2654 quoniam
1689 2620 1790 2646 iturum
1801 2623 1827 2645 te

1036 2661 1064 2686 in
1078 2661 1170 2687 Asiam
1185 2668 1245 2687 esse
1259 2664 1351 2695 putas,
1373 2657 1407 2685 ad
1423 2665 1493 2693 quae
1508 2662 1627 2692 tempora
1641 2661 1667 2684 te
1686 2660 1828 2692 exspecte-
