1941 3052
235 113 296 138 ⁴228
797 113 850 136 ¹35.

885 110 919 136 M.
954 111 983 136 Τ.
1015 110 1287 138 CICERONIS

227 186 302 208 urunt
316 182 417 211 merita,
427 186 455 207 ut
467 189 517 207 nnn
535 179 714 209 ineuntla,se‹l
728 180 864 206 referenda
877 182 911 207 sit
923 182 1018 214 gratia.
1042 182 1052 214 ῖξ
1074 183 1126 208 nita
1139 181 1305 212 discedatur,
1320 183 1476 218 propiorem
1486 184 1607 210 eiusdem
1619 185 1720 219 genus.
1738 186 1862 214 nationis.

228 221 310 244 maior
321 219 451 254 qimcdam
463 226 525 243 cura
538 217 689 243 adhibenda
702 223 754 244 est:
780 217 884 244 nullum
896 218 968 244 enim
979 218 1021 244 of·
1048 218 1050 234 ¹
1073 218 1193 253 linguaeg
1208 228 1260 254 qua
1273 221 1389 246 maxime
1397 220 1737 255 bominesconiunguntur:
1753 224 1865 249 interius

227 257 317 281 licium
336 255 470 281 referenda
487 255 570 288 gratia
588 254 673 289 magis
690 255 870 280 necessarium
887 260 935 281 est,
977 256 1018 281 48.

226 293 301 325 Quod
314 294 336 318 st
347 302 384 321 cu,
401 301 469 326 quae
483 292 578 317 utenda
591 293 733 325 acceperis,
744 293 842 318 maiore
854 293 1019 322 mensunusi

227 330 304 356 modo
316 330 412 364 possis,
427 329 500 354 iubet
512 328 622 354 reddero
634 329 778 355 Hesiodus:
795 329 925 363 quidnam
938 329 1019 356 bene-
1040 332 1041 337 ¹

227 368 285 393 ticin
300 366 432 401 provocati
446 365 530 391 facere
542 365 691 391 debemus?
710 376 742 393 an
760 375 810 393 non
829 367 925 393 imitari
942 376 1018 402 agros
1040 371 1049 411 l:

226 403 337 433 fertiles,
356 404 402 437 qui
420 403 502 429 multo
519 402 580 437 plus
595 403 719 433 ell'erunt,
742 412 822 438 quam
842 404 1019 439 acceperunt?
1040 435 1041 438 Ἰ

226 442 328 467 Etenim
340 441 362 466 si
376 441 401 466 in
413 449 467 470 eos.
476 449 544 475 quos
555 449 695 474 speramus
707 441 783 467 nobis
795 441 956 475 profuturos
967 451 1016 468 non

224 478 379 504 dubitamus
390 477 477 503 officia
492 477 624 508 conterre,
647 478 741 513 quales
759 480 784 504 iu
799 487 844 504 cos
861 488 919 505 esse
935 479 1018 505 debe-

224 523 293 544 mus,
307 515 353 549 qui
367 515 418 540 iam
431 514 607 549 profuerunt?
627 516 692 541 Num
709 524 793 550 quum
808 516 862 542 duo
875 525 971 551 genera
985 516 1017 543 li-

224 551 369 578 beralitutis
384 553 451 582 sint,
471 560 554 578 unum
571 551 652 578 dandi
669 553 805 583 beneficii,
827 553 939 580 alterum
956 554 1017 580 red-

222 589 318 621 dend13
332 589 437 620 demus,
447 598 539 619 necne.
550 590 575 615 iu
588 595 674 616 nostra
687 595 814 624 potestate
826 596 878 623 est,
894 600 944 617 non
957 591 1017 617 red-

222 627 297 657 dere,
316 627 374 652 viro
390 626 458 653 bono
475 635 526 653 non
540 626 613 657 licet,
636 628 714 654 modo
726 627 752 654 id
766 627 850 654 facere
862 630 946 663 possit
958 630 1016 655 sinc

223 664 330 690 iniuria.
372 665 412 690 49.
436 663 611 698 Acceptorum
634 669 722 691 autem
743 665 932 692 beneficiorum
954 671 1016 693 sunt

221 701 341 727 delectus
353 700 484 733 habendi,
504 709 551 728 nec
562 701 676 728 dubium
686 723 692 733 ,
710 703 775 737 quin
789 704 906 730 maximo
917 705 1016 739 cuique

222 738 369 773 plurimum
388 738 527 765 debeatur.
568 739 596 765 ln
611 748 664 774 quo
683 745 771 766 tamen
788 741 814 767 in
832 741 939 775 primis,
962 749 1016 776 quo

220 776 337 811 quisque
348 777 447 807 animo,
455 776 554 806 studio,
564 776 749 803 benevolentia
758 777 856 809 fecerit,
865 778 1016 813 ponderan-

221 813 285 839 dum
297 817 347 840 est.
388 813 464 840 Multi
480 814 552 839 enim
570 813 671 841 faciunt
687 815 769 841 multa
787 816 932 842 temeritate
947 824 1016 851 qua-

220 850 296 881 dam,
312 851 370 877 sine
386 850 487 877 iudicio
499 850 541 877 vel
557 851 636 877 modo
651 852 677 878 in
692 860 799 883 omnes,
819 853 860 879 vel
877 854 1015 888 repentino

220 887 337 923 quodam
349 889 427 923 quasi
440 893 531 919 vento,
548 889 648 923 impetu
662 890 743 915 animi
757 890 874 916 incitati:
888 899 956 925 quac
968 891 1015 917 bc-

220 925 314 952 neficia
326 934 410 960 aeque
423 934 517 961 magna
531 934 582 952 non
594 931 657 952 sunt
669 926 799 957 habenda,
809 932 887 962 atque
898 936 1014 963 ea,quae

221 962 335 994 iudicio.
352 963 518 989 considerate
534 968 739 999 constanterque
750 964 835 990 ‹lelata
848 970 920 991 sunt.
962 965 1014 992 Sed

220 1001 247 1026 iu
258 999 412 1027 collocando
423 1000 554 1027 beneficio
564 1005 589 1027 et
602 1002 627 1027 in
641 1001 776 1028 referenda
787 1003 880 1037 gratia,
895 1003 917 1029 si
928 1007 1013 1029 cetera

220 1038 293 1071 paria
305 1043 377 1068 sunt,
392 1038 440 1064 hoc
453 1039 569 1064 maxime
579 1037 661 1064 officii
673 1043 721 1069 ost.
731 1044 758 1065 ut
769 1040 885 1074 quisque
897 1041 1014 1066 maxime

219 1076 278 1109 opis
291 1074 460 1111 indigeat,ita
468 1076 492 1101 ei
505 1076 676 1110 potissimum
688 1076 827 1111 opitulari:
841 1077 912 1111 quod
925 1083 1014 1104 contra

220 1112 247 1139 fit
259 1121 271 1138 a
285 1111 430 1147 plerisque.
456 1113 475 1138 Α
488 1121 541 1147 quo
553 1114 624 1138 enim
636 1113 784 1147 plurimum
795 1120 911 1149 sperant,
920 1115 1015 1141 etiam-

219 1150 242 1176 si
255 1150 277 1176 is
289 1158 340 1175 non
352 1155 420 1185 eget,
437 1154 523 1176 tamen
535 1151 559 1175 ei
571 1151 741 1184 potissimum
755 1152 915 1179 inserviunt.

275 1187 344 1213 XVI.
367 1189 408 1213 50.
430 1187 536 1221 Optime
553 1192 641 1213 autem
662 1189 774 1215 societas
795 1188 934 1215 hominum
950 1198 1014 1216 con-

219 1224 374 1259 iunctioque
385 1224 550 1254 servabitur,
566 1225 604 1255 si,
618 1230 651 1251 'ut
662 1226 778 1260 quisque
789 1227 839 1252 erit
849 1228 1014 1253 coniunctis-

219 1262 318 1292 simus,
342 1262 376 1287 ita
393 1262 419 1287 in
434 1270 495 1287 eum
508 1261 682 1297 benignitatis
692 1262 840 1297 plurimum
852 1263 1012 1291 conferetur.

219 1298 271 1324 Sed
288 1306 356 1333 quae
367 1303 459 1325 natura
471 1299 603 1333 principia
615 1300 669 1326 sint
680 1301 880 1328 communitatis
892 1307 916 1328 et
928 1302 1014 1328 socie-

219 1337 278 1362 tatis
291 1335 431 1367 humanae,
448 1336 622 1371 repetendum
636 1337 742 1364 videtur
752 1337 842 1364 altius.
883 1339 930 1365 Est
941 1340 1013 1366 enim

217 1374 350 1408 primum,
373 1373 444 1408 quod
460 1374 578 1400 cernitur
593 1375 621 1400 in
637 1375 757 1401 universi
778 1376 885 1411 generis
901 1376 1013 1404 humani

217 1411 352 1437 societate.
394 1411 459 1437 Eius
479 1416 567 1438 autem
584 1411 724 1438 vinculum
739 1417 780 1439 est
795 1414 861 1440 ratio
875 1419 900 1440 et
914 1415 1009 1447 oratio;

217 1456 286 1482 quae
297 1447 426 1479 docendo,
435 1448 572 1480 discendo,
581 1450 813 1481 communicando,
827 1451 1010 1486 disceptando,

217 1485 363 1512 iudicando
386 1485 511 1512 conciliat
532 1486 601 1512 inter
624 1495 653 1513 se
673 1487 796 1514 homines
819 1489 1013 1525 coniungitque

217 1522 332 1549 naturali
343 1523 459 1557 quadam
471 1523 605 1551 societate.
637 1524 730 1559 Neque
742 1525 796 1552 ulla
808 1534 835 1552 re
847 1525 954 1562 longius
965 1527 1014 1553 ab—

217 1568 312 1586 sumus
328 1568 341 1586 a
357 1565 450 1587 natura
467 1559 596 1592 ferarum,
620 1562 647 1588 in
663 1562 765 1597 quibus
778 1563 865 1589 inesse
878 1563 1013 1590 fortitudi-

217 1605 278 1623 nem
293 1605 371 1632 saepe
385 1597 516 1628 dicimus.
535 1603 564 1624 ut
579 1599 605 1625 iu
622 1600 713 1634 equis,
731 1600 758 1626 in
774 1600 911 1627 leonibus:
934 1602 1013 1628 iusti-

217 1635 280 1661 tiam
289 1655 295 1665 ,
307 1635 482 1669 aequitatem,
496 1635 641 1663 bonitatem
653 1645 705 1664 non
716 1636 848 1665 dicimus:
865 1643 929 1665 sunt
939 1640 1011 1665 enim

217 1673 327 1698 rationis
342 1677 368 1698 et
382 1673 509 1699 orationis
525 1678 658 1708 expertes.
698 1676 740 1701 5⁴.
759 1675 796 1702 Ac
808 1675 939 1703 latissime
950 1678 1013 1711 qui-

216 1709 277 1735 dem
299 1714 391 1744 patens
413 1709 570 1737 hominibus
593 1711 663 1738 inter
682 1713 769 1747 ipsos,
795 1713 923 1740 omnibus
943 1714 1012 1740 inter

217 1754 319 1777 omnes,
333 1747 446 1773 societas
459 1747 522 1774 haec
533 1753 586 1775 est:
600 1749 628 1775 in
639 1757 692 1784 qua
703 1751 825 1777 omnium
836 1759 935 1782 rerum,
944 1759 1012 1786 quas

216 1783 249 1810 ad
263 1792 432 1810 communem
446 1784 586 1812 bominum
597 1794 677 1812 usum
690 1791 782 1814 natura
793 1789 896 1823 genuit,
905 1793 944 1815 est
955 1797 1012 1814 ser—

216 1821 303 1847 vanda
314 1822 492 1848 communitas
500 1843 506 1853 ,
519 1827 557 1854 ut,
571 1831 640 1858 quae
651 1823 784 1859 descripta
795 1830 857 1851 sunt
869 1825 975 1861 legibus
987 1830 1012 1852 et

216 1859 274 1884 iure
289 1858 378 1889 civili.
397 1859 462 1885 baec
478 1860 513 1886 ita
529 1864 682 1892 teneantur,
701 1867 730 1888 ut
745 1863 780 1888 sit
789 1863 979 1889 constitutum:
997 1871 1011 1889 e

216 1895 317 1930 quibus
329 1896 397 1930 ipsis
407 1901 493 1923 cetera
503 1898 543 1923 sic
553 1897 743 1930 observentur,
765 1904 794 1926 ut
808 1900 836 1925 in
848 1899 1011 1926 Graecorum

216 1932 358 1966 proverbio
369 1938 422 1959 est:
435 1935 581 1960 Amicorum
592 1943 643 1961 esse
655 1939 796 1962 communia
807 1939 900 1963 omnia.
915 1936 1010 1964 Omnia

215 1974 304 1996 autem
315 1971 468 1996 communia
480 1971 621 1998 hominum
632 1972 803 2004 videnturea,
811 1982 880 2008 quae
890 1979 954 2001 sunt
963 1983 1012 2010 ge-

215 2007 288 2033 neris
299 2007 367 2037 eius,
375 2007 457 2042 quod,
466 2008 499 2034 ab
505 2008 591 2035 Ennio
602 2009 720 2044 positum
731 2011 759 2037 in
770 2019 823 2037 una
835 2019 871 2043 re,
883 2012 1011 2039 transfer-

215 2044 238 2070 ri
250 2044 276 2070 in
288 2043 386 2070 multas
400 2049 495 2079 potest.

252 2081 339 2111 Homo',
354 2085 400 2115 qui
409 2085 509 2108 erranti
519 2085 624 2109 comiter
633 2087 758 2111 morzstrdt
768 2094 845 2116 ctam,

252 2122 327 2152 quasi
339 2120 421 2145 tumen
432 2121 462 2145 de
471 2128 517 2146 suo
528 2121 622 2146 ἱάηιὶησ
632 2124 763 2152 accenddt,
775 2125 846 2156 facit,

251 2157 416 2182 nihilominus
427 2159 476 2190 ipsi
487 2158 560 2188 hicet,
573 2167 650 2191 quum
662 2160 701 2185 illi
709 2161 861 2186 accenderit.

215 2192 270 2219 Una
282 2201 316 2219 ex
326 2201 354 2219 re
368 2194 432 2220 satis
448 2195 624 2229 praecipitur,
643 2200 685 2226 ut,
702 2196 837 2231 quidquid
853 2197 912 2224 sine
927 2198 1010 2225 detri-

214 2235 304 2256 mento
314 2231 478 2257 commodari
490 2233 582 2266 possit,
596 2232 624 2258 id
635 2233 770 2260 tribuatur
781 2233 823 2260 vel
835 2235 934 2270 ignoto.
965 2237 1008 2262 5⁶2.

214 2267 255 2293 Ex
265 2276 320 2302 quo
330 2273 393 2294 sunt
404 2268 448 2295 illa
460 2270 627 2301 communia,
644 2270 702 2297 Non
714 2271 857 2305 prohibere
868 2281 937 2307 aqua
947 2281 1010 2307 pro-

215 2303 325 2337 fluente,
339 2306 396 2331 Pati
408 2305 441 2332 ab
452 2306 513 2341 igne
526 2307 616 2342 ignem
627 2315 731 2342 capere,
740 2309 763 2334 si
774 2309 837 2343 quis
849 2309 926 2342 velit;
940 2310 1010 2337 Con-

215 2341 307 2367 silium
319 2341 397 2368 fidele
408 2342 567 2370 deliberanti
579 2344 656 2371 dare:
669 2353 739 2380 quae
749 2350 812 2372 sunt
823 2346 857 2372 iis
867 2346 953 2378 utilia,
961 2348 1010 2382 qui

215 2379 359 2413 accipiunt,
374 2379 447 2407 danti
459 2389 511 2407 non
523 2381 643 2408 molesta.
683 2381 770 2414 Quare
784 2387 810 2409 et
824 2383 867 2409 his
878 2384 1010 2411 utendum

215 2420 268 2446 est,
285 2421 311 2442 et
326 2425 432 2451 semper
447 2417 551 2453 aliquid
565 2418 598 2445 ad
608 2427 779 2446 communem
791 2419 933 2448 utilitatem
945 2421 1010 2448 affe-

216 2452 339 2480 rendum.
380 2454 433 2480 Sed
455 2456 584 2490 quoniam
606 2456 699 2490 copiae
722 2465 820 2491 parvae
839 2458 1009 2494 singulorum

216 2493 292 2519 sunt,
305 2498 395 2517 eorum
407 2497 509 2523 autem,
523 2493 570 2528 qui
581 2493 616 2519 iis
629 2498 737 2529 egeant,
750 2494 854 2521 infinita
865 2500 905 2522 est
916 2496 1010 2522 multi-

217 2525 289 2556 tudo,
306 2527 426 2562 vulgaris
438 2529 584 2557 liberalitas
595 2529 734 2557 referenda
744 2536 784 2557 est
794 2531 827 2558 ad
839 2531 916 2559 illum
927 2533 1009 2560 Ennii

218 2561 312 2593 finem,
330 2564 500 2593 Nihilominus
514 2570 564 2600 ipsi
579 2569 658 2595 lacet:
672 2573 701 2594 ut
716 2567 828 2595 facultas
844 2570 891 2601 sit,
911 2579 965 2605 qua
980 2571 1008 2597 in

217 2604 320 2626 nostros
340 2601 426 2628 simus
447 2603 580 2631 liberales.
621 2605 702 2631 XVII.
723 2607 765 2632 53.
793 2605 899 2633 Gradus
919 2612 1008 2634 autem

218 2635 309 2671 plures
319 2642 381 2665 sunt
392 2640 525 2668 societatis
537 2641 685 2669 hominum.
715 2643 748 2670 Ut
758 2643 830 2670 enim
842 2643 876 2670 ab
890 2643 936 2672 illa
946 2645 1009 2672 infi-
1030 2651 1032 2669 s

1048 270 1050 276 ν
1071 257 1150 282 ctiam
1172 261 1212 282 est
1231 257 1354 283 eiusdem
1370 266 1428 283 esse
1446 259 1573 285 civitatis.

1614 259 1694 285 Multa
1711 260 1782 285 enim
1802 266 1864 286 sum

1070 293 1178 319 civibus
1200 294 1267 320 inter
1282 302 1310 320 se
1325 295 1491 321 communia:
1515 295 1615 324 forum.
1639 296 1712 326 fana,
1734 298 1861 331 [uirticus.

1072 331 1143 360 viae,
1163 330 1248 366 leges.
1267 332 1338 361 ium.
1357 332 1469 363 iudicia,
1491 333 1633 369 suffragia,
1654 334 1863 360 consuetudines

1070 372 1203 402 praetcrea
1220 373 1245 394 et
1262 368 1468 399 familiaritates.
1486 370 1632 406 multisque
1643 379 1704 397 cum
1718 371 1810 397 multis
1822 380 1863 397 res

1070 406 1239 440 rationesque
1251 411 1407 433 contractae.
1439 408 1541 434 Arctior
1553 416 1615 433 vero
1624 408 1759 444 colligatio
1769 414 1808 435 est
1820 417 1863 435 so-

1069 443 1172 468 cietatis
1185 444 1407 478 propinquorum.
1440 445 1481 471 Ab
1494 445 1537 471 illa
1549 445 1621 471 enim
1634 446 1764 472 immensa
1777 447 1863 472 swie-

1070 484 1119 505 tatc
1132 480 1242 506 humani
1253 482 1360 515 generis
1372 482 1399 507 in
1411 483 1862 518 exiguumangustumqueconclu-

1069 517 1151 543 ditur.
1191 519 1233 544 at.
1256 519 1322 544 Nam
1339 527 1423 554 quum
1440 519 1536 545 sithoc
1547 525 1639 546 natura
1651 529 1793 546 commune
1804 521 1863 547 ani—

1069 555 1209 584 mantium,
1224 560 1251 581 ut
1264 555 1378 582 babeant
1390 555 1530 583 libidinem
1543 557 1708 591 procreandi.
1722 558 1807 592 prima
1819 566 1863 584 so-

1068 592 1149 617 cietas
1163 593 1187 618 in
1201 593 1258 626 ipso
1268 594 1394 629 coniugio
1405 599 1458 620 cst:
1472 595 1592 628 proxima
1605 595 1631 621 in
1645 594 1750 621 liberis:
1764 594 1862 621 deinde

1069 637 1119 655 una
1131 628 1242 659 domus,
1257 631 1411 657 communia
1427 632 1527 658 omnia.
1568 631 1595 658 Id
1610 637 1698 658 autem
1710 637 1750 658 est
1761 633 1862 667 princi-

1068 667 1142 701 pium
1160 667 1252 697 Urbis,
1271 673 1295 695 ct
1310 669 1388 704 quasi
1404 669 1580 695 seminarium
1597 669 1772 704 reipublicae.
1813 669 1862 695 Sc-

1067 709 1187 738 quuntur
1203 703 1313 732 fratrum
1327 707 1542 738 coniunctiones;
1566 711 1625 741 post
1639 706 1861 733 consobrinorum

1067 741 1305 777 sobrinorumque:
1328 744 1375 778 qui
1392 752 1476 779 quum
1494 752 1545 770 una
1562 744 1641 770 domo
1662 744 1714 770 iam
1733 745 1792 779 capi
1809 753 1861 770 nnn

1067 779 1179 813 possint,
1194 780 1219 805 in
1232 780 1297 807 alias
1309 780 1411 811 domos,
1421 786 1557 816 tamquam
1570 782 1596 808 in
1608 780 1735 811 colonias,
1751 786 1859 808 exeunt.

1067 816 1223 850 Sequuntur
1237 818 1371 844 connubia
1388 824 1414 845 et
1429 818 1583 846 affinitates:
1607 827 1640 845 cx
1660 819 1762 854 quibus
1780 819 1861 845 etiam

1066 853 1158 888 plures
1175 856 1329 890 propinqui.
1370 855 1443 888 Quae
1458 857 1613 891 propagatio
1627 861 1651 882 et
1667 855 1776 882 suboles
1786 856 1862 891 origo

1066 896 1106 917 est
1118 900 1205 917 rerum
1220 892 1400 926 publicarum.
1441 893 1588 929 Sanguinis
1604 899 1692 919 autem
1708 894 1862 919 coniunctio

1067 927 1251 955 benevolentia
1267 930 1386 957 devincit
1402 930 1525 957 homines
1541 936 1565 957 ct
1583 931 1702 956 caritate.
1741 932 1783 956 55.
1805 930 1861 956 Ma-

1065 974 1150 1001 gnum
1163 971 1202 992 est
1213 968 1298 998 cuim,
1315 967 1408 994 eadem
1421 968 1519 994 habere
1533 973 1704 994 monumenta
1717 968 1858 998 maiorum,

1067 1003 1163 1029 iisdem
1180 1004 1218 1029 uti
1234 1005 1331 1035 sacris,
1352 1005 1474 1040 sepulcra
1490 1005 1588 1031 habere
1604 1005 1767 1032 communia.
1808 1004 1861 1030 Sed

1065 1041 1187 1066 omnium
1202 1043 1359 1069 societatum
1376 1042 1448 1069 nulla
1465 1043 1640 1077 praestantior
1655 1047 1707 1071 est.
1726 1041 1798 1068 nulla
1816 1042 1862 1068 fir-

1067 1078 1142 1107 mior,
1156 1086 1237 1112 quam
1249 1088 1334 1114 quum
1346 1080 1397 1106 viri
1409 1080 1481 1109 boni,
1495 1080 1615 1106 moribus
1626 1079 1811 1109 similes,sunt
1822 1078 1862 1105 fa-

1067 1115 1219 1142 miliaritate
1239 1117 1385 1143 coniuncti.
1426 1116 1496 1143 Illud
1516 1118 1588 1143 enim
1609 1116 1766 1147 honestum,
1788 1116 1861 1152 quod

1065 1160 1145 1187 saepe
1156 1152 1287 1185 dicimus,
1305 1155 1385 1181 etiam
1400 1155 1424 1180 si
1440 1155 1467 1180 in
1483 1153 1535 1180 alio
1545 1155 1696 1184 cernimus.
1714 1159 1801 1180 tamen
1814 1162 1861 1180 uos

1067 1194 1155 1216 movet
1166 1194 1245 1226 atque
1257 1191 1310 1222 illi,
1331 1192 1358 1218 in
1370 1200 1424 1226 quo
1435 1191 1462 1218 id
1475 1192 1563 1218 inesse
1574 1191 1694 1222 videtur,
1710 1191 1810 1217 amicos
1823 1190 1861 1217 fa-

1065 1229 1110 1253 cit.
1145 1228 1188 1253 56.
1207 1229 1240 1255 Et
1250 1237 1415 1264 quamquam
1426 1229 1514 1255 omnis
1526 1229 1612 1255 virtus
1624 1237 1671 1255 nos
1683 1227 1715 1254 ad
1727 1236 1756 1254 se
1767 1227 1858 1259 allicit,

1066 1264 1196 1300 facitque,
1217 1270 1245 1292 ut
1256 1275 1300 1292 eos
1311 1266 1472 1301 diligamus,
1496 1267 1523 1292 in
1535 1266 1637 1301 quibus
1648 1267 1706 1301 ipsa
1719 1265 1807 1292 inesse
1819 1266 1861 1291 vi-

1064 1302 1172 1332 deatur,
1190 1308 1276 1330 tamen
1289 1304 1391 1330 iustitia
1403 1308 1429 1330 et
1440 1303 1587 1330 liberalitas
1599 1303 1626 1330 id
1639 1303 1756 1330 maxime
1766 1302 1859 1329 efficit.

1052 1337 1138 1366 'Nihil
1151 1346 1239 1367 autem
1250 1346 1291 1367 est
1301 1340 1446 1367 amabilius
1458 1349 1506 1367 nec
1520 1340 1687 1375 copulatius,
1705 1348 1786 1375 quam
1803 1348 1861 1366 mo-

1065 1386 1124 1403 rum
1145 1377 1295 1405 similitudo
1315 1378 1457 1405 bonorum.
1497 1379 1526 1404 In
1548 1378 1650 1413 quibus
1669 1380 1742 1405 enim
1766 1377 1860 1404 eadem

1064 1414 1153 1442 studia
1164 1420 1227 1442 sunt
1237 1415 1401 1450 eaedemque
1416 1415 1576 1445 voluntates,
1589 1416 1617 1442 in
1628 1415 1671 1441 his
1683 1415 1720 1445 fit,
1736 1419 1765 1441 ut
1775 1423 1860 1450 aeque

1064 1453 1181 1487 quisque
1195 1452 1277 1479 altero
1292 1452 1452 1484 delectetur,
1468 1461 1498 1479 ac
1513 1454 1616 1488 seipso;
1634 1452 1804 1487 efficiturque
1821 1451 1858 1482 id,

1064 1490 1137 1525 quod
1148 1490 1312 1526 Pythagoras
1324 1490 1382 1517 vult
1392 1491 1420 1518 in
1434 1490 1562 1521 amicitia,
1576 1495 1605 1516 ut
1615 1498 1687 1516 unus
1699 1490 1743 1516 fiat
1753 1498 1787 1516 ex
1797 1488 1860 1524 plu—

1064 1527 1150 1553 ribus.
1191 1528 1285 1564 Magna
1297 1529 1376 1554 etiam
1389 1527 1434 1554 illa
1445 1528 1625 1555 communitas
1635 1532 1683 1557 est,
1696 1535 1764 1562 quae
1775 1525 1861 1553 confi-

1063 1566 1133 1591 citur
1147 1573 1181 1591 ex
1195 1565 1334 1592 beneficiis
1350 1564 1420 1592 ultro
1434 1566 1500 1592 citro
1516 1565 1585 1591 datis
1601 1565 1731 1600 acceptis:
1753 1571 1823 1599 quae
1834 1568 1861 1590 et

1064 1606 1156 1628 mutua
1167 1607 1193 1628 et
1203 1607 1276 1638 grata
1288 1602 1354 1629 dum
1364 1607 1436 1633 sunt,
1445 1603 1515 1629 inter
1525 1610 1593 1637 quos
1604 1610 1634 1628 ea
1645 1606 1716 1632 sunt,
1726 1600 1801 1627 firma
1812 1600 1861 1627 de-

1064 1639 1221 1666 vinciuntur
1235 1640 1372 1666 societate.
1412 1641 1454 1666 57.
1475 1639 1527 1666 Sed
1545 1648 1630 1674 quum
1648 1639 1738 1666 omnia
1758 1638 1860 1664 ratione

1063 1678 1207 1711 animoque
1219 1676 1350 1708 lustraris‚
1361 1677 1484 1704 omnium
1494 1677 1652 1703 societatum
1662 1675 1736 1702 nulla
1747 1680 1788 1701 est
1798 1682 1860 1711 gra-

1063 1715 1134 1745 vior,
1153 1713 1226 1740 nulla
1241 1715 1339 1744 carior,
1356 1722 1438 1749 quam
1454 1722 1498 1745 ea,
1515 1721 1585 1749 quae
1595 1721 1658 1739 cum
1669 1711 1808 1748 republica
1819 1717 1861 1739 est

1064 1752 1110 1778 uni
1121 1752 1220 1786 cuique
1232 1756 1363 1778 nostrum.
1403 1751 1463 1778 Cari
1474 1755 1537 1777 sunt
1547 1755 1684 1785 parentes,
1701 1750 1755 1776 cari
1769 1749 1857 1780 tiberi,

1063 1789 1222 1823 propinqui,
1238 1788 1398 1815 familiares:
1419 1788 1468 1814 sed
1482 1796 1576 1814 omnes
1595 1788 1718 1814 omnium
1735 1788 1859 1813 caritates

1062 1826 1146 1860 patria
1158 1834 1211 1852 una
1223 1825 1363 1860 complexa
1378 1830 1432 1852 est:
1455 1834 1502 1860 pro
1517 1834 1569 1860 qua
1581 1825 1643 1860 quis
1655 1825 1743 1851 bonus
1753 1823 1860 1850 dubitet

1063 1867 1175 1889 mortem
1186 1868 1320 1898 oppetere,
1329 1863 1352 1889 si
1362 1863 1387 1889 ei
1398 1863 1434 1889 sit
1444 1861 1620 1898 profuturus?
1629 1861 1687 1894 Quo
1697 1866 1737 1888 est
1743 1861 1860 1888 detesta-

1062 1900 1143 1927 bilior
1154 1901 1265 1927 istorum
1276 1900 1439 1930 immanitas,
1455 1900 1503 1935 qui
1515 1899 1665 1926 lacerarunt
1674 1899 1748 1926 omni
1758 1898 1859 1925 scelere

1062 1938 1175 1972 patriam
1183 1958 1189 1969 ,
1211 1942 1236 1964 et
1251 1938 1279 1964 in
1290 1946 1320 1963 ea
1332 1937 1455 1963 funditus
1465 1936 1580 1963 delenda
1590 1937 1713 1971 occupati
1723 1940 1750 1963 et
1759 1940 1823 1963 sunt
1832 1940 1860 1962 et

1063 1975 1180 2001 fuerunt.
1212 1976 1254 2001 58.
1274 1974 1328 2001 Sed
1337 1975 1362 2001 si
1372 1975 1506 2001 contentio
1517 1973 1650 2009 quaedam
1659 1978 1685 2000 et
1695 1973 1858 2008 comparatio

1063 2012 1120 2043 liat,
1132 2012 1234 2047 quibus
1245 2012 1395 2046 plurimum
1405 2012 1581 2038 tribuendum
1592 2012 1628 2037 sit
1637 2010 1733 2037 officii:
1754 2011 1858 2045 princi—

1061 2058 1109 2084 pes
1120 2050 1175 2076 sint
1185 2050 1269 2084 patria
1281 2054 1307 2076 et
1316 2054 1449 2084 parentes,
1457 2057 1573 2084 quorum
1579 2047 1718 2075 beneficiis
1729 2047 1858 2074 maximis

1060 2086 1172 2122 obligati
1183 2095 1292 2119 sumus,
1306 2087 1425 2121 proximi
1436 2086 1529 2117 liberi,
1542 2090 1650 2121 totaque
1660 2085 1772 2116 domus,
1787 2092 1858 2120 quae

1061 2129 1163 2159 spectat
1173 2125 1200 2150 in
1212 2132 1261 2150 nos
1271 2123 1342 2150 solos
1350 2144 1356 2155 ,
1378 2132 1465 2158 neque
1475 2123 1550 2150 aliud
1561 2122 1648 2149 ullum
1658 2127 1745 2157 potest
1758 2122 1858 2148 habere

1061 2161 1230 2197 perfugium:
1253 2161 1382 2196 deinceps
1400 2161 1469 2187 bene
1489 2160 1678 2187 convenientes
1698 2159 1854 2195 propinqui,

1061 2198 1228 2233 quibuscum
1242 2199 1323 2225 etiam
1337 2199 1490 2225 communis
1504 2197 1665 2233 plerumque
1685 2196 1790 2223 fortuna
1804 2200 1854 2222 est.

1061 2235 1242 2268 Quamobrem
1257 2237 1408 2262 necessaria
1428 2235 1563 2270 praesidia
1583 2235 1654 2261 vitae
1675 2233 1808 2260 debentur
1821 2233 1856 2259 iis

1062 2274 1192 2303 maxime,
1205 2281 1274 2308 quos
1285 2277 1346 2299 ante
1357 2273 1429 2305 dixi3
1444 2273 1498 2299 vita
1509 2277 1597 2298 autem
1606 2292 1612 2303 ,
1625 2272 1769 2306 victusque
1781 2278 1856 2296 com-

1061 2311 1161 2341 munis,
1175 2310 1297 2341 consilia,
1310 2318 1460 2342 sermones,
1476 2309 1684 2339 cohortationes,
1695 2307 1856 2334 consolatio—

1061 2356 1122 2378 neS,
1136 2347 1271 2374 interdum
1281 2347 1361 2374 etiam
1373 2347 1574 2383 obiurgationes
1583 2347 1611 2372 in
1625 2345 1752 2372 amicitiis
1763 2345 1856 2386 vigent

1061 2385 1192 2411 maxime:
1210 2389 1304 2420 estque
1315 2393 1344 2411 ea
1358 2384 1555 2411 iucundissima
1570 2383 1701 2413 amicitia,
1719 2390 1801 2417 quam
1816 2390 1856 2408 si-

1061 2421 1186 2448 militudo
1197 2430 1302 2448 morum
1313 2422 1479 2458 coniugavit.
1519 2421 1612 2447 XVIII.
1633 2421 1676 2446 5⁹.
1698 2418 1751 2445 Sed
1767 2419 1795 2445 in
1811 2418 1855 2461 his

1060 2459 1188 2486 omnibus
1203 2458 1300 2485 officiis
1316 2459 1467 2485 tribuendis
1478 2457 1628 2484 videndum
1637 2457 1700 2486 erit,
1717 2456 1784 2491 quid
1795 2464 1855 2482 cui-

1059 2505 1113 2531 que
1127 2497 1244 2523 maxime
1258 2504 1370 2522 necesse
1379 2496 1427 2527 sit,
1440 2495 1543 2530 etquid
1553 2494 1670 2529 quisque
1681 2492 1724 2519 vel
1735 2494 1794 2519 sine
1805 2501 1854 2520 no-

1059 2533 1103 2560 bis
1114 2538 1159 2560 aut
1170 2534 1256 2568 possit
1266 2534 1404 2568 consequi,
1417 2537 1522 2560 autnon
1533 2531 1627 2566 possit.
1656 2531 1693 2556 Ita
1705 2539 1757 2557 non
1769 2530 1853 2557 iidem

1059 2575 1138 2597 eruut
1148 2570 1380 2597 necessitudinum
1385 2569 1495 2606 gradus,
1503 2570 1551 2604 qui
1557 2573 1720 2602 temporum3
1735 2571 1853 2609 suntque

1059 2607 1156 2639 officia,
1169 2617 1238 2643 quae
1249 2607 1310 2634 aliis
1321 2608 1417 2643 magis,
1429 2615 1511 2641 quam
1525 2605 1586 2632 aliis
1596 2604 1758 2632 debeantur:
1770 2610 1800 2631 ut
1810 2612 1853 2630 vt-

1059 2645 1152 2672 cinum
1162 2645 1243 2673 citius
1253 2645 1391 2672 adiuveris
1396 2645 1424 2671 in
1430 2643 1564 2671 fructibus
1569 2642 1761 2679 pemipiendis,
1769 2650 1852 2677 quam
