1941 3052
451 142 540 168 PRO
573 142 602 168 T.
637 140 792 168 ANNIO
825 140 1025 168 MILONE.
1067 141 1165 168 CAP.
1200 143 1333 168 8—43.

69 214 192 243 ciendam
212 218 374 249 apparasset,
396 222 458 240 cum
475 221 558 240 uxore
573 213 715 239 veheretur
730 213 757 239 in
773 211 864 243 rheda,

70 252 238 289 paenulatus,
261 260 358 287 magno
372 251 565 286 impedimento
580 259 609 277 ac
624 250 750 276 muliebri
764 254 790 276 et
800 249 868 276 deli—

70 295 128 318 cato
138 289 295 316 ancillarum
307 289 649 323 puerorumquecomitatu.
662 287 867 314 29.Fitobviam

71 327 164 355 Clodio
178 331 238 353 ante
255 326 370 353 fundum
384 326 452 357 eius,
466 326 529 352 hora
542 325 595 352 l'ere
606 325 746 352 undecima
759 329 804 350 aut
814 333 867 350 non

70 364 156 392 multo
166 373 253 390 secus.
295 363 389 390 Statim
401 363 552 398 complures
563 371 625 389 cum
637 362 697 389 telis
708 363 735 388 in
747 362 819 388 hunc
829 361 868 387 sa-

70 403 146 429 ciunt
159 401 193 428 de
209 401 266 428 loco
276 401 413 436 superiore
428 401 574 435 impetum:
597 400 702 426 adversi
713 399 866 426 rhedarium

70 439 202 467 occidunt.
233 438 323 471 Quum
333 443 422 464 autem
434 438 477 464 hic
488 437 521 464 de
532 437 622 468 rheda,
636 438 731 463 reiecta
742 435 865 471 paenula,

70 476 227 504 desiluisset
237 484 320 511 seque
329 476 384 502 acri
394 476 484 502 animo
497 474 660 505 defenderet,
673 474 723 505 illi,
736 474 783 509 qui
795 478 868 500 erant

69 523 134 541 cum
148 514 249 545 Clodio,
267 513 364 549 gladiis
381 513 493 543 eductis,
507 512 604 547 partim
618 520 752 538 recurrere
763 511 795 537 ad
808 511 869 537 rhe-

70 551 142 582 dam,
165 555 195 578 ut
214 560 228 578 a
249 556 322 586 tergo
337 550 463 577 Milonem
479 550 654 580 adorirentur,
672 549 778 583 partim,
796 547 868 582 quod

71 589 144 616 hunc
154 589 208 615 iam
219 588 389 615 intersectum
401 592 533 622 putarent,
546 587 654 613 caedere
666 586 799 620 incipiunt
810 587 868 611 eius

71 635 173 657 servos,
187 627 235 661 qui
251 630 311 660 post
322 630 410 652 erant:
432 625 586 660 exquibus,
598 624 646 659 qui
657 624 746 649 animo
757 622 829 649 fideli
841 623 868 648 in

71 663 212 691 dominum
223 668 249 690 et
259 663 391 698 praesenti
403 661 520 692 fuerunt,
528 662 625 696 partim
636 661 716 687 occisi
727 664 799 691 sunt,
808 668 869 694 par-

71 702 130 732 tim,
152 710 238 736 quum
253 700 286 727 ad
297 700 407 727 rhedam
419 700 534 734 pugnari
546 698 674 728 viderent,
688 697 796 724 domino
807 705 870 723 suc-

71 747 179 765 currere
199 738 417 773 prohiberentur,
439 736 566 763 Milonem
586 736 705 762 occisum
721 739 747 761 et
761 743 796 761 ex
810 735 870 769 ipso

72 776 165 803 Clodio
185 775 308 802 audirent
326 779 352 801 et
366 782 456 800 revera
471 777 603 808 putarent,
622 772 742 799 fecerunt
756 772 784 798 id
797 772 869 798 servi

72 813 189 844 Milonis,
201 813 299 848 (dicam
320 812 390 838 enim
403 820 455 838 non
470 810 612 837 derivandi
626 810 746 836 criminis
762 817 866 840 caussa,

71 851 120 878 sed
132 855 161 877 ut
171 850 270 877 tactum
281 849 342 884 est,)
354 857 440 883 neque
453 849 603 883 imperante
614 856 701 882 neque
712 848 813 873 sciente
823 855 870 873 ne—

71 897 125 924 que
145 891 283 923 praesente
302 887 419 917 domino,
436 886 509 921 quod
523 894 585 912 suos
600 885 718 920 quisque
733 893 825 911 servos
842 885 869 910 in

70 925 118 953 tali
138 934 165 951 re
181 924 266 952 faeere
281 924 419 951 voluisset.
450 924 496 949 XI.
514 925 555 950 30.
572 923 649 954 Haec,
663 923 735 948 sicut
744 922 867 956 exposui,

71 963 107 990 ita
126 967 201 999 gesta
221 966 293 993 sunt,
316 961 432 988 iudices:
454 961 595 987 insidiator
610 964 752 995 superatus
768 964 821 990 est,
842 959 869 985 vi

71 1001 141 1027 victa
151 1001 203 1031 vis,
216 999 258 1026 vel
271 999 359 1034 potius
370 1007 498 1033 oppressa
509 999 606 1024 virtute
613 997 722 1024 audacia
729 1001 778 1023 est.
795 995 869 1023 Nihil

71 1038 140 1069 dico,
162 1037 229 1073 quid
244 1036 397 1071 respublica
411 1040 553 1062 consecuta
569 1036 612 1066 sit,
630 1035 707 1066 nihil,
724 1034 792 1070 quid
810 1043 867 1065 vos,

72 1075 150 1106 nihil.
172 1074 240 1110 quid
253 1083 346 1101 omnes
362 1073 439 1106 boni3
471 1073 539 1100 nihil
551 1081 624 1103 sane,
637 1072 711 1108 quod
722 1073 806 1107 prosit
820 1072 871 1098 Mi-

72 1112 136 1143 loni,
158 1112 207 1147 qui
222 1112 271 1138 hoc
286 1111 339 1138 fato
354 1116 433 1138 natus
449 1115 498 1142 est,
516 1116 547 1137 ut
557 1119 590 1137 ne
601 1118 630 1136 se
640 1110 752 1145 quidem
763 1117 870 1136 servare

72 1151 196 1185 potuerit,
209 1150 276 1184 quin
287 1157 340 1176 una
352 1148 547 1184 rempublicam
559 1156 662 1183 vosque
672 1151 800 1174 servaret.
841 1146 870 1173 Si

72 1187 100 1214 id
120 1188 179 1214 iure
195 1187 252 1213 fieri
264 1195 315 1213 non
327 1186 422 1222 potuit,
445 1185 513 1212 nihil
525 1186 618 1217 habeo,
631 1185 704 1220 quod
715 1183 868 1211 defendam.

72 1224 121 1252 Sin
141 1225 193 1252 hoc
207 1228 232 1251 et
247 1225 314 1251 ratio
329 1224 423 1255 doctis,
438 1228 463 1250 et
475 1224 619 1250 necessitas
631 1223 761 1253 barbaris,
775 1226 800 1248 et
812 1230 869 1248 mos

71 1263 209 1299 gentibus,
231 1266 258 1288 et
271 1261 335 1288 feris
350 1266 443 1288 natura
459 1261 519 1296 ipsa
530 1261 710 1296 praescripsit,
723 1264 753 1286 ut
762 1268 870 1286 omnem

72 1308 180 1335 semper
190 1299 255 1330 vim,
272 1307 444 1334 quacumque
454 1306 504 1333 ope
515 1302 633 1333 possent,
647 1306 661 1324 a
671 1305 790 1332 corpore,
804 1305 817 1323 a
828 1305 872 1323 ca-

72 1338 136 1373 pite,
150 1345 164 1363 a
175 1337 229 1363 vita
239 1345 288 1363 sua
299 1336 498 1371 propulsarent:
519 1345 571 1362 non
583 1335 694 1370 potestis
706 1335 755 1362 hoc
767 1334 871 1360 facinus

72 1374 227 1410 improbum
247 1374 375 1404 iudicare,
397 1375 464 1409 quin
480 1373 561 1400 simul
579 1373 716 1403 iudicetis,
733 1372 868 1402 omnibus,

72 1413 121 1448 qui
133 1413 160 1438 in
172 1411 286 1438 latrones
301 1411 451 1442 inciderint,
464 1415 510 1437 aut
519 1410 628 1437 illorum
640 1410 708 1440 telis,
718 1414 764 1436 aut
774 1410 870 1435 vestris

73 1450 214 1477 sententiis
225 1457 284 1475 esse
295 1448 473 1484 pereundum.
507 1450 548 1474 31.
565 1447 642 1480 Quod
653 1448 676 1473 si
688 1448 723 1474 ita
736 1451 869 1482 putasset,

73 1492 144 1514 certe
162 1486 307 1521 optabilius
332 1486 424 1513 Miloni
447 1485 499 1512 suit
522 1485 584 1512 dare
609 1484 735 1520 iugulum
760 1485 788 1511 P.
811 1484 872 1511 Clo-

73 1524 130 1555 dio,
154 1532 206 1550 non
221 1524 306 1550 semel
326 1524 358 1550 ab
374 1523 420 1550 illo
435 1531 523 1558 neque
537 1527 595 1549 tum
611 1523 730 1557 primum
746 1523 868 1557 petitum,

72 1570 156 1597 quam
175 1561 293 1597 iugulari
313 1569 328 1587 a
344 1561 430 1591 vobis,
447 1561 512 1596 quia
528 1569 556 1587 se
571 1560 611 1586 illi
627 1568 680 1586 non
691 1559 869 1595 iugulandum

74 1598 237 1626 tradidisset.
259 1598 307 1625 Sin
319 1598 368 1625 hoc
379 1606 457 1625 nemo
467 1602 587 1624 vestrum
599 1598 633 1623 ita
645 1598 734 1627 sentit,
743 1605 794 1623 non
803 1596 871 1623 illud

73 1637 127 1663 iam
147 1637 175 1663 in
190 1635 321 1662 iudicium
337 1636 419 1666 venit,
437 1636 577 1662 occisusne
591 1635 639 1665 sit,
656 1634 730 1669 quod
745 1634 868 1665 fatemur,

73 1673 134 1704 sed.
148 1673 206 1700 iure
221 1681 254 1700 an
264 1673 372 1703 iniuria,
385 1673 458 1708 quod
470 1672 563 1699 multis
573 1673 601 1698 in
612 1672 716 1698 caussis
728 1672 780 1698 iam
792 1680 871 1706 saepe

73 1711 227 1747 quaesitum
243 1715 292 1737 est.
323 1710 436 1737 Insidias
451 1709 532 1736 factas
543 1718 602 1736 esse
613 1714 724 1740 constat,
746 1713 772 1736 et
782 1709 809 1735 id
820 1713 868 1740 est,

73 1748 147 1784 quod
160 1752 269 1775 senatus
285 1752 376 1775 contra
393 1747 589 1783 rempublicam
610 1746 709 1774 sactum
726 1746 868 1773 iudicavit:

74 1786 108 1813 ab
119 1791 178 1813 utro
191 1785 274 1812 factae
285 1786 348 1817 sint,
366 1786 498 1812 incertum
509 1790 558 1812 est.
584 1785 620 1811 De
631 1785 681 1811 hoc
692 1785 775 1820 igitur
787 1784 870 1811 latum

74 1828 115 1851 est
125 1828 155 1850 ut
164 1827 345 1859 quaereretur.
376 1824 413 1850 lta
425 1827 450 1850 et
460 1827 569 1850 senatus
580 1831 645 1853 rem.
660 1831 711 1849 non
724 1822 869 1853 hominem,

74 1862 175 1888 notavit
185 1865 212 1887 et
221 1861 364 1895 Pompeius
375 1860 408 1886 de
419 1861 486 1891 iure,
499 1869 551 1887 non
563 1859 596 1886 de
607 1859 676 1886 facto
686 1860 870 1894 quaestionem

74 1898 146 1925 tulit.
176 1898 234 1924 ΧΠ.
257 1898 394 1933 Numquid
410 1898 492 1933 igitur
507 1897 581 1924 aliud
596 1898 624 1924 in
640 1897 771 1924 iudicium
787 1897 869 1929 venit,

74 1936 128 1963 nisi
149 1940 208 1962 uter
223 1935 276 1962 utri
291 1935 404 1962 insidias
421 1934 529 1962 fecerit?
547 1934 667 1961 Profecto
681 1934 763 1961 nihil:
785 1934 813 1961 Si
828 1935 871 1961 bic

74 1972 125 2004 illi,
139 1976 212 1999 utne
223 1973 334 2007 impune
345 1973 388 2003 sit,
401 1973 424 1998 si
435 1972 481 1999 ille
493 1972 564 2003 huic,
573 1976 602 1998 ut
613 1971 712 1998 scelere
723 1971 869 1999 solvamur.

132 2011 173 2037 32.
195 2009 315 2042 Quonam
335 2010 417 2045 igitur
438 2013 514 2044 pacto
529 2009 635 2044 probari
649 2013 744 2043 potest,
758 2009 871 2036 insidias

75 2046 169 2074 Miloni
190 2046 286 2073 fecisse
302 2046 444 2073 Clodium?
463 2046 533 2073 Satis
550 2051 590 2072 est
601 2046 627 2072 in
639 2046 684 2072 illa
694 2046 805 2081 quidem
818 2051 870 2073 tarn

75 2084 179 2115 audaci,
188 2088 241 2111 tam
248 2083 347 2111 nefaria
358 2083 456 2115 bellua,
465 2084 567 2114 docere,
575 2092 700 2119 magnam
707 2085 730 2110 ei
737 2093 869 2115 caussam,

77 2130 201 2158 magnam
221 2130 297 2156 spem
314 2121 341 2148 in
352 2121 459 2147 Milonis
475 2125 558 2147 morte
573 2121 744 2156 propositam,
761 2130 872 2157 magnas

75 2159 206 2186 utilitates
226 2158 320 2185 fuisse.
362 2159 453 2193 ltaque
463 2158 532 2184 illud
547 2158 716 2189 Cassianum.
733 2167 780 2185 cur
800 2167 872 2186 nono

75 2205 196 2228 ηιιιιτ,
213 2197 242 2223 in
259 2196 301 2223 his
317 2197 439 2230 personis
455 2195 554 2222 valeat:
577 2196 626 2222 etsi
638 2196 701 2222 boni
713 2195 788 2222 nullo
799 2204 872 2223 emo-

77 2232 196 2261 lumento
210 2233 419 2268 impellunturin
427 2232 557 2264 fraudem,
566 2233 681 2267 improbi
693 2242 772 2268 saepe
779 2242 870 2268 parvo.

76 2270 168 2307 Atqui,
190 2271 287 2298 Milone
308 2270 458 2300 interfecto,
476 2270 586 2297 Clodius
603 2270 652 2297 hoc
667 2271 869 2306 assequebatur,

77 2316 129 2335 non
144 2308 224 2336 modo
239 2313 268 2335 ut
279 2313 383 2343 praetor
393 2312 474 2338 esset,
487 2316 539 2334 non
550 2315 582 2334 eo
591 2307 710 2338 consule,
723 2317 777 2343 quo
788 2308 872 2335 scele-

76 2345 114 2372 ris
134 2345 218 2373 facere
239 2345 306 2372 nihil
322 2350 425 2380 posset:
448 2345 495 2371 sed
511 2345 600 2375 etiam.
621 2349 650 2371 ut
665 2345 698 2371 iis
713 2345 871 2372 consulibus

77 2387 181 2418 praetor
195 2387 274 2414 esset,
291 2383 393 2418 quibus
409 2383 432 2409 si
449 2391 500 2409 non
516 2381 722 2413 adiuvantibus,
740 2387 765 2409 at
779 2383 873 2409 conni-

77 2420 202 2447 ventibus
213 2425 292 2452 certe,
305 2424 423 2455 speraret
433 2428 462 2446 se
477 2428 554 2454 posse
564 2419 758 2453 rempublicam
765 2419 873 2446 eludere

78 2456 106 2484 in
120 2456 175 2484 illis
190 2458 248 2484 suis
262 2458 383 2493 cogitatis
399 2457 549 2484 furoribus:
570 2457 649 2483 cuius
660 2456 699 2483 illi
711 2462 830 2488 conatus,
845 2462 874 2484 ut

77 2493 136 2529 ipse
154 2495 367 2526 ratiocinabatur,
391 2503 447 2526 nec,
465 2495 488 2521 si
503 2498 619 2529 possent,
637 2495 781 2529 reprimere
791 2503 874 2529 eupe-

78 2535 145 2563 rent,
156 2539 242 2567 quum
253 2536 356 2559 tantum
367 2532 526 2559 beneficium
538 2532 562 2558 ei
573 2540 602 2558 se
611 2531 874 2558 deborearbitraren—

79 2572 135 2601 tut-3
166 2573 200 2600 et,
217 2569 241 2596 si
256 2569 363 2601 vellent.
383 2569 493 2597 sortasse
509 2570 555 2596 vix
571 2573 679 2603 possent
694 2568 815 2604 frangere
827 2569 874 2596 bo-

79 2605 161 2632 minis
170 2605 369 2634 sceleratissimi
380 2607 573 2634 corroboratam
588 2606 641 2632 iam
654 2610 785 2633 vetustate
792 2606 874 2633 auda-

79 2642 158 2668 ciam.
189 2644 230 2670 33.
250 2643 291 2671 An
302 2653 373 2676 vero,
395 2644 508 2675 iudices,
525 2652 572 2670 vos
588 2643 639 2670 soli
656 2643 802 2679 ignoratis?
827 2653 873 2670 vos

80 2678 199 2715 hospites
218 2680 247 2708 in
260 2681 309 2709 hac
327 2682 394 2710 urbe
405 2680 568 2709 versamini?
587 2685 691 2708 vestrae
702 2682 874 2718 peregrinan-

1660 144 1709 170 579

917 216 960 238 tur
980 220 1071 244 aures,
1095 220 1182 247 neque
1196 213 1224 239 in
1239 213 1288 240 hoc
1303 218 1446 249 pervagato
1460 213 1576 240 civitatis
1591 222 1713 241 sermone

918 254 1066 281 versantur,
1083 258 1151 284 quas
1167 249 1212 277 ille
1228 250 1309 286 leges,
1323 251 1356 286 (si
1368 250 1439 287 leges
1451 250 1628 278 nominandae
1639 257 1711 282 sunt,

918 295 947 312 ac
958 295 1010 313 non
1026 286 1095 313 faces
1107 287 1182 313 urbis
1194 292 1219 314 et
1228 292 1317 322 pestes
1328 288 1500 323 reipublicae)
1511 288 1592 315 fuerit
1602 290 1714 324 imposi-

919 328 995 350 turus
1012 325 1088 351 nobis
1101 325 1227 351 omnibus
1241 330 1320 360 atque
1331 325 1491 352 inusturus‘?
1509 325 1624 356 Exhibe,
1638 326 1715 352 exhi-

918 361 960 391 be,
974 370 1082 396 quaeso,
1097 362 1176 388 Sexte
1187 363 1271 394 Clodi,
1284 363 1382 389 exhibe
1394 363 1531 390 librarium
1545 363 1612 390 illud
1624 363 1714 399 legum

919 402 1077 430 vestrarum,
1086 399 1159 434 quod
1173 404 1198 426 te
1208 400 1283 426 aiunt
1293 401 1425 435 eripuisse
1434 410 1448 427 e
1458 400 1538 427 domo
1549 401 1715 427 etexmediis

919 436 1000 462 armis
1022 437 1153 472 turbaque
1168 442 1295 463 nocturna
1311 442 1446 472 tamquam
1461 438 1608 464 Palladium
1623 443 1716 465 sustu-

920 472 1030 503 lisse,ut
1041 474 1205 508 praeclarum
1217 474 1342 501 videlicet
1353 484 1452 502 munus
1459 481 1537 510 atque
1551 476 1717 502 instrumen-

920 514 976 536 tum
998 511 1149 537 tribunatus
1165 512 1198 538 ad
1212 511 1339 546 aliquem,
1357 513 1380 539 si
1396 517 1488 539 nactus
1504 522 1591 545 esses,
1608 513 1656 548 qui
1671 517 1716 539 tuo

920 547 1030 574 arbitrio
1049 549 1215 575 tribunatum
1230 555 1345 584 gereret,
1367 550 1468 576 deferre
1485 559 1588 585 posses.
1628 550 1717 585 Atque

920 593 968 619 per
980 583 1082 620 [omnes
1098 586 1184 612 tribus
1199 586 1295 613 divisis
1307 586 1438 613 libertinis
1452 596 1543 614 servos
1554 587 1600 614 ille
1611 596 1714 618 omnes,

920 622 968 656 qui
988 623 1016 648 in
1028 622 1148 649 libertate
1159 628 1333 654 morarentur,
1348 624 1405 660 lege
1416 634 1484 651 nova
1498 625 1639 651 additurus
1651 629 1714 656 erat,

920 664 950 685 ut
965 659 1017 693 ipsi
1029 669 1090 686 cnm
1102 661 1229 696 ingenuis
1241 662 1387 696 aequaliter
1397 662 1522 698 suffragia
1535 661 1653 698 ferrent}
1675 662 1716 689 An

922 696 1004 722 huius
1015 697 1061 723 ille
1073 697 1148 733 legis,
1157 706 1238 732 quam
1246 698 1354 725 Clodius
1366 707 1380 725 a
1391 708 1419 725 se
1430 700 1565 726 inventam
1577 700 1714 735 gloriatur,

921 734 1082 760 mentionem
1103 734 1188 761 facere
1203 744 1286 762 ausus
1301 740 1372 762 esset
1386 737 1447 763 vivo
1459 736 1564 768 Milone,
1581 746 1614 763 ne
1629 737 1716 763 dit-arn

920 771 1048 797 consule?
1067 772 1103 798 De
1119 777 1240 799 nostrum
1255 774 1327 799 enim
1341 774 1462 800 omnium
1473 789 1510 793 ——
1520 783 1571 800 non
1583 774 1668 800 audeo
1679 779 1718 801 to-

921 813 978 834 tum
994 808 1091 835 dicere.
1132 809 1234 841 Videte,
1248 810 1314 845 quid
1326 819 1356 837 ea
1367 812 1425 837 vitii
1438 811 1480 837 lex
1491 811 1614 837 habitura
1627 811 1714 841 fuerit,

920 846 999 872 cuius
1023 846 1172 881 periculosa
1188 848 1268 874 etiam
1284 848 1456 882 reprehensio
1480 854 1529 875 est.
1570 849 1603 875 Et
1613 850 1718 883 aspexit

920 891 963 909 me
984 883 1039 909 illis
1059 884 1170 918 quidem
1188 885 1288 916 oculis,
1309 886 1411 921 quibus
1426 891 1484 912 tum
1500 885 1614 917 solebat,
1631 894 1718 921 quum

921 920 1047 947 omnibus
1061 922 1150 948 omnia
1160 923 1321 949 minabatur.
1362 924 1450 950 Movet
1461 932 1502 950 me
1514 924 1615 958 quippe
1627 923 1718 950 lumen

921 959 1024 984 curiae!
1052 959 1223 991 X111.Quid‘?
1242 965 1271 986 tu
1287 969 1329 987 me
1344 961 1451 992 iratum,
1465 961 1554 992 Sexte,
1568 965 1646 996 putas
1657 961 1716 989 tibiv

921 996 999 1021 cuius
1020 1000 1048 1022 tu
1064 997 1284 1024 inimicissimum
1301 998 1385 1025 multo
1399 998 1536 1025 crudelius
1547 1000 1626 1025 etiarn
1639 999 1719 1033 puni-

921 1037 965 1059 tus
980 1041 1017 1065 es,
1034 1042 1115 1069 quam
1126 1038 1181 1061 erat
1192 1035 1366 1062 humanitatis
1381 1045 1454 1062 meae
1466 1035 1617 1071 postulare?
1637 1036 1678 1062 Tu
1690 1036 1717 1062 P.

922 1070 1008 1097 Clodii
1019 1076 1160 1098 cruentum
1172 1072 1285 1099 cadaver
1295 1074 1396 1100 eiecisti
1407 1073 1495 1104 domo,
1504 1079 1532 1100 tu
1544 1074 1571 1100 in
1578 1073 1719 1108 publicum

921 1108 1055 1141 abiecisti3
1073 1114 1102 1135 tu
1113 1109 1255 1144 spoliatum
1268 1110 1443 1146 imaginibus,
1452 1112 1597 1146 exsequiis,
1611 1119 1717 1146 pompa,

922 1145 1082 1177 laudatione,
1104 1147 1300 1174 infelicissimis
1322 1148 1402 1184 lignis
1418 1148 1652 1179 semiustulatum,
1672 1157 1721 1175 no-

921 1184 1023 1209 cturnis
1044 1185 1156 1211 canibus
1172 1185 1358 1212 dilaniandum
1374 1186 1518 1221 reliquisti.
1558 1186 1615 1218 Qua
1631 1194 1658 1212 re
1670 1187 1719 1212 etsi

922 1220 1021 1247 nefarie
1032 1221 1128 1253 fecisti,
1147 1226 1243 1253 tamen,
1257 1224 1384 1258 quoniam
1396 1225 1422 1250 in
1436 1232 1494 1250 meo
1505 1224 1615 1250 inimico
1624 1223 1721 1250 crude-

923 1257 1022 1285 litatem
1044 1261 1235 1295 exprompsisti
1256 1265 1337 1291 tuam,
1354 1276 1391 1281 —
1406 1261 1514 1288 laudare
1529 1270 1581 1288 non
1598 1270 1718 1296 possum,

922 1295 1001 1322 irasci
1012 1301 1081 1323 certe
1093 1298 1246 1324 nondebeo.
1262 1299 1303 1324 34.
1317 1297 1720 1334 [Demonstravi‚iudices,quan-

923 1337 976 1359 tum
997 1334 1080 1360 Clodii
1094 1333 1189 1371 inter*]
1212 1334 1292 1362 fuerit
1307 1336 1391 1362 occidi
1408 1336 1548 1368 Milonem;
1574 1337 1721 1362 convertite

923 1371 1026 1397 animos
1041 1380 1113 1398 nunc
1123 1372 1243 1398 vicissim
1255 1373 1288 1398 ad
1300 1373 1436 1399 Milonem.
1477 1373 1546 1406 Quid
1560 1373 1666 1400 Milonis
1678 1374 1721 1399 in-

923 1412 1017 1434 tererat
1027 1409 1139 1436 interfici
1151 1409 1293 1436 Clodium?
1312 1410 1383 1442 Quid
1394 1415 1457 1441 erat,
1469 1419 1518 1437 cur
1529 1410 1600 1441 Milo,
1615 1419 1667 1437 non
1679 1410 1721 1437 di-

923 1453 979 1471 cam
1004 1445 1166 1476 admitteret,
1194 1447 1241 1473 sed
1260 1447 1380 1482 optaret?
1407 1447 1535 1474 Obstabat
1551 1448 1577 1474 in
1594 1456 1641 1483 spe
1656 1456 1721 1474 con-

923 1482 1027 1509 sulatus
1047 1483 1140 1510 Miloni
1159 1484 1280 1511 Clodius.
1324 1485 1357 1511 At
1376 1494 1407 1512 eo
1426 1490 1606 1521 repugnante,
1637 1486 1721 1512 immo

925 1528 994 1551 vero,
1017 1529 1048 1547 eo
1067 1521 1146 1548 fiebat
1165 1523 1265 1557 magis;
1288 1531 1336 1549 nec
1357 1531 1400 1549 me
1419 1522 1592 1558 suffragatore
1612 1522 1721 1549 meliore

924 1557 1056 1590 utebatur.
1078 1567 1161 1594 quam
1176 1559 1278 1586 Clodio.
1318 1560 1427 1586 Valebat
1442 1562 1514 1595 apud
1532 1569 1587 1590 vos,
1605 1560 1718 1591 iudices,

923 1594 1030 1622 Milonis
1046 1604 1108 1631 erga
1124 1605 1166 1623 me
1182 1605 1292 1631 remque
1305 1597 1439 1632 publicam
1452 1598 1607 1624 meritorum
1619 1606 1722 1624 memo-

923 1633 970 1663 ria.
980 1633 1104 1660 valebant
1114 1642 1206 1669 preces
1217 1634 1372 1661 etlacrimae
1379 1640 1491 1666 nostrae,
1500 1636 1601 1670 quibus
1608 1643 1657 1671 ego
1664 1640 1720 1661 tum

923 1678 971 1697 vos
983 1671 1094 1697 mirifice
1106 1672 1206 1698 moveri
1217 1672 1374 1703 sentiebam.
1388 1672 1435 1699 sed
1448 1673 1509 1708 plus
1522 1673 1606 1699 multo
1618 1672 1722 1699 valebat

923 1708 1105 1742 periculorum
1126 1709 1340 1744 impendentium
1361 1710 1448 1737 timor.
1489 1710 1555 1742 Quis
1576 1711 1648 1736 enim
1667 1715 1723 1736 erat

923 1745 1034 1778 civium,
1047 1746 1094 1781 qui
1109 1747 1161 1773 sibi
1172 1746 1287 1773 solutam
1299 1747 1421 1774 l'.Cl0dii
1434 1752 1583 1782 praeturam
1595 1748 1654 1774 sine
1665 1756 1722 1773 ma-

923 1784 996 1810 ximo
1026 1792 1115 1810 rerum
1141 1793 1270 1811 novarum
1296 1790 1368 1811 metu
1395 1784 1569 1820 proponeret?
1601 1785 1721 1811 Solutam

924 1826 1013 1847 autem
1025 1820 1080 1848 fore
1092 1821 1233 1854 videbatis,
1250 1823 1302 1849 nisi
1313 1824 1416 1849 essetis
1427 1822 1531 1853 consul,
1545 1823 1592 1858 qui
1604 1831 1662 1849 eam
1675 1831 1723 1849 au-

923 1858 998 1885 deret
1017 1863 1163 1894 possetque
1176 1860 1367 1896 constringere.
1408 1861 1476 1887 Eum
1497 1860 1621 1887 Milonem
1637 1868 1723 1886 unum

923 1904 992 1927 esse,
1005 1905 1090 1931 quum
1102 1898 1212 1924 sentiret
1223 1898 1366 1924 universus
1379 1897 1495 1933 populus
1507 1898 1722 1932 Romanus.quis

923 1933 1057 1960 dubitaret
1069 1934 1196 1971 suffragio
1206 1943 1256 1962 suo
1267 1945 1295 1961 se
1306 1940 1389 1966 metu,
1398 1935 1517 1970 periculo
1527 1935 1722 1970 rempublicam

924 1970 1053 1998 liberare?
1063 1972 1097 1998 At
1108 1981 1188 2002 nunc,
1202 1973 1230 1998 P.
1239 1972 1332 1999 Clodio
1343 1978 1451 2005 remoto,
1461 1973 1566 2000 usitatis
1578 1974 1629 1999 iam
1641 1973 1722 1999 rebus

923 2009 1079 2035 enitendum
1100 2014 1140 2036 est
1160 2010 1267 2041 Miloni,
1290 2015 1319 2037 ut
1340 2016 1445 2037 tueatur
1460 2011 1617 2047 dignitatem
1633 2019 1720 2037 suam.

923 2046 1075 2082 Singularis
1087 2046 1132 2073 illa
1145 2047 1207 2074 huic
1220 2048 1266 2074 uni
1276 2056 1401 2074 concessa
1412 2048 1506 2094 gloria,
1523 2057 1592 2083 quae
1602 2048 1722 2083 quotidie

923 2084 1071 2119 augebatur
1089 2083 1246 2121 frangendis
1263 2085 1400 2112 furoribus
1412 2086 1557 2116 Llodianis,
1572 2087 1624 2112 ium
1637 2085 1722 2112 Clodii

924 2126 1008 2148 morte
1022 2121 1128 2149 cecidit.
1170 2123 1222 2149 Vos
1237 2123 1325 2156 adepti
1341 2123 1416 2153 estis,
1432 2132 1464 2149 ne
1474 2132 1555 2158 quem
1567 2124 1654 2149 civem
1667 2131 1722 2149 me-

924 2159 1046 2185 tueretis:
1079 2159 1122 2186 hic
1137 2161 1352 2187 exercitationem
1372 2161 1488 2191 virtutis,
1506 2160 1722 2196 suffragationem

923 2196 1092 2227 consulatus,
1115 2196 1213 2224 sontem
1235 2206 1379 2232 perennem
1394 2197 1494 2233 gloriae
1509 2206 1574 2224 suae
1595 2197 1720 2232 perdidit.

924 2234 1014 2268 ltaque
1035 2233 1142 2261 Milonis
1161 2235 1326 2265 consulatus.
1348 2235 1410 2270 qni,
1427 2236 1489 2262 vivo
1504 2235 1605 2265 Clodio,
1624 2234 1723 2261 labeta-

923 2271 988 2297 ctari
1004 2279 1055 2297 non
1071 2275 1180 2305 poterat,
1197 2277 1302 2298 mortuo
1311 2272 1429 2307 deniqne
1445 2273 1538 2299 tentari
1550 2276 1660 2306 coeptus
1671 2277 1720 2297 est.

925 2309 981 2334 Non
1002 2308 1080 2334 modo
1100 2309 1182 2343 igitur
1203 2309 1270 2335 niliil
1292 2309 1412 2344 prodest,
1433 2309 1481 2336 sed
1500 2310 1577 2336 obest
1597 2310 1676 2335 etiam
1692 2309 1719 2334 Ρ.

924 2345 1009 2371 Clodii
1026 2354 1098 2372 mors
1114 2346 1215 2372 Miloni.
1237 2348 1278 2372 35.
1297 2348 1329 2372 At
1345 2346 1429 2373 valuit
1439 2347 1540 2375 odium,
1555 2346 1615 2372 fecit
1627 2347 1719 2373 iratus.

925 2382 987 2409 tecit
1011 2383 1151 2413 inimicus,
1180 2383 1230 2410 fuit
1251 2383 1320 2410 ultor
1341 2384 1468 2413 iniuriae,
1495 2384 1603 2418 punitor
1623 2383 1722 2410 doloris

924 2420 977 2446 sui.
989 2420 1125 2452 -Quidv
1154 2421 1176 2446 si
1198 2420 1275 2450 liuec.
1298 2429 1349 2447 non
1365 2421 1437 2449 dico.
1456 2421 1554 2447 maiora
1571 2420 1679 2447 [uerunt
1693 2421 1720 2447 in

925 2457 1025 2488 Clodio,
1048 2466 1128 2492 quarn
1146 2458 1172 2484 in
1190 2458 1296 2489 Milone,
1313 2457 1359 2484 sed
1375 2458 1402 2484 in
1414 2458 1460 2484 illo
1471 2459 1596 2488 maxima,
1610 2458 1684 2484 nulla
1694 2459 1721 2485 in

925 2495 988 2521 hoc:
1010 2494 1076 2530 quid
1089 2494 1313 2530 vultisaniplius‘?
1332 2494 1403 2527 Quid
1414 2495 1721 2522 enimodissetctodium

926 2532 997 2562 Milo.
1020 2538 1137 2567 segetem
1153 2542 1183 2559 ac
1199 2533 1335 2559 materiam
1352 2541 1416 2559 suae
1431 2533 1540 2567 gloriae,
1559 2538 1661 2568 praeter
1673 2533 1722 2560 bor

924 2569 1003 2596 civile
1014 2569 1177 2605 odium,quo
1191 2579 1284 2597 omnes
1295 2570 1431 2605 improbos
1442 2569 1568 2597 odimus?
1588 2570 1643 2600 Ille.
1656 2576 1719 2600 erat,

926 2611 956 2633 ut
968 2606 1077 2638 odisset,
1101 2608 1218 2642 primum
1233 2607 1401 2634 defensorum
1416 2607 1511 2635 salutis
1526 2616 1608 2638 meae,
1625 2608 1721 2634 deinde

927 2649 1077 2671 vexatorem
1093 2644 1199 2676 furoris.
1215 2645 1372 2672 domitorem
1384 2653 1518 2672 armorum
1534 2653 1655 2676 suorum,
1674 2653 1721 2680 po-

925 2686 1024 2710 stremo
1034 2683 1114 2710 etiam
1120 2688 1300 2710 accusatorem
1306 2691 1397 2710 suum.
1414 2683 1485 2710 Rous
1491 2683 1563 2709 enim
1570 2683 1677 2710 Milonis
1684 2682 1721 2709 le-

1453 2730 1513 2756 73·
