1941 3052
233 130 293 155 tt-'Jt
795 126 849 150 ¹25.

228 207 301 228 rrius.
321 198 362 224 fiet
380 203 466 223 mim-n
484 195 564 225 illud,
580 195 651 229 quod
669 194 788 220 futurum
801 199 852 220 est:
875 194 1018 219 sinautem

229 236 254 262 id
271 240 355 270 potest
375 234 457 262 fles-ti.
480 232 584 259 nullum
601 236 641 257 eut
658 231 753 257 fatum:
788 232 821 257 itn
840 239 873 256 ne
887 230 1019 256 divinatio
1038 244 1040 251 ι

227 273 347 307 quidem.
361 279 486 305 qnoniam
499 278 527 294 ea
541 277 627 294 rerum
641 267 790 294 futurarum
802 273 850 294 est.
885 267 958 293 Nihil
970 275 1019 292 au—

228 315 279 336 ωιιι
291 314 330 335 cst
342 317 388 342 pro
401 312 471 333 certo
487 306 620 335 futurum.
636 304 708 340 quod
724 310 809 339 potest
819 304 910 339 aliqua
922 312 1018 338 procu-

229 347 327 373 ratione
338 345 456 370 m-cnlere
479 351 511 369 ne
524 343 576 369 fiat.

283 383 327 409 lx.
344 384 384 407 22.
407 381 493 415 Atque
504 389 553 413 ego
564 388 596 405 ne
609 378 701 405 utilem
712 378 822 413 quidem
837 378 950 405 arbitror
958 386 1017 404 esse

227 420 303 446 nobis
325 419 472 444 futurarum
490 426 578 443 rerum
594 417 744 442 scientium.
784 416 857 448 Quae
875 416 946 442 cuim
965 416 1017 442 vita

227 457 320 483 fuisset
333 456 447 485 l’riamo,
463 455 486 480 si
498 454 532 480 ab
543 453 720 480 adolescentia
731 453 838 483 scisset.
857 462 924 488 quos
935 461 1018 479 evcn-

227 498 267 519 tns
283 493 428 518 senectutis
444 496 514 518 esset
531 489 691 517 habiturus?
710 490 846 517 Abeamus
866 500 880 516 a
901 489 1014 521 fabulis;

225 530 346 564 propiora
360 529 509 555 videamus.
531 528 747 555 Clarissimorum
761 528 900 554 hominum
914 532 1017 553 nostrae

224 568 340 593 civitatis
360 566 536 601 gravissimos
556 566 646 592 exitus
667 566 694 591 in
712 565 888 591 comunione
907 564 1018 599 collegi-

225 613 291 630 mus.
318 603 388 636 Quid
402 602 501 639 igitur?
512 603 544 630 Ut
553 603 709 629 omittamus
720 603 882 637 superiores,
896 602 1016 628 Marcone
1037 631 1038 636 ¹

223 643 318 668 Crasso
334 645 411 675 putas
428 640 492 667 utile
508 639 605 671 fuisse.
628 644 697 670 tum,
713 648 799 674 quum
816 640 942 666 maximis
957 639 1017 673 opi-

225 679 274 704 bus
286 678 453 712 fortunisque
465 677 587 708 florebat.
605 677 686 707 scire,
702 677 755 703 sibi
773 676 909 703 interfecto
922 676 1017 702 Publio

224 716 278 742 silio
289 716 463 750 exercituque
474 714 560 741 deleto
572 719 643 741 trans
654 714 817 749 Euphratem
828 723 889 740 cum
901 714 1017 749 ignomi-

223 754 265 779 nia
281 757 307 779 et
321 752 450 778 dedecoro
466 760 524 779 esse
541 750 728 786 pereundum?
747 752 786 778 An
797 751 845 778 Cn.
859 751 1016 786 Pompeium

222 798 315 816 censes
327 790 414 816 tribus
425 790 482 816 suis
491 788 685 819 consulatibus
694 788 781 815 tribus
792 788 946 823 triumphis.
960 797 1017 814 ma-

223 828 356 854 ximarum
368 835 457 853 rerum
468 826 552 862 gloria
565 826 723 853 laetaturum
735 825 832 856 fuisse.
848 827 871 852 si
885 826 974 855 sciret.
987 834 1016 851 se

223 866 249 891 in
273 864 418 891 solitudine
439 864 630 900 Aegyptiorum
653 863 813 890 trucidatum
839 864 885 894 iri,
916 863 1016 889 amisso
1036 867 1037 874 ¹

221 902 354 928 exercitu:
368 906 428 936 post
439 906 549 928 mortem
563 909 624 927 vero
634 909 664 927 ea
675 905 864 930 consecutura,
877 909 946 935 quae
956 901 1015 926 sine

223 938 340 965 lacrimis
355 947 407 965 non
423 947 568 973 possumus
583 938 691 964 dicere‘?
729 940 770 964 23.
792 937 864 970 Quid
876 947 938 964 vero
949 937 1015 964 Cae-

221 978 307 1003 s'arem
324 975 469 1011 putamus?
489 975 519 1002 Si
532 975 681 1002 divinasset
696 975 764 1006 fore,
788 976 855 1002 utin
867 983 898 1002 eo
908 980 1012 1005 senatu.

221 1021 301 1048 quem
315 1014 413 1040 maiore
424 1022 458 1040 ex
468 1017 542 1048 parte
557 1014 615 1047 ipse
630 1017 791 1047 cooptasset,
810 1013 836 1039 in
852 1014 925 1039 curia
938 1013 1015 1038 Pom-

222 1051 279 1084 peia
292 1055 352 1077 ante
364 1051 451 1085 ipsius
466 1051 584 1085 Pompeii
596 1050 786 1081 simulacrum,
804 1054 840 1076 tot
850 1050 1015 1076 centurioni·
1035 1064 1037 1070 ν

221 1088 273 1114 bus
284 1088 342 1114 suis
355 1088 577 1122 inspectantibus,
586 1087 908 1117 anobilissimiscivibus.
918 1088 1014 1122 partim
1036 1107 1037 1127 2

221 1125 300 1151 etiam
312 1134 326 1151 a
338 1134 366 1151 sc
377 1125 504 1152 omnibus
516 1125 597 1152 rebus
607 1125 720 1155 ornatis,
735 1124 883 1151 trucidatus
898 1125 933 1150 ita
945 1126 1015 1150 iace·
1036 1134 1037 1138 ¹

221 1167 268 1192 ret,
277 1167 306 1189 ut
315 1162 348 1188 ad
360 1163 419 1188 eius
430 1171 527 1197 corpus
537 1171 589 1189 non
601 1162 680 1188 modo
690 1161 902 1191 amicorum.sed
915 1170 946 1187 ne
957 1170 1015 1187 ser-

221 1208 315 1226 vorum
327 1199 438 1234 quidem
450 1200 595 1234 quisquam
607 1198 756 1231 accederet;
770 1199 948 1234 quocruciatu
956 1199 1015 1225 ani-

221 1238 258 1263 mi
271 1238 352 1263 vitam
365 1241 486 1263 acturum
499 1236 595 1263 fuisse!
618 1236 693 1263 Certe
704 1237 787 1272 igitur
798 1237 930 1272 ignoratio
941 1235 1015 1262 futu-

221 1282 309 1300 rorum
322 1273 452 1300 malorum
468 1273 560 1300 utilior
570 1278 619 1305 est,
635 1282 716 1308 quam
728 1274 850 1300 scientia.

221 1310 288 1337 illud
304 1310 414 1346 quidem
432 1311 499 1342 dici,
521 1312 677 1345 praesertim
692 1319 706 1337 a
717 1310 828 1342 Stoicis,
846 1310 921 1337 nullo
936 1310 1014 1337 modo

219 1353 318 1382 potest:
342 1348 398 1374 Non
416 1349 481 1375 isset
496 1348 530 1375 ad
546 1357 618 1375 arma
629 1349 787 1383 Pompeius:
810 1357 862 1375 non
875 1349 1015 1374 transisset
1034 1369 1037 1379 ,

219 1386 331 1411 Crassus
351 1385 530 1420 Euphratem:
554 1394 606 1412 non
626 1386 792 1420 suscepisset
809 1385 912 1412 bellum
932 1385 1013 1411 civile

219 1422 324 1449 Caesar.
366 1423 423 1449 Non
440 1423 522 1458 igitur
536 1422 628 1449 fatales
644 1423 732 1449 exitus
745 1422 906 1449 habuerunt.

217 1501 258 1523 set
269 1496 404 1523 divinare:
421 1502 501 1532 atque
512 1497 592 1523 etiam
603 1505 709 1523 omnem
722 1497 838 1523 fructum
850 1498 920 1523 vitae
931 1505 1014 1531 supe-

218 1534 296 1560 rioris
307 1534 500 1568 perdidissent.
521 1533 592 1566 Quid
604 1535 676 1560 enim
687 1539 777 1569 posset
789 1535 822 1560 iis
832 1543 892 1561 esse
902 1534 1011 1565 laetum,

217 1571 306 1597 exitus
326 1579 390 1598 suos
410 1571 610 1607 cogitantibus?
638 1572 688 1602 lta,
709 1580 818 1606 quoquo
837 1580 866 1598 se
886 1572 1014 1598 verterint

218 1608 314 1638 Stoici.
332 1609 415 1635 iaceat
431 1617 539 1635 necesse
555 1613 595 1635 est
607 1610 696 1635 omnis
711 1617 804 1635 eorum
818 1608 945 1636 sollertia.
985 1608 1013 1635 Si

217 1646 289 1671 enim
302 1644 343 1676 id,
361 1645 433 1680 quod
443 1650 603 1672 eventurum
615 1651 668 1676 est,
687 1645 729 1672 vel
741 1645 791 1672 hoc
801 1645 894 1677 modo,
912 1645 955 1673 vel
967 1645 1013 1672 illo

218 1687 304 1716 potest
314 1683 436 1709 evenire:
450 1682 554 1709 fortuna
568 1682 638 1710 valet
649 1683 808 1718 plurimum.
839 1683 912 1716 Quae
923 1688 1013 1710 autem

218 1719 324 1746 fortuita
335 1725 406 1749 sunt,
419 1725 489 1746 certa
500 1728 559 1746 esse
571 1729 623 1747 non
635 1725 758 1755 possunt.
797 1720 844 1747 Sin
855 1725 944 1747 autem
955 1729 1014 1747 cer-

218 1761 274 1783 tum
286 1762 335 1787 est.
348 1757 415 1791 quid
426 1765 535 1792 quaque
545 1757 579 1783 de
590 1766 627 1788 re,
643 1762 880 1793 quoquespempore
891 1757 1013 1784 futurum

217 1794 265 1820 sit:
279 1793 346 1828 quid
357 1799 406 1825 est,
420 1794 493 1829 quod
504 1802 546 1820 me
557 1794 687 1821 adiuvent
697 1794 864 1830 haruspices,
872 1803 960 1830 quum
970 1803 1013 1822 res

218 1831 387 1857 tristissimas
399 1831 522 1866 portendi
533 1831 669 1858 dixerint?

272 1868 307 1894 X.
329 1870 370 1894 25.
390 1868 501 1895 Addunt
511 1868 544 1894 ad
555 1873 720 1899 extremum,
733 1869 822 1894 omnia
835 1867 923 1895 levius
933 1877 1013 1895 casu-

218 1913 259 1935 ra,
277 1904 358 1931 rebus
373 1904 476 1931 divinis
490 1906 648 1940 procuratis.
687 1905 715 1932 Si
730 1906 802 1931 enim
819 1905 887 1932 nihil
899 1906 929 1932 fit
938 1911 1012 1932 extra

218 1941 315 1972 fatum.
333 1941 402 1968 nihil
418 1941 501 1968 levari
517 1950 544 1968 re
559 1942 652 1968 divina
668 1946 764 1977 potest.
804 1943 859 1969 Hoc
869 1944 950 1970 sentit
961 1944 1013 1970 Ηο-

216 1987 320 2008 merus.
334 1987 419 2013 quum
430 1983 587 2014 querentem
602 1979 691 2006 lovem
701 1979 817 2010 inducit,
831 1980 903 2014 quod
915 1980 1013 2015 Sarpe—

216 2016 313 2043 donem
326 2015 411 2042 lilium
423 2025 436 2042 a
449 2021 532 2042 morte
543 2020 632 2042 contra
645 2016 728 2042 fatum
739 2017 900 2052 eriperenon
910 2023 1010 2052 posset.

216 2054 270 2080 Hoc
290 2052 363 2079 idem
382 2053 517 2089 significat
531 2053 649 2080 Graecus
670 2053 715 2080 ille
731 2054 759 2080 in
774 2062 832 2080 eam
852 2056 1010 2082 sententiam

217 2098 325 2117 versus:

255 2128 327 2160 Quod
336 2130 391 2161 sore
399 2131 521 2161 paratum
530 2132 566 2154 est
573 2147 579 2158 ,
595 2129 622 2154 t'd
633 2136 757 2154 summum
767 2131 906 2161 exsuperat
919 2129 1009 2156 Ioum.

216 2165 312 2192 Totum
326 2165 435 2191 omnino
451 2164 534 2191 fatum
546 2166 626 2191 etiam
638 2164 769 2192 Atellanio
781 2174 860 2192 versu
872 2166 930 2192 iure
941 2167 1009 2193 mibi

215 2210 274 2228 esse
286 2202 396 2228 irrisum
408 2201 527 2234 videtur;
540 2201 588 2228 sed
600 2203 627 2228 in
639 2202 720 2228 rebus
733 2207 786 2229 tam
797 2204 900 2229 severis
911 2209 1010 2230 nonest

216 2239 320 2265 iocandi
347 2238 430 2265 locus.
471 2238 652 2266 Concludatur
671 2240 754 2275 igitur
773 2241 848 2267 ratio.
888 2240 916 2267 Si
935 2242 1009 2267 enim

215 2277 351 2311 provideri
363 2276 431 2303 nihil
443 2281 529 2311 potest
541 2275 660 2303 futurum
672 2285 731 2304 esse
743 2285 849 2307 eorum.
861 2286 931 2312 quae
943 2286 1008 2304 casn

216 2313 291 2344 fiunt,
300 2314 364 2349 quia
375 2322 434 2340 esse
445 2318 515 2340 certa
527 2322 579 2340 non
590 2318 716 2348 possunt:
729 2314 861 2341 divinatio
873 2314 946 2341 nulla
957 2320 1008 2342 est.

216 2350 262 2377 Sin
275 2356 363 2377 autem
376 2350 475 2377 idcirco
486 2356 598 2385 possunt
609 2351 759 2386 provideri,
781 2352 846 2386 quia
861 2357 930 2378 certa
945 2357 1010 2379 sunt

215 2393 240 2413 et
256 2387 356 2420 fatalia,
380 2397 474 2414 rursus
489 2388 621 2415 divinatio
635 2387 709 2415 nulla
725 2393 774 2415 est.
814 2389 880 2415 Eam
895 2390 968 2416 enim
980 2395 1008 2416 tu

216 2423 382 2451 fortuitarum
395 2433 483 2452 rerum
495 2433 554 2452 esse
565 2425 684 2452 dicebas.
723 2427 765 2452 26.
787 2425 840 2452 Sed
853 2426 917 2452 baec
928 2426 1009 2453 fuerit

216 2461 293 2487 nobis
313 2467 449 2497 tamquam
466 2462 534 2489 levis
549 2467 698 2489 armaturae
714 2463 802 2497 prima
817 2464 945 2490 orationis
959 2473 1008 2491 ex-

215 2498 316 2524 cursio:
338 2508 409 2525 nunc
429 2500 553 2526 cominus
573 2507 698 2535 agamus,
720 2501 961 2535 experiamurque,
982 2501 1008 2527 si

215 2535 351 2569 possimus
361 2544 459 2563 cornua
470 2545 639 2563 commovere
649 2536 840 2571 disputationis
852 2542 922 2564 tuae.

270 2571 317 2597 Xl.
343 2573 399 2599 Duo
421 2575 494 2600 enim
517 2582 615 2609 genera
639 2573 783 2601 divinandi
806 2583 865 2601 esse
885 2574 1004 2606 dicebas,

215 2616 300 2635 unum
320 2609 506 2641 artificiosum.
534 2610 648 2639 alterum
671 2611 805 2638 naturale:
831 2612 1006 2639 artificiosum

215 2650 334 2672 constare
343 2647 440 2681 partim
451 2656 486 2675 ex
495 2649 661 2679 coniectura,
679 2649 776 2683 partim
791 2657 826 2676 ex
839 2649 1007 2677 observatio-

891 1275 933 1300 24.
946 1273 1013 1299 Nam
1035 1285 1037 1310 ζ

947 1422 1015 1449 Vul-
1034 1429 1036 1440 ἰ

219 1461 252 1486 tis
264 1464 353 1486 autem
365 1460 473 1486 evenire
485 1461 574 1486 onmia
586 1459 651 1492 fato;
674 1459 742 1486 nihil
755 1468 817 1495 ergo
829 1460 884 1486 illis
895 1459 1014 1494 profuis-
1034 1473 1036 1478 =

884 124 919 150 M.
950 123 979 149 Τ.
1011 122 1285 148 CICERONIS

1038 192 1041 200 '
1071 202 1102 218 ne
1116 192 1256 218 diuturna:
1276 193 1408 223 naturale,
1421 194 1493 228 quod
1505 194 1611 220 animus
1622 195 1751 228 arriperet
1761 201 1806 222 tut
1815 204 1865 222 ex-

1070 231 1170 264 ciperet
1181 231 1349 256 extrinsecus
1360 239 1394 256 ex
1404 230 1558 260 divinitate.
1573 232 1643 257 unde
1654 241 1748 258 omne·
1759 234 1863 259 animos

1071 267 1179 292 haustos
1194 272 1241 293 aut
1255 272 1376 301 acceptos
1391 272 1438 293 aut
1454 267 1548 294 libatos
1563 268 1733 295 iuberemus.
1774 271 1865 296 Artifi-

1069 305 1155 329 ‹ziosae
1167 303 1343 330 divinationis
1359 304 1402 330 illa
1419 304 1473 330 fere
1488 313 1584 340 genera
1601 307 1733 340 ,much-s.
1749 308 1864 342 extispi-

1069 350 1129 366 cum
1141 349 1298 376 eorumque.
1310 342 1358 376 qui
1369 350 1403 368 ex
1414 341 1570 376 fulguribus
1579 345 1744 378 ostentisque
1756 344 1863 379 praedi-

1069 383 1171 407 cerent.
1190 383 1246 404 turn
1258 387 1391 413 augurum
1402 387 1563 414 eorumque,
1579 381 1627 414 qui
1639 382 1725 415 tignis
1738 387 1784 407 aut
1794 382 1865 408 orni-

1070 415 1151 441 nibus
1168 420 1318 445 uterentur.
1335 424 1469 450 omneque
1483 425 1570 451 genus
1585 419 1762 444 coniecturale
1776 420 1803 445 in
1815 419 1865 445 boc

1070 452 1123 478 fere
1139 461 1236 487 genere
1256 453 1384 487 ponebas.
1425 454 1466 480 27.
1489 453 1557 479 lllud
1578 460 1667 480 autern
1684 455 1802 482 naturale
1818 461 1865 483 aut

1069 490 1245 516 concitatione
1258 491 1354 516 mentis
1365 489 1409 516 edi
1420 495 1446 517 et
1456 491 1535 526 quasi
1551 491 1628 517 fundi
1646 492 1799 521 videbatur.
1817 499 1865 520 aut

1069 528 1158 553 animo
1170 536 1217 561 per
1228 536 1352 553 somnum
1363 528 1490 554 sensibus
1501 533 1527 554 et
1536 530 1609 554 curis
1621 537 1704 555 vacuo
1715 530 1862 564 provideri.

1069 565 1174 590 Duxisti
1185 569 1273 591 autem
1286 564 1479 591 divinationem
1491 574 1599 592 omnem
1611 574 1624 591 a
1637 566 1724 592 trihus
1737 567 1831 597 rebus,
1848 576 1862 593 a

1068 601 1126 631 deo.
1140 611 1153 627 a
1166 601 1231 632 fato,
1245 610 1259 628 a
1272 607 1372 628 natura.
1413 602 1466 629 Sed
1478 608 1564 629 tamen
1576 611 1661 638 quum
1673 604 1808 638 explicare
1821 605 1863 631 ni-

1069 639 1106 664 hil
1128 647 1234 673 posses,
1264 640 1390 674 pugnasti
1410 641 1653 666 commentitiorum
1677 641 1863 676 exemplorum

1070 676 1181 702 mirifica
1205 677 1291 711 copia.
1332 677 1367 703 De
1388 686 1442 712 quo
1463 678 1581 712 primum
1607 677 1656 704 hoc
1678 678 1742 704 libet
1761 678 1861 705 dicere.

1069 714 1121 739 lloc
1132 722 1181 748 ego
1193 713 1347 748 philosophi
1358 723 1408 740 non
1421 723 1480 741 esse
1491 715 1612 743 arbitror.
1621 716 1735 742 testibus
1747 717 1798 746 uti;
1815 717 1863 751 qui

1068 756 1113 776 aut
1128 759 1191 776 casu
1210 752 1278 780 veri.
1301 756 1346 777 aut
1362 751 1462 778 malitia
1478 751 1538 778 falsi
1550 752 1658 787 fictique
1668 761 1727 779 esse
1739 758 1861 787 possunt.

1068 789 1241 823 Argumentis
1252 793 1277 814 et
1293 789 1441 815 rationibus
1454 794 1569 824 oportet,
1591 798 1674 824 quare
1688 790 1810 825 quidque
1827 791 1862 817 ita

1068 825 1116 855 sit.
1129 825 1238 855 docere.
1252 834 1303 852 non
1315 827 1432 857 eventis.
1448 827 1482 853 iis
1492 828 1663 861 praesertim.
1681 827 1783 862 quibus
1794 827 1863 854 mihi

1069 861 1146 888 liceat
1157 871 1208 888 non
1219 863 1336 889 credere.

1122 899 1180 926 ΧΗ.
1203 901 1243 926 28.
1267 900 1298 926 Ut
1308 900 1398 927 ordiar
1406 900 1440 926 ab
1452 900 1639 936 haruspicina,
1654 910 1736 936 quam
1748 910 1798 937 ego
1811 903 1863 928 rei-

1067 936 1193 971 publicae
1213 945 1306 963 caussa
1327 939 1534 972 communisque
1559 938 1699 974 religionis
1722 939 1862 966 colendam

1066 982 1176 1000 censeo:
1189 989 1226 994 —
1241 974 1287 1000 sed
1299 975 1349 1001 soli
1360 983 1470 1001 sumus:
1490 975 1551 1002 licet
1562 984 1655 1002 verum
1668 977 1809 1011 exquirere
1824 977 1864 1003 si-

1068 1020 1100 1037 ne
1117 1011 1233 1041 invidia,
1257 1012 1325 1038 mihi
1341 1012 1496 1047 praesertim
1513 1012 1546 1039 de
1559 1013 1699 1048 plerisque
1715 1014 1861 1040 dubitanti.

1067 1049 1254 1083 Inspiciamus,
1268 1050 1291 1075 si
1303 1049 1398 1084 placet,
1411 1055 1470 1076 exta
1482 1051 1611 1085 primum.
1638 1051 1795 1077 Persuaderi
1811 1051 1863 1086 igi-

1067 1091 1109 1112 tur
1119 1087 1246 1121 cuiquam
1259 1091 1357 1121 potest.
1375 1095 1418 1117 ea.
1434 1095 1504 1121 quae
1514 1088 1662 1123 significari
1676 1088 1804 1114 dicuntur
1814 1097 1863 1115 ex-

1067 1124 1109 1153 tis.
1126 1124 1231 1159 cognita
1243 1132 1302 1149 esse
1313 1124 1346 1150 ab
1359 1124 1549 1158 haruspicibus
1559 1125 1745 1151 observatione
1756 1125 1863 1151 diutur-

1067 1160 1118 1186 na?
1137 1160 1223 1192 Quam
1244 1160 1370 1187 diuturna
1389 1162 1437 1187 ista
1459 1160 1527 1188 fuit‘?
1546 1166 1592 1188 aut
1611 1171 1692 1196 quam
1715 1162 1863 1197 longinquo

1067 1203 1185 1232 tempore
1195 1198 1334 1224 observari
1345 1198 1449 1233 potuit?
1461 1203 1507 1225 aut
1519 1199 1654 1234 quomodo
1665 1204 1704 1225 est
1714 1199 1808 1226 collata
1820 1201 1863 1226 in-

1067 1240 1105 1261 ter
1117 1235 1203 1269 ipsos,
1220 1244 1289 1270 quae
1301 1244 1362 1270 pars
1375 1236 1483 1262 inimica
1492 1257 1498 1266 ,
1515 1244 1584 1271 quae
1595 1245 1656 1271 pars
1668 1236 1809 1263 familiaris
1819 1245 1863 1263 e&

1066 1277 1118 1299 set:
1144 1272 1217 1307 quod
1234 1273 1327 1299 fissum
1349 1273 1513 1308 periculum,
1536 1273 1608 1309 quod
1624 1274 1795 1301 commodum
1811 1273 1862 1301 ali-

1065 1309 1138 1344 quod
1149 1309 1318 1336 ostenderet‘?
1331 1311 1370 1337 An
1385 1310 1449 1337 haec
1462 1311 1530 1337 inter
1540 1319 1568 1337 se
1581 1310 1859 1346 haruspicesEtrusci.

1065 1347 1128 1377 Elii,
1141 1347 1277 1383 Aegyptii,
1291 1348 1371 1374 Poeni
1381 1347 1570 1375 contulerunt?
1580 1349 1613 1375 At
1624 1348 1660 1378 id.
1674 1353 1861 1384 praeterquam

1065 1384 1138 1419 quod
1150 1384 1206 1410 lieri
1223 1393 1275 1411 non
1290 1386 1390 1420 potuit,
1407 1393 1439 1411 ne
1456 1385 1521 1421 fingi
1532 1385 1642 1420 quidem
1654 1391 1748 1420 potest.
1788 1386 1862 1413 Alios

1066 1422 1137 1448 enim
1154 1421 1206 1448 alio
1221 1430 1294 1448 more
1310 1422 1436 1448 videmus
1451 1427 1511 1449 exta
1527 1423 1710 1457 interpretari,
1732 1431 1781 1450 nec
1801 1431 1862 1450 esse

1067 1467 1147 1485 unam
1162 1459 1285 1485 omnium
1300 1459 1484 1494 disciplinam.
1524 1461 1567 1486 29.
1589 1460 1621 1487 Et
1634 1465 1717 1491 certe.
1737 1461 1761 1487 si
1776 1465 1817 1487 est
1833 1461 1861 1487 in

1065 1497 1134 1522 extis
1145 1495 1236 1531 aliqua
1248 1497 1298 1527 vis,
1306 1505 1375 1531 quae
1386 1496 1503 1524 declaret
1514 1496 1617 1529 futura;
1631 1506 1740 1524 necesse
1751 1502 1791 1524 est
1801 1506 1861 1524 eam

1065 1538 1111 1559 aut
1120 1541 1182 1559 cum
1194 1542 1283 1560 rerum
1296 1538 1388 1560 natura
1399 1542 1459 1560 esse
1469 1535 1639 1561 coniunctam
1650 1534 1860 1562 autconformari

1065 1570 1182 1606 quodam
1198 1571 1277 1597 modo
1292 1571 1404 1597 numine
1419 1571 1530 1598 deorum
1546 1572 1628 1607 vique
1642 1572 1734 1598 divina
1745 1581 1808 1599 cum
1819 1580 1861 1599 re-

1065 1617 1125 1634 rum
1141 1613 1248 1639 natura,
1266 1612 1337 1634 tanta
1353 1613 1460 1643 tamque
1472 1608 1606 1643 praeclara
1621 1610 1649 1636 in
1663 1618 1757 1636 omnes
1772 1615 1861 1645 partes

1066 1650 1208 1680 motusque
1219 1645 1330 1677 diffusa,
1347 1645 1414 1680 quid
1426 1645 1524 1672 habere
1535 1651 1622 1680 potest
1635 1654 1791 1677 commune,
1808 1655 1860 1674 non

1065 1682 1153 1708 dicam
1164 1681 1342 1718 gallinaceum
1354 1682 1403 1713 fel.
1416 1683 1490 1717 (sunt
1499 1684 1586 1713 enim.
1604 1684 1652 1718 qui
1664 1684 1706 1709 vel
1718 1684 1861 1719 argutissi-

1065 1728 1108 1746 ma
1120 1719 1185 1746 haec
1194 1724 1255 1746 exta
1270 1728 1329 1746 esse
1343 1719 1456 1753 dicant,)
1470 1719 1518 1746 sed
1530 1721 1598 1746 tauri
1609 1721 1694 1755 opimi
1710 1721 1785 1747 iecur
1814 1726 1862 1748 aut

1064 1765 1109 1783 cor
1129 1761 1175 1783 aut
1195 1756 1306 1791 pulmo?
1324 1756 1391 1791 quid
1408 1756 1488 1783 habet
1505 1756 1638 1787 naturale,
1660 1766 1714 1792 quo
1729 1757 1860 1785 declarari

1064 1794 1162 1828 possit,
1182 1793 1249 1828 quid
1266 1793 1385 1820 futurum
1401 1793 1454 1820 sit?
1485 1793 1556 1820 xm.
1577 1796 1618 1820 30.
1641 1795 1806 1822 Democritus
1820 1800 1861 1822 ta-

1064 1839 1125 1857 men
1137 1839 1190 1857 non
1201 1831 1296 1857 inscite
1306 1835 1432 1867 nugatur,
1445 1836 1474 1857 ut
1484 1831 1631 1867 Physicus:
1644 1840 1698 1867 quo
1708 1840 1806 1867 genere
1817 1833 1861 1860 ni—

1064 1867 1102 1895 hil
1113 1869 1290 1903 arrogantius.

1103 1906 1176 1938 Quo'd
1186 1907 1215 1932 'st
1230 1910 1290 1932 ante
1302 1908 1390 1939 pedes,
1411 1908 1482 1931 nemo
1496 1910 1607 1939 spectat:
1629 1908 1695 1933 caeli
1708 1910 1860 1933 scrutaremi-

1468 1944 1570 1976 playa-s.

1063 1980 1162 2006 Verum
1183 1980 1206 2006 is
1227 1984 1315 2006 tamen
1334 1978 1429 2006 habitu
1444 1984 1567 2006 extorum
1582 1984 1609 2007 et
1625 1979 1713 2007 colore
1728 1979 1858 2007 declarari

1063 2022 1154 2043 censet
1164 2017 1229 2043 haec
1240 2016 1392 2047 dumtaxat.
1409 2016 1503 2051 pabuli
1517 2025 1605 2053 genus
1617 2022 1644 2044 et
1653 2026 1745 2044 earum
1756 2026 1856 2049 rerum,

1062 2063 1130 2089 quas
1142 2059 1210 2081 terra
1219 2058 1348 2089 procreet,
1361 2053 1404 2080 vel
1415 2054 1563 2081 ubertatem
1576 2054 1619 2081 vel
1631 2056 1800 2087 tenuitatem;
1814 2063 1859 2081 sa-

1063 2091 1217 2118 lubritatem
1228 2092 1308 2118 etiam
1320 2096 1366 2118 aut
1376 2090 1556 2126 pestilentiam
1566 2092 1636 2119 extis
1646 2092 1795 2127 significari
1805 2100 1858 2127 pu-

1062 2133 1108 2156 tat.
1147 2129 1168 2155 O
1181 2128 1317 2155 mortalem
1327 2128 1449 2155 beatum!
1465 2129 1511 2155 cui
1521 2134 1593 2156 certo
1601 2129 1658 2156 scio
1670 2128 1764 2155 ludum
1777 2137 1859 2156 num·

1061 2174 1144 2201 quam
1154 2165 1285 2192 defuisse.
1307 2166 1445 2192 Hunccine
1456 2165 1594 2193 hominem
1605 2166 1686 2193 tantis
1695 2166 1856 2193 delectatum

1061 2211 1120 2229 esse
1131 2204 1220 2239 nugis,
1230 2208 1259 2230 ut
1270 2211 1321 2229 non
1333 2202 1447 2234 videret,
1455 2207 1512 2229 tum
1523 2203 1645 2230 futurum
1656 2203 1684 2229 id
1697 2203 1854 2234 verisimile,

1060 2241 1084 2266 si
1095 2241 1218 2267 omnium
1228 2240 1366 2275 pecudum
1381 2245 1441 2267 exta
1455 2240 1549 2267 eodem
1560 2245 1678 2275 tempore
1690 2241 1717 2267 in
1727 2239 1853 2267 eumdem

1061 2277 1184 2304 habitum
1199 2285 1228 2304 se
1243 2277 1414 2312 coloremque
1428 2277 1630 2304 converterent?
1648 2277 1702 2304 Sed
1716 2278 1740 2303 si
1760 2277 1854 2304 eadem

1060 2315 1124 2341 hora
1143 2314 1210 2341 aliae
1231 2314 1344 2349 pecudis
1359 2315 1434 2341 iecur
1449 2314 1567 2341 nitidum
1583 2319 1663 2349 atque
1675 2314 1787 2349 plenum
1802 2319 1852 2345 est,

1059 2351 1127 2378 aliae
1139 2351 1278 2378 horridum
1289 2356 1316 2378 et
1325 2351 1409 2378 exile:
1423 2351 1490 2387 quid
1500 2356 1553 2382 est.
1566 2351 1639 2387 quod
1649 2351 1780 2378 declarari
1790 2360 1855 2387 pos·

1059 2389 1094 2415 sit
1106 2389 1200 2416 babitu
1211 2394 1334 2416 extorum
1344 2393 1371 2415 et
1380 2388 1485 2415 colore?
1502 2390 1544 2415 3⁴.
1556 2397 1589 2415 an
1602 2388 1651 2415 hoc
1661 2388 1784 2415 eiusdem
1795 2397 1855 2415 mo-

1058 2426 1087 2452 di
1097 2426 1234 2461 est,quale
1240 2425 1442 2461 Pherecydeum
1453 2425 1611 2460 illud,quod
1622 2430 1662 2452 est
1671 2433 1686 2451 a
1697 2430 1722 2451 te
1733 2425 1855 2452 dictum?

1058 2464 1106 2498 qui
1121 2472 1207 2498 quum
1222 2472 1320 2498 aquam
1336 2462 1451 2489 vidisset
1464 2471 1499 2489 ex
1512 2467 1594 2498 puteo
1608 2462 1746 2493 haustam,
1768 2467 1854 2490 terrae

1058 2505 1161 2527 motum
1171 2500 1242 2527 dixit
1257 2500 1389 2527 futurum.
1428 2500 1539 2531 Parum,
1558 2499 1652 2530 credo,
1669 2499 1850 2534 impudenter.

1057 2537 1144 2572 quod,
1161 2546 1247 2572 quum
1260 2537 1345 2564 factus
1354 2541 1426 2563 esset
1436 2541 1538 2567 motus,
1554 2536 1644 2563 dicere
1654 2536 1767 2568 audent,
1782 2545 1852 2572 quae

1057 2575 1100 2601 vis
1111 2575 1139 2601 id
1150 2575 1280 2602 effecerit:
1293 2576 1409 2601 etiamne
1419 2573 1540 2600 futurum
1550 2581 1618 2604 esse,
1627 2582 1712 2608 aquae
1723 2575 1796 2610 iugis
1806 2582 1852 2601 co-

1058 2611 1112 2638 lore
1122 2611 1324 2647 praesentiunt?
1337 2610 1420 2638 Multa
1430 2610 1586 2637 istiusmodi
1595 2610 1724 2637 dicuntur
1733 2612 1762 2638 in
1771 2610 1852 2638 sobo-

1056 2647 1104 2683 lis;
1116 2649 1166 2676 sed
1175 2649 1284 2676 credere
1293 2648 1393 2680 omnia,
1405 2647 1478 2680 vide,
1493 2656 1526 2675 ne
1537 2656 1590 2675 non
1600 2648 1637 2675 sit
1646 2656 1766 2676 necesse.
1805 2650 1848 2676 32.
