<?xml version="1.0" encoding="UTF-8"?>
<!DOCTYPE html PUBLIC "-//W3C//DTD XHTML 1.0 Transitional//EN"
    "http://www.w3.org/TR/xhtml1/DTD/xhtml1-transitional.dtd">
<html xmlns="http://www.w3.org/1999/xhtml" xml:lang="en" lang="en">
 <head>
  <title>
</title>
<meta http-equiv="Content-Type" content="text/html;charset=utf-8" />
  <meta name='ocr-system' content='tesseract 3.04.00' />
  <meta name='ocr-capabilities' content='ocr_page ocr_carea ocr_par ocr_line ocrx_word'/>
</head>
<body>
  <div class='ocr_page' id='page_1' title='image "./operaomniaunovol00ciceuoft_1102.png"; bbox 0 0 1941 3052; ppageno 0'>
   <div class='ocr_carea' id='block_1_1' title="bbox 238 127 930 156">
    <p class='ocr_par' dir='ltr' id='par_1_1' title="bbox 238 127 930 156">
     <span class='ocr_line' id='line_1_1' title="bbox 238 127 930 156; baseline -0.006 0"><span class='ocrx_word' id='word_1_1' title='bbox 238 130 300 156; x_wconf 72' lang='lat'>⁴07⁸</span> <span class='ocrx_word' id='word_1_2' title='bbox 808 130 863 154; x_wconf 70' lang='lat'>⁴⁴9.</span> <span class='ocrx_word' id='word_1_3' title='bbox 896 127 930 153; x_wconf 75' lang='lat' dir='ltr'>M.</span> 
     </span>
    </p>
   </div>
   <div class='ocr_carea' id='block_1_2' title="bbox 234 196 1027 491">
    <p class='ocr_par' dir='ltr' id='par_1_2' title="bbox 234 196 1027 491">
     <span class='ocr_line' id='line_1_2' title="bbox 234 196 1024 234; baseline -0.004 -8"><span class='ocrx_word' id='word_1_4' title='bbox 234 203 288 227; x_wconf 67' lang='lat' dir='ltr'>sins</span> <span class='ocrx_word' id='word_1_5' title='bbox 300 199 491 234; x_wconf 60' lang='lat' dir='ltr'>disceptare-nt.</span> <span class='ocrx_word' id='word_1_6' title='bbox 507 197 577 224; x_wconf 81' lang='lat' dir='ltr'>nullu</span> <span class='ocrx_word' id='word_1_7' title='bbox 591 197 643 223; x_wconf 76' lang='lat' dir='ltr'>sere</span> <span class='ocrx_word' id='word_1_8' title='bbox 655 202 717 223; x_wconf 73' lang='lat' dir='ltr'>sunt</span> <span class='ocrx_word' id='word_1_9' title='bbox 729 202 772 223; x_wconf 75' lang='lat' dir='ltr'>aiut</span> <span class='ocrx_word' id='word_1_10' title='bbox 785 207 868 232; x_wconf 72' lang='lat' dir='ltr'>pant-a</span> <span class='ocrx_word' id='word_1_11' title='bbox 881 196 1024 223; x_wconf 75' lang='lat' dir='ltr'>admodum</span> 
     </span>
     <span class='ocr_line' id='line_1_3' title="bbox 235 235 1024 268; baseline -0.005 -4"><span class='ocrx_word' id='word_1_12' title='bbox 235 239 326 264; x_wconf 81' lang='lat' dir='ltr'>Latina</span> <span class='ocrx_word' id='word_1_13' title='bbox 340 241 518 263; x_wconf 66' lang='lat' dir='ltr'>niominis-uta,</span> <span class='ocrx_word' id='word_1_14' title='bbox 534 236 590 260; x_wconf 61' lang='lat' dir='ltr'>sive·</span> <span class='ocrx_word' id='word_1_15' title='bbox 603 235 1024 268; x_wconf 63' lang='lat' dir='ltr'>proptu-rmagnitudinemreruni</span> 
     </span>
     <span class='ocr_line' id='line_1_4' title="bbox 234 272 1026 309; baseline -0.004 -8"><span class='ocrx_word' id='word_1_16' title='bbox 234 275 490 309; x_wconf 66' lang='lat' dir='ltr'>‹na-viipntionvinque</span> <span class='ocrx_word' id='word_1_17' title='bbox 503 272 651 301; x_wconf 79' lang='lat' dir='ltr'>bominum,</span> <span class='ocrx_word' id='word_1_18' title='bbox 661 273 718 297; x_wconf 68' lang='lat' dir='ltr'>sivi·</span> <span class='ocrx_word' id='word_1_19' title='bbox 730 273 819 301; x_wconf 78' lang='lat' dir='ltr'>etiam,</span> <span class='ocrx_word' id='word_1_20' title='bbox 828 272 898 306; x_wconf 80' lang='lat' dir='ltr'>quod</span> <span class='ocrx_word' id='word_1_21' title='bbox 917 272 1026 306; x_wconf 74' lang='lat' dir='ltr'>inlperi-</span> 
     </span>
     <span class='ocr_line' id='line_1_5' title="bbox 235 309 1024 345; baseline -0.004 -8"><span class='ocrx_word' id='word_1_22' title='bbox 235 314 304 339; x_wconf 66' lang='lat' dir='ltr'>tisen</span> <span class='ocrx_word' id='word_1_23' title='bbox 317 311 420 345; x_wconf 70' lang='lat' dir='ltr'>probari</span> <span class='ocrx_word' id='word_1_24' title='bbox 434 319 510 344; x_wconf 62' lang='lat' dir='ltr'>posse</span> <span class='ocrx_word' id='word_1_25' title='bbox 524 318 573 334; x_wconf 92' lang='lat' dir='ltr'>non</span> <span class='ocrx_word' id='word_1_26' title='bbox 586 309 795 337; x_wconf 74' lang='lat' dir='ltr'>arbitrabantur:</span> <span class='ocrx_word' id='word_1_27' title='bbox 810 318 894 343; x_wconf 87' lang='lat' dir='ltr'>quum</span> <span class='ocrx_word' id='word_1_28' title='bbox 909 309 1024 339; x_wconf 86' lang='lat' dir='ltr'>interim,</span> 
     </span>
     <span class='ocr_line' id='line_1_6' title="bbox 235 345 1027 375; baseline -0.004 0"><span class='ocrx_word' id='word_1_29' title='bbox 235 350 288 375; x_wconf 65' lang='lat' dir='ltr'>illis</span> <span class='ocrx_word' id='word_1_30' title='bbox 300 347 451 375; x_wconf 62' lang='lat' dir='ltr'>silentibus,</span> <span class='ocrx_word' id='word_1_31' title='bbox 465 347 495 371; x_wconf 75' lang='grc' dir='ltr'>(ἶ.</span> <span class='ocrx_word' id='word_1_32' title='bbox 504 345 659 371; x_wconf 46' lang='lat' dir='ltr'>:tumemus</span> <span class='ocrx_word' id='word_1_33' title='bbox 671 347 773 372; x_wconf 70' lang='lat' dir='ltr'>exstitit</span> <span class='ocrx_word' id='word_1_34' title='bbox 783 346 890 372; x_wconf 84' lang='lat' dir='ltr'>dicens:</span> <span class='ocrx_word' id='word_1_35' title='bbox 904 346 983 371; x_wconf 72' lang='lat' dir='ltr'>cuius</span> <span class='ocrx_word' id='word_1_36' title='bbox 995 346 1027 372; x_wconf 87' lang='lat' dir='ltr'>li-</span> 
     </span>
     <span class='ocr_line' id='line_1_7' title="bbox 235 383 1025 412; baseline -0.004 0"><span class='ocrx_word' id='word_1_37' title='bbox 235 387 290 412; x_wconf 64' lang='lat' dir='ltr'>bris</span> <span class='ocrx_word' id='word_1_38' title='bbox 306 385 384 410; x_wconf 62' lang='lat' dir='ltr'>editis</span> <span class='ocrx_word' id='word_1_39' title='bbox 400 388 529 408; x_wconf 67' lang='lat' dir='ltr'>columma</span> <span class='ocrx_word' id='word_1_40' title='bbox 543 383 686 408; x_wconf 89' lang='lat' dir='ltr'>multitudo</span> <span class='ocrx_word' id='word_1_41' title='bbox 697 383 809 409; x_wconf 74' lang='lat' dir='ltr'>eontulit</span> <span class='ocrx_word' id='word_1_42' title='bbox 820 392 848 409; x_wconf 78' lang='lat' dir='ltr'>se</span> <span class='ocrx_word' id='word_1_43' title='bbox 859 383 891 408; x_wconf 80' lang='lat' dir='ltr'>ad</span> <span class='ocrx_word' id='word_1_44' title='bbox 903 383 1025 409; x_wconf 75' lang='lat' dir='ltr'>eamdent</span> 
     </span>
     <span class='ocr_line' id='line_1_8' title="bbox 234 420 1026 457; baseline -0.003 -9"><span class='ocrx_word' id='word_1_45' title='bbox 234 423 402 457; x_wconf 50' lang='lat' dir='ltr'>potissimum</span> <span class='ocrx_word' id='word_1_46' title='bbox 415 420 600 455; x_wconf 64' lang='lat' dir='ltr'>disciplinam.</span> <span class='ocrx_word' id='word_1_47' title='bbox 622 421 680 445; x_wconf 74' lang='lat' dir='ltr'>sive</span> <span class='ocrx_word' id='word_1_48' title='bbox 695 421 766 454; x_wconf 82' lang='lat' dir='ltr'>quod</span> <span class='ocrx_word' id='word_1_49' title='bbox 779 426 835 446; x_wconf 85' lang='lat' dir='ltr'>crat</span> <span class='ocrx_word' id='word_1_50' title='bbox 845 421 952 455; x_wconf 72' lang='lat' dir='ltr'>cognitu</span> <span class='ocrx_word' id='word_1_51' title='bbox 966 429 1026 455; x_wconf 79' lang='lat' dir='ltr'>per—</span> 
     </span>
     <span class='ocr_line' id='line_1_9' title="bbox 235 457 1026 491; baseline -0.003 -6"><span class='ocrx_word' id='word_1_52' title='bbox 235 459 333 486; x_wconf 61' lang='lat' dir='ltr'>[au-ilis.</span> <span class='ocrx_word' id='word_1_53' title='bbox 352 460 409 484; x_wconf 76' lang='lat' dir='ltr'>sive</span> <span class='ocrx_word' id='word_1_54' title='bbox 425 458 496 491; x_wconf 83' lang='lat' dir='ltr'>qnod</span> <span class='ocrx_word' id='word_1_55' title='bbox 513 457 695 483; x_wconf 65' lang='lat' dir='ltr'>invitabantur</span> <span class='ocrx_word' id='word_1_56' title='bbox 707 457 841 483; x_wconf 65' lang='lat' dir='ltr'>illecebris</span> <span class='ocrx_word' id='word_1_57' title='bbox 854 458 967 484; x_wconf 82' lang='lat' dir='ltr'>blandae</span> <span class='ocrx_word' id='word_1_58' title='bbox 981 467 1026 483; x_wconf 79' lang='lat' dir='ltr'>vo-</span> 
     </span>
    </p>
   </div>
   <div class='ocr_carea' id='block_1_3' title="bbox 234 494 1056 531">
    <p class='ocr_par' dir='ltr' id='par_1_3' title="bbox 234 494 1056 531">
     <span class='ocr_line' id='line_1_10' title="bbox 234 494 1056 531; baseline -0.001 -9"><span class='ocrx_word' id='word_1_59' title='bbox 234 497 350 531; x_wconf 73' lang='lat' dir='ltr'>luptatis,</span> <span class='ocrx_word' id='word_1_60' title='bbox 367 496 424 520; x_wconf 68' lang='lat' dir='ltr'>sive</span> <span class='ocrx_word' id='word_1_61' title='bbox 436 496 529 524; x_wconf 76' lang='lat' dir='ltr'>etiam,</span> <span class='ocrx_word' id='word_1_62' title='bbox 547 495 610 529; x_wconf 80' lang='lat' dir='ltr'>quia</span> <span class='ocrx_word' id='word_1_63' title='bbox 622 494 689 520; x_wconf 88' lang='lat' dir='ltr'>nibil</span> <span class='ocrx_word' id='word_1_64' title='bbox 702 494 833 529; x_wconf 82' lang='lat' dir='ltr'>prolatum</span> <span class='ocrx_word' id='word_1_65' title='bbox 845 500 901 521; x_wconf 80' lang='lat' dir='ltr'>erat</span> <span class='ocrx_word' id='word_1_66' title='bbox 912 495 1023 522; x_wconf 73' lang='lat' dir='ltr'>melius.</span> <span class='ocrx_word' id='word_1_67' title='bbox 1054 509 1056 521; x_wconf 71' lang='grc'>;</span> 
     </span>
    </p>
   </div>
   <div class='ocr_carea' id='block_1_4' title="bbox 232 532 1026 680">
    <p class='ocr_par' dir='ltr' id='par_1_4' title="bbox 232 532 1026 680">
     <span class='ocr_line' id='line_1_11' title="bbox 233 532 1026 567; baseline -0.003 -7"><span class='ocrx_word' id='word_1_68' title='bbox 233 533 314 562; x_wconf 81' lang='lat' dir='ltr'>illud.</span> <span class='ocrx_word' id='word_1_69' title='bbox 332 532 482 567; x_wconf 77' lang='lat' dir='ltr'>quoderat,</span> <span class='ocrx_word' id='word_1_70' title='bbox 501 532 634 558; x_wconf 72' lang='lat' dir='ltr'>tenebant.</span> <span class='ocrx_word' id='word_1_71' title='bbox 675 533 700 557; x_wconf 90' lang='lat'>7.</span> <span class='ocrx_word' id='word_1_72' title='bbox 724 532 783 558; x_wconf 82' lang='lat' dir='ltr'>l’ost</span> <span class='ocrx_word' id='word_1_73' title='bbox 795 532 966 558; x_wconf 71' lang='lat' dir='ltr'>Amal&#39;anium</span> <span class='ocrx_word' id='word_1_74' title='bbox 978 541 1026 557; x_wconf 86' lang='lat' dir='ltr'>au-</span> 
     </span>
     <span class='ocr_line' id='line_1_12' title="bbox 232 569 1026 604; baseline -0.003 -7"><span class='ocrx_word' id='word_1_75' title='bbox 232 576 283 597; x_wconf 82' lang='lat' dir='ltr'>tem</span> <span class='ocrx_word' id='word_1_76' title='bbox 300 570 376 596; x_wconf 90' lang='lat' dir='ltr'>multi</span> <span class='ocrx_word' id='word_1_77' title='bbox 392 569 514 595; x_wconf 71' lang='lat' dir='ltr'>eiusdem</span> <span class='ocrx_word' id='word_1_78' title='bbox 531 569 628 595; x_wconf 76' lang='lat' dir='ltr'>aemuli</span> <span class='ocrx_word' id='word_1_79' title='bbox 646 569 754 595; x_wconf 84' lang='lat' dir='ltr'>rationis</span> <span class='ocrx_word' id='word_1_80' title='bbox 770 569 852 595; x_wconf 82' lang='lat' dir='ltr'>multa</span> <span class='ocrx_word' id='word_1_81' title='bbox 864 578 948 604; x_wconf 79' lang='lat' dir='ltr'>quum</span> <span class='ocrx_word' id='word_1_82' title='bbox 959 571 1026 595; x_wconf 72' lang='lat' dir='ltr'>seri-</span> 
     </span>
     <span class='ocr_line' id='line_1_13' title="bbox 233 606 1026 642; baseline 0 -10"><span class='ocrx_word' id='word_1_83' title='bbox 233 609 356 642; x_wconf 69' lang='lat' dir='ltr'>psissent,</span> <span class='ocrx_word' id='word_1_84' title='bbox 367 606 467 633; x_wconf 77' lang='lat' dir='ltr'>ltaliam</span> <span class='ocrx_word' id='word_1_85' title='bbox 480 611 559 633; x_wconf 90' lang='lat' dir='ltr'>totam</span> <span class='ocrx_word' id='word_1_86' title='bbox 571 615 670 641; x_wconf 73' lang='lat' dir='ltr'>occupa</span> <span class='ocrx_word' id='word_1_87' title='bbox 677 612 784 632; x_wconf 87' lang='lat' dir='ltr'>verunt:</span> <span class='ocrx_word' id='word_1_88' title='bbox 799 607 926 641; x_wconf 82' lang='lat' dir='ltr'>quodque</span> <span class='ocrx_word' id='word_1_89' title='bbox 939 607 1026 632; x_wconf 82' lang='lat' dir='ltr'>niaxi—</span> 
     </span>
     <span class='ocr_line' id='line_1_14' title="bbox 232 643 1025 680; baseline -0.003 -9"><span class='ocrx_word' id='word_1_90' title='bbox 232 653 305 671; x_wconf 90' lang='lat' dir='ltr'>mum</span> <span class='ocrx_word' id='word_1_91' title='bbox 318 649 506 680; x_wconf 76' lang='lat' dir='ltr'>argumentum</span> <span class='ocrx_word' id='word_1_92' title='bbox 518 649 570 674; x_wconf 87' lang='lat' dir='ltr'>est,</span> <span class='ocrx_word' id='word_1_93' title='bbox 590 653 640 670; x_wconf 89' lang='lat' dir='ltr'>non</span> <span class='ocrx_word' id='word_1_94' title='bbox 656 644 710 670; x_wconf 71' lang='lat' dir='ltr'>dici</span> <span class='ocrx_word' id='word_1_95' title='bbox 727 643 770 669; x_wconf 94' lang='lat' dir='ltr'>illa</span> <span class='ocrx_word' id='word_1_96' title='bbox 786 644 935 674; x_wconf 76' lang='lat' dir='ltr'>subtiliter,</span> <span class='ocrx_word' id='word_1_97' title='bbox 953 643 1025 679; x_wconf 83' lang='lat' dir='ltr'>quod</span> 
     </span>
    </p>
   </div>
   <div class='ocr_carea' id='block_1_5' title="bbox 231 680 1048 715">
    <p class='ocr_par' dir='ltr' id='par_1_5' title="bbox 231 680 1048 715">
     <span class='ocr_line' id='line_1_15' title="bbox 231 680 1048 715; baseline -0.001 -8"><span class='ocrx_word' id='word_1_98' title='bbox 231 687 255 708; x_wconf 85' lang='lat' dir='ltr'>et</span> <span class='ocrx_word' id='word_1_99' title='bbox 273 681 349 707; x_wconf 74' lang='lat' dir='ltr'>sarilo</span> <span class='ocrx_word' id='word_1_100' title='bbox 365 681 532 711; x_wconf 72' lang='lat' dir='ltr'>ediscantur,</span> <span class='ocrx_word' id='word_1_101' title='bbox 548 686 573 707; x_wconf 89' lang='lat' dir='ltr'>et</span> <span class='ocrx_word' id='word_1_102' title='bbox 587 681 620 707; x_wconf 91' lang='lat' dir='ltr'>ab</span> <span class='ocrx_word' id='word_1_103' title='bbox 636 681 749 707; x_wconf 76' lang='lat' dir='ltr'>indoctis</span> <span class='ocrx_word' id='word_1_104' title='bbox 764 681 923 715; x_wconf 85' lang='lat' dir='ltr'>probentur.</span> <span class='ocrx_word' id='word_1_105' title='bbox 943 681 969 707; x_wconf 94' lang='lat' dir='ltr'>id</span> <span class='ocrx_word' id='word_1_106' title='bbox 987 680 1025 707; x_wconf 91' lang='lat' dir='ltr'>illi</span> <span class='ocrx_word' id='word_1_107' title='bbox 1046 683 1048 704; x_wconf 67' lang='lat' dir='ltr'>l</span> 
     </span>
    </p>
   </div>
   <div class='ocr_carea' id='block_1_6' title="bbox 231 717 1026 865">
    <p class='ocr_par' dir='ltr' id='par_1_6' title="bbox 231 717 1026 865">
     <span class='ocr_line' id='line_1_16' title="bbox 231 717 1026 753; baseline 0 -9"><span class='ocrx_word' id='word_1_108' title='bbox 231 720 428 745; x_wconf 75' lang='lat' dir='ltr'>firmamentum</span> <span class='ocrx_word' id='word_1_109' title='bbox 450 727 508 744; x_wconf 82' lang='lat' dir='ltr'>csse</span> <span class='ocrx_word' id='word_1_110' title='bbox 525 717 684 753; x_wconf 72' lang='lat' dir='ltr'>disciplinae</span> <span class='ocrx_word' id='word_1_111' title='bbox 701 723 805 753; x_wconf 83' lang='lat' dir='ltr'>putant.</span> <span class='ocrx_word' id='word_1_112' title='bbox 846 719 888 744; x_wconf 85' lang='lat' dir='ltr'>tv.</span> <span class='ocrx_word' id='word_1_113' title='bbox 911 718 963 744; x_wconf 81' lang='lat' dir='ltr'>Sed</span> <span class='ocrx_word' id='word_1_114' title='bbox 979 718 1026 744; x_wconf 91' lang='lat' dir='ltr'>de-</span> 
     </span>
     <span class='ocr_line' id='line_1_17' title="bbox 231 755 1022 790; baseline -0.001 -8"><span class='ocrx_word' id='word_1_115' title='bbox 231 756 320 782; x_wconf 80' lang='lat' dir='ltr'>fendat</span> <span class='ocrx_word' id='word_1_116' title='bbox 332 755 402 790; x_wconf 82' lang='lat' dir='ltr'>quod</span> <span class='ocrx_word' id='word_1_117' title='bbox 415 756 532 790; x_wconf 81' lang='lat' dir='ltr'>quisque</span> <span class='ocrx_word' id='word_1_118' title='bbox 542 757 635 782; x_wconf 77' lang='lat' dir='ltr'>sentit:</span> <span class='ocrx_word' id='word_1_119' title='bbox 656 760 719 782; x_wconf 83' lang='lat' dir='ltr'>sunt</span> <span class='ocrx_word' id='word_1_120' title='bbox 729 757 800 782; x_wconf 89' lang='lat' dir='ltr'>enim</span> <span class='ocrx_word' id='word_1_121' title='bbox 814 755 913 781; x_wconf 88' lang='lat' dir='ltr'>iudicia</span> <span class='ocrx_word' id='word_1_122' title='bbox 927 755 1022 781; x_wconf 82' lang='lat' dir='ltr'>libera:</span> 
     </span>
     <span class='ocr_line' id='line_1_18' title="bbox 231 792 1026 827; baseline -0.003 -7"><span class='ocrx_word' id='word_1_123' title='bbox 231 802 277 820; x_wconf 80' lang='lat' dir='ltr'>nos</span> <span class='ocrx_word' id='word_1_124' title='bbox 289 794 440 819; x_wconf 75' lang='lat' dir='ltr'>institutum</span> <span class='ocrx_word' id='word_1_125' title='bbox 455 793 619 823; x_wconf 76' lang='lat' dir='ltr'>tenebimus,</span> <span class='ocrx_word' id='word_1_126' title='bbox 638 792 794 827; x_wconf 77' lang='lat' dir='ltr'><strong>nulliusque</strong></span> <span class='ocrx_word' id='word_1_127' title='bbox 809 794 891 819; x_wconf 87' lang='lat' dir='ltr'>unius</span> <span class='ocrx_word' id='word_1_128' title='bbox 902 792 1026 827; x_wconf 77' lang='lat' dir='ltr'>discipli-</span> 
     </span>
     <span class='ocr_line' id='line_1_19' title="bbox 231 830 1025 865; baseline 0 -9"><span class='ocrx_word' id='word_1_129' title='bbox 231 840 279 856; x_wconf 82' lang='lat' dir='ltr'>nae</span> <span class='ocrx_word' id='word_1_130' title='bbox 296 830 401 865; x_wconf 79' lang='lat' dir='ltr'>legibus</span> <span class='ocrx_word' id='word_1_131' title='bbox 416 830 530 859; x_wconf 64' lang='lat' dir='ltr'>astricti.</span> <span class='ocrx_word' id='word_1_132' title='bbox 550 830 652 864; x_wconf 80' lang='lat' dir='ltr'>quibus</span> <span class='ocrx_word' id='word_1_133' title='bbox 672 831 698 856; x_wconf 93' lang='lat' dir='ltr'>in</span> <span class='ocrx_word' id='word_1_134' title='bbox 714 830 885 864; x_wconf 77' lang='lat' dir='ltr'><strong>philosophia</strong></span> <span class='ocrx_word' id='word_1_135' title='bbox 902 839 1025 856; x_wconf 75' lang='lat' dir='ltr'>necessa-</span> 
     </span>
    </p>
   </div>
   <div class='ocr_carea' id='block_1_7' title="bbox 1046 775 1598 847">
    <p class='ocr_par' dir='ltr' id='par_1_7' title="bbox 1046 775 1598 847">
     <span class='ocr_line' id='line_1_20' title="bbox 1046 775 1273 808; baseline 0.004 -9"><span class='ocrx_word' id='word_1_136' title='bbox 1046 780 1055 795; x_wconf 68' lang='lat'>-‘</span> <span class='ocrx_word' id='word_1_137' title='bbox 1078 775 1273 808; x_wconf 82' lang='lat' dir='ltr'>praesentibus.</span> 
     </span>
     <span class='ocr_line' id='line_1_21' title="bbox 1054 811 1598 847; baseline 0.006 -11"><span class='ocrx_word' id='word_1_138' title='bbox 1054 819 1055 827; x_wconf 99' lang='lat'>¹</span> <span class='ocrx_word' id='word_1_139' title='bbox 1076 812 1137 837; x_wconf 89' lang='lat' dir='ltr'>dem</span> <span class='ocrx_word' id='word_1_140' title='bbox 1149 811 1270 838; x_wconf 78' lang='lat' dir='ltr'>alliciunt</span> <span class='ocrx_word' id='word_1_141' title='bbox 1281 812 1448 847; x_wconf 67' lang='lat' dir='ltr'>aegritudine</span> <span class='ocrx_word' id='word_1_142' title='bbox 1465 814 1598 839; x_wconf 80' lang='lat' dir='ltr'>instantia.</span> 
     </span>
    </p>
   </div>
   <div class='ocr_carea' id='block_1_8' title="bbox 231 867 1048 902">
    <p class='ocr_par' dir='ltr' id='par_1_8' title="bbox 231 867 1048 902">
     <span class='ocr_line' id='line_1_22' title="bbox 231 867 1048 902; baseline -0.001 -8"><span class='ocrx_word' id='word_1_143' title='bbox 231 869 269 894; x_wconf 89' lang='lat' dir='ltr'>rio</span> <span class='ocrx_word' id='word_1_144' title='bbox 281 876 436 902; x_wconf 81' lang='lat' dir='ltr'>pareamus,</span> <span class='ocrx_word' id='word_1_145' title='bbox 449 867 516 901; x_wconf 83' lang='lat' dir='ltr'>quid</span> <span class='ocrx_word' id='word_1_146' title='bbox 529 868 563 893; x_wconf 81' lang='lat' dir='ltr'>sit</span> <span class='ocrx_word' id='word_1_147' title='bbox 576 868 600 893; x_wconf 94' lang='lat' dir='ltr'>in</span> <span class='ocrx_word' id='word_1_148' title='bbox 612 875 720 902; x_wconf 82' lang='lat' dir='ltr'>quaque</span> <span class='ocrx_word' id='word_1_149' title='bbox 731 876 758 893; x_wconf 93' lang='lat' dir='ltr'>re</span> <span class='ocrx_word' id='word_1_150' title='bbox 770 868 886 893; x_wconf 82' lang='lat' dir='ltr'>maxime</span> <span class='ocrx_word' id='word_1_151' title='bbox 899 867 1026 901; x_wconf 90' lang='lat' dir='ltr'>probabi·</span> <span class='ocrx_word' id='word_1_152' title='bbox 1047 887 1048 890; x_wconf 72' lang='lat'>.</span> 
     </span>
    </p>
   </div>
   <div class='ocr_carea' id='block_1_9' title="bbox 231 904 1055 939">
    <p class='ocr_par' dir='ltr' id='par_1_9' title="bbox 231 904 1055 939">
     <span class='ocr_line' id='line_1_23' title="bbox 231 904 1055 939; baseline 0 -9"><span class='ocrx_word' id='word_1_153' title='bbox 231 905 263 935; x_wconf 82' lang='lat' dir='ltr'>le,</span> <span class='ocrx_word' id='word_1_154' title='bbox 278 913 385 939; x_wconf 82' lang='lat' dir='ltr'>semper</span> <span class='ocrx_word' id='word_1_155' title='bbox 396 905 574 939; x_wconf 77' lang='lat' dir='ltr'>requiremus.</span> <span class='ocrx_word' id='word_1_156' title='bbox 601 904 677 936; x_wconf 90' lang='lat' dir='ltr'>Quod</span> <span class='ocrx_word' id='word_1_157' title='bbox 687 913 772 939; x_wconf 87' lang='lat' dir='ltr'>quum</span> <span class='ocrx_word' id='word_1_158' title='bbox 785 913 865 939; x_wconf 83' lang='lat' dir='ltr'>saepe</span> <span class='ocrx_word' id='word_1_159' title='bbox 876 904 951 935; x_wconf 82' lang='lat' dir='ltr'>alias,</span> <span class='ocrx_word' id='word_1_160' title='bbox 969 909 1024 930; x_wconf 91' lang='lat' dir='ltr'>tum</span> <span class='ocrx_word' id='word_1_161' title='bbox 1054 913 1055 921; x_wconf 99' lang='lat'>¹</span> 
     </span>
    </p>
   </div>
   <div class='ocr_carea' id='block_1_10' title="bbox 228 941 1026 1120">
    <p class='ocr_par' dir='ltr' id='par_1_10' title="bbox 228 941 1026 1120">
     <span class='ocr_line' id='line_1_24' title="bbox 230 941 1026 977; baseline -0.001 -9"><span class='ocrx_word' id='word_1_162' title='bbox 230 950 315 976; x_wconf 79' lang='lat' dir='ltr'>nuper</span> <span class='ocrx_word' id='word_1_163' title='bbox 328 942 353 967; x_wconf 91' lang='lat' dir='ltr'>in</span> <span class='ocrx_word' id='word_1_164' title='bbox 365 941 517 967; x_wconf 84' lang='lat' dir='ltr'>Tusculano</span> <span class='ocrx_word' id='word_1_165' title='bbox 528 941 647 967; x_wconf 83' lang='lat' dir='ltr'>studiose</span> <span class='ocrx_word' id='word_1_166' title='bbox 659 943 775 977; x_wconf 79' lang='lat' dir='ltr'>egimus.</span> <span class='ocrx_word' id='word_1_167' title='bbox 815 942 906 976; x_wconf 88' lang='lat' dir='ltr'>Itaque</span> <span class='ocrx_word' id='word_1_168' title='bbox 917 942 1026 976; x_wconf 79' lang='lat' dir='ltr'>exposi-</span> 
     </span>
     <span class='ocr_line' id='line_1_25' title="bbox 229 978 1026 1013; baseline -0.001 -7"><span class='ocrx_word' id='word_1_169' title='bbox 229 979 263 1006; x_wconf 70' lang='lat' dir='ltr'>tis</span> <span class='ocrx_word' id='word_1_170' title='bbox 276 978 358 1005; x_wconf 86' lang='lat' dir='ltr'>tridui</span> <span class='ocrx_word' id='word_1_171' title='bbox 369 978 612 1013; x_wconf 77' lang='lat' dir='ltr'>disputationibus.</span> <span class='ocrx_word' id='word_1_172' title='bbox 628 984 740 1013; x_wconf 86' lang='lat' dir='ltr'>quartus</span> <span class='ocrx_word' id='word_1_173' title='bbox 751 979 810 1005; x_wconf 89' lang='lat' dir='ltr'>dies</span> <span class='ocrx_word' id='word_1_174' title='bbox 823 979 871 1005; x_wconf 80' lang='lat' dir='ltr'>hoc</span> <span class='ocrx_word' id='word_1_175' title='bbox 883 978 950 1005; x_wconf 87' lang='lat' dir='ltr'>libro</span> <span class='ocrx_word' id='word_1_176' title='bbox 961 988 1026 1005; x_wconf 74' lang='lat' dir='ltr'>eon-</span> 
     </span>
     <span class='ocr_line' id='line_1_26' title="bbox 228 1015 1025 1043; baseline 0 -1"><span class='ocrx_word' id='word_1_177' title='bbox 228 1016 356 1043; x_wconf 89' lang='lat' dir='ltr'>cluditur.</span> <span class='ocrx_word' id='word_1_178' title='bbox 398 1016 429 1042; x_wconf 92' lang='lat' dir='ltr'>Ut</span> <span class='ocrx_word' id='word_1_179' title='bbox 449 1017 520 1042; x_wconf 85' lang='lat' dir='ltr'>enim</span> <span class='ocrx_word' id='word_1_180' title='bbox 542 1017 567 1042; x_wconf 90' lang='lat' dir='ltr'>in</span> <span class='ocrx_word' id='word_1_181' title='bbox 586 1015 737 1042; x_wconf 78' lang='lat' dir='ltr'>inferiorem</span> <span class='ocrx_word' id='word_1_182' title='bbox 753 1016 962 1042; x_wconf 69' lang='lat' dir='ltr'>ambulationem</span> <span class='ocrx_word' id='word_1_183' title='bbox 977 1016 1025 1042; x_wconf 89' lang='lat' dir='ltr'>de-</span> 
     </span>
     <span class='ocr_line' id='line_1_27' title="bbox 228 1053 1026 1089; baseline 0 -10"><span class='ocrx_word' id='word_1_184' title='bbox 228 1053 398 1085; x_wconf 80' lang='lat' dir='ltr'>scendimus,</span> <span class='ocrx_word' id='word_1_185' title='bbox 421 1053 492 1087; x_wconf 83' lang='lat' dir='ltr'>quod</span> <span class='ocrx_word' id='word_1_186' title='bbox 515 1053 662 1079; x_wconf 78' lang='lat' dir='ltr'>feceramus</span> <span class='ocrx_word' id='word_1_187' title='bbox 679 1053 749 1079; x_wconf 90' lang='lat' dir='ltr'>idem</span> <span class='ocrx_word' id='word_1_188' title='bbox 764 1053 951 1089; x_wconf 87' lang='lat' dir='ltr'>superioribus</span> <span class='ocrx_word' id='word_1_189' title='bbox 967 1053 1026 1079; x_wconf 89' lang='lat' dir='ltr'>die-</span> 
     </span>
     <span class='ocr_line' id='line_1_28' title="bbox 229 1091 526 1120; baseline -0.003 -3"><span class='ocrx_word' id='word_1_190' title='bbox 229 1091 290 1120; x_wconf 84' lang='lat' dir='ltr'>bus,</span> <span class='ocrx_word' id='word_1_191' title='bbox 304 1095 360 1117; x_wconf 87' lang='lat' dir='ltr'>acta</span> <span class='ocrx_word' id='word_1_192' title='bbox 375 1099 415 1116; x_wconf 79' lang='lat' dir='ltr'>res</span> <span class='ocrx_word' id='word_1_193' title='bbox 427 1095 466 1116; x_wconf 87' lang='lat' dir='ltr'>est</span> <span class='ocrx_word' id='word_1_194' title='bbox 477 1091 526 1116; x_wconf 84' lang='lat' dir='ltr'>sic.</span> 
     </span>
    </p>
   </div>
   <div class='ocr_carea' id='block_1_11' title="bbox 227 1164 1024 1349">
    <p class='ocr_par' dir='ltr' id='par_1_11' title="bbox 227 1164 1024 1349">
     <span class='ocr_line' id='line_1_29' title="bbox 229 1164 268 1191; baseline 0 0"><span class='ocrx_word' id='word_1_195' title='bbox 229 1164 268 1191; x_wconf 92' lang='lat' dir='ltr'>lit.</span> 
     </span>
     <span class='ocr_line' id='line_1_30' title="bbox 228 1202 1024 1237; baseline 0.001 -10"><span class='ocrx_word' id='word_1_196' title='bbox 228 1210 306 1236; x_wconf 78' lang='lat' dir='ltr'>posse</span> <span class='ocrx_word' id='word_1_197' title='bbox 324 1203 433 1236; x_wconf 84' lang='lat' dir='ltr'>sapiens</span> <span class='ocrx_word' id='word_1_198' title='bbox 454 1210 558 1228; x_wconf 83' lang='lat' dir='ltr'>vacare.</span> <span class='ocrx_word' id='word_1_199' title='bbox 599 1202 634 1227; x_wconf 90' lang='lat' dir='ltr'>M.</span> <span class='ocrx_word' id='word_1_200' title='bbox 658 1202 833 1237; x_wconf 69' lang='lat' dir='ltr'>Aegritudine</span> <span class='ocrx_word' id='word_1_201' title='bbox 849 1202 960 1237; x_wconf 88' lang='lat' dir='ltr'>quidem</span> <span class='ocrx_word' id='word_1_202' title='bbox 976 1202 1024 1228; x_wconf 90' lang='lat' dir='ltr'>he-</span> 
     </span>
     <span class='ocr_line' id='line_1_31' title="bbox 227 1238 1024 1274; baseline 0 -9"><span class='ocrx_word' id='word_1_203' title='bbox 227 1244 315 1266; x_wconf 84' lang='lat' dir='ltr'>sterna</span> <span class='ocrx_word' id='word_1_204' title='bbox 336 1239 517 1273; x_wconf 86' lang='lat' dir='ltr'>disputatione</span> <span class='ocrx_word' id='word_1_205' title='bbox 542 1238 698 1265; x_wconf 89' lang='lat' dir='ltr'>videbatur:</span> <span class='ocrx_word' id='word_1_206' title='bbox 731 1240 783 1265; x_wconf 87' lang='lat' dir='ltr'>nisi</span> <span class='ocrx_word' id='word_1_207' title='bbox 810 1238 875 1265; x_wconf 83' lang='lat' dir='ltr'>forte</span> <span class='ocrx_word' id='word_1_208' title='bbox 896 1240 1024 1274; x_wconf 84' lang='lat' dir='ltr'>temporis</span> 
     </span>
     <span class='ocr_line' id='line_1_32' title="bbox 227 1276 1022 1303; baseline 0.001 -1"><span class='ocrx_word' id='word_1_209' title='bbox 227 1284 322 1302; x_wconf 83' lang='lat' dir='ltr'>caussa</span> <span class='ocrx_word' id='word_1_210' title='bbox 344 1276 421 1302; x_wconf 89' lang='lat' dir='ltr'>nobis</span> <span class='ocrx_word' id='word_1_211' title='bbox 437 1276 627 1302; x_wconf 76' lang='lat' dir='ltr'>assentiebare.</span> <span class='ocrx_word' id='word_1_212' title='bbox 668 1276 699 1302; x_wconf 87' lang='grc' dir='ltr'>Α.</span> <span class='ocrx_word' id='word_1_213' title='bbox 717 1277 827 1302; x_wconf 82' lang='lat' dir='ltr'>Minime</span> <span class='ocrx_word' id='word_1_214' title='bbox 843 1285 915 1303; x_wconf 89' lang='lat' dir='ltr'>vero.</span> <span class='ocrx_word' id='word_1_215' title='bbox 957 1278 1022 1303; x_wconf 82' lang='lat' dir='ltr'>Nam</span> 
     </span>
     <span class='ocr_line' id='line_1_33' title="bbox 227 1313 1024 1349; baseline 0.001 -10"><span class='ocrx_word' id='word_1_216' title='bbox 227 1313 296 1339; x_wconf 82' lang='lat' dir='ltr'>milii</span> <span class='ocrx_word' id='word_1_217' title='bbox 311 1314 418 1349; x_wconf 80' lang='lat' dir='ltr'>egregie</span> <span class='ocrx_word' id='word_1_218' title='bbox 434 1313 542 1348; x_wconf 85' lang='lat' dir='ltr'>probata</span> <span class='ocrx_word' id='word_1_219' title='bbox 560 1318 599 1339; x_wconf 89' lang='lat' dir='ltr'>est</span> <span class='ocrx_word' id='word_1_220' title='bbox 613 1314 696 1340; x_wconf 87' lang='lat' dir='ltr'>oratio</span> <span class='ocrx_word' id='word_1_221' title='bbox 711 1318 764 1340; x_wconf 89' lang='lat' dir='ltr'>tua.</span> <span class='ocrx_word' id='word_1_222' title='bbox 805 1314 840 1340; x_wconf 89' lang='lat' dir='ltr'>M.</span> <span class='ocrx_word' id='word_1_223' title='bbox 862 1315 919 1340; x_wconf 91' lang='lat' dir='ltr'>Non</span> <span class='ocrx_word' id='word_1_224' title='bbox 941 1314 1024 1347; x_wconf 83' lang='lat' dir='ltr'>igitur</span> 
     </span>
    </p>
   </div>
   <div class='ocr_carea' id='block_1_12' title="bbox 227 1348 1046 1386">
    <p class='ocr_par' dir='ltr' id='par_1_12' title="bbox 227 1348 1046 1386">
     <span class='ocr_line' id='line_1_34' title="bbox 227 1348 1046 1386; baseline 0.001 -10"><span class='ocrx_word' id='word_1_225' title='bbox 227 1351 365 1377; x_wconf 79' lang='lat' dir='ltr'>existimas</span> <span class='ocrx_word' id='word_1_226' title='bbox 377 1350 471 1376; x_wconf 85' lang='lat' dir='ltr'>cadere</span> <span class='ocrx_word' id='word_1_227' title='bbox 483 1351 508 1376; x_wconf 92' lang='lat' dir='ltr'>in</span> <span class='ocrx_word' id='word_1_228' title='bbox 520 1351 668 1385; x_wconf 78' lang='lat' dir='ltr'>sapientem</span> <span class='ocrx_word' id='word_1_229' title='bbox 681 1350 896 1386; x_wconf 65' lang='lat' dir='ltr'>aegritudinem?</span> <span class='ocrx_word' id='word_1_230' title='bbox 907 1352 937 1377; x_wconf 70' lang='lat' dir='ltr'>A.</span> <span class='ocrx_word' id='word_1_231' title='bbox 946 1348 1024 1377; x_wconf 74' lang='lat' dir='ltr'>Pror—</span> <span class='ocrx_word' id='word_1_232' title='bbox 1045 1370 1046 1373; x_wconf 24' lang='grc' dir='ltr'>η</span> 
     </span>
    </p>
   </div>
   <div class='ocr_carea' id='block_1_13' title="bbox 226 1388 1024 1610">
    <p class='ocr_par' dir='ltr' id='par_1_13' title="bbox 226 1388 1024 1610">
     <span class='ocr_line' id='line_1_35' title="bbox 226 1388 1022 1423; baseline 0.001 -10"><span class='ocrx_word' id='word_1_233' title='bbox 226 1396 273 1414; x_wconf 86' lang='lat' dir='ltr'>sus</span> <span class='ocrx_word' id='word_1_234' title='bbox 286 1396 337 1414; x_wconf 92' lang='lat' dir='ltr'>non</span> <span class='ocrx_word' id='word_1_235' title='bbox 350 1388 471 1414; x_wconf 85' lang='lat' dir='ltr'>arbitror.</span> <span class='ocrx_word' id='word_1_236' title='bbox 493 1388 527 1414; x_wconf 87' lang='lat' dir='ltr'>M.</span> <span class='ocrx_word' id='word_1_237' title='bbox 540 1388 663 1422; x_wconf 72' lang='lat' dir='ltr'>Atq11i‚si</span> <span class='ocrx_word' id='word_1_238' title='bbox 676 1388 725 1414; x_wconf 90' lang='lat' dir='ltr'>ista</span> <span class='ocrx_word' id='word_1_239' title='bbox 736 1389 891 1423; x_wconf 84' lang='lat' dir='ltr'>perturbare</span> <span class='ocrx_word' id='word_1_240' title='bbox 902 1389 1022 1415; x_wconf 89' lang='lat' dir='ltr'>animum</span> 
     </span>
     <span class='ocr_line' id='line_1_36' title="bbox 226 1424 1024 1460; baseline 0.001 -9"><span class='ocrx_word' id='word_1_241' title='bbox 226 1425 355 1459; x_wconf 85' lang='lat' dir='ltr'>sapientis</span> <span class='ocrx_word' id='word_1_242' title='bbox 368 1433 418 1451; x_wconf 89' lang='lat' dir='ltr'>non</span> <span class='ocrx_word' id='word_1_243' title='bbox 431 1430 529 1459; x_wconf 79' lang='lat' dir='ltr'>potest.</span> <span class='ocrx_word' id='word_1_244' title='bbox 547 1424 619 1451; x_wconf 89' lang='lat' dir='ltr'>nulla</span> <span class='ocrx_word' id='word_1_245' title='bbox 632 1426 737 1460; x_wconf 90' lang='lat' dir='ltr'>poterit.</span> <span class='ocrx_word' id='word_1_246' title='bbox 777 1425 849 1458; x_wconf 90' lang='lat' dir='ltr'>Quid</span> <span class='ocrx_word' id='word_1_247' title='bbox 860 1425 951 1452; x_wconf 81' lang='lat' dir='ltr'>enim‘?</span> <span class='ocrx_word' id='word_1_248' title='bbox 966 1434 1024 1452; x_wconf 89' lang='lat' dir='ltr'>me-</span> 
     </span>
     <span class='ocr_line' id='line_1_37' title="bbox 227 1462 1023 1489; baseline 0.001 -1"><span class='ocrx_word' id='word_1_249' title='bbox 227 1467 303 1488; x_wconf 89' lang='lat' dir='ltr'>tusne</span> <span class='ocrx_word' id='word_1_250' title='bbox 318 1462 475 1488; x_wconf 67' lang='lat' dir='ltr'>conturbet?</span> <span class='ocrx_word' id='word_1_251' title='bbox 490 1462 521 1488; x_wconf 68' lang='lat' dir='ltr'>At</span> <span class='ocrx_word' id='word_1_252' title='bbox 537 1471 628 1488; x_wconf 82' lang='lat' dir='ltr'>earum</span> <span class='ocrx_word' id='word_1_253' title='bbox 645 1471 734 1488; x_wconf 87' lang='lat' dir='ltr'>rerum</span> <span class='ocrx_word' id='word_1_254' title='bbox 750 1468 790 1489; x_wconf 86' lang='lat' dir='ltr'>est</span> <span class='ocrx_word' id='word_1_255' title='bbox 800 1463 953 1489; x_wconf 79' lang='lat' dir='ltr'>absentium</span> <span class='ocrx_word' id='word_1_256' title='bbox 965 1471 1023 1489; x_wconf 82' lang='lat' dir='ltr'>mc-</span> 
     </span>
     <span class='ocr_line' id='line_1_38' title="bbox 227 1500 1023 1536; baseline 0.001 -11"><span class='ocrx_word' id='word_1_257' title='bbox 227 1504 278 1530; x_wconf 87' lang='lat' dir='ltr'>tus,</span> <span class='ocrx_word' id='word_1_258' title='bbox 295 1508 410 1534; x_wconf 89' lang='lat' dir='ltr'>quarum</span> <span class='ocrx_word' id='word_1_259' title='bbox 423 1500 603 1534; x_wconf 86' lang='lat' dir='ltr'>praesentium</span> <span class='ocrx_word' id='word_1_260' title='bbox 614 1505 654 1526; x_wconf 87' lang='lat' dir='ltr'>est</span> <span class='ocrx_word' id='word_1_261' title='bbox 664 1500 813 1535; x_wconf 80' lang='lat' dir='ltr'>aegritudo.</span> <span class='ocrx_word' id='word_1_262' title='bbox 848 1500 958 1527; x_wconf 88' lang='lat' dir='ltr'>Sublata</span> <span class='ocrx_word' id='word_1_263' title='bbox 971 1501 1023 1536; x_wconf 92' lang='lat' dir='ltr'>igi-</span> 
     </span>
     <span class='ocr_line' id='line_1_39' title="bbox 226 1536 1021 1572; baseline 0.001 -10"><span class='ocrx_word' id='word_1_264' title='bbox 226 1541 269 1563; x_wconf 90' lang='lat' dir='ltr'>tur</span> <span class='ocrx_word' id='word_1_265' title='bbox 288 1536 470 1572; x_wconf 80' lang='lat' dir='ltr'>aegritudine,</span> <span class='ocrx_word' id='word_1_266' title='bbox 494 1537 617 1563; x_wconf 85' lang='lat' dir='ltr'>sublatus</span> <span class='ocrx_word' id='word_1_267' title='bbox 635 1542 675 1564; x_wconf 90' lang='lat' dir='ltr'>est</span> <span class='ocrx_word' id='word_1_268' title='bbox 691 1542 788 1564; x_wconf 89' lang='lat' dir='ltr'>metus.</span> <span class='ocrx_word' id='word_1_269' title='bbox 828 1538 938 1564; x_wconf 81' lang='lat' dir='ltr'>Restant</span> <span class='ocrx_word' id='word_1_270' title='bbox 952 1537 1021 1563; x_wconf 87' lang='lat' dir='ltr'>duae</span> 
     </span>
     <span class='ocr_line' id='line_1_40' title="bbox 226 1573 1020 1610; baseline 0.003 -11"><span class='ocrx_word' id='word_1_271' title='bbox 226 1574 448 1608; x_wconf 56' lang='lat' dir='ltr'>perturbationes</span> <span class='ocrx_word' id='word_1_272' title='bbox 464 1573 561 1600; x_wconf 85' lang='lat' dir='ltr'>laetitia</span> <span class='ocrx_word' id='word_1_273' title='bbox 573 1575 691 1610; x_wconf 79' lang='lat' dir='ltr'>gestiens</span> <span class='ocrx_word' id='word_1_274' title='bbox 702 1579 727 1601; x_wconf 89' lang='lat' dir='ltr'>et</span> <span class='ocrx_word' id='word_1_275' title='bbox 738 1574 835 1601; x_wconf 88' lang='lat' dir='ltr'>libido:</span> <span class='ocrx_word' id='word_1_276' title='bbox 852 1583 922 1610; x_wconf 87' lang='lat' dir='ltr'>quae</span> <span class='ocrx_word' id='word_1_277' title='bbox 933 1575 956 1600; x_wconf 89' lang='lat' dir='ltr'>si</span> <span class='ocrx_word' id='word_1_278' title='bbox 969 1583 1020 1601; x_wconf 92' lang='lat' dir='ltr'>non</span> 
     </span>
    </p>
   </div>
   <div class='ocr_carea' id='block_1_14' title="bbox 225 1610 1053 1685">
    <p class='ocr_par' dir='ltr' id='par_1_14' title="bbox 225 1610 1053 1685">
     <span class='ocr_line' id='line_1_41' title="bbox 225 1610 1053 1646; baseline 0.002 -10"><span class='ocrx_word' id='word_1_279' title='bbox 225 1610 320 1637; x_wconf 86' lang='lat' dir='ltr'>cadent</span> <span class='ocrx_word' id='word_1_280' title='bbox 332 1612 357 1637; x_wconf 93' lang='lat' dir='ltr'>in</span> <span class='ocrx_word' id='word_1_281' title='bbox 370 1612 533 1646; x_wconf 89' lang='lat' dir='ltr'>sapientem,</span> <span class='ocrx_word' id='word_1_282' title='bbox 556 1620 663 1646; x_wconf 83' lang='lat' dir='ltr'>semper</span> <span class='ocrx_word' id='word_1_283' title='bbox 676 1620 752 1638; x_wconf 88' lang='lat' dir='ltr'>mens</span> <span class='ocrx_word' id='word_1_284' title='bbox 763 1613 812 1638; x_wconf 87' lang='lat' dir='ltr'>erit</span> <span class='ocrx_word' id='word_1_285' title='bbox 823 1611 967 1646; x_wconf 84' lang='lat' dir='ltr'>tranquilla</span> <span class='ocrx_word' id='word_1_286' title='bbox 978 1620 1022 1638; x_wconf 88' lang='lat' dir='ltr'>sa-</span> <span class='ocrx_word' id='word_1_287' title='bbox 1052 1621 1053 1627; x_wconf 89' lang='lat'>¹</span> 
     </span>
     <span class='ocr_line' id='line_1_42' title="bbox 815 1649 1053 1685; baseline 0 -10"><span class='ocrx_word' id='word_1_288' title='bbox 815 1650 850 1675; x_wconf 92' lang='lat' dir='ltr'>M.</span> <span class='ocrx_word' id='word_1_289' title='bbox 863 1649 957 1676; x_wconf 88' lang='lat' dir='ltr'>Utrum</span> <span class='ocrx_word' id='word_1_290' title='bbox 971 1649 1023 1685; x_wconf 89' lang='lat' dir='ltr'>igi·</span> <span class='ocrx_word' id='word_1_291' title='bbox 1051 1654 1053 1664; x_wconf 88' lang='lat'>¹</span> 
     </span>
    </p>
   </div>
   <div class='ocr_carea' id='block_1_15' title="bbox 223 1648 1022 1980">
    <p class='ocr_par' dir='ltr' id='par_1_15' title="bbox 223 1648 1022 1980">
     <span class='ocr_line' id='line_1_43' title="bbox 225 1648 774 1685; baseline 0.004 -12"><span class='ocrx_word' id='word_1_292' title='bbox 225 1649 335 1682; x_wconf 88' lang='lat' dir='ltr'>pientis.</span> <span class='ocrx_word' id='word_1_293' title='bbox 375 1650 398 1674; x_wconf 89' lang='grc'>9.</span> <span class='ocrx_word' id='word_1_294' title='bbox 419 1649 450 1674; x_wconf 81' lang='grc' dir='ltr'>Α.</span> <span class='ocrx_word' id='word_1_295' title='bbox 467 1648 511 1674; x_wconf 88' lang='lat' dir='ltr'>Sic</span> <span class='ocrx_word' id='word_1_296' title='bbox 523 1657 632 1683; x_wconf 90' lang='lat' dir='ltr'>prorsus</span> <span class='ocrx_word' id='word_1_297' title='bbox 644 1649 774 1685; x_wconf 79' lang='lat' dir='ltr'>intelligo.</span> 
     </span>
     <span class='ocr_line' id='line_1_44' title="bbox 225 1684 1020 1721; baseline 0.003 -11"><span class='ocrx_word' id='word_1_298' title='bbox 225 1690 269 1710; x_wconf 90' lang='lat' dir='ltr'>tur</span> <span class='ocrx_word' id='word_1_299' title='bbox 279 1684 382 1711; x_wconf 67' lang='lat' dir='ltr'>max-is?</span> <span class='ocrx_word' id='word_1_300' title='bbox 397 1686 521 1712; x_wconf 84' lang='lat' dir='ltr'>statimne</span> <span class='ocrx_word' id='word_1_301' title='bbox 537 1694 585 1712; x_wconf 90' lang='lat' dir='ltr'>nos</span> <span class='ocrx_word' id='word_1_302' title='bbox 597 1686 655 1712; x_wconf 89' lang='lat' dir='ltr'>vela</span> <span class='ocrx_word' id='word_1_303' title='bbox 667 1685 766 1717; x_wconf 83' lang='lat' dir='ltr'>facere,</span> <span class='ocrx_word' id='word_1_304' title='bbox 784 1695 817 1712; x_wconf 92' lang='lat' dir='ltr'>an</span> <span class='ocrx_word' id='word_1_305' title='bbox 828 1687 906 1721; x_wconf 87' lang='lat' dir='ltr'>quasi</span> <span class='ocrx_word' id='word_1_306' title='bbox 918 1695 932 1712; x_wconf 88' lang='lat' dir='ltr'>e</span> <span class='ocrx_word' id='word_1_307' title='bbox 943 1692 1020 1721; x_wconf 92' lang='lat' dir='ltr'>portu</span> 
     </span>
     <span class='ocr_line' id='line_1_45' title="bbox 226 1758 1022 1796; baseline 0.003 -12"><span class='ocrx_word' id='word_1_308' title='bbox 226 1758 313 1785; x_wconf 77' lang='lat' dir='ltr'>istuc&#39;?</span> <span class='ocrx_word' id='word_1_309' title='bbox 333 1760 389 1785; x_wconf 91' lang='lat' dir='ltr'>Non</span> <span class='ocrx_word' id='word_1_310' title='bbox 402 1761 474 1786; x_wconf 91' lang='lat' dir='ltr'>enim</span> <span class='ocrx_word' id='word_1_311' title='bbox 487 1760 618 1796; x_wconf 89' lang='lat' dir='ltr'>intelligo.</span> <span class='ocrx_word' id='word_1_312' title='bbox 659 1761 690 1787; x_wconf 93' lang='lat' dir='ltr'>V.</span> <span class='ocrx_word' id='word_1_313' title='bbox 711 1761 747 1787; x_wconf 82' lang='lat' dir='ltr'>M.</span> <span class='ocrx_word' id='word_1_314' title='bbox 767 1760 835 1792; x_wconf 84' lang='lat' dir='ltr'>Quia</span> <span class='ocrx_word' id='word_1_315' title='bbox 851 1761 1022 1796; x_wconf 84' lang='lat' dir='ltr'>Chrysippus</span> 
     </span>
     <span class='ocr_line' id='line_1_46' title="bbox 225 1796 1019 1832; baseline 0.003 -10"><span class='ocrx_word' id='word_1_316' title='bbox 225 1801 251 1822; x_wconf 86' lang='lat' dir='ltr'>et</span> <span class='ocrx_word' id='word_1_317' title='bbox 262 1796 358 1827; x_wconf 84' lang='lat' dir='ltr'>Stoici,</span> <span class='ocrx_word' id='word_1_318' title='bbox 375 1805 460 1832; x_wconf 91' lang='lat' dir='ltr'>quum</span> <span class='ocrx_word' id='word_1_319' title='bbox 472 1797 506 1823; x_wconf 87' lang='lat' dir='ltr'>de</span> <span class='ocrx_word' id='word_1_320' title='bbox 517 1798 600 1824; x_wconf 90' lang='lat' dir='ltr'>animi</span> <span class='ocrx_word' id='word_1_321' title='bbox 612 1797 860 1832; x_wconf 80' lang='lat' dir='ltr'>perturbationibus</span> <span class='ocrx_word' id='word_1_322' title='bbox 871 1797 1019 1832; x_wconf 87' lang='lat' dir='ltr'>disputant,</span> 
     </span>
     <span class='ocr_line' id='line_1_47' title="bbox 224 1834 1022 1869; baseline 0.003 -10"><span class='ocrx_word' id='word_1_323' title='bbox 224 1841 350 1869; x_wconf 82' lang='lat' dir='ltr'>magnam</span> <span class='ocrx_word' id='word_1_324' title='bbox 366 1839 468 1869; x_wconf 90' lang='lat' dir='ltr'>partem</span> <span class='ocrx_word' id='word_1_325' title='bbox 484 1835 511 1861; x_wconf 90' lang='lat' dir='ltr'>in</span> <span class='ocrx_word' id='word_1_326' title='bbox 529 1835 562 1860; x_wconf 89' lang='lat' dir='ltr'>iis</span> <span class='ocrx_word' id='word_1_327' title='bbox 574 1834 721 1869; x_wconf 86' lang='lat' dir='ltr'>partiendis</span> <span class='ocrx_word' id='word_1_328' title='bbox 733 1840 758 1861; x_wconf 89' lang='lat' dir='ltr'>et</span> <span class='ocrx_word' id='word_1_329' title='bbox 767 1835 930 1861; x_wconf 75' lang='lat' dir='ltr'>definiendis</span> <span class='ocrx_word' id='word_1_330' title='bbox 939 1843 1022 1861; x_wconf 85' lang='lat' dir='ltr'>occu—</span> 
     </span>
     <span class='ocr_line' id='line_1_48' title="bbox 223 1871 1021 1907; baseline 0.003 -11"><span class='ocrx_word' id='word_1_331' title='bbox 223 1872 280 1905; x_wconf 89' lang='lat' dir='ltr'>pati</span> <span class='ocrx_word' id='word_1_332' title='bbox 295 1875 370 1897; x_wconf 88' lang='lat' dir='ltr'>sunt:</span> <span class='ocrx_word' id='word_1_333' title='bbox 389 1871 434 1897; x_wconf 90' lang='lat' dir='ltr'>illa</span> <span class='ocrx_word' id='word_1_334' title='bbox 450 1880 541 1898; x_wconf 87' lang='lat' dir='ltr'>eorum</span> <span class='ocrx_word' id='word_1_335' title='bbox 558 1873 705 1907; x_wconf 82' lang='lat' dir='ltr'>perexigua</span> <span class='ocrx_word' id='word_1_336' title='bbox 720 1873 804 1898; x_wconf 90' lang='lat' dir='ltr'>oratio</span> <span class='ocrx_word' id='word_1_337' title='bbox 819 1877 871 1903; x_wconf 82' lang='lat' dir='ltr'>est,</span> <span class='ocrx_word' id='word_1_338' title='bbox 894 1881 947 1907; x_wconf 89' lang='lat' dir='ltr'>qua</span> <span class='ocrx_word' id='word_1_339' title='bbox 963 1880 1021 1898; x_wconf 90' lang='lat' dir='ltr'>me-</span> 
     </span>
     <span class='ocr_line' id='line_1_49' title="bbox 224 1906 1017 1944; baseline 0.003 -11"><span class='ocrx_word' id='word_1_340' title='bbox 224 1906 338 1934; x_wconf 84' lang='lat' dir='ltr'>deantur</span> <span class='ocrx_word' id='word_1_341' title='bbox 352 1908 464 1939; x_wconf 78' lang='lat' dir='ltr'>animis,</span> <span class='ocrx_word' id='word_1_342' title='bbox 487 1916 535 1934; x_wconf 88' lang='lat' dir='ltr'>nec</span> <span class='ocrx_word' id='word_1_343' title='bbox 550 1917 595 1935; x_wconf 87' lang='lat' dir='ltr'>eos</span> <span class='ocrx_word' id='word_1_344' title='bbox 611 1909 779 1935; x_wconf 87' lang='lat' dir='ltr'>turbulentos</span> <span class='ocrx_word' id='word_1_345' title='bbox 795 1918 854 1935; x_wconf 88' lang='lat' dir='ltr'>esse</span> <span class='ocrx_word' id='word_1_346' title='bbox 869 1910 1017 1944; x_wconf 85' lang='lat' dir='ltr'>patiantur.-</span> 
     </span>
     <span class='ocr_line' id='line_1_50' title="bbox 223 1944 1020 1980; baseline 0.001 -9"><span class='ocrx_word' id='word_1_347' title='bbox 223 1944 393 1979; x_wconf 82' lang='lat' dir='ltr'>Peripatetici</span> <span class='ocrx_word' id='word_1_348' title='bbox 414 1950 503 1972; x_wconf 88' lang='lat' dir='ltr'>autem</span> <span class='ocrx_word' id='word_1_349' title='bbox 525 1945 557 1971; x_wconf 89' lang='lat' dir='ltr'>ad</span> <span class='ocrx_word' id='word_1_350' title='bbox 579 1945 723 1980; x_wconf 88' lang='lat' dir='ltr'>placandos</span> <span class='ocrx_word' id='word_1_351' title='bbox 738 1947 843 1973; x_wconf 90' lang='lat' dir='ltr'>animos</span> <span class='ocrx_word' id='word_1_352' title='bbox 858 1946 940 1972; x_wconf 86' lang='lat' dir='ltr'>multa</span> <span class='ocrx_word' id='word_1_353' title='bbox 957 1946 1020 1972; x_wconf 79' lang='lat' dir='ltr'>affe-</span> 
     </span>
    </p>
   </div>
   <div class='ocr_carea' id='block_1_16' title="bbox 225 1982 1050 2018">
    <p class='ocr_par' dir='ltr' id='par_1_16' title="bbox 225 1982 1050 2018">
     <span class='ocr_line' id='line_1_51' title="bbox 225 1982 1050 2018; baseline 0 -11"><span class='ocrx_word' id='word_1_354' title='bbox 225 1986 299 2007; x_wconf 89' lang='lat' dir='ltr'>runt:</span> <span class='ocrx_word' id='word_1_355' title='bbox 322 1982 415 2016; x_wconf 89' lang='lat' dir='ltr'>spinas</span> <span class='ocrx_word' id='word_1_356' title='bbox 435 1982 568 2017; x_wconf 90' lang='lat' dir='ltr'>partiendi</span> <span class='ocrx_word' id='word_1_357' title='bbox 588 1988 614 2009; x_wconf 86' lang='lat' dir='ltr'>et</span> <span class='ocrx_word' id='word_1_358' title='bbox 627 1983 774 2009; x_wconf 79' lang='lat' dir='ltr'>deliniendi</span> <span class='ocrx_word' id='word_1_359' title='bbox 793 1984 1017 2018; x_wconf 86' lang='lat' dir='ltr'>praetermittunt.</span> <span class='ocrx_word' id='word_1_360' title='bbox 1049 2004 1050 2007; x_wconf 74' lang='grc'>,</span> 
     </span>
    </p>
   </div>
   <div class='ocr_carea' id='block_1_17' title="bbox 221 2019 1020 2539">
    <p class='ocr_par' dir='ltr' id='par_1_17' title="bbox 221 2019 1020 2539">
     <span class='ocr_line' id='line_1_52' title="bbox 223 2019 1020 2055; baseline 0.004 -11"><span class='ocrx_word' id='word_1_361' title='bbox 223 2019 390 2050; x_wconf 81' lang='lat' dir='ltr'>Quaerebam</span> <span class='ocrx_word' id='word_1_362' title='bbox 412 2020 508 2055; x_wconf 82' lang='lat' dir='ltr'>igitur,</span> <span class='ocrx_word' id='word_1_363' title='bbox 532 2024 623 2046; x_wconf 89' lang='lat' dir='ltr'>utrum</span> <span class='ocrx_word' id='word_1_364' title='bbox 647 2020 792 2055; x_wconf 86' lang='lat' dir='ltr'>panderem</span> <span class='ocrx_word' id='word_1_365' title='bbox 812 2020 871 2047; x_wconf 86' lang='lat' dir='ltr'>vela</span> <span class='ocrx_word' id='word_1_366' title='bbox 891 2021 1020 2047; x_wconf 88' lang='lat' dir='ltr'>orationis</span> 
     </span>
     <span class='ocr_line' id='line_1_53' title="bbox 224 2056 1020 2091; baseline 0.003 -9"><span class='ocrx_word' id='word_1_367' title='bbox 224 2056 326 2087; x_wconf 83' lang='lat' dir='ltr'>statim,</span> <span class='ocrx_word' id='word_1_368' title='bbox 347 2064 378 2082; x_wconf 85' lang='lat' dir='ltr'>an</span> <span class='ocrx_word' id='word_1_369' title='bbox 401 2065 459 2083; x_wconf 86' lang='lat' dir='ltr'>eam</span> <span class='ocrx_word' id='word_1_370' title='bbox 475 2061 534 2083; x_wconf 86' lang='lat' dir='ltr'>ante</span> <span class='ocrx_word' id='word_1_371' title='bbox 550 2057 702 2091; x_wconf 79' lang='lat' dir='ltr'>paullulum</span> <span class='ocrx_word' id='word_1_372' title='bbox 719 2057 922 2084; x_wconf 84' lang='lat' dir='ltr'>Dialecticorum</span> <span class='ocrx_word' id='word_1_373' title='bbox 938 2059 1020 2084; x_wconf 87' lang='lat' dir='ltr'>remis</span> 
     </span>
     <span class='ocr_line' id='line_1_54' title="bbox 224 2093 1020 2128; baseline 0.003 -9"><span class='ocrx_word' id='word_1_374' title='bbox 224 2093 410 2128; x_wconf 84' lang='lat' dir='ltr'>propellerem.</span> <span class='ocrx_word' id='word_1_375' title='bbox 451 2093 482 2120; x_wconf 75' lang='lat' dir='ltr'>A.</span> <span class='ocrx_word' id='word_1_376' title='bbox 499 2094 550 2120; x_wconf 85' lang='lat' dir='ltr'>Isto</span> <span class='ocrx_word' id='word_1_377' title='bbox 567 2094 644 2120; x_wconf 90' lang='lat' dir='ltr'>modo</span> <span class='ocrx_word' id='word_1_378' title='bbox 656 2103 728 2121; x_wconf 87' lang='lat' dir='ltr'>vero.</span> <span class='ocrx_word' id='word_1_379' title='bbox 768 2095 825 2121; x_wconf 91' lang='lat' dir='ltr'>Erit</span> <span class='ocrx_word' id='word_1_380' title='bbox 836 2096 908 2121; x_wconf 89' lang='lat' dir='ltr'>enim</span> <span class='ocrx_word' id='word_1_381' title='bbox 921 2095 1020 2121; x_wconf 86' lang='lat' dir='ltr'>hocto-</span> 
     </span>
     <span class='ocr_line' id='line_1_55' title="bbox 224 2130 1019 2166; baseline 0.003 -10"><span class='ocrx_word' id='word_1_382' title='bbox 224 2135 291 2161; x_wconf 78' lang='lat' dir='ltr'>tuni,</span> <span class='ocrx_word' id='word_1_383' title='bbox 303 2130 376 2165; x_wconf 89' lang='lat' dir='ltr'>quod</span> <span class='ocrx_word' id='word_1_384' title='bbox 387 2139 496 2165; x_wconf 84' lang='lat' dir='ltr'>quaero,</span> <span class='ocrx_word' id='word_1_385' title='bbox 509 2139 542 2157; x_wconf 83' lang='lat' dir='ltr'>ex</span> <span class='ocrx_word' id='word_1_386' title='bbox 554 2136 667 2166; x_wconf 87' lang='lat' dir='ltr'>utroque</span> <span class='ocrx_word' id='word_1_387' title='bbox 678 2131 834 2166; x_wconf 82' lang='lat' dir='ltr'>perfectius.</span> <span class='ocrx_word' id='word_1_388' title='bbox 868 2134 907 2158; x_wconf 87' lang='lat' dir='ltr'>lo.</span> <span class='ocrx_word' id='word_1_389' title='bbox 923 2133 959 2158; x_wconf 90' lang='lat' dir='ltr'>M.</span> <span class='ocrx_word' id='word_1_390' title='bbox 972 2133 1019 2158; x_wconf 83' lang='lat' dir='ltr'>Est</span> 
     </span>
     <span class='ocr_line' id='line_1_56' title="bbox 223 2167 1020 2204; baseline 0.004 -11"><span class='ocrx_word' id='word_1_391' title='bbox 223 2167 251 2193; x_wconf 90' lang='lat' dir='ltr'>id</span> <span class='ocrx_word' id='word_1_392' title='bbox 270 2167 380 2202; x_wconf 88' lang='lat' dir='ltr'>quidem</span> <span class='ocrx_word' id='word_1_393' title='bbox 397 2168 508 2200; x_wconf 70' lang='lat' dir='ltr'>rectius3</span> <span class='ocrx_word' id='word_1_394' title='bbox 525 2168 572 2194; x_wconf 86' lang='lat' dir='ltr'>sed</span> <span class='ocrx_word' id='word_1_395' title='bbox 589 2173 648 2203; x_wconf 88' lang='lat' dir='ltr'>post</span> <span class='ocrx_word' id='word_1_396' title='bbox 664 2169 798 2204; x_wconf 83' lang='lat' dir='ltr'>requires,</span> <span class='ocrx_word' id='word_1_397' title='bbox 816 2170 840 2196; x_wconf 89' lang='lat' dir='ltr'>si</span> <span class='ocrx_word' id='word_1_398' title='bbox 854 2169 922 2204; x_wconf 90' lang='lat' dir='ltr'>quid</span> <span class='ocrx_word' id='word_1_399' title='bbox 938 2169 1020 2196; x_wconf 81' lang='lat' dir='ltr'>fuerit</span> 
     </span>
     <span class='ocr_line' id='line_1_57' title="bbox 222 2204 1015 2240; baseline 0.004 -10"><span class='ocrx_word' id='word_1_400' title='bbox 222 2204 376 2231; x_wconf 84' lang='lat' dir='ltr'>obscurius.</span> <span class='ocrx_word' id='word_1_401' title='bbox 410 2205 441 2231; x_wconf 75' lang='lat' dir='ltr'>A.</span> <span class='ocrx_word' id='word_1_402' title='bbox 455 2205 560 2231; x_wconf 85' lang='lat' dir='ltr'>Faciam</span> <span class='ocrx_word' id='word_1_403' title='bbox 572 2205 710 2240; x_wconf 81' lang='lat' dir='ltr'>equidem.</span> <span class='ocrx_word' id='word_1_404' title='bbox 735 2206 774 2232; x_wconf 91' lang='lat' dir='ltr'>Tu</span> <span class='ocrx_word' id='word_1_405' title='bbox 785 2211 883 2237; x_wconf 87' lang='lat' dir='ltr'>tamen,</span> <span class='ocrx_word' id='word_1_406' title='bbox 896 2211 926 2233; x_wconf 90' lang='lat' dir='ltr'>ut</span> <span class='ocrx_word' id='word_1_407' title='bbox 936 2206 1015 2238; x_wconf 87' lang='lat' dir='ltr'>soles,</span> 
     </span>
     <span class='ocr_line' id='line_1_58' title="bbox 222 2241 1019 2278; baseline 0.004 -10"><span class='ocrx_word' id='word_1_408' title='bbox 222 2241 296 2268; x_wconf 89' lang='lat' dir='ltr'>dices</span> <span class='ocrx_word' id='word_1_409' title='bbox 307 2242 356 2268; x_wconf 82' lang='lat' dir='ltr'>ista</span> <span class='ocrx_word' id='word_1_410' title='bbox 369 2243 426 2277; x_wconf 88' lang='lat' dir='ltr'>ipsa</span> <span class='ocrx_word' id='word_1_411' title='bbox 437 2242 550 2268; x_wconf 89' lang='lat' dir='ltr'>obscura</span> <span class='ocrx_word' id='word_1_412' title='bbox 562 2242 680 2277; x_wconf 86' lang='lat' dir='ltr'>planius,</span> <span class='ocrx_word' id='word_1_413' title='bbox 688 2251 770 2278; x_wconf 88' lang='lat' dir='ltr'>quam</span> <span class='ocrx_word' id='word_1_414' title='bbox 781 2243 1019 2270; x_wconf 88' lang='lat' dir='ltr'>dicunturaGrae-</span> 
     </span>
     <span class='ocr_line' id='line_1_59' title="bbox 221 2279 1016 2316; baseline 0.005 -12"><span class='ocrx_word' id='word_1_415' title='bbox 221 2279 272 2305; x_wconf 84' lang='lat' dir='ltr'>cis.</span> <span class='ocrx_word' id='word_1_416' title='bbox 307 2279 342 2305; x_wconf 86' lang='grc' dir='ltr'>Μ.</span> <span class='ocrx_word' id='word_1_417' title='bbox 356 2280 448 2305; x_wconf 86' lang='lat' dir='ltr'>Enitar</span> <span class='ocrx_word' id='word_1_418' title='bbox 458 2279 599 2314; x_wconf 89' lang='lat' dir='ltr'>equidem:</span> <span class='ocrx_word' id='word_1_419' title='bbox 613 2280 659 2306; x_wconf 91' lang='lat' dir='ltr'>sed</span> <span class='ocrx_word' id='word_1_420' title='bbox 672 2281 774 2307; x_wconf 82' lang='lat' dir='ltr'>intento</span> <span class='ocrx_word' id='word_1_421' title='bbox 787 2289 856 2316; x_wconf 91' lang='lat' dir='ltr'>opus</span> <span class='ocrx_word' id='word_1_422' title='bbox 866 2286 906 2307; x_wconf 92' lang='lat' dir='ltr'>est</span> <span class='ocrx_word' id='word_1_423' title='bbox 917 2282 1016 2312; x_wconf 86' lang='lat' dir='ltr'>animo,</span> 
     </span>
     <span class='ocr_line' id='line_1_60' title="bbox 222 2316 1019 2353; baseline 0.004 -11"><span class='ocrx_word' id='word_1_424' title='bbox 222 2324 254 2342; x_wconf 91' lang='lat' dir='ltr'>ne</span> <span class='ocrx_word' id='word_1_425' title='bbox 265 2317 354 2342; x_wconf 84' lang='lat' dir='ltr'>onmia</span> <span class='ocrx_word' id='word_1_426' title='bbox 365 2316 528 2347; x_wconf 89' lang='lat' dir='ltr'>dilabantur,</span> <span class='ocrx_word' id='word_1_427' title='bbox 544 2318 568 2343; x_wconf 92' lang='lat' dir='ltr'>si</span> <span class='ocrx_word' id='word_1_428' title='bbox 581 2326 664 2344; x_wconf 89' lang='lat' dir='ltr'>unum</span> <span class='ocrx_word' id='word_1_429' title='bbox 676 2317 787 2353; x_wconf 86' lang='lat' dir='ltr'>aliquod</span> <span class='ocrx_word' id='word_1_430' title='bbox 798 2318 931 2353; x_wconf 80' lang='lat' dir='ltr'>effugerit.</span> <span class='ocrx_word' id='word_1_431' title='bbox 945 2318 1019 2350; x_wconf 88' lang='lat' dir='ltr'>Quo-</span> 
     </span>
     <span class='ocr_line' id='line_1_61' title="bbox 222 2353 1018 2390; baseline 0.004 -11"><span class='ocrx_word' id='word_1_432' title='bbox 222 2353 304 2384; x_wconf 85' lang='lat' dir='ltr'>niam,</span> <span class='ocrx_word' id='word_1_433' title='bbox 317 2362 386 2388; x_wconf 88' lang='lat' dir='ltr'>quae</span> <span class='ocrx_word' id='word_1_434' title='bbox 397 2354 493 2380; x_wconf 86' lang='lat' dir='ltr'>Graeci</span> <span class='ocrx_word' id='word_1_435' title='bbox 504 2354 581 2388; x_wconf 63' lang='grc' dir='ltr'>πάθῃ</span> <span class='ocrx_word' id='word_1_436' title='bbox 594 2360 701 2385; x_wconf 81' lang='lat' dir='ltr'>vocant,</span> <span class='ocrx_word' id='word_1_437' title='bbox 715 2355 794 2381; x_wconf 89' lang='lat' dir='ltr'>nobis</span> <span class='ocrx_word' id='word_1_438' title='bbox 803 2355 1018 2390; x_wconf 86' lang='lat' dir='ltr'>perturbationes</span> 
     </span>
     <span class='ocr_line' id='line_1_62' title="bbox 221 2390 1018 2427; baseline 0.004 -11"><span class='ocrx_word' id='word_1_439' title='bbox 221 2390 350 2424; x_wconf 85' lang='lat' dir='ltr'>appellari</span> <span class='ocrx_word' id='word_1_440' title='bbox 366 2391 452 2426; x_wconf 82' lang='lat' dir='ltr'>magis</span> <span class='ocrx_word' id='word_1_441' title='bbox 467 2390 567 2425; x_wconf 83' lang='lat' dir='ltr'>placet,</span> <span class='ocrx_word' id='word_1_442' title='bbox 588 2400 670 2427; x_wconf 88' lang='lat' dir='ltr'>quam</span> <span class='ocrx_word' id='word_1_443' title='bbox 686 2392 807 2419; x_wconf 90' lang='lat' dir='ltr'>morbos:</span> <span class='ocrx_word' id='word_1_444' title='bbox 829 2393 856 2418; x_wconf 91' lang='lat' dir='ltr'>in</span> <span class='ocrx_word' id='word_1_445' title='bbox 873 2393 915 2419; x_wconf 84' lang='lat' dir='ltr'>his</span> <span class='ocrx_word' id='word_1_446' title='bbox 929 2392 1018 2427; x_wconf 90' lang='lat' dir='ltr'>expli-</span> 
     </span>
     <span class='ocr_line' id='line_1_63' title="bbox 222 2427 1014 2465; baseline 0.006 -14"><span class='ocrx_word' id='word_1_447' title='bbox 222 2427 314 2453; x_wconf 73' lang='lat' dir='ltr'>candis</span> <span class='ocrx_word' id='word_1_448' title='bbox 335 2432 451 2454; x_wconf 86' lang='lat' dir='ltr'>veterem</span> <span class='ocrx_word' id='word_1_449' title='bbox 468 2427 542 2454; x_wconf 90' lang='lat' dir='ltr'>illam</span> <span class='ocrx_word' id='word_1_450' title='bbox 562 2429 689 2464; x_wconf 86' lang='lat' dir='ltr'>equidem</span> <span class='ocrx_word' id='word_1_451' title='bbox 705 2429 870 2465; x_wconf 84' lang='lat' dir='ltr'>Pythagorae</span> <span class='ocrx_word' id='word_1_452' title='bbox 885 2431 1014 2465; x_wconf 84' lang='lat' dir='ltr'>primum,</span> 
     </span>
     <span class='ocr_line' id='line_1_64' title="bbox 221 2463 1016 2501; baseline 0.005 -12"><span class='ocrx_word' id='word_1_453' title='bbox 221 2463 317 2490; x_wconf 89' lang='lat' dir='ltr'>deinde</span> <span class='ocrx_word' id='word_1_454' title='bbox 324 2464 441 2491; x_wconf 87' lang='lat' dir='ltr'>Platonis</span> <span class='ocrx_word' id='word_1_455' title='bbox 452 2465 660 2500; x_wconf 80' lang='lat' dir='ltr'>descriptionem</span> <span class='ocrx_word' id='word_1_456' title='bbox 671 2474 783 2501; x_wconf 83' lang='lat' dir='ltr'>sequar:</span> <span class='ocrx_word' id='word_1_457' title='bbox 795 2467 843 2501; x_wconf 90' lang='lat' dir='ltr'>qui</span> <span class='ocrx_word' id='word_1_458' title='bbox 856 2468 976 2493; x_wconf 89' lang='lat' dir='ltr'>animum</span> <span class='ocrx_word' id='word_1_459' title='bbox 990 2467 1016 2493; x_wconf 91' lang='lat' dir='ltr'>in</span> 
     </span>
     <span class='ocr_line' id='line_1_65' title="bbox 222 2500 1017 2539; baseline 0.006 -14"><span class='ocrx_word' id='word_1_460' title='bbox 222 2500 288 2526; x_wconf 82' lang='lat' dir='ltr'>duas</span> <span class='ocrx_word' id='word_1_461' title='bbox 300 2506 385 2535; x_wconf 88' lang='lat' dir='ltr'>partes</span> <span class='ocrx_word' id='word_1_462' title='bbox 397 2502 537 2529; x_wconf 91' lang='lat' dir='ltr'>dividunt:</span> <span class='ocrx_word' id='word_1_463' title='bbox 556 2502 666 2530; x_wconf 83' lang='lat' dir='ltr'>alteram</span> <span class='ocrx_word' id='word_1_464' title='bbox 681 2504 791 2530; x_wconf 88' lang='lat' dir='ltr'>rationis</span> <span class='ocrx_word' id='word_1_465' title='bbox 806 2505 965 2539; x_wconf 86' lang='lat' dir='ltr'>participem</span> <span class='ocrx_word' id='word_1_466' title='bbox 977 2503 1017 2530; x_wconf 82' lang='lat' dir='ltr'>fa-</span> 
     </span>
    </p>
   </div>
   <div class='ocr_carea' id='block_1_18' title="bbox 222 2537 1047 2576">
    <p class='ocr_par' dir='ltr' id='par_1_18' title="bbox 222 2537 1047 2576">
     <span class='ocr_line' id='line_1_66' title="bbox 222 2537 1047 2576; baseline 0.008 -15"><span class='ocrx_word' id='word_1_467' title='bbox 222 2537 304 2567; x_wconf 84' lang='lat' dir='ltr'>ciunt.</span> <span class='ocrx_word' id='word_1_468' title='bbox 318 2538 426 2565; x_wconf 84' lang='lat' dir='ltr'>alteram</span> <span class='ocrx_word' id='word_1_469' title='bbox 438 2544 585 2574; x_wconf 85' lang='lat' dir='ltr'>expertem.</span> <span class='ocrx_word' id='word_1_470' title='bbox 610 2541 638 2567; x_wconf 88' lang='lat' dir='ltr'>ln</span> <span class='ocrx_word' id='word_1_471' title='bbox 649 2541 780 2575; x_wconf 84' lang='lat' dir='ltr'>participe</span> <span class='ocrx_word' id='word_1_472' title='bbox 790 2541 901 2567; x_wconf 88' lang='lat' dir='ltr'>rationis</span> <span class='ocrx_word' id='word_1_473' title='bbox 913 2546 1017 2576; x_wconf 83' lang='lat' dir='ltr'>ponunt</span> <span class='ocrx_word' id='word_1_474' title='bbox 1038 2566 1047 2575; x_wconf 14' lang='grc' dir='ltr'>,Ἴ</span> 
     </span>
    </p>
   </div>
   <div class='ocr_carea' id='block_1_19' title="bbox 222 2574 1017 2612">
    <p class='ocr_par' dir='ltr' id='par_1_19' title="bbox 222 2574 1017 2612">
     <span class='ocr_line' id='line_1_67' title="bbox 222 2574 1017 2612; baseline 0.009 -14"><span class='ocrx_word' id='word_1_475' title='bbox 222 2574 449 2608; x_wconf 81' lang='lat' dir='ltr'>tranquillitatem,</span> <span class='ocrx_word' id='word_1_476' title='bbox 468 2577 496 2603; x_wconf 93' lang='lat' dir='ltr'>id</span> <span class='ocrx_word' id='word_1_477' title='bbox 508 2581 548 2603; x_wconf 88' lang='lat' dir='ltr'>est</span> <span class='ocrx_word' id='word_1_478' title='bbox 561 2577 694 2612; x_wconf 88' lang='lat' dir='ltr'>placidam</span> <span class='ocrx_word' id='word_1_479' title='bbox 706 2579 880 2612; x_wconf 82' lang='lat' dir='ltr'>quietamque</span> <span class='ocrx_word' id='word_1_480' title='bbox 891 2584 1017 2606; x_wconf 84' lang='lat' dir='ltr'>constan-</span> 
     </span>
    </p>
   </div>
   <div class='ocr_carea' id='block_1_20' title="bbox 222 2610 1720 2685">
    <p class='ocr_par' dir='ltr' id='par_1_20' title="bbox 222 2610 1720 2685">
     <span class='ocr_line' id='line_1_68' title="bbox 222 2610 1046 2649; baseline 0.011 -15"><span class='ocrx_word' id='word_1_481' title='bbox 222 2610 299 2635; x_wconf 85' lang='lat' dir='ltr'>tiam:</span> <span class='ocrx_word' id='word_1_482' title='bbox 323 2612 349 2637; x_wconf 89' lang='lat' dir='ltr'>in</span> <span class='ocrx_word' id='word_1_483' title='bbox 362 2611 406 2638; x_wconf 88' lang='lat' dir='ltr'>illa</span> <span class='ocrx_word' id='word_1_484' title='bbox 418 2613 498 2640; x_wconf 83' lang='lat' dir='ltr'>altera</span> <span class='ocrx_word' id='word_1_485' title='bbox 510 2619 598 2641; x_wconf 90' lang='lat' dir='ltr'>motus</span> <span class='ocrx_word' id='word_1_486' title='bbox 609 2615 732 2642; x_wconf 82' lang='lat' dir='ltr'>turbidos</span> <span class='ocrx_word' id='word_1_487' title='bbox 744 2620 800 2642; x_wconf 88' lang='lat' dir='ltr'>tum</span> <span class='ocrx_word' id='word_1_488' title='bbox 813 2615 880 2646; x_wconf 82' lang='lat' dir='ltr'>irae⁷</span> <span class='ocrx_word' id='word_1_489' title='bbox 898 2621 956 2642; x_wconf 87' lang='lat' dir='ltr'>turn</span> <span class='ocrx_word' id='word_1_490' title='bbox 967 2624 1016 2642; x_wconf 88' lang='lat' dir='ltr'>cu·</span> <span class='ocrx_word' id='word_1_491' title='bbox 1044 2635 1046 2649; x_wconf 68' lang='lat'>,</span> 
     </span>
     <span class='ocr_line' id='line_1_69' title="bbox 1044 2650 1720 2685; baseline -0.001 -8"><span class='ocrx_word' id='word_1_492' title='bbox 1044 2669 1046 2677; x_wconf 91' lang='lat'><em>.</em></span> <span class='ocrx_word' id='word_1_493' title='bbox 1067 2652 1244 2683; x_wconf 84' lang='lat' dir='ltr'>hilaritatem,</span> <span class='ocrx_word' id='word_1_494' title='bbox 1262 2652 1347 2679; x_wconf 91' lang='lat' dir='ltr'>libido</span> <span class='ocrx_word' id='word_1_495' title='bbox 1362 2650 1514 2678; x_wconf 78' lang='lat' dir='ltr'>effrenatam</span> <span class='ocrx_word' id='word_1_496' title='bbox 1530 2650 1720 2685; x_wconf 83' lang='lat' dir='ltr'>appetentiam.</span> 
     </span>
    </p>
   </div>
   <div class='ocr_carea' id='block_1_21' title="bbox 221 2646 1015 2689">
    <p class='ocr_par' dir='ltr' id='par_1_21' title="bbox 221 2646 1015 2689">
     <span class='ocr_line' id='line_1_70' title="bbox 221 2646 1015 2689; baseline 0.01 -18"><span class='ocrx_word' id='word_1_497' title='bbox 221 2646 349 2680; x_wconf 79' lang='lat' dir='ltr'>piditatis,</span> <span class='ocrx_word' id='word_1_498' title='bbox 363 2651 507 2678; x_wconf 85' lang='lat' dir='ltr'>contrarios</span> <span class='ocrx_word' id='word_1_499' title='bbox 518 2652 699 2687; x_wconf 88' lang='lat' dir='ltr'>inimicosque</span> <span class='ocrx_word' id='word_1_500' title='bbox 709 2653 815 2679; x_wconf 88' lang='lat' dir='ltr'>rationi.</span> <span class='ocrx_word' id='word_1_501' title='bbox 847 2654 887 2678; x_wconf 80' lang='lat' dir='ltr'>ll.</span> <span class='ocrx_word' id='word_1_502' title='bbox 910 2652 951 2679; x_wconf 92' lang='lat' dir='ltr'>Sit</span> <span class='ocrx_word' id='word_1_503' title='bbox 962 2653 1015 2689; x_wconf 84' lang='lat' dir='ltr'>igi-</span> 
     </span>
    </p>
   </div>
   <div class='ocr_carea' id='block_1_22' title="bbox 1054 197 1870 271">
    <p class='ocr_par' dir='ltr' id='par_1_22' title="bbox 1054 197 1870 271">
     <span class='ocr_line' id='line_1_71' title="bbox 1054 197 1254 223; baseline 0.005 -1"><span class='ocrx_word' id='word_1_504' title='bbox 1054 200 1055 204; x_wconf 60' lang='lat'>¹</span> <span class='ocrx_word' id='word_1_505' title='bbox 1079 203 1120 223; x_wconf 88' lang='lat' dir='ltr'>tur</span> <span class='ocrx_word' id='word_1_506' title='bbox 1132 197 1175 223; x_wconf 79' lang='lat' dir='ltr'>bic</span> <span class='ocrx_word' id='word_1_507' title='bbox 1187 197 1254 223; x_wconf 63' lang='lat' dir='ltr'>rona.</span> 
     </span>
     <span class='ocr_line' id='line_1_72' title="bbox 1054 235 1870 271; baseline 0.006 -13"><span class='ocrx_word' id='word_1_508' title='bbox 1054 242 1055 246; x_wconf 77' lang='lat'>¹</span> <span class='ocrx_word' id='word_1_509' title='bbox 1078 235 1264 260; x_wconf 61' lang='lat' dir='ltr'>describendis</span> <span class='ocrx_word' id='word_1_510' title='bbox 1281 235 1430 261; x_wconf 70' lang='lat' dir='ltr'>Stoicorum</span> <span class='ocrx_word' id='word_1_511' title='bbox 1451 236 1654 263; x_wconf 60' lang='lat' dir='ltr'>delinitionibus</span> <span class='ocrx_word' id='word_1_512' title='bbox 1675 243 1700 263; x_wconf 76' lang='lat' dir='ltr'>et</span> <span class='ocrx_word' id='word_1_513' title='bbox 1721 238 1870 271; x_wconf 76' lang='lat' dir='ltr'>partitioni-</span> 
     </span>
    </p>
   </div>
   <div class='ocr_carea' id='block_1_23' title="bbox 284 1115 1260 1162">
    <p class='ocr_par' dir='ltr' id='par_1_23' title="bbox 284 1115 1260 1162">
     <span class='ocr_line' id='line_1_73' title="bbox 284 1115 1260 1162; baseline 0.001 -9"><span class='ocrx_word' id='word_1_514' title='bbox 284 1129 308 1154; x_wconf 84' lang='lat'>8.</span> <span class='ocrx_word' id='word_1_515' title='bbox 332 1128 366 1153; x_wconf 92' lang='lat' dir='ltr'>M.</span> <span class='ocrx_word' id='word_1_516' title='bbox 380 1128 466 1157; x_wconf 78' lang='lat' dir='ltr'>Dicat,</span> <span class='ocrx_word' id='word_1_517' title='bbox 483 1128 505 1153; x_wconf 83' lang='lat' dir='ltr'>si</span> <span class='ocrx_word' id='word_1_518' title='bbox 517 1127 579 1162; x_wconf 89' lang='lat' dir='ltr'>quis</span> <span class='ocrx_word' id='word_1_519' title='bbox 592 1126 662 1158; x_wconf 90' lang='lat' dir='ltr'>vult,</span> <span class='ocrx_word' id='word_1_520' title='bbox 679 1135 732 1162; x_wconf 87' lang='lat' dir='ltr'>qua</span> <span class='ocrx_word' id='word_1_521' title='bbox 744 1127 777 1153; x_wconf 91' lang='lat' dir='ltr'>de</span> <span class='ocrx_word' id='word_1_522' title='bbox 789 1136 816 1154; x_wconf 89' lang='lat' dir='ltr'>re</span> <span class='ocrx_word' id='word_1_523' title='bbox 830 1127 962 1162; x_wconf 77' lang='lat' dir='ltr'>disputari</span> <span class='ocrx_word' id='word_1_524' title='bbox 979 1137 1025 1154; x_wconf 78' lang='lat' dir='ltr'>ve·</span> <span class='ocrx_word' id='word_1_525' title='bbox 1054 1125 1055 1143; x_wconf 74' lang='lat'>1</span> <span class='ocrx_word' id='word_1_526' title='bbox 1078 1118 1134 1143; x_wconf 34' lang='grc' dir='ltr'>’ν’-8</span> <span class='ocrx_word' id='word_1_527' title='bbox 1156 1115 1260 1136; x_wconf 51' lang='grc' dir='ltr'>Μωτθ·</span> 
     </span>
    </p>
   </div>
   <div class='ocr_carea' id='block_1_24' title="bbox 310 1164 1047 1199">
    <p class='ocr_par' dir='ltr' id='par_1_24' title="bbox 310 1164 1047 1199">
     <span class='ocr_line' id='line_1_74' title="bbox 310 1164 1047 1199; baseline 0 -8"><span class='ocrx_word' id='word_1_528' title='bbox 310 1165 340 1191; x_wconf 74' lang='grc' dir='ltr'>Α.</span> <span class='ocrx_word' id='word_1_529' title='bbox 357 1165 413 1191; x_wconf 86' lang='lat' dir='ltr'>Non</span> <span class='ocrx_word' id='word_1_530' title='bbox 431 1165 496 1190; x_wconf 82' lang='lat' dir='ltr'>milii</span> <span class='ocrx_word' id='word_1_531' title='bbox 514 1164 621 1190; x_wconf 90' lang='lat' dir='ltr'>videtur</span> <span class='ocrx_word' id='word_1_532' title='bbox 635 1165 709 1190; x_wconf 91' lang='lat' dir='ltr'>omni</span> <span class='ocrx_word' id='word_1_533' title='bbox 725 1165 808 1191; x_wconf 88' lang='lat' dir='ltr'>animi</span> <span class='ocrx_word' id='word_1_534' title='bbox 824 1165 1023 1199; x_wconf 83' lang='lat' dir='ltr'>perturbatione</span> <span class='ocrx_word' id='word_1_535' title='bbox 1046 1169 1047 1186; x_wconf 67' lang='lat'>1</span> 
     </span>
    </p>
   </div>
   <div class='ocr_carea' id='block_1_25' title="bbox 1045 1407 1870 1480">
    <p class='ocr_par' dir='ltr' id='par_1_25' title="bbox 1045 1407 1870 1480">
     <span class='ocr_line' id='line_1_75' title="bbox 1045 1407 1485 1444; baseline 0 -10"><span class='ocrx_word' id='word_1_536' title='bbox 1045 1411 1046 1434; x_wconf 71' lang='lat'>3</span> <span class='ocrx_word' id='word_1_537' title='bbox 1074 1416 1137 1443; x_wconf 88' lang='lat' dir='ltr'>quo,</span> <span class='ocrx_word' id='word_1_538' title='bbox 1151 1407 1295 1443; x_wconf 91' lang='lat' dir='ltr'>dupliciter</span> <span class='ocrx_word' id='word_1_539' title='bbox 1306 1407 1333 1434; x_wconf 85' lang='lat' dir='ltr'>id</span> <span class='ocrx_word' id='word_1_540' title='bbox 1345 1408 1485 1444; x_wconf 91' lang='lat' dir='ltr'>contingit.</span> 
     </span>
     <span class='ocr_line' id='line_1_76' title="bbox 1045 1444 1870 1480; baseline -0.001 -9"><span class='ocrx_word' id='word_1_541' title='bbox 1045 1453 1046 1458; x_wconf 77' lang='lat'>¹</span> <span class='ocrx_word' id='word_1_542' title='bbox 1076 1453 1136 1471; x_wconf 92' lang='lat' dir='ltr'>mus</span> <span class='ocrx_word' id='word_1_543' title='bbox 1148 1451 1270 1472; x_wconf 82' lang='lat' dir='ltr'>movetur</span> <span class='ocrx_word' id='word_1_544' title='bbox 1280 1445 1385 1480; x_wconf 87' lang='lat' dir='ltr'>placide</span> <span class='ocrx_word' id='word_1_545' title='bbox 1397 1450 1476 1480; x_wconf 90' lang='lat' dir='ltr'>atque</span> <span class='ocrx_word' id='word_1_546' title='bbox 1487 1450 1648 1475; x_wconf 83' lang='lat' dir='ltr'>constanter,</span> <span class='ocrx_word' id='word_1_547' title='bbox 1657 1450 1713 1472; x_wconf 91' lang='lat' dir='ltr'>tum</span> <span class='ocrx_word' id='word_1_548' title='bbox 1726 1444 1793 1471; x_wconf 91' lang='lat' dir='ltr'>illud</span> <span class='ocrx_word' id='word_1_549' title='bbox 1804 1454 1870 1478; x_wconf 75' lang='lat' dir='ltr'>you-</span> 
     </span>
    </p>
   </div>
   <div class='ocr_carea' id='block_1_26' title="bbox 1051 1779 1568 1811">
    <p class='ocr_par' dir='ltr' id='par_1_26' title="bbox 1051 1779 1568 1811">
     <span class='ocr_line' id='line_1_77' title="bbox 1051 1779 1568 1811; baseline 0.002 -6"><span class='ocrx_word' id='word_1_550' title='bbox 1051 1799 1052 1805; x_wconf 65' lang='grc'>,</span> <span class='ocrx_word' id='word_1_551' title='bbox 1075 1786 1174 1811; x_wconf 89' lang='lat' dir='ltr'>metus,</span> <span class='ocrx_word' id='word_1_552' title='bbox 1197 1781 1299 1807; x_wconf 85' lang='lat' dir='ltr'>ratione</span> <span class='ocrx_word' id='word_1_553' title='bbox 1319 1779 1445 1810; x_wconf 86' lang='lat' dir='ltr'>adversa,</span> <span class='ocrx_word' id='word_1_554' title='bbox 1470 1780 1568 1806; x_wconf 89' lang='lat' dir='ltr'>cautio.</span> 
     </span>
    </p>
   </div>
   <div class='ocr_carea' id='block_1_27' title="bbox 1040 1223 1049 2376">
    <p class='ocr_par' dir='ltr' id='par_1_27' title="bbox 1040 1223 1049 2376">
     <span class='ocr_line' id='line_1_78' title="bbox 1040 1223 1049 2376; baseline 0 0"><span class='ocrx_word' id='word_1_555' title='bbox 1040 1223 1049 2376; x_wconf 95' lang='lat' dir='ltr'> </span> 
     </span>
    </p>
   </div>
   <div class='ocr_carea' id='block_1_28' title="bbox 1047 1008 1057 2629">
    <p class='ocr_par' dir='ltr' id='par_1_28' title="bbox 1047 1008 1057 2629">
     <span class='ocr_line' id='line_1_79' title="bbox 1047 1008 1057 2629; baseline 0 0"><span class='ocrx_word' id='word_1_556' title='bbox 1047 1008 1057 2629; x_wconf 95' lang='lat' dir='ltr'> </span> 
     </span>
    </p>
   </div>
   <div class='ocr_carea' id='block_1_29' title="bbox 1039 1223 1049 2678">
    <p class='ocr_par' dir='ltr' id='par_1_29' title="bbox 1039 1223 1049 2678">
     <span class='ocr_line' id='line_1_80' title="bbox 1039 1223 1049 2678; baseline 0 0"><span class='ocrx_word' id='word_1_557' title='bbox 1039 1223 1049 2678; x_wconf 95' lang='lat' dir='ltr'> </span> 
     </span>
    </p>
   </div>
   <div class='ocr_carea' id='block_1_30' title="bbox 962 126 1297 154">
    <p class='ocr_par' dir='ltr' id='par_1_30' title="bbox 962 126 1297 154">
     <span class='ocr_line' id='line_1_81' title="bbox 962 126 1297 154; baseline -0.003 -1"><span class='ocrx_word' id='word_1_558' title='bbox 962 127 991 153; x_wconf 87' lang='lat' dir='ltr'>T.</span> <span class='ocrx_word' id='word_1_559' title='bbox 1026 126 1297 154; x_wconf 69' lang='lat' dir='ltr'>CtCEttoNts</span> 
     </span>
    </p>
   </div>
   <div class='ocr_carea' id='block_1_31' title="bbox 1297 198 1870 235">
    <p class='ocr_par' dir='ltr' id='par_1_31' title="bbox 1297 198 1870 235">
     <span class='ocr_line' id='line_1_82' title="bbox 1297 198 1870 235; baseline 0.005 -12"><span class='ocrx_word' id='word_1_560' title='bbox 1297 198 1406 224; x_wconf 83' lang='lat' dir='ltr'>Utamur</span> <span class='ocrx_word' id='word_1_561' title='bbox 1423 203 1509 225; x_wconf 82' lang='lat' dir='ltr'>tamen</span> <span class='ocrx_word' id='word_1_562' title='bbox 1528 200 1554 226; x_wconf 92' lang='lat' dir='ltr'>in</span> <span class='ocrx_word' id='word_1_563' title='bbox 1570 199 1612 226; x_wconf 73' lang='lat' dir='ltr'>bis</span> <span class='ocrx_word' id='word_1_564' title='bbox 1623 199 1870 235; x_wconf 73' lang='lat' dir='ltr'>perturbationibus</span> 
     </span>
    </p>
   </div>
   <div class='ocr_carea' id='block_1_32' title="bbox 1079 272 1871 335">
    <p class='ocr_par' dir='ltr' id='par_1_32' title="bbox 1079 272 1871 335">
     <span class='ocr_line' id='line_1_83' title="bbox 1079 272 1871 309; baseline 0.004 -12"><span class='ocrx_word' id='word_1_565' title='bbox 1079 272 1142 301; x_wconf 46' lang='lat' dir='ltr'>lmen</span> <span class='ocrx_word' id='word_1_566' title='bbox 1155 273 1202 306; x_wconf 81' lang='lat' dir='ltr'>qui</span> <span class='ocrx_word' id='word_1_567' title='bbox 1216 272 1282 298; x_wconf 82' lang='lat' dir='ltr'>milii</span> <span class='ocrx_word' id='word_1_568' title='bbox 1295 272 1420 299; x_wconf 80' lang='lat' dir='ltr'>videntur</span> <span class='ocrx_word' id='word_1_569' title='bbox 1432 274 1457 299; x_wconf 91' lang='lat' dir='ltr'>in</span> <span class='ocrx_word' id='word_1_570' title='bbox 1469 273 1517 299; x_wconf 83' lang='lat' dir='ltr'>hac</span> <span class='ocrx_word' id='word_1_571' title='bbox 1528 275 1683 309; x_wconf 74' lang='lat' dir='ltr'>quaestione</span> <span class='ocrx_word' id='word_1_572' title='bbox 1697 275 1795 300; x_wconf 70' lang='lat' dir='ltr'>versari</span> <span class='ocrx_word' id='word_1_573' title='bbox 1807 283 1871 300; x_wconf 80' lang='lat' dir='ltr'>acu-</span> 
     </span>
     <span class='ocr_line' id='line_1_84' title="bbox 1080 315 1193 335; baseline 0 0"><span class='ocrx_word' id='word_1_574' title='bbox 1080 315 1193 335; x_wconf 60' lang='lat' dir='ltr'>tissime.</span> 
     </span>
    </p>
   </div>
   <div class='ocr_carea' id='block_1_33' title="bbox 1077 365 1872 624">
    <p class='ocr_par' dir='ltr' id='par_1_33' title="bbox 1077 365 1872 624">
     <span class='ocr_line' id='line_1_85' title="bbox 1135 365 1872 403; baseline 0.004 -12"><span class='ocrx_word' id='word_1_575' title='bbox 1135 365 1176 391; x_wconf 81' lang='lat' dir='ltr'>Vl.</span> <span class='ocrx_word' id='word_1_576' title='bbox 1199 365 1244 391; x_wconf 67' lang='lat' dir='ltr'>Est</span> <span class='ocrx_word' id='word_1_577' title='bbox 1257 366 1338 401; x_wconf 77' lang='lat' dir='ltr'>igitur</span> <span class='ocrx_word' id='word_1_578' title='bbox 1349 366 1462 393; x_wconf 73' lang='lat' dir='ltr'>Zenonis</span> <span class='ocrx_word' id='word_1_579' title='bbox 1474 367 1538 393; x_wconf 86' lang='lat' dir='ltr'>baec</span> <span class='ocrx_word' id='word_1_580' title='bbox 1549 368 1678 397; x_wconf 82' lang='lat' dir='ltr'>delinitio.</span> <span class='ocrx_word' id='word_1_581' title='bbox 1692 374 1720 395; x_wconf 87' lang='lat' dir='ltr'>ut</span> <span class='ocrx_word' id='word_1_582' title='bbox 1732 368 1872 403; x_wconf 75' lang='lat' dir='ltr'>perturba-</span> 
     </span>
     <span class='ocr_line' id='line_1_86' title="bbox 1079 402 1869 437; baseline 0.003 -9"><span class='ocrx_word' id='word_1_583' title='bbox 1079 404 1114 428; x_wconf 91' lang='lat' dir='ltr'>tio</span> <span class='ocrx_word' id='word_1_584' title='bbox 1126 403 1173 431; x_wconf 74' lang='lat' dir='ltr'>sit,</span> <span class='ocrx_word' id='word_1_585' title='bbox 1189 402 1260 437; x_wconf 79' lang='lat' dir='ltr'>quod</span> <span class='ocrx_word' id='word_1_586' title='bbox 1277 403 1368 432; x_wconf 68' lang='grc' dir='ltr'><em>πάθος</em></span> <span class='ocrx_word' id='word_1_587' title='bbox 1383 403 1427 429; x_wconf 88' lang='lat' dir='ltr'>ille</span> <span class='ocrx_word' id='word_1_588' title='bbox 1442 404 1520 434; x_wconf 71' lang='lat' dir='ltr'>dicit,</span> <span class='ocrx_word' id='word_1_589' title='bbox 1537 414 1630 431; x_wconf 70' lang='lat' dir='ltr'>aversa</span> <span class='ocrx_word' id='word_1_590' title='bbox 1645 415 1659 431; x_wconf 79' lang='lat' dir='ltr'>a</span> <span class='ocrx_word' id='word_1_591' title='bbox 1676 411 1743 432; x_wconf 72' lang='lat' dir='ltr'>recta</span> <span class='ocrx_word' id='word_1_592' title='bbox 1760 407 1869 434; x_wconf 76' lang='lat' dir='ltr'>ratione,</span> 
     </span>
     <span class='ocr_line' id='line_1_87' title="bbox 1078 441 1869 474; baseline 0.005 -10"><span class='ocrx_word' id='word_1_593' title='bbox 1078 445 1166 465; x_wconf 67' lang='lat' dir='ltr'>eontra</span> <span class='ocrx_word' id='word_1_594' title='bbox 1179 445 1314 469; x_wconf 81' lang='lat' dir='ltr'>naturam,</span> <span class='ocrx_word' id='word_1_595' title='bbox 1332 441 1415 466; x_wconf 83' lang='lat' dir='ltr'>animi</span> <span class='ocrx_word' id='word_1_596' title='bbox 1427 443 1579 468; x_wconf 82' lang='lat' dir='ltr'>commotio.</span> <span class='ocrx_word' id='word_1_597' title='bbox 1619 442 1734 474; x_wconf 81' lang='lat' dir='ltr'>Quidam</span> <span class='ocrx_word' id='word_1_598' title='bbox 1750 443 1869 468; x_wconf 70' lang='lat' dir='ltr'>brevius.</span> 
     </span>
     <span class='ocr_line' id='line_1_88' title="bbox 1079 477 1870 512; baseline 0.005 -11"><span class='ocrx_word' id='word_1_599' title='bbox 1079 477 1304 511; x_wconf 77' lang='lat' dir='ltr'>perturbationem</span> <span class='ocrx_word' id='word_1_600' title='bbox 1321 486 1379 503; x_wconf 76' lang='lat' dir='ltr'>esse</span> <span class='ocrx_word' id='word_1_601' title='bbox 1395 480 1544 512; x_wconf 87' lang='lat' dir='ltr'>appetitum</span> <span class='ocrx_word' id='word_1_602' title='bbox 1562 479 1801 506; x_wconf 83' lang='lat' dir='ltr'>vehementiorem:</span> <span class='ocrx_word' id='word_1_603' title='bbox 1825 479 1870 505; x_wconf 63' lang='lat' dir='ltr'>sed</span> 
     </span>
     <span class='ocr_line' id='line_1_89' title="bbox 1079 514 1871 551; baseline 0.004 -13"><span class='ocrx_word' id='word_1_604' title='bbox 1079 514 1304 540; x_wconf 79' lang='lat' dir='ltr'>vehementiorem</span> <span class='ocrx_word' id='word_1_605' title='bbox 1317 523 1377 540; x_wconf 86' lang='lat' dir='ltr'>eum</span> <span class='ocrx_word' id='word_1_606' title='bbox 1391 515 1483 542; x_wconf 74' lang='lat' dir='ltr'>volunt</span> <span class='ocrx_word' id='word_1_607' title='bbox 1495 525 1566 545; x_wconf 70' lang='lat' dir='ltr'>esse.</span> <span class='ocrx_word' id='word_1_608' title='bbox 1584 517 1631 551; x_wconf 86' lang='lat' dir='ltr'>qui</span> <span class='ocrx_word' id='word_1_609' title='bbox 1649 516 1755 551; x_wconf 63' lang='lat' dir='ltr'>longius</span> <span class='ocrx_word' id='word_1_610' title='bbox 1769 517 1871 543; x_wconf 72' lang='lat' dir='ltr'>disces—</span> 
     </span>
     <span class='ocr_line' id='line_1_90' title="bbox 1077 552 1872 588; baseline 0.005 -12"><span class='ocrx_word' id='word_1_611' title='bbox 1077 552 1141 577; x_wconf 72' lang='lat' dir='ltr'>serit</span> <span class='ocrx_word' id='word_1_612' title='bbox 1153 560 1165 576; x_wconf 88' lang='lat' dir='ltr'>a</span> <span class='ocrx_word' id='word_1_613' title='bbox 1179 557 1287 577; x_wconf 84' lang='lat' dir='ltr'>naturae</span> <span class='ocrx_word' id='word_1_614' title='bbox 1298 554 1456 578; x_wconf 70' lang='lat' dir='ltr'>commune.</span> <span class='ocrx_word' id='word_1_615' title='bbox 1496 553 1584 579; x_wconf 78' lang='lat' dir='ltr'>Partes</span> <span class='ocrx_word' id='word_1_616' title='bbox 1595 559 1682 579; x_wconf 84' lang='lat' dir='ltr'>antem</span> <span class='ocrx_word' id='word_1_617' title='bbox 1695 554 1872 588; x_wconf 78' lang='lat' dir='ltr'>perturbatio-</span> 
     </span>
     <span class='ocr_line' id='line_1_91' title="bbox 1079 588 1872 624; baseline 0.004 -10"><span class='ocrx_word' id='word_1_618' title='bbox 1079 597 1142 614; x_wconf 91' lang='lat' dir='ltr'>num</span> <span class='ocrx_word' id='word_1_619' title='bbox 1162 588 1255 614; x_wconf 80' lang='lat' dir='ltr'>volunt</span> <span class='ocrx_word' id='word_1_620' title='bbox 1274 598 1306 615; x_wconf 86' lang='lat' dir='ltr'>ex</span> <span class='ocrx_word' id='word_1_621' title='bbox 1327 589 1434 615; x_wconf 73' lang='lat' dir='ltr'>dnobus</span> <span class='ocrx_word' id='word_1_622' title='bbox 1454 591 1570 624; x_wconf 79' lang='lat' dir='ltr'>opinatis</span> <span class='ocrx_word' id='word_1_623' title='bbox 1594 590 1672 616; x_wconf 81' lang='lat' dir='ltr'>bonis</span> <span class='ocrx_word' id='word_1_624' title='bbox 1689 591 1775 620; x_wconf 74' lang='lat' dir='ltr'>nasci,</span> <span class='ocrx_word' id='word_1_625' title='bbox 1798 596 1823 617; x_wconf 84' lang='lat' dir='ltr'>et</span> <span class='ocrx_word' id='word_1_626' title='bbox 1838 599 1872 617; x_wconf 78' lang='lat' dir='ltr'>ex</span> 
     </span>
    </p>
   </div>
   <div class='ocr_carea' id='block_1_34' title="bbox 1054 625 1872 662">
    <p class='ocr_par' dir='ltr' id='par_1_34' title="bbox 1054 625 1872 662">
     <span class='ocr_line' id='line_1_92' title="bbox 1054 625 1872 662; baseline 0.001 -11"><span class='ocrx_word' id='word_1_627' title='bbox 1054 640 1055 647; x_wconf 38' lang='grc' dir='ltr'><strong>κ</strong></span> <span class='ocrx_word' id='word_1_628' title='bbox 1077 625 1184 651; x_wconf 85' lang='lat' dir='ltr'>duobus</span> <span class='ocrx_word' id='word_1_629' title='bbox 1194 626 1311 660; x_wconf 79' lang='lat' dir='ltr'>opinatis</span> <span class='ocrx_word' id='word_1_630' title='bbox 1323 626 1413 652; x_wconf 78' lang='lat' dir='ltr'>malis:</span> <span class='ocrx_word' id='word_1_631' title='bbox 1434 627 1467 653; x_wconf 86' lang='lat' dir='ltr'>ita</span> <span class='ocrx_word' id='word_1_632' title='bbox 1479 636 1538 653; x_wconf 80' lang='lat' dir='ltr'>esse</span> <span class='ocrx_word' id='word_1_633' title='bbox 1549 632 1687 662; x_wconf 83' lang='lat' dir='ltr'>quattuor:</span> <span class='ocrx_word' id='word_1_634' title='bbox 1705 636 1738 654; x_wconf 83' lang='lat' dir='ltr'>ex</span> <span class='ocrx_word' id='word_1_635' title='bbox 1750 628 1827 654; x_wconf 80' lang='lat' dir='ltr'>bonis</span> <span class='ocrx_word' id='word_1_636' title='bbox 1839 630 1872 653; x_wconf 74' lang='lat' dir='ltr'>li-</span> 
     </span>
    </p>
   </div>
   <div class='ocr_carea' id='block_1_35' title="bbox 1077 664 1872 700">
    <p class='ocr_par' dir='ltr' id='par_1_35' title="bbox 1077 664 1872 700">
     <span class='ocr_line' id='line_1_93' title="bbox 1077 664 1872 700; baseline 0.004 -12"><span class='ocrx_word' id='word_1_637' title='bbox 1077 665 1185 688; x_wconf 77' lang='lat' dir='ltr'>lmlinem</span> <span class='ocrx_word' id='word_1_638' title='bbox 1200 668 1225 688; x_wconf 85' lang='lat' dir='ltr'>et</span> <span class='ocrx_word' id='word_1_639' title='bbox 1241 665 1377 693; x_wconf 74' lang='grc' dir='ltr'><em>Ιαιίιέιίιυι,</em></span> <span class='ocrx_word' id='word_1_640' title='bbox 1395 668 1423 689; x_wconf 93' lang='lat' dir='ltr'>ut</span> <span class='ocrx_word' id='word_1_641' title='bbox 1438 665 1472 690; x_wconf 84' lang='lat' dir='ltr'>sit</span> <span class='ocrx_word' id='word_1_642' title='bbox 1485 664 1582 691; x_wconf 87' lang='lat' dir='ltr'>laetitia</span> <span class='ocrx_word' id='word_1_643' title='bbox 1595 665 1776 700; x_wconf 79' lang='lat' dir='ltr'>praesentium</span> <span class='ocrx_word' id='word_1_644' title='bbox 1789 665 1872 691; x_wconf 82' lang='lat' dir='ltr'>bono-</span> 
     </span>
    </p>
   </div>
   <div class='ocr_carea' id='block_1_36' title="bbox 1054 699 1872 735">
    <p class='ocr_par' dir='ltr' id='par_1_36' title="bbox 1054 699 1872 735">
     <span class='ocr_line' id='line_1_94' title="bbox 1054 699 1872 735; baseline 0.002 -10"><span class='ocrx_word' id='word_1_645' title='bbox 1054 707 1055 710; x_wconf 77' lang='grc'>’</span> <span class='ocrx_word' id='word_1_646' title='bbox 1078 709 1150 730; x_wconf 89' lang='lat' dir='ltr'>rum,</span> <span class='ocrx_word' id='word_1_647' title='bbox 1169 699 1252 726; x_wconf 89' lang='lat' dir='ltr'>libido</span> <span class='ocrx_word' id='word_1_648' title='bbox 1268 700 1430 731; x_wconf 61' lang='lat' dir='ltr'>futurorum</span> <span class='ocrx_word' id='word_1_649' title='bbox 1453 710 1487 727; x_wconf 75' lang='lat' dir='ltr'>ex</span> <span class='ocrx_word' id='word_1_650' title='bbox 1504 702 1581 728; x_wconf 82' lang='lat' dir='ltr'>malis</span> <span class='ocrx_word' id='word_1_651' title='bbox 1593 707 1682 728; x_wconf 79' lang='lat' dir='ltr'>melum</span> <span class='ocrx_word' id='word_1_652' title='bbox 1694 704 1872 735; x_wconf 72' lang='lat' dir='ltr'>etmyritudi-</span> 
     </span>
    </p>
   </div>
   <div class='ocr_carea' id='block_1_37' title="bbox 1075 738 1873 1443">
    <p class='ocr_par' dir='ltr' id='par_1_37' title="bbox 1075 738 1873 1443">
     <span class='ocr_line' id='line_1_95' title="bbox 1078 738 1870 774; baseline 0.004 -12"><span class='ocrx_word' id='word_1_653' title='bbox 1078 746 1131 762; x_wconf 76' lang='lat' dir='ltr'>nem</span> <span class='ocrx_word' id='word_1_654' title='bbox 1154 738 1225 763; x_wconf 69' lang='lat' dir='ltr'>nasei</span> <span class='ocrx_word' id='word_1_655' title='bbox 1251 743 1374 764; x_wconf 66' lang='lat' dir='ltr'>censent:</span> <span class='ocrx_word' id='word_1_656' title='bbox 1410 744 1509 764; x_wconf 83' lang='lat' dir='ltr'>metum</span> <span class='ocrx_word' id='word_1_657' title='bbox 1536 738 1647 769; x_wconf 78' lang='lat' dir='ltr'>suturis,</span> <span class='ocrx_word' id='word_1_658' title='bbox 1674 739 1870 774; x_wconf 80' lang='lat' dir='ltr'>aegritudinem</span> 
     </span>
     <span class='ocr_line' id='line_1_96' title="bbox 1314 776 1872 806; baseline 0.002 -6"><span class='ocrx_word' id='word_1_659' title='bbox 1314 776 1387 806; x_wconf 78' lang='lat' dir='ltr'>Quae</span> <span class='ocrx_word' id='word_1_660' title='bbox 1401 777 1472 801; x_wconf 83' lang='lat' dir='ltr'>enim</span> <span class='ocrx_word' id='word_1_661' title='bbox 1491 777 1624 802; x_wconf 83' lang='lat' dir='ltr'>venientia</span> <span class='ocrx_word' id='word_1_662' title='bbox 1641 781 1810 805; x_wconf 84' lang='lat' dir='ltr'>metuuntur,</span> <span class='ocrx_word' id='word_1_663' title='bbox 1827 784 1872 801; x_wconf 87' lang='lat' dir='ltr'>ea-</span> 
     </span>
     <span class='ocr_line' id='line_1_97' title="bbox 1640 813 1871 839; baseline -0.004 0"><span class='ocrx_word' id='word_1_664' title='bbox 1640 815 1680 839; x_wconf 75' lang='lat'>⁴2.</span> <span class='ocrx_word' id='word_1_665' title='bbox 1703 813 1811 839; x_wconf 72' lang='lat' dir='ltr'>Laetitia</span> <span class='ocrx_word' id='word_1_666' title='bbox 1823 821 1871 839; x_wconf 90' lang='lat' dir='ltr'>au-</span> 
     </span>
     <span class='ocr_line' id='line_1_98' title="bbox 1077 850 1870 885; baseline 0.003 -11"><span class='ocrx_word' id='word_1_667' title='bbox 1077 854 1128 874; x_wconf 81' lang='lat' dir='ltr'>tem</span> <span class='ocrx_word' id='word_1_668' title='bbox 1145 854 1170 874; x_wconf 87' lang='lat' dir='ltr'>et</span> <span class='ocrx_word' id='word_1_669' title='bbox 1186 851 1263 874; x_wconf 76' lang='lat' dir='ltr'>libido</span> <span class='ocrx_word' id='word_1_670' title='bbox 1280 850 1305 875; x_wconf 91' lang='lat' dir='ltr'>in</span> <span class='ocrx_word' id='word_1_671' title='bbox 1323 850 1453 876; x_wconf 88' lang='lat' dir='ltr'>bonorum</span> <span class='ocrx_word' id='word_1_672' title='bbox 1469 851 1594 884; x_wconf 88' lang='lat' dir='ltr'>opinione</span> <span class='ocrx_word' id='word_1_673' title='bbox 1611 855 1763 879; x_wconf 78' lang='lat' dir='ltr'>versantur.</span> <span class='ocrx_word' id='word_1_674' title='bbox 1785 858 1870 885; x_wconf 85' lang='lat' dir='ltr'>quum</span> 
     </span>
     <span class='ocr_line' id='line_1_99' title="bbox 1079 885 1871 921; baseline 0.001 -10"><span class='ocrx_word' id='word_1_675' title='bbox 1079 885 1162 912; x_wconf 89' lang='lat' dir='ltr'>libido</span> <span class='ocrx_word' id='word_1_676' title='bbox 1173 886 1205 912; x_wconf 89' lang='lat' dir='ltr'>ad</span> <span class='ocrx_word' id='word_1_677' title='bbox 1218 886 1334 921; x_wconf 85' lang='lat' dir='ltr'>id,qu0d</span> <span class='ocrx_word' id='word_1_678' title='bbox 1348 887 1452 913; x_wconf 69' lang='lat' dir='ltr'>videtur</span> <span class='ocrx_word' id='word_1_679' title='bbox 1465 887 1574 917; x_wconf 77' lang='lat' dir='ltr'>bonum,</span> <span class='ocrx_word' id='word_1_680' title='bbox 1584 887 1670 914; x_wconf 85' lang='lat' dir='ltr'>illecta</span> <span class='ocrx_word' id='word_1_681' title='bbox 1685 893 1710 914; x_wconf 84' lang='lat' dir='ltr'>et</span> <span class='ocrx_word' id='word_1_682' title='bbox 1723 886 1871 913; x_wconf 77' lang='lat' dir='ltr'>inflamma—</span> 
     </span>
     <span class='ocr_line' id='line_1_100' title="bbox 1077 923 1871 959; baseline 0.003 -11"><span class='ocrx_word' id='word_1_683' title='bbox 1077 928 1101 949; x_wconf 82' lang='lat' dir='ltr'>ta</span> <span class='ocrx_word' id='word_1_684' title='bbox 1113 924 1244 958; x_wconf 85' lang='lat' dir='ltr'>rapiatur,</span> <span class='ocrx_word' id='word_1_685' title='bbox 1270 923 1380 951; x_wconf 86' lang='lat' dir='ltr'>laetitia.</span> <span class='ocrx_word' id='word_1_686' title='bbox 1400 929 1428 950; x_wconf 93' lang='lat' dir='ltr'>ut</span> <span class='ocrx_word' id='word_1_687' title='bbox 1443 924 1537 959; x_wconf 81' lang='lat' dir='ltr'>adepta</span> <span class='ocrx_word' id='word_1_688' title='bbox 1554 933 1606 951; x_wconf 87' lang='lat' dir='ltr'>tam</span> <span class='ocrx_word' id='word_1_689' title='bbox 1622 924 1726 959; x_wconf 89' lang='lat' dir='ltr'>aliquid</span> <span class='ocrx_word' id='word_1_690' title='bbox 1742 925 1871 959; x_wconf 87' lang='lat' dir='ltr'>concupi-</span> 
     </span>
     <span class='ocr_line' id='line_1_101' title="bbox 1078 961 1871 996; baseline 0.001 -11"><span class='ocrx_word' id='word_1_691' title='bbox 1078 961 1280 989; x_wconf 80' lang='lat' dir='ltr'>tun1,ell‘eratur</span> <span class='ocrx_word' id='word_1_692' title='bbox 1289 966 1315 987; x_wconf 85' lang='lat' dir='ltr'>et</span> <span class='ocrx_word' id='word_1_693' title='bbox 1325 963 1430 996; x_wconf 75' lang='lat' dir='ltr'>gestiat.</span> <span class='ocrx_word' id='word_1_694' title='bbox 1452 962 1549 988; x_wconf 78' lang='lat' dir='ltr'>Natura</span> <span class='ocrx_word' id='word_1_695' title='bbox 1561 962 1633 988; x_wconf 89' lang='lat' dir='ltr'>enim</span> <span class='ocrx_word' id='word_1_696' title='bbox 1645 970 1738 988; x_wconf 89' lang='lat' dir='ltr'>onmes</span> <span class='ocrx_word' id='word_1_697' title='bbox 1749 970 1788 989; x_wconf 74' lang='lat' dir='ltr'>ea,</span> <span class='ocrx_word' id='word_1_698' title='bbox 1801 969 1871 996; x_wconf 84' lang='lat' dir='ltr'>quae</span> 
     </span>
     <span class='ocr_line' id='line_1_102' title="bbox 1078 997 1869 1035; baseline 0.001 -12"><span class='ocrx_word' id='word_1_699' title='bbox 1078 997 1145 1023; x_wconf 87' lang='lat' dir='ltr'>bona</span> <span class='ocrx_word' id='word_1_700' title='bbox 1171 998 1309 1028; x_wconf 86' lang='lat' dir='ltr'>videntur,</span> <span class='ocrx_word' id='word_1_701' title='bbox 1341 1004 1506 1033; x_wconf 84' lang='lat' dir='ltr'>sequuntur,</span> <span class='ocrx_word' id='word_1_702' title='bbox 1542 999 1703 1035; x_wconf 78' lang='lat' dir='ltr'>fugiuntque</span> <span class='ocrx_word' id='word_1_703' title='bbox 1728 999 1869 1025; x_wconf 77' lang='lat' dir='ltr'>contraria.</span> 
     </span>
     <span class='ocr_line' id='line_1_103' title="bbox 1076 1035 1869 1071; baseline 0.001 -11"><span class='ocrx_word' id='word_1_704' title='bbox 1076 1035 1256 1066; x_wconf 80' lang='lat' dir='ltr'>Quamobrem</span> <span class='ocrx_word' id='word_1_705' title='bbox 1284 1035 1366 1061; x_wconf 85' lang='lat' dir='ltr'>simul</span> <span class='ocrx_word' id='word_1_706' title='bbox 1394 1035 1497 1062; x_wconf 88' lang='lat' dir='ltr'>obiecta</span> <span class='ocrx_word' id='word_1_707' title='bbox 1521 1037 1626 1071; x_wconf 84' lang='lat' dir='ltr'>species</span> <span class='ocrx_word' id='word_1_708' title='bbox 1645 1036 1799 1070; x_wconf 84' lang='lat' dir='ltr'>cuiuspiam</span> <span class='ocrx_word' id='word_1_709' title='bbox 1820 1040 1869 1065; x_wconf 85' lang='lat' dir='ltr'>est,</span> 
     </span>
     <span class='ocr_line' id='line_1_104' title="bbox 1075 1071 1873 1108; baseline 0.001 -11"><span class='ocrx_word' id='word_1_710' title='bbox 1075 1072 1148 1106; x_wconf 90' lang='lat' dir='ltr'>quod</span> <span class='ocrx_word' id='word_1_711' title='bbox 1165 1072 1265 1098; x_wconf 89' lang='lat' dir='ltr'>bonum</span> <span class='ocrx_word' id='word_1_712' title='bbox 1282 1072 1418 1102; x_wconf 83' lang='lat' dir='ltr'>videatur.</span> <span class='ocrx_word' id='word_1_713' title='bbox 1441 1073 1474 1099; x_wconf 87' lang='lat' dir='ltr'>ad</span> <span class='ocrx_word' id='word_1_714' title='bbox 1492 1073 1518 1099; x_wconf 91' lang='lat' dir='ltr'>id</span> <span class='ocrx_word' id='word_1_715' title='bbox 1534 1072 1739 1108; x_wconf 82' lang='lat' dir='ltr'>adipiscendum</span> <span class='ocrx_word' id='word_1_716' title='bbox 1757 1071 1873 1107; x_wconf 84' lang='lat' dir='ltr'>impellit</span> 
     </span>
     <span class='ocr_line' id='line_1_105' title="bbox 1301 1109 1869 1145; baseline 0.002 -10"><span class='ocrx_word' id='word_1_717' title='bbox 1301 1110 1329 1135; x_wconf 85' lang='lat' dir='ltr'>ld</span> <span class='ocrx_word' id='word_1_718' title='bbox 1349 1118 1434 1144; x_wconf 90' lang='lat' dir='ltr'>quum</span> <span class='ocrx_word' id='word_1_719' title='bbox 1450 1115 1601 1137; x_wconf 83' lang='lat' dir='ltr'>constanter</span> <span class='ocrx_word' id='word_1_720' title='bbox 1616 1110 1815 1145; x_wconf 87' lang='lat' dir='ltr'>prudenterque</span> <span class='ocrx_word' id='word_1_721' title='bbox 1832 1109 1869 1139; x_wconf 82' lang='lat' dir='ltr'>fit.</span> 
     </span>
     <span class='ocr_line' id='line_1_106' title="bbox 1076 1146 1871 1182; baseline 0.001 -10"><span class='ocrx_word' id='word_1_722' title='bbox 1076 1147 1211 1173; x_wconf 84' lang='lat' dir='ltr'>eiusmodi</span> <span class='ocrx_word' id='word_1_723' title='bbox 1223 1147 1413 1181; x_wconf 88' lang='lat' dir='ltr'>appetitionem</span> <span class='ocrx_word' id='word_1_724' title='bbox 1426 1148 1507 1174; x_wconf 87' lang='lat' dir='ltr'>Stoici</span> <span class='ocrx_word' id='word_1_725' title='bbox 1519 1147 1640 1182; x_wconf 58' lang='grc' dir='ltr'>βούλησιν</span> <span class='ocrx_word' id='word_1_726' title='bbox 1655 1146 1804 1182; x_wconf 83' lang='lat' dir='ltr'>appellant.</span> <span class='ocrx_word' id='word_1_727' title='bbox 1822 1155 1871 1173; x_wconf 76' lang='lat' dir='ltr'>nos</span> 
     </span>
     <span class='ocr_line' id='line_1_107' title="bbox 1076 1183 1871 1219; baseline 0 -9"><span class='ocrx_word' id='word_1_728' title='bbox 1076 1183 1244 1218; x_wconf 87' lang='lat' dir='ltr'>appellamus</span> <span class='ocrx_word' id='word_1_729' title='bbox 1261 1186 1423 1211; x_wconf 74' lang='lat' dir='ltr'>voluntatmn.</span> <span class='ocrx_word' id='word_1_730' title='bbox 1464 1185 1527 1211; x_wconf 81' lang='lat' dir='ltr'>Eam</span> <span class='ocrx_word' id='word_1_731' title='bbox 1546 1184 1585 1211; x_wconf 87' lang='lat' dir='ltr'>illi</span> <span class='ocrx_word' id='word_1_732' title='bbox 1600 1189 1693 1219; x_wconf 90' lang='lat' dir='ltr'>putant</span> <span class='ocrx_word' id='word_1_733' title='bbox 1707 1185 1734 1211; x_wconf 91' lang='lat' dir='ltr'>in</span> <span class='ocrx_word' id='word_1_734' title='bbox 1745 1183 1802 1210; x_wconf 87' lang='lat' dir='ltr'>solo</span> <span class='ocrx_word' id='word_1_735' title='bbox 1811 1192 1871 1210; x_wconf 85' lang='lat' dir='ltr'>esse</span> 
     </span>
     <span class='ocr_line' id='line_1_108' title="bbox 1076 1220 1870 1256; baseline 0 -9"><span class='ocrx_word' id='word_1_736' title='bbox 1076 1221 1204 1255; x_wconf 86' lang='lat' dir='ltr'>sapiente.</span> <span class='ocrx_word' id='word_1_737' title='bbox 1218 1230 1298 1256; x_wconf 82' lang='lat' dir='ltr'>quam</span> <span class='ocrx_word' id='word_1_738' title='bbox 1309 1221 1348 1247; x_wconf 85' lang='lat' dir='ltr'>sic</span> <span class='ocrx_word' id='word_1_739' title='bbox 1359 1221 1504 1248; x_wconf 85' lang='lat' dir='ltr'>deliniunt:</span> <span class='ocrx_word' id='word_1_740' title='bbox 1519 1221 1646 1248; x_wconf 78' lang='lat' dir='ltr'>Voluntas</span> <span class='ocrx_word' id='word_1_741' title='bbox 1657 1227 1710 1251; x_wconf 83' lang='lat' dir='ltr'>est,</span> <span class='ocrx_word' id='word_1_742' title='bbox 1723 1229 1792 1256; x_wconf 87' lang='lat' dir='ltr'>quae</span> <span class='ocrx_word' id='word_1_743' title='bbox 1803 1220 1870 1256; x_wconf 90' lang='lat' dir='ltr'>quid</span> 
     </span>
     <span class='ocr_line' id='line_1_109' title="bbox 1076 1258 1869 1291; baseline 0 -7"><span class='ocrx_word' id='word_1_744' title='bbox 1076 1267 1137 1284; x_wconf 87' lang='lat' dir='ltr'>cum</span> <span class='ocrx_word' id='word_1_745' title='bbox 1149 1260 1250 1285; x_wconf 87' lang='lat' dir='ltr'>ratione</span> <span class='ocrx_word' id='word_1_746' title='bbox 1261 1258 1406 1285; x_wconf 80' lang='lat' dir='ltr'>desiderat.</span> <span class='ocrx_word' id='word_1_747' title='bbox 1440 1260 1512 1291; x_wconf 84' lang='lat' dir='ltr'>Quae</span> <span class='ocrx_word' id='word_1_748' title='bbox 1523 1264 1622 1290; x_wconf 84' lang='lat' dir='ltr'>autem,</span> <span class='ocrx_word' id='word_1_749' title='bbox 1635 1260 1735 1285; x_wconf 86' lang='lat' dir='ltr'>ratione</span> <span class='ocrx_word' id='word_1_750' title='bbox 1747 1258 1869 1288; x_wconf 77' lang='lat' dir='ltr'>adversa,</span> 
     </span>
     <span class='ocr_line' id='line_1_110' title="bbox 1077 1295 1871 1331; baseline 0 -10"><span class='ocrx_word' id='word_1_751' title='bbox 1077 1296 1183 1322; x_wconf 83' lang='lat' dir='ltr'>incitata</span> <span class='ocrx_word' id='word_1_752' title='bbox 1199 1302 1239 1323; x_wconf 87' lang='lat' dir='ltr'>est</span> <span class='ocrx_word' id='word_1_753' title='bbox 1254 1296 1455 1326; x_wconf 80' lang='lat' dir='ltr'>vehementius,</span> <span class='ocrx_word' id='word_1_754' title='bbox 1478 1305 1508 1323; x_wconf 87' lang='lat' dir='ltr'>ea</span> <span class='ocrx_word' id='word_1_755' title='bbox 1524 1296 1608 1323; x_wconf 89' lang='lat' dir='ltr'>libido</span> <span class='ocrx_word' id='word_1_756' title='bbox 1623 1302 1663 1322; x_wconf 85' lang='lat' dir='ltr'>est</span> <span class='ocrx_word' id='word_1_757' title='bbox 1679 1295 1720 1322; x_wconf 89' lang='lat' dir='ltr'>vel</span> <span class='ocrx_word' id='word_1_758' title='bbox 1735 1295 1871 1331; x_wconf 80' lang='lat' dir='ltr'>cupiditas</span> 
     </span>
     <span class='ocr_line' id='line_1_111' title="bbox 1075 1333 1869 1369; baseline -0.001 -10"><span class='ocrx_word' id='word_1_759' title='bbox 1075 1333 1214 1360; x_wconf 75' lang='lat' dir='ltr'>effrenata:</span> <span class='ocrx_word' id='word_1_760' title='bbox 1240 1342 1309 1369; x_wconf 90' lang='lat' dir='ltr'>quae</span> <span class='ocrx_word' id='word_1_761' title='bbox 1331 1333 1357 1359; x_wconf 91' lang='lat' dir='ltr'>in</span> <span class='ocrx_word' id='word_1_762' title='bbox 1377 1333 1505 1360; x_wconf 88' lang='lat' dir='ltr'>omnibus</span> <span class='ocrx_word' id='word_1_763' title='bbox 1524 1333 1615 1360; x_wconf 85' lang='lat' dir='ltr'>stultis</span> <span class='ocrx_word' id='word_1_764' title='bbox 1636 1334 1782 1360; x_wconf 83' lang='lat' dir='ltr'>invenitur.</span> <span class='ocrx_word' id='word_1_765' title='bbox 1829 1334 1869 1358; x_wconf 78' lang='grc'>13.</span> 
     </span>
     <span class='ocr_line' id='line_1_112' title="bbox 1076 1369 1871 1406; baseline -0.003 -9"><span class='ocrx_word' id='word_1_766' title='bbox 1076 1372 1208 1405; x_wconf 85' lang='lat' dir='ltr'>ltemque.</span> <span class='ocrx_word' id='word_1_767' title='bbox 1226 1379 1311 1406; x_wconf 87' lang='lat' dir='ltr'>quum</span> <span class='ocrx_word' id='word_1_768' title='bbox 1327 1371 1362 1397; x_wconf 88' lang='lat' dir='ltr'>ita</span> <span class='ocrx_word' id='word_1_769' title='bbox 1379 1379 1532 1401; x_wconf 85' lang='lat' dir='ltr'>movemur,</span> <span class='ocrx_word' id='word_1_770' title='bbox 1550 1376 1579 1397; x_wconf 91' lang='lat' dir='ltr'>ut</span> <span class='ocrx_word' id='word_1_771' title='bbox 1595 1371 1621 1397; x_wconf 89' lang='lat' dir='ltr'>in</span> <span class='ocrx_word' id='word_1_772' title='bbox 1638 1371 1708 1397; x_wconf 90' lang='lat' dir='ltr'>bono</span> <span class='ocrx_word' id='word_1_773' title='bbox 1722 1371 1809 1396; x_wconf 86' lang='lat' dir='ltr'>simus</span> <span class='ocrx_word' id='word_1_774' title='bbox 1820 1369 1871 1395; x_wconf 90' lang='lat' dir='ltr'>ali-</span> 
     </span>
     <span class='ocr_line' id='line_1_113' title="bbox 1527 1408 1871 1443; baseline -0.003 -9"><span class='ocrx_word' id='word_1_775' title='bbox 1527 1408 1593 1434; x_wconf 76' lang='lat' dir='ltr'>Nam</span> <span class='ocrx_word' id='word_1_776' title='bbox 1604 1416 1689 1443; x_wconf 91' lang='lat' dir='ltr'>quum</span> <span class='ocrx_word' id='word_1_777' title='bbox 1701 1408 1801 1434; x_wconf 81' lang='lat' dir='ltr'>ratione</span> <span class='ocrx_word' id='word_1_778' title='bbox 1812 1408 1871 1433; x_wconf 85' lang='lat' dir='ltr'>ani-</span> 
     </span>
    </p>
   </div>
   <div class='ocr_carea' id='block_1_38' title="bbox 1074 1482 1870 1704">
    <p class='ocr_par' dir='ltr' id='par_1_38' title="bbox 1074 1482 1870 1704">
     <span class='ocr_line' id='line_1_114' title="bbox 1074 1482 1869 1517; baseline -0.001 -9"><span class='ocrx_word' id='word_1_779' title='bbox 1074 1485 1144 1508; x_wconf 79' lang='lat' dir='ltr'>dium</span> <span class='ocrx_word' id='word_1_780' title='bbox 1158 1482 1271 1509; x_wconf 84' lang='lat' dir='ltr'>dicitur:</span> <span class='ocrx_word' id='word_1_781' title='bbox 1293 1491 1378 1517; x_wconf 88' lang='lat' dir='ltr'>quum</span> <span class='ocrx_word' id='word_1_782' title='bbox 1393 1488 1482 1509; x_wconf 88' lang='lat' dir='ltr'>autem</span> <span class='ocrx_word' id='word_1_783' title='bbox 1498 1483 1613 1509; x_wconf 90' lang='lat' dir='ltr'>inaniter</span> <span class='ocrx_word' id='word_1_784' title='bbox 1628 1487 1653 1509; x_wconf 91' lang='lat' dir='ltr'>et</span> <span class='ocrx_word' id='word_1_785' title='bbox 1668 1482 1751 1508; x_wconf 83' lang='lat' dir='ltr'>effuse</span> <span class='ocrx_word' id='word_1_786' title='bbox 1762 1483 1869 1508; x_wconf 88' lang='lat' dir='ltr'>animus</span> 
     </span>
     <span class='ocr_line' id='line_1_115' title="bbox 1074 1519 1867 1554; baseline -0.001 -8"><span class='ocrx_word' id='word_1_787' title='bbox 1074 1519 1199 1550; x_wconf 77' lang='lat' dir='ltr'>exsultat,</span> <span class='ocrx_word' id='word_1_788' title='bbox 1209 1525 1264 1546; x_wconf 90' lang='lat' dir='ltr'>tum</span> <span class='ocrx_word' id='word_1_789' title='bbox 1272 1519 1318 1546; x_wconf 84' lang='lat' dir='ltr'>illa</span> <span class='ocrx_word' id='word_1_790' title='bbox 1330 1522 1428 1546; x_wconf 77' lang='lat' dir='ltr'>laetitia</span> <span class='ocrx_word' id='word_1_791' title='bbox 1438 1522 1546 1553; x_wconf 67' lang='lat' dir='ltr'>gestiens</span> <span class='ocrx_word' id='word_1_792' title='bbox 1557 1519 1598 1546; x_wconf 86' lang='lat' dir='ltr'>vel</span> <span class='ocrx_word' id='word_1_793' title='bbox 1611 1523 1691 1546; x_wconf 64' lang='lat' dir='ltr'>&#39;nimia</span> <span class='ocrx_word' id='word_1_794' title='bbox 1701 1519 1755 1546; x_wconf 89' lang='lat' dir='ltr'>dici</span> <span class='ocrx_word' id='word_1_795' title='bbox 1767 1524 1867 1554; x_wconf 85' lang='lat' dir='ltr'>potest;</span> 
     </span>
     <span class='ocr_line' id='line_1_116' title="bbox 1074 1556 1868 1591; baseline -0.001 -8"><span class='ocrx_word' id='word_1_796' title='bbox 1074 1565 1155 1591; x_wconf 89' lang='lat' dir='ltr'>quam</span> <span class='ocrx_word' id='word_1_797' title='bbox 1178 1558 1212 1583; x_wconf 90' lang='lat' dir='ltr'>ita</span> <span class='ocrx_word' id='word_1_798' title='bbox 1237 1557 1383 1588; x_wconf 84' lang='lat' dir='ltr'>deliniunt,</span> <span class='ocrx_word' id='word_1_799' title='bbox 1407 1557 1465 1583; x_wconf 87' lang='lat' dir='ltr'>sine</span> <span class='ocrx_word' id='word_1_800' title='bbox 1490 1558 1591 1583; x_wconf 89' lang='lat' dir='ltr'>ratione</span> <span class='ocrx_word' id='word_1_801' title='bbox 1612 1557 1696 1583; x_wconf 89' lang='lat' dir='ltr'>animi</span> <span class='ocrx_word' id='word_1_802' title='bbox 1716 1556 1868 1583; x_wconf 87' lang='lat' dir='ltr'>elationem.</span> 
     </span>
     <span class='ocr_line' id='line_1_117' title="bbox 1074 1593 1870 1629; baseline -0.001 -9"><span class='ocrx_word' id='word_1_803' title='bbox 1074 1595 1274 1629; x_wconf 82' lang='lat' dir='ltr'>Quoniamque,</span> <span class='ocrx_word' id='word_1_804' title='bbox 1293 1600 1322 1621; x_wconf 90' lang='lat' dir='ltr'>ut</span> <span class='ocrx_word' id='word_1_805' title='bbox 1338 1594 1406 1621; x_wconf 88' lang='lat' dir='ltr'>bona</span> <span class='ocrx_word' id='word_1_806' title='bbox 1422 1600 1514 1621; x_wconf 88' lang='lat' dir='ltr'>natura</span> <span class='ocrx_word' id='word_1_807' title='bbox 1530 1595 1696 1629; x_wconf 83' lang='lat' dir='ltr'>appetimus,</span> <span class='ocrx_word' id='word_1_808' title='bbox 1714 1594 1754 1620; x_wconf 91' lang='lat' dir='ltr'>sic</span> <span class='ocrx_word' id='word_1_809' title='bbox 1765 1602 1778 1619; x_wconf 91' lang='lat' dir='ltr'>a</span> <span class='ocrx_word' id='word_1_810' title='bbox 1791 1593 1870 1619; x_wconf 86' lang='lat' dir='ltr'>malis</span> 
     </span>
     <span class='ocr_line' id='line_1_118' title="bbox 1074 1631 1869 1666; baseline -0.003 -8"><span class='ocrx_word' id='word_1_811' title='bbox 1074 1636 1168 1658; x_wconf 84' lang='lat' dir='ltr'>natura</span> <span class='ocrx_word' id='word_1_812' title='bbox 1184 1631 1366 1658; x_wconf 85' lang='lat' dir='ltr'>declinamus:</span> <span class='ocrx_word' id='word_1_813' title='bbox 1389 1640 1458 1666; x_wconf 87' lang='lat' dir='ltr'>quae</span> <span class='ocrx_word' id='word_1_814' title='bbox 1472 1631 1630 1661; x_wconf 84' lang='lat' dir='ltr'>declinatio,</span> <span class='ocrx_word' id='word_1_815' title='bbox 1653 1631 1676 1657; x_wconf 90' lang='lat' dir='ltr'>si</span> <span class='ocrx_word' id='word_1_816' title='bbox 1692 1640 1754 1657; x_wconf 90' lang='lat' dir='ltr'>cum</span> <span class='ocrx_word' id='word_1_817' title='bbox 1769 1631 1869 1657; x_wconf 89' lang='lat' dir='ltr'>ratione</span> 
     </span>
     <span class='ocr_line' id='line_1_119' title="bbox 1075 1667 1869 1704; baseline -0.001 -10"><span class='ocrx_word' id='word_1_818' title='bbox 1075 1670 1131 1699; x_wconf 73' lang='lat' dir='ltr'>(iet.</span> <span class='ocrx_word' id='word_1_819' title='bbox 1149 1670 1238 1696; x_wconf 88' lang='lat' dir='ltr'>cautio</span> <span class='ocrx_word' id='word_1_820' title='bbox 1249 1668 1412 1703; x_wconf 77' lang='lat' dir='ltr'>appelletur.</span> <span class='ocrx_word' id='word_1_821' title='bbox 1429 1677 1514 1703; x_wconf 85' lang='lat' dir='ltr'>eaque</span> <span class='ocrx_word' id='word_1_822' title='bbox 1525 1668 1692 1704; x_wconf 84' lang='lat' dir='ltr'>intelligatur</span> <span class='ocrx_word' id='word_1_823' title='bbox 1703 1668 1729 1694; x_wconf 93' lang='lat' dir='ltr'>in</span> <span class='ocrx_word' id='word_1_824' title='bbox 1742 1667 1799 1694; x_wconf 89' lang='lat' dir='ltr'>solo</span> <span class='ocrx_word' id='word_1_825' title='bbox 1810 1675 1869 1693; x_wconf 82' lang='lat' dir='ltr'>esse</span> 
     </span>
    </p>
   </div>
   <div class='ocr_carea' id='block_1_39' title="bbox 1051 1705 1870 1741">
    <p class='ocr_par' dir='ltr' id='par_1_39' title="bbox 1051 1705 1870 1741">
     <span class='ocr_line' id='line_1_120' title="bbox 1051 1705 1870 1741; baseline -0.004 -8"><span class='ocrx_word' id='word_1_826' title='bbox 1051 1719 1052 1723; x_wconf 55' lang='lat'>¹</span> <span class='ocrx_word' id='word_1_827' title='bbox 1073 1707 1207 1741; x_wconf 85' lang='lat' dir='ltr'>sapiente:</span> <span class='ocrx_word' id='word_1_828' title='bbox 1230 1714 1300 1741; x_wconf 88' lang='lat' dir='ltr'>quae</span> <span class='ocrx_word' id='word_1_829' title='bbox 1315 1711 1404 1732; x_wconf 89' lang='lat' dir='ltr'>autem</span> <span class='ocrx_word' id='word_1_830' title='bbox 1419 1706 1478 1732; x_wconf 89' lang='lat' dir='ltr'>sine</span> <span class='ocrx_word' id='word_1_831' title='bbox 1489 1706 1603 1736; x_wconf 88' lang='lat' dir='ltr'>ratione,</span> <span class='ocrx_word' id='word_1_832' title='bbox 1620 1710 1718 1731; x_wconf 90' lang='lat' dir='ltr'>etcum</span> <span class='ocrx_word' id='word_1_833' title='bbox 1730 1705 1870 1731; x_wconf 83' lang='lat' dir='ltr'>exanima-</span> 
     </span>
    </p>
   </div>
   <div class='ocr_carea' id='block_1_40' title="bbox 226 1722 1870 1778">
    <p class='ocr_par' dir='ltr' id='par_1_40' title="bbox 226 1722 1870 1778">
     <span class='ocr_line' id='line_1_121' title="bbox 226 1722 1870 1778; baseline -0.001 -10"><span class='ocrx_word' id='word_1_834' title='bbox 226 1722 394 1757; x_wconf 60' lang='lat' dir='ltr'>egmdiemes</span> <span class='ocrx_word' id='word_1_835' title='bbox 414 1722 567 1757; x_wconf 64' lang='lat' dir='ltr'>pannulum</span> <span class='ocrx_word' id='word_1_836' title='bbox 589 1723 738 1757; x_wconf 57' lang='lat' dir='ltr'>remigffle?</span> <span class='ocrx_word' id='word_1_837' title='bbox 771 1724 802 1750; x_wconf 57' lang='lat' dir='ltr'>A*</span> <span class='ocrx_word' id='word_1_838' title='bbox 825 1724 961 1756; x_wconf 62' lang='lat' dir='ltr'>Qnidnam</span> <span class='ocrx_word' id='word_1_839' title='bbox 982 1728 1022 1749; x_wconf 58' lang='lat'>⁰⁵²</span> <span class='ocrx_word' id='word_1_840' title='bbox 1051 1737 1053 1764; x_wconf 55' lang='lat'><em>3</em></span> <span class='ocrx_word' id='word_1_841' title='bbox 1074 1744 1145 1769; x_wconf 90' lang='lat' dir='ltr'>tione</span> <span class='ocrx_word' id='word_1_842' title='bbox 1158 1743 1345 1778; x_wconf 86' lang='lat' dir='ltr'>humiliatque</span> <span class='ocrx_word' id='word_1_843' title='bbox 1357 1742 1605 1773; x_wconf 80' lang='lat' dir='ltr'>fracta,n0minetur</span> <span class='ocrx_word' id='word_1_844' title='bbox 1616 1747 1717 1768; x_wconf 84' lang='lat' dir='ltr'>metus:</span> <span class='ocrx_word' id='word_1_845' title='bbox 1735 1747 1775 1768; x_wconf 87' lang='lat' dir='ltr'>est</span> <span class='ocrx_word' id='word_1_846' title='bbox 1787 1743 1870 1777; x_wconf 80' lang='lat' dir='ltr'>igitur</span> 
     </span>
    </p>
   </div>
   <div class='ocr_carea' id='block_1_41' title="bbox 1071 1779 1869 2077">
    <p class='ocr_par' dir='ltr' id='par_1_41' title="bbox 1071 1779 1869 2077">
     <span class='ocr_line' id='line_1_122' title="bbox 1610 1779 1869 1806; baseline -0.004 0"><span class='ocrx_word' id='word_1_847' title='bbox 1610 1779 1759 1806; x_wconf 82' lang='lat' dir='ltr'>Praesentis</span> <span class='ocrx_word' id='word_1_848' title='bbox 1779 1784 1869 1805; x_wconf 82' lang='lat' dir='ltr'>autem</span> 
     </span>
     <span class='ocr_line' id='line_1_123' title="bbox 1075 1815 1868 1852; baseline -0.003 -8"><span class='ocrx_word' id='word_1_849' title='bbox 1075 1818 1137 1844; x_wconf 88' lang='lat' dir='ltr'>mali</span> <span class='ocrx_word' id='word_1_850' title='bbox 1158 1819 1288 1852; x_wconf 86' lang='lat' dir='ltr'>sapientis</span> <span class='ocrx_word' id='word_1_851' title='bbox 1303 1817 1406 1843; x_wconf 76' lang='lat' dir='ltr'>affectio</span> <span class='ocrx_word' id='word_1_852' title='bbox 1425 1816 1499 1843; x_wconf 88' lang='lat' dir='ltr'>nulla</span> <span class='ocrx_word' id='word_1_853' title='bbox 1522 1822 1572 1843; x_wconf 87' lang='lat' dir='ltr'>est.</span> <span class='ocrx_word' id='word_1_854' title='bbox 1615 1817 1654 1843; x_wconf 73' lang='lat'>⁴4.</span> <span class='ocrx_word' id='word_1_855' title='bbox 1676 1815 1758 1843; x_wconf 86' lang='lat' dir='ltr'>Stulti</span> <span class='ocrx_word' id='word_1_856' title='bbox 1778 1821 1868 1843; x_wconf 85' lang='lat' dir='ltr'>autem</span> 
     </span>
     <span class='ocr_line' id='line_1_124' title="bbox 1073 1853 1866 1891; baseline -0.001 -10"><span class='ocrx_word' id='word_1_857' title='bbox 1073 1856 1212 1891; x_wconf 82' lang='lat' dir='ltr'>aegritudo</span> <span class='ocrx_word' id='word_1_858' title='bbox 1233 1860 1273 1881; x_wconf 89' lang='lat' dir='ltr'>est</span> <span class='ocrx_word' id='word_1_859' title='bbox 1293 1863 1336 1884; x_wconf 85' lang='lat' dir='ltr'>ea,</span> <span class='ocrx_word' id='word_1_860' title='bbox 1359 1863 1412 1889; x_wconf 88' lang='lat' dir='ltr'>qua</span> <span class='ocrx_word' id='word_1_861' title='bbox 1432 1853 1588 1880; x_wconf 76' lang='lat' dir='ltr'>afficiuntur</span> <span class='ocrx_word' id='word_1_862' title='bbox 1602 1854 1629 1880; x_wconf 88' lang='lat' dir='ltr'>in</span> <span class='ocrx_word' id='word_1_863' title='bbox 1647 1853 1725 1880; x_wconf 89' lang='lat' dir='ltr'>malis</span> <span class='ocrx_word' id='word_1_864' title='bbox 1739 1853 1866 1888; x_wconf 80' lang='lat' dir='ltr'>opinatis.</span> 
     </span>
     <span class='ocr_line' id='line_1_125' title="bbox 1072 1890 1869 1927; baseline -0.003 -8"><span class='ocrx_word' id='word_1_865' title='bbox 1072 1893 1231 1927; x_wconf 90' lang='lat' dir='ltr'>animosque</span> <span class='ocrx_word' id='word_1_866' title='bbox 1245 1892 1390 1918; x_wconf 89' lang='lat' dir='ltr'>demittunt</span> <span class='ocrx_word' id='word_1_867' title='bbox 1404 1896 1430 1917; x_wconf 85' lang='lat' dir='ltr'>et</span> <span class='ocrx_word' id='word_1_868' title='bbox 1447 1891 1620 1921; x_wconf 86' lang='lat' dir='ltr'>contrahunt,</span> <span class='ocrx_word' id='word_1_869' title='bbox 1642 1891 1738 1917; x_wconf 90' lang='lat' dir='ltr'>rationi</span> <span class='ocrx_word' id='word_1_870' title='bbox 1753 1899 1805 1918; x_wconf 89' lang='lat' dir='ltr'>non</span> <span class='ocrx_word' id='word_1_871' title='bbox 1819 1890 1869 1917; x_wconf 91' lang='lat' dir='ltr'>ob-</span> 
     </span>
     <span class='ocr_line' id='line_1_126' title="bbox 1072 1928 1869 1965; baseline -0.001 -10"><span class='ocrx_word' id='word_1_872' title='bbox 1072 1934 1261 1965; x_wconf 75' lang='lat' dir='ltr'>temperantes.</span> <span class='ocrx_word' id='word_1_873' title='bbox 1301 1930 1392 1963; x_wconf 87' lang='lat' dir='ltr'>ltaque</span> <span class='ocrx_word' id='word_1_874' title='bbox 1406 1929 1470 1955; x_wconf 86' lang='lat' dir='ltr'>haec</span> <span class='ocrx_word' id='word_1_875' title='bbox 1482 1929 1568 1963; x_wconf 87' lang='lat' dir='ltr'>prima</span> <span class='ocrx_word' id='word_1_876' title='bbox 1579 1928 1700 1955; x_wconf 86' lang='lat' dir='ltr'>definitio</span> <span class='ocrx_word' id='word_1_877' title='bbox 1710 1932 1763 1958; x_wconf 81' lang='lat' dir='ltr'>est,</span> <span class='ocrx_word' id='word_1_878' title='bbox 1781 1932 1811 1954; x_wconf 91' lang='lat' dir='ltr'>ut</span> <span class='ocrx_word' id='word_1_879' title='bbox 1823 1935 1869 1954; x_wconf 79' lang='lat' dir='ltr'>ae·</span> 
     </span>
     <span class='ocr_line' id='line_1_127' title="bbox 1071 1964 1868 2002; baseline -0.003 -9"><span class='ocrx_word' id='word_1_880' title='bbox 1071 1967 1179 2002; x_wconf 84' lang='lat' dir='ltr'>gritudo</span> <span class='ocrx_word' id='word_1_881' title='bbox 1191 1968 1226 1993; x_wconf 90' lang='lat' dir='ltr'>sit</span> <span class='ocrx_word' id='word_1_882' title='bbox 1236 1967 1330 1997; x_wconf 88' lang='lat' dir='ltr'>animi,</span> <span class='ocrx_word' id='word_1_883' title='bbox 1347 1965 1505 1992; x_wconf 80' lang='lat' dir='ltr'>adversante</span> <span class='ocrx_word' id='word_1_884' title='bbox 1516 1966 1626 1996; x_wconf 85' lang='lat' dir='ltr'>ratione,</span> <span class='ocrx_word' id='word_1_885' title='bbox 1639 1965 1792 1992; x_wconf 70' lang='lat' dir='ltr'>contractio.</span> <span class='ocrx_word' id='word_1_886' title='bbox 1822 1964 1868 1991; x_wconf 85' lang='lat' dir='ltr'>Sic</span> 
     </span>
     <span class='ocr_line' id='line_1_128' title="bbox 1071 2002 1868 2038; baseline -0.004 -7"><span class='ocrx_word' id='word_1_887' title='bbox 1071 2009 1196 2038; x_wconf 87' lang='lat' dir='ltr'>quattuor</span> <span class='ocrx_word' id='word_1_888' title='bbox 1206 2005 1410 2037; x_wconf 79' lang='lat' dir='ltr'>perturbationes</span> <span class='ocrx_word' id='word_1_889' title='bbox 1420 2008 1492 2033; x_wconf 86' lang='lat' dir='ltr'>sunt,</span> <span class='ocrx_word' id='word_1_890' title='bbox 1500 2008 1553 2029; x_wconf 82' lang='lat' dir='ltr'>tres</span> <span class='ocrx_word' id='word_1_891' title='bbox 1565 2005 1731 2033; x_wconf 66' lang='lat' dir='ltr'>con-emmae,</span> <span class='ocrx_word' id='word_1_892' title='bbox 1739 2002 1868 2037; x_wconf 80' lang='lat' dir='ltr'>quoniam</span> 
     </span>
     <span class='ocr_line' id='line_1_129' title="bbox 1071 2040 1649 2077; baseline -0.003 -9"><span class='ocrx_word' id='word_1_893' title='bbox 1071 2041 1234 2077; x_wconf 85' lang='lat' dir='ltr'>aegritudini</span> <span class='ocrx_word' id='word_1_894' title='bbox 1249 2040 1322 2067; x_wconf 90' lang='lat' dir='ltr'>nulla</span> <span class='ocrx_word' id='word_1_895' title='bbox 1335 2041 1484 2067; x_wconf 85' lang='lat' dir='ltr'>constantia</span> <span class='ocrx_word' id='word_1_896' title='bbox 1494 2041 1649 2075; x_wconf 91' lang='lat' dir='ltr'>opponitur.</span> 
     </span>
    </p>
   </div>
   <div class='ocr_carea' id='block_1_42' title="bbox 1066 2092 1867 2651">
    <p class='ocr_par' dir='ltr' id='par_1_42' title="bbox 1066 2092 1867 2651">
     <span class='ocr_line' id='line_1_130' title="bbox 1127 2092 1867 2129; baseline -0.004 -7"><span class='ocrx_word' id='word_1_897' title='bbox 1127 2096 1182 2122; x_wconf 88' lang='lat' dir='ltr'>V11.</span> <span class='ocrx_word' id='word_1_898' title='bbox 1197 2095 1249 2122; x_wconf 87' lang='lat' dir='ltr'>Sed</span> <span class='ocrx_word' id='word_1_899' title='bbox 1259 2103 1353 2122; x_wconf 86' lang='lat' dir='ltr'>omnes</span> <span class='ocrx_word' id='word_1_900' title='bbox 1363 2094 1578 2129; x_wconf 86' lang='lat' dir='ltr'>perturbationes</span> <span class='ocrx_word' id='word_1_901' title='bbox 1588 2093 1690 2120; x_wconf 88' lang='lat' dir='ltr'>iudicio</span> <span class='ocrx_word' id='word_1_902' title='bbox 1699 2097 1810 2120; x_wconf 85' lang='lat' dir='ltr'>censent</span> <span class='ocrx_word' id='word_1_903' title='bbox 1819 2092 1867 2119; x_wconf 82' lang='lat' dir='ltr'>lie-</span> 
     </span>
     <span class='ocr_line' id='line_1_131' title="bbox 1071 2130 1867 2168; baseline -0.004 -9"><span class='ocrx_word' id='word_1_904' title='bbox 1071 2133 1093 2159; x_wconf 91' lang='lat' dir='ltr'>ri</span> <span class='ocrx_word' id='word_1_905' title='bbox 1104 2138 1129 2159; x_wconf 87' lang='lat' dir='ltr'>et</span> <span class='ocrx_word' id='word_1_906' title='bbox 1139 2133 1276 2168; x_wconf 89' lang='lat' dir='ltr'>opinione.</span> <span class='ocrx_word' id='word_1_907' title='bbox 1316 2133 1408 2167; x_wconf 84' lang='lat' dir='ltr'>ltaque</span> <span class='ocrx_word' id='word_1_908' title='bbox 1423 2140 1468 2158; x_wconf 86' lang='lat' dir='ltr'>eas</span> <span class='ocrx_word' id='word_1_909' title='bbox 1481 2131 1622 2165; x_wconf 44' lang='lat' dir='ltr'>definiunt‘</span> <span class='ocrx_word' id='word_1_910' title='bbox 1629 2131 1764 2166; x_wconf 76' lang='lat' dir='ltr'>pressiuS,</span> <span class='ocrx_word' id='word_1_911' title='bbox 1781 2134 1811 2156; x_wconf 86' lang='lat' dir='ltr'>ut</span> <span class='ocrx_word' id='word_1_912' title='bbox 1825 2130 1867 2156; x_wconf 83' lang='lat' dir='ltr'>in—</span> 
     </span>
     <span class='ocr_line' id='line_1_132' title="bbox 1070 2166 1865 2205; baseline -0.005 -9"><span class='ocrx_word' id='word_1_913' title='bbox 1070 2169 1214 2205; x_wconf 80' lang='lat' dir='ltr'>telligatur,</span> <span class='ocrx_word' id='word_1_914' title='bbox 1222 2178 1273 2196; x_wconf 93' lang='lat' dir='ltr'>non</span> <span class='ocrx_word' id='word_1_915' title='bbox 1287 2169 1365 2196; x_wconf 90' lang='lat' dir='ltr'>modo</span> <span class='ocrx_word' id='word_1_916' title='bbox 1376 2177 1459 2204; x_wconf 91' lang='lat' dir='ltr'>quam</span> <span class='ocrx_word' id='word_1_917' title='bbox 1468 2169 1591 2199; x_wconf 87' lang='lat' dir='ltr'>vitiosae,</span> <span class='ocrx_word' id='word_1_918' title='bbox 1599 2167 1647 2195; x_wconf 90' lang='lat' dir='ltr'>sed</span> <span class='ocrx_word' id='word_1_919' title='bbox 1653 2168 1733 2195; x_wconf 88' lang='lat' dir='ltr'>etiam</span> <span class='ocrx_word' id='word_1_920' title='bbox 1744 2175 1826 2202; x_wconf 84' lang='lat' dir='ltr'>quam</span> <span class='ocrx_word' id='word_1_921' title='bbox 1838 2166 1865 2192; x_wconf 90' lang='lat' dir='ltr'>in</span> 
     </span>
     <span class='ocr_line' id='line_1_133' title="bbox 1071 2204 1866 2242; baseline -0.005 -9"><span class='ocrx_word' id='word_1_922' title='bbox 1071 2213 1159 2234; x_wconf 89' lang='lat' dir='ltr'>nostra</span> <span class='ocrx_word' id='word_1_923' title='bbox 1174 2208 1229 2234; x_wconf 89' lang='lat' dir='ltr'>sint</span> <span class='ocrx_word' id='word_1_924' title='bbox 1243 2211 1384 2242; x_wconf 86' lang='lat' dir='ltr'>potestate.</span> <span class='ocrx_word' id='word_1_925' title='bbox 1424 2207 1472 2233; x_wconf 90' lang='lat' dir='ltr'>Est</span> <span class='ocrx_word' id='word_1_926' title='bbox 1482 2206 1566 2242; x_wconf 83' lang='lat' dir='ltr'>igitur</span> <span class='ocrx_word' id='word_1_927' title='bbox 1575 2207 1710 2239; x_wconf 64' lang='lat' dir='ltr'>aegritudo</span> <span class='ocrx_word' id='word_1_928' title='bbox 1718 2204 1810 2239; x_wconf 90' lang='lat' dir='ltr'>opinio</span> <span class='ocrx_word' id='word_1_929' title='bbox 1823 2211 1866 2230; x_wconf 85' lang='lat' dir='ltr'>re-</span> 
     </span>
     <span class='ocr_line' id='line_1_134' title="bbox 1069 2240 1866 2279; baseline -0.005 -9"><span class='ocrx_word' id='word_1_930' title='bbox 1069 2253 1133 2271; x_wconf 89' lang='lat' dir='ltr'>cens</span> <span class='ocrx_word' id='word_1_931' title='bbox 1144 2245 1208 2271; x_wconf 90' lang='lat' dir='ltr'>mali</span> <span class='ocrx_word' id='word_1_932' title='bbox 1219 2244 1367 2279; x_wconf 86' lang='lat' dir='ltr'>praesentis</span> <span class='ocrx_word' id='word_1_933' title='bbox 1375 2264 1381 2273; x_wconf 86' lang='lat'>,</span> <span class='ocrx_word' id='word_1_934' title='bbox 1399 2244 1426 2270; x_wconf 93' lang='lat' dir='ltr'>in</span> <span class='ocrx_word' id='word_1_935' title='bbox 1440 2252 1494 2278; x_wconf 90' lang='lat' dir='ltr'>quo</span> <span class='ocrx_word' id='word_1_936' title='bbox 1505 2243 1610 2269; x_wconf 88' lang='lat' dir='ltr'>demitti</span> <span class='ocrx_word' id='word_1_937' title='bbox 1620 2241 1795 2276; x_wconf 82' lang='lat' dir='ltr'>contrahique</span> <span class='ocrx_word' id='word_1_938' title='bbox 1805 2240 1866 2267; x_wconf 85' lang='lat' dir='ltr'>ani·</span> 
     </span>
     <span class='ocr_line' id='line_1_135' title="bbox 1070 2277 1864 2314; baseline -0.006 -6"><span class='ocrx_word' id='word_1_939' title='bbox 1070 2290 1113 2308; x_wconf 93' lang='lat' dir='ltr'>mo</span> <span class='ocrx_word' id='word_1_940' title='bbox 1128 2287 1231 2308; x_wconf 92' lang='lat' dir='ltr'>rectum</span> <span class='ocrx_word' id='word_1_941' title='bbox 1246 2289 1305 2307; x_wconf 85' lang='lat' dir='ltr'>esse</span> <span class='ocrx_word' id='word_1_942' title='bbox 1322 2281 1458 2313; x_wconf 69' lang='lat' dir='ltr'>videatur,</span> <span class='ocrx_word' id='word_1_943' title='bbox 1475 2282 1575 2307; x_wconf 76' lang='lat' dir='ltr'>laetitio</span> <span class='ocrx_word' id='word_1_944' title='bbox 1589 2279 1682 2314; x_wconf 88' lang='lat' dir='ltr'>opinio</span> <span class='ocrx_word' id='word_1_945' title='bbox 1697 2286 1790 2304; x_wconf 84' lang='lat' dir='ltr'>recens</span> <span class='ocrx_word' id='word_1_946' title='bbox 1800 2277 1864 2304; x_wconf 87' lang='lat' dir='ltr'>boni</span> 
     </span>
     <span class='ocr_line' id='line_1_136' title="bbox 1070 2315 1866 2356; baseline -0.006 -11"><span class='ocrx_word' id='word_1_947' title='bbox 1070 2319 1227 2353; x_wconf 87' lang='lat' dir='ltr'>praesentis,</span> <span class='ocrx_word' id='word_1_948' title='bbox 1240 2318 1268 2345; x_wconf 91' lang='lat' dir='ltr'>in</span> <span class='ocrx_word' id='word_1_949' title='bbox 1279 2327 1334 2353; x_wconf 92' lang='lat' dir='ltr'>quo</span> <span class='ocrx_word' id='word_1_950' title='bbox 1344 2318 1431 2344; x_wconf 80' lang='lat' dir='ltr'>efferri</span> <span class='ocrx_word' id='word_1_951' title='bbox 1443 2322 1545 2344; x_wconf 86' lang='lat' dir='ltr'>rectum</span> <span class='ocrx_word' id='word_1_952' title='bbox 1556 2325 1615 2343; x_wconf 84' lang='lat' dir='ltr'>esse</span> <span class='ocrx_word' id='word_1_953' title='bbox 1626 2315 1762 2347; x_wconf 60' lang='lat' dir='ltr'>videntum</span> <span class='ocrx_word' id='word_1_954' title='bbox 1785 2319 1866 2356; x_wconf 71' lang='lat' dir='ltr'>metue</span> 
     </span>
     <span class='ocr_line' id='line_1_137' title="bbox 1068 2351 1865 2390; baseline -0.006 -8"><span class='ocrx_word' id='word_1_955' title='bbox 1068 2357 1160 2390; x_wconf 89' lang='lat' dir='ltr'>opinio</span> <span class='ocrx_word' id='word_1_956' title='bbox 1176 2355 1357 2390; x_wconf 86' lang='lat' dir='ltr'>impendentis</span> <span class='ocrx_word' id='word_1_957' title='bbox 1373 2354 1450 2384; x_wconf 81' lang='lat' dir='ltr'>mali.</span> <span class='ocrx_word' id='word_1_958' title='bbox 1471 2354 1544 2389; x_wconf 92' lang='lat' dir='ltr'>quod</span> <span class='ocrx_word' id='word_1_959' title='bbox 1560 2351 1726 2380; x_wconf 89' lang='lat' dir='ltr'>intolerabile</span> <span class='ocrx_word' id='word_1_960' title='bbox 1746 2359 1806 2378; x_wconf 86' lang='lat' dir='ltr'>esse</span> <span class='ocrx_word' id='word_1_961' title='bbox 1822 2360 1865 2377; x_wconf 84' lang='lat' dir='ltr'>vi·</span> 
     </span>
     <span class='ocr_line' id='line_1_138' title="bbox 1068 2389 1861 2427; baseline -0.008 -7"><span class='ocrx_word' id='word_1_962' title='bbox 1068 2393 1176 2425; x_wconf 77' lang='lat' dir='ltr'>deatur3</span> <span class='ocrx_word' id='word_1_963' title='bbox 1200 2395 1277 2419; x_wconf 78' lang='lat' dir='ltr'>libido</span> <span class='ocrx_word' id='word_1_964' title='bbox 1293 2393 1385 2427; x_wconf 89' lang='lat' dir='ltr'>opinio</span> <span class='ocrx_word' id='word_1_965' title='bbox 1400 2392 1506 2418; x_wconf 87' lang='lat' dir='ltr'>venturi</span> <span class='ocrx_word' id='word_1_966' title='bbox 1521 2391 1598 2421; x_wconf 90' lang='lat' dir='ltr'>boni,</span> <span class='ocrx_word' id='word_1_967' title='bbox 1614 2389 1687 2425; x_wconf 90' lang='lat' dir='ltr'>quod</span> <span class='ocrx_word' id='word_1_968' title='bbox 1702 2389 1739 2415; x_wconf 86' lang='lat' dir='ltr'>sit</span> <span class='ocrx_word' id='word_1_969' title='bbox 1751 2397 1786 2415; x_wconf 86' lang='lat' dir='ltr'>ex</span> <span class='ocrx_word' id='word_1_970' title='bbox 1799 2396 1861 2419; x_wconf 85' lang='lat' dir='ltr'>usu,</span> 
     </span>
     <span class='ocr_line' id='line_1_139' title="bbox 1068 2425 1864 2468; baseline -0.006 -12"><span class='ocrx_word' id='word_1_971' title='bbox 1068 2432 1121 2457; x_wconf 90' lang='lat' dir='ltr'>iam</span> <span class='ocrx_word' id='word_1_972' title='bbox 1137 2438 1264 2465; x_wconf 87' lang='lat' dir='ltr'>praesens</span> <span class='ocrx_word' id='word_1_973' title='bbox 1279 2438 1337 2456; x_wconf 87' lang='lat' dir='ltr'>esse</span> <span class='ocrx_word' id='word_1_974' title='bbox 1348 2434 1428 2464; x_wconf 84' lang='lat' dir='ltr'>atque</span> <span class='ocrx_word' id='word_1_975' title='bbox 1438 2428 1542 2455; x_wconf 87' lang='lat' dir='ltr'>adesse.</span> <span class='ocrx_word' id='word_1_976' title='bbox 1584 2428 1624 2454; x_wconf 78' lang='lat'>⁴5.</span> <span class='ocrx_word' id='word_1_977' title='bbox 1645 2425 1698 2453; x_wconf 89' lang='lat' dir='ltr'>Sed</span> <span class='ocrx_word' id='word_1_978' title='bbox 1709 2434 1778 2468; x_wconf 74' lang='lat' dir='ltr'>quae</span> <span class='ocrx_word' id='word_1_979' title='bbox 1791 2425 1864 2451; x_wconf 88' lang='lat' dir='ltr'>iudi-</span> 
     </span>
     <span class='ocr_line' id='line_1_140' title="bbox 1068 2463 1862 2502; baseline -0.009 -8"><span class='ocrx_word' id='word_1_980' title='bbox 1068 2469 1108 2494; x_wconf 86' lang='lat' dir='ltr'>cia</span> <span class='ocrx_word' id='word_1_981' title='bbox 1120 2476 1242 2502; x_wconf 88' lang='lat' dir='ltr'>quasque</span> <span class='ocrx_word' id='word_1_982' title='bbox 1253 2467 1394 2502; x_wconf 89' lang='lat' dir='ltr'>opiniones</span> <span class='ocrx_word' id='word_1_983' title='bbox 1408 2465 1639 2501; x_wconf 83' lang='lat' dir='ltr'>perturbationum</span> <span class='ocrx_word' id='word_1_984' title='bbox 1649 2471 1709 2489; x_wconf 85' lang='lat' dir='ltr'>esse</span> <span class='ocrx_word' id='word_1_985' title='bbox 1719 2463 1791 2493; x_wconf 64' lang='lat' dir='ltr'>dixu.</span> <span class='ocrx_word' id='word_1_986' title='bbox 1809 2470 1862 2488; x_wconf 90' lang='lat' dir='ltr'>non</span> 
     </span>
     <span class='ocr_line' id='line_1_141' title="bbox 1068 2500 1862 2539; baseline -0.008 -8"><span class='ocrx_word' id='word_1_987' title='bbox 1068 2506 1095 2531; x_wconf 93' lang='lat' dir='ltr'>in</span> <span class='ocrx_word' id='word_1_988' title='bbox 1107 2505 1147 2531; x_wconf 87' lang='lat' dir='ltr'>eis</span> <span class='ocrx_word' id='word_1_989' title='bbox 1157 2504 1371 2539; x_wconf 89' lang='lat' dir='ltr'>perturbationes</span> <span class='ocrx_word' id='word_1_990' title='bbox 1381 2503 1469 2530; x_wconf 91' lang='lat' dir='ltr'>solum</span> <span class='ocrx_word' id='word_1_991' title='bbox 1480 2503 1581 2537; x_wconf 85' lang='lat' dir='ltr'>positas</span> <span class='ocrx_word' id='word_1_992' title='bbox 1591 2509 1650 2527; x_wconf 87' lang='lat' dir='ltr'>esse</span> <span class='ocrx_word' id='word_1_993' title='bbox 1655 2500 1758 2531; x_wconf 88' lang='lat' dir='ltr'>dicunt,</span> <span class='ocrx_word' id='word_1_994' title='bbox 1767 2507 1862 2526; x_wconf 88' lang='lat' dir='ltr'>verum</span> 
     </span>
     <span class='ocr_line' id='line_1_142' title="bbox 1069 2537 1862 2576; baseline -0.008 -8"><span class='ocrx_word' id='word_1_995' title='bbox 1069 2541 1114 2567; x_wconf 91' lang='lat' dir='ltr'>illa</span> <span class='ocrx_word' id='word_1_996' title='bbox 1129 2543 1223 2572; x_wconf 82' lang='lat' dir='ltr'>etiam,</span> <span class='ocrx_word' id='word_1_997' title='bbox 1240 2550 1310 2576; x_wconf 89' lang='lat' dir='ltr'>quae</span> <span class='ocrx_word' id='word_1_998' title='bbox 1325 2540 1480 2567; x_wconf 79' lang='lat' dir='ltr'>efficiuntur</span> <span class='ocrx_word' id='word_1_999' title='bbox 1493 2537 1755 2574; x_wconf 83' lang='lat' dir='ltr'>perturbationibus:</span> <span class='ocrx_word' id='word_1_1000' title='bbox 1772 2542 1803 2563; x_wconf 88' lang='lat' dir='ltr'>ut</span> <span class='ocrx_word' id='word_1_1001' title='bbox 1817 2544 1862 2562; x_wconf 86' lang='lat' dir='ltr'>ae-</span> 
     </span>
     <span class='ocr_line' id='line_1_143' title="bbox 1066 2574 1861 2614; baseline -0.009 -8"><span class='ocrx_word' id='word_1_1002' title='bbox 1066 2579 1174 2614; x_wconf 81' lang='lat' dir='ltr'>gritudo</span> <span class='ocrx_word' id='word_1_1003' title='bbox 1185 2579 1263 2614; x_wconf 89' lang='lat' dir='ltr'>quasi</span> <span class='ocrx_word' id='word_1_1004' title='bbox 1275 2586 1394 2604; x_wconf 87' lang='lat' dir='ltr'>morsum</span> <span class='ocrx_word' id='word_1_1005' title='bbox 1405 2576 1524 2611; x_wconf 89' lang='lat' dir='ltr'>aliquem</span> <span class='ocrx_word' id='word_1_1006' title='bbox 1534 2575 1634 2602; x_wconf 90' lang='lat' dir='ltr'>doloris</span> <span class='ocrx_word' id='word_1_1007' title='bbox 1645 2574 1757 2605; x_wconf 76' lang='lat' dir='ltr'>efficiat,</span> <span class='ocrx_word' id='word_1_1008' title='bbox 1773 2578 1861 2600; x_wconf 86' lang='lat' dir='ltr'>metus</span> 
     </span>
     <span class='ocr_line' id='line_1_144' title="bbox 1067 2610 1860 2651; baseline -0.006 -9"><span class='ocrx_word' id='word_1_1009' title='bbox 1067 2624 1204 2642; x_wconf 86' lang='lat' dir='ltr'>recessum</span> <span class='ocrx_word' id='word_1_1010' title='bbox 1210 2614 1446 2651; x_wconf 83' lang='lat' dir='ltr'>quemdamanimi</span> <span class='ocrx_word' id='word_1_1011' title='bbox 1457 2618 1482 2640; x_wconf 89' lang='lat' dir='ltr'>et</span> <span class='ocrx_word' id='word_1_1012' title='bbox 1493 2612 1598 2649; x_wconf 74' lang='lat' dir='ltr'>fugam,</span> <span class='ocrx_word' id='word_1_1013' title='bbox 1613 2612 1711 2639; x_wconf 85' lang='lat' dir='ltr'>laetitia</span> <span class='ocrx_word' id='word_1_1014' title='bbox 1723 2610 1860 2646; x_wconf 75' lang='lat' dir='ltr'>profusam</span> 
     </span>
    </p>
   </div>
   <div class='ocr_carea' id='block_1_43' title="bbox 1759 2649 1860 2683">
    <p class='ocr_par' dir='ltr' id='par_1_43' title="bbox 1759 2649 1860 2683">
     <span class='ocr_line' id='line_1_145' title="bbox 1759 2649 1860 2683; baseline 0 0"><span class='ocrx_word' id='word_1_1015' title='bbox 1759 2649 1860 2683; x_wconf 74' lang='lat' dir='ltr'>opina-</span> 
     </span>
    </p>
   </div>
  </div>
 </body>
</html>
