1941 3052
378 117 433 141 ⁴41.
465 115 499 141 M.
532 116 561 141 T.
593 115 841 142 CICERONIS
872 116 1253 145 PARADOXA.PA11.

79 191 119 213 set
130 186 227 217 hostis,
241 186 376 219 ceterique
388 186 423 211 ita
436 185 571 221 fugerent,
586 190 615 213 ut
625 186 708 213 multa
720 186 752 212 de
764 187 822 212 suis
833 195 875 212 re-

79 224 130 250 bus
141 232 234 250 secum
244 227 422 258 asportarent:
440 232 525 258 quum
537 228 607 250 esset
618 224 771 250 admonitus
782 232 795 250 a
807 232 876 258 quo-

79 261 154 292 dam,
178 265 207 287 ut
222 260 294 287 idem
310 261 368 295 ipse
384 259 496 287 faceret:
520 261 573 294 Eyo
588 271 659 289 vero,
679 262 779 296 inquit,
792 264 874 294 facio:
897 290 898 293 Ἰ

78 307 138 324 nam
158 301 243 324 omnia
263 307 318 323 mea
331 302 406 330 porto
421 307 526 325 mecum.
567 300 591 324 9.
614 298 661 324 Ille
677 299 741 324 baec
758 298 875 324 ludibria

79 335 199 362 fortunae
211 343 243 361 ne
254 344 302 361 sua
313 334 425 370 quidem
437 335 554 370 putavit,
568 344 637 370 quae
649 345 695 362 nos
707 335 875 370 appellamus

79 373 158 399 etiam
170 373 248 399 bona.
271 372 342 404 Quid
353 377 392 399 est
406 373 497 408 igitur,
514 378 624 407 quaeret
635 373 743 407 aliquis,
758 372 876 399 bonum?

78 409 106 436 Si
117 410 184 445 quid
196 414 266 436 recte
277 410 305 436 fit
316 414 341 436 et
352 410 461 436 honeste
473 415 570 436 etcum
584 411 690 441 virtute,
700 410 727 436 id
739 410 806 436 bene
819 410 876 436 fieri

78 455 140 473 vere
151 447 263 480 dicitur,
278 451 311 478 et,
324 447 396 482 quod
408 452 509 473 rectum
521 452 546 473 et
559 448 699 474 honestum
711 452 809 474 etcum
821 448 876 473 vir—

78 489 133 510 tute
149 489 201 515 est,
225 484 253 511 id
271 484 359 511 solum
374 486 469 519 opinor
485 488 585 512 bonum.
626 486 657 511 ΙΙ,
682 487 720 510 lo.
743 484 794 510 Sed
810 484 876 510 baec

78 521 165 548 videri
176 527 288 556 possunt
298 522 467 553 obscuriora,
484 531 569 557 quum
582 522 681 548 lentius
692 522 873 556 disputantur.

77 559 137 585 Vita
152 564 231 594 atque
243 559 319 586 factis
331 559 489 586 illustranda
501 565 564 586 sunt
575 568 741 586 summorum
756 560 874 585 virorum

78 596 153 627 haec,
166 605 235 631 quae
246 597 337 623 verbis
351 597 494 628 subtilius,
507 606 589 632 quam
600 599 665 623 satis
677 602 730 626 est,
743 597 875 631 disputari

78 633 214 660 videntur.
255 634 358 666 Quaero
370 635 442 660 enim
453 644 466 660 a
480 635 571 665 vobis,
594 643 658 660 num
675 634 756 659 ullam
774 635 875 668 cogita-

78 671 177 697 tionem
189 671 317 698 habuisse
330 671 472 698 videantur
484 673 515 703 ii,
533 673 582 706 qui
598 672 667 697 hanc
679 671 874 705 rempublicam
897 684 898 687 =

78 712 131 734 tam
142 708 277 743 praeclare
289 708 429 735 fundatam
440 709 518 735 nobis
529 709 710 744 reliquerunt,
723 714 768 734 aut
779 710 837 734 auri
850 713 875 734 et

78 746 180 781 argenti
196 746 229 772 ad
245 747 399 778 avaritiam,
418 751 463 773 aut
473 747 664 773 amoenitatum
676 746 708 772 ad
720 745 875 771 delectatio—

78 791 154 814 nem,
177 788 222 809 aut
237 783 415 818 supellectilis
432 784 465 810 ad
480 784 605 815 delicias,
623 788 669 810 aut
684 783 825 818 epularum
841 782 874 808 ad

78 819 248 855 voluptates?
277 823 317 847 Η.
340 822 432 848 Ponite
447 827 507 848 ante
521 821 614 848 oculos
632 829 718 847 unum
738 828 875 855 quemque

78 865 182 893 regum.
224 857 310 885 Vultis
322 867 335 884 a
349 858 479 885 Romulo‘?
490 859 572 886 vultis
585 863 644 893 post
656 858 768 884 liberam
779 858 876 883 civita-

77 899 130 921 tem
143 895 175 921 ab
188 896 221 921 iis
234 896 311 930 ipsis,
324 897 372 931 qui
384 896 568 923 liberaverunt
584 895 683 933 [eam]‘?
698 895 804 927 Quibus
816 900 875 921 tan-

77 932 139 958 dem
159 932 290 968 gradibus
312 933 442 960 Romulus
463 934 584 960 escendit
604 935 632 960 in
652 932 775 959 caelum‘?
795 933 873 963 iisne,

76 978 146 1004 quae
158 970 202 996 isti
215 970 283 996 bona
295 970 449 1005 appellant?
463 980 495 998 an
511 972 592 998 rebus
603 972 686 1007 gestis
698 975 778 1005 atque
790 971 876 996 virtu-

77 1006 169 1033 tibus‘?
183 1007 273 1039 Quid‘?
292 1016 307 1034 a
322 1009 408 1035 Numa
420 1009 570 1044 Pompilio?
586 1009 712 1035 minusne
722 1012 811 1043 gratas
822 1007 876 1033 diis

76 1044 276 1071 immortalibus
295 1046 440 1080 capedines
462 1055 491 1072 ac
513 1046 607 1072 fictiles
634 1045 756 1072 hirnulas
780 1045 873 1076 fuisse,

76 1090 158 1116 quarn
171 1082 281 1109 silicatas
293 1082 407 1109 aliorum
418 1088 523 1118 pateras
534 1082 714 1110 arbitramur?
724 1082 823 1109 Omitto
835 1092 876 1108 re-

76 1119 179 1154 liquos:
196 1125 259 1146 sunt
269 1121 341 1146 enim
353 1129 447 1147 omnes
458 1130 535 1156 pares
548 1122 616 1148 inter
627 1130 655 1147 se
667 1120 876 1155 praeterSuper-

76 1156 152 1183 bum.
196 1159 234 1183 ⁴2.
252 1158 362 1184 Brutum
373 1159 396 1184 si
407 1160 469 1193 quis
481 1164 563 1194 roget,
577 1158 644 1193 quid
657 1158 741 1193 egerit
752 1159 778 1183 in
792 1158 875 1191 patria

76 1193 229 1221 liberanda:
251 1195 274 1221 si
290 1196 353 1230 quis
369 1196 433 1222 item
449 1196 567 1231 reliquos
579 1195 701 1222 eiusdem
714 1195 820 1221 consilii
832 1204 876 1221 so-

75 1232 145 1263 cios,
164 1232 231 1267 quid
247 1234 441 1267 spectaverint,
461 1234 528 1268 quid
544 1234 630 1260 secuti
645 1234 713 1259 sint:
732 1241 796 1259 num
813 1233 875 1267 quis

75 1270 196 1300 exsistet,
209 1271 254 1295 cui
269 1270 400 1305 voluptaS,
413 1271 457 1297 cui
470 1271 595 1302 divitiae,
612 1271 656 1297 cui
668 1271 786 1305 denique
798 1278 876 1304 prae-

75 1311 114 1332 ter
129 1305 249 1333 officium
267 1307 341 1334 sortis
357 1312 382 1334 et
398 1309 489 1344 magni
501 1309 552 1335 viri
564 1308 715 1343 quidquam
728 1307 800 1333 aliud
814 1316 875 1341 pro-

74 1345 193 1379 positum
211 1343 295 1371 fuisse
311 1345 452 1372 videatur?
477 1346 549 1378 Quae
567 1355 608 1372 res
625 1346 657 1372 ad
673 1354 765 1371 necem
782 1346 875 1371 Porse-

75 1390 124 1408 nae
144 1381 174 1408 C.
196 1382 317 1408 Mucium
338 1383 447 1417 impulit
466 1384 525 1409 sine
546 1383 599 1409 ulla
616 1391 663 1418 spe
679 1382 774 1409 salutis
793 1380 876 1409 suae?

74 1418 147 1451 Quae
160 1420 201 1445 vis
210 1419 338 1446 Coclitem
350 1425 439 1447 contra
451 1429 545 1448 omnes
557 1421 675 1447 bostium
687 1421 777 1455 copias
790 1420 875 1446 tonuit

74 1457 102 1482 in
123 1461 202 1491 ponte
217 1457 324 1483 solum?
344 1466 413 1493 quae
432 1463 534 1494 patrem
550 1459 675 1489 Decium,
698 1467 767 1493 quae
789 1458 874 1483 lilium

75 1493 212 1520 devotavit
227 1499 306 1530 atque
323 1496 438 1523 immisit
453 1498 480 1523 in
500 1501 614 1523 armatas
632 1495 750 1523 hostiurn
767 1494 876 1529 copias?

74 1530 146 1563 Quid
157 1532 320 1558 continentia
333 1533 362 1559 C.
374 1533 504 1564 Fabricii,
521 1534 589 1569 quid
602 1535 718 1560 tenuitas
730 1534 817 1560 victus
830 1533 873 1558 Μ’,

74 1568 149 1595 Curii
160 1569 342 1604 sequebatur?
353 1570 423 1602 Quid
436 1571 490 1597 duo
502 1571 704 1607 propugnacula
716 1571 779 1597 belli
792 1570 876 1597 Puni-

73 1607 108 1637 ci,
122 1605 170 1632 Cn.
183 1611 209 1632 et
222 1607 250 1633 P.
264 1607 417 1642 Scipiones,
434 1610 481 1643 qui
494 1609 761 1644 Karthaginiensium
773 1609 875 1635 adven-

74 1648 130 1670 tum
137 1644 296 1678 corporibus
303 1645 604 1672 suisintercludendum
617 1646 797 1680 putaverunt?
808 1645 874 1681 quid

74 1680 217 1707 Africanus
234 1681 336 1708 maior?
356 1683 423 1717 quid
439 1682 544 1710 minor?
563 1683 630 1718 quid
643 1684 712 1710 inter
722 1683 819 1710 horum
831 1691 875 1709 ae-

74 1722 140 1744 tates
152 1719 308 1746 interiectus
318 1720 400 1746 Cato?
418 1720 486 1755 quid
499 1720 712 1747 innumerabiles
724 1720 788 1747 alii‘?
802 1721 874 1756 (nam

74 1755 230 1782 domesticis
251 1757 385 1792 exemplis
406 1758 604 1793 abundamusz)
624 1759 770 1793 cogitasse,
793 1759 875 1793 quid-

73 1801 154 1827 quam
171 1794 199 1820 in
216 1794 269 1820 vita
285 1795 338 1821 sibi
355 1795 551 1830 expetendum,
573 1796 626 1822 nisi
647 1795 720 1830 quod
740 1795 875 1824 laudabile

74 1835 145 1857 esset
155 1835 181 1857 et
191 1831 370 1866 praeclarum,
384 1832 528 1860 videntur‘?
549 1833 591 1859 111.
612 1835 650 1859 ⁴3.
667 1833 781 1860 Veniant
793 1834 876 1869 igitur

74 1868 118 1893 isti
130 1868 252 1894 irrisores
264 1869 346 1896 huius
357 1871 485 1896 orationis
496 1879 527 1897 ac
543 1870 704 1897 sententiae:
727 1875 754 1897 et
767 1871 820 1897 iam
832 1871 874 1898 vel

73 1905 127 1939 ipsi
144 1905 277 1937 iudicent,
294 1911 384 1932 utrum
400 1915 429 1933 se
443 1907 539 1934 horum
551 1906 681 1938 alicuius,
698 1908 746 1943 qui
759 1917 876 1936 marmo-

74 1943 126 1968 reis
138 1943 229 1974 tectis,
243 1943 322 1970 ebore
334 1948 360 1970 et
371 1952 435 1970 auro
447 1943 630 1980 fulgentibus,
648 1945 696 1979 qui
708 1945 809 1979 signis,
827 1947 874 1981 qui

74 1979 188 2011 tabulis,
211 1981 259 2014 qui
279 1980 380 2007 caelato
395 1989 460 2008 auro
475 1986 501 2008 et
515 1986 639 2017 argento,
661 1982 708 2016 qui
726 1982 874 2010 Corinthiis

74 2017 203 2052 operibus
218 2018 369 2049 abundant,
389 2028 421 2045 an
437 2019 467 2045 C.
484 2018 614 2049 Fabricii.
633 2020 680 2053 qui
697 2019 765 2045 nihil
781 2028 874 2047 eorum

74 2054 182 2086 habuit,
197 2054 264 2081 nihil
278 2055 377 2081 habere
389 2055 488 2088 voluit,
502 2055 607 2082 similes
618 2064 677 2082 esse
689 2056 802 2083 malint‘?
833 2059 873 2084 Μ.

74 2091 161 2127 Atque
177 2091 242 2119 haec
257 2092 384 2128 quidem,
401 2102 466 2127 quaa
479 2095 552 2119 modo
563 2095 619 2121 Ιιιιο,
630 2095 704 2119 modo
714 2095 776 2120 illuc
788 2099 872 2120 trans-

72 2132 205 2162 feruntur,
220 2132 297 2163 sucile
306 2133 402 2157 adduci
412 2132 504 2161 solent,
522 2135 549 2157 ut
563 2133 590 2157 in
600 2132 676 2156 rebus
686 2132 758 2157 bonis
768 2140 820 2158 essa
831 2140 874 2157 ne-

72 2171 144 2200 qent:
161 2166 229 2193 illud
241 2171 329 2194 tamen
342 2172 412 2194 arcte
425 2172 514 2194 tenent
526 2172 702 2202 iiccurathue
714 2167 872 2199 defendunt,

72 2205 228 2237 voluptatem
242 2213 294 2231 esse
308 2213 433 2231 suvnmum
450 2208 549 2232 bonum.
588 2204 662 2237 Quae
677 2205 788 2240 quidem
806 2206 874 2232 milii

73 2250 127 2268 vox
140 2244 265 2274 pecudum
275 2244 377 2268 videtur
392 2251 456 2272 osse,
476 2251 525 2268 non
536 2244 674 2269 hominum.
714 2243 769 2274 Tu,
788 2251 874 2277 quum

73 2278 123 2305 tibi
134 2279 192 2305 sivo
203 2278 280 2310 deus,
288 2279 347 2306 sive
359 2284 451 2310 mater,
460 2280 529 2306 utita
544 2279 642 2310 dicam,
651 2288 740 2306 rerum
751 2281 873 2306 omnium

73 2320 168 2342 natura
204 2316 308 2343 dederit
327 2317 462 2348 animum,
485 2325 539 2351 quo
555 2316 623 2343 nihil
640 2321 680 2343 est
695 2318 874 2351 praestantius

73 2361 161 2388 neque
173 2353 309 2383 divinius,
327 2354 367 2380 sic
383 2359 407 2380 to
422 2355 479 2388 ipsc
491 2354 603 2380 abiicies
619 2359 698 2389 atque
711 2360 872 2389 prosternes,

72 2394 103 2417 ut
114 2390 181 2417 nihil
196 2391 263 2417 inter
275 2395 298 2417 te
310 2395 389 2425 atquo
401 2391 606 2426 quadrupedem
620 2391 739 2426 aliquam
747 2393 874 2426 patasin-

72 2427 192 2454 teresse?
211 2428 403 2463 Quidquamno
415 2428 516 2455 bonum
528 2433 576 2459 cst,
590 2428 663 2463 quod
676 2438 726 2454 nou
739 2437 812 2460 euni,
825 2430 873 2464 qui

73 2465 101 2491 id
113 2465 247 2500 possidet,
266 2465 404 2492 meliorem
417 2465 497 2493 facit‘?
521 2467 559 2492 45.
579 2466 611 2492 Ut
621 2466 694 2492 enim
706 2466 823 2500 quisque
834 2471 874 2493 est

73 2503 191 2529 maxime
201 2502 264 2529 boni
277 2503 420 2538 particeps,
437 2504 472 2530 ita
484 2508 510 2529 et
522 2502 666 2529 laudabilis
678 2503 811 2529 maxime:
829 2513 873 2529 m·-

72 2549 121 2574 que
130 2545 166 2566 est
175 2542 257 2567 ullum
268 2543 366 2571 bonum,
382 2543 412 2567 de
423 2550 472 2574 quo
483 2549 532 2567 non
544 2542 577 2569 is,
590 2543 635 2574 qui
647 2542 672 2566 id
682 2542 785 2568 habant.
797 2542 873 2566 hona-

71 2582 108 2604 ste
117 2580 197 2610 possit
207 2579 327 2611 qloriari.
365 2577 437 2610 Quid
449 2583 537 2604 autem
549 2582 590 2603 est
601 2577 696 2604 luorum
710 2577 736 2603 in
749 2576 873 2612 volupta-

73 2613 116 2641 te‘?
135 2614 308 2642 Melioremne
327 2614 411 2641 efficit
426 2621 472 2642 aut
488 2614 692 2641 laudabiliorem
709 2614 816 2641 virum?
838 2623 871 2641 an

72 2652 218 2688 quisquam
235 2652 263 2679 in
278 2652 417 2687 potiundis
429 2652 614 2688 voluptatibus
625 2651 765 2688 gloriando
776 2660 835 2679 sose
847 2657 873 2679 et
894 2669 897 2676 ι

1285 121 1294 146 1
1314 136 1349 140 —
1371 122 1421 147 111.
1655 127 1716 151 ⁴272:

926 187 1122 221 praedicatione
1134 189 1223 216 effert?
1234 191 1315 225 Atqui
1327 192 1350 217 si
1363 191 1493 226 voluptas,
1507 201 1575 227 quae
1588 194 1717 228 plurimov

927 233 985 250 rum
1003 227 1158 259 patrociniis
1173 226 1338 259 defenditur,
1362 229 1388 255 in
1405 229 1486 255 rebus
1502 230 1579 256 bonis
1597 231 1717 258 habenda

927 270 979 288 non
991 268 1044 295 cst,
1068 272 1165 298 eaque,
1183 273 1232 298 quo
1247 270 1282 291 est
1295 269 1383 296 maior,
1397 275 1424 291 eo
1436 270 1516 300 magis
1526 274 1628 294 mentem
1645 278 1656 294 e
1671 279 1717 295 sua

926 302 982 324 sede
996 305 1018 326 et
1033 305 1102 326 stulu
1117 304 1238 331 demovet,
1261 302 1377 336 profecto
1394 304 1461 329 nihil
1477 310 1516 331 est
1530 305 1603 331 aliud
1616 306 1683 332 bene
1694 312 1718 332 ct

929 336 1002 363 beate
1016 338 1116 369 vivere,
1130 339 1182 365 nisi
1196 339 1305 366 honeste
1317 345 1342 366 et
1352 345 1421 366 recte
1433 342 1532 368 vivere.

1149 460 1428 488 PARADOXON
1462 463 1492 488 11.

996 504 1050 530 Ὅτι
1064 504 1192 540 αὐτάρκη,-
1204 506 1217 539 ἣ
1229 506 1306 541 ἀρετὴ
1318 508 1383 541 πρὸς
1395 508 1571 542 εὐδαιμονίην.

1002 541 1031 566 In
1042 551 1091 574 quo
1102 545 1184 568 virtus
1194 546 1234 571 sit.
1251 546 1273 569 ei
1286 546 1348 570 nihil
1359 548 1441 571 deesse
1451 548 1485 571 ad
1497 548 1565 571 beate
1576 549 1717 572 virentium.

984 588 1022 613 ⁴6.
1051 588 1105 613 Nec
1126 598 1188 615 vero
1202 598 1251 625 ego
1267 590 1300 616 M.
1317 590 1448 625 Regulum
1466 599 1654 616 aerumnosum
1672 600 1719 617 nec

928 623 1062 651 infelicem
1079 634 1127 651 nec
1143 628 1270 653 miserum
1288 636 1415 662 umquam
1432 630 1534 662 putavi.
1576 629 1632 654 Non
1647 630 1719 654 enim

928 662 1084 697 magnitudo
1104 664 1187 689 animi
1209 665 1268 690 eius
1284 665 1488 691 excruciabatur
1503 674 1516 690 a
1537 666 1643 691 Poenis.
1669 675 1719 692 non

926 700 1058 733 gravitas,
1075 709 1126 726 non
1145 701 1224 732 tides,
1242 711 1292 728 non
1309 703 1469 730 constantia.
1488 712 1538 729 non
1556 703 1609 728 ulla
1624 704 1717 731 virtus,

927 744 979 762 non
991 737 1107 772 denique
1119 739 1226 765 animus
1238 739 1309 774 ipse:
1323 740 1379 774 qui,
1394 744 1430 766 tot
1444 741 1573 766 virtutum
1587 740 1720 774 praesidio

927 778 1052 808 tantoque
1063 776 1204 806 comitatu,
1221 785 1306 811 quum
1318 785 1414 811 corpus
1426 778 1485 803 eius
1496 782 1647 811 caperetur,
1661 779 1719 811 capi

926 815 996 837 certe
1007 812 1064 846 ipse
1076 821 1127 838 non
1140 814 1234 847 potuit.
1273 814 1303 839 C.
1321 822 1383 839 vero
1395 814 1507 840 Marium
1520 814 1654 842 vidimus,
1672 815 1719 849 qui

927 848 995 874 mihi
1011 849 1137 875 secundis
1152 850 1232 876 rebus
1249 859 1319 877 unus
1336 860 1369 877 ex
1391 850 1531 877 fortunatis
1552 851 1718 879 bominibus,

927 885 1048 912 adversis
1060 895 1131 912 unus
1143 896 1176 913 ex
1187 889 1302 913 summis
1315 889 1380 914 viris
1388 888 1542 914 videbatur:
1557 889 1721 922 qnobeauus

927 931 985 949 esse
998 923 1102 950 mortali
1114 924 1181 950 nibil
1195 930 1289 959 potest.
1332 926 1371 951 Π.
1388 926 1489 956 Nescis,
1507 926 1608 955 insane,
1623 927 1719 955 nescis,

926 965 1041 995 quantas
1057 962 1128 987 vires
1143 962 1230 988 virtus
1246 962 1355 995 habeat,
1380 972 1474 989 nomen
1491 968 1592 989 tantum
1615 964 1721 989 virtutis

927 1006 1056 1033 usurpas:
1073 998 1140 1033 quid
1152 1000 1209 1033 ipsa
1222 999 1316 1029 valeat,
1330 1001 1446 1035 ignoras.
1480 1001 1562 1026 Nemo
1574 1006 1657 1034 potest
1671 1010 1721 1026 non

927 1036 1102 1062 beatissimus
1113 1045 1185 1067 esse,
1204 1037 1252 1071 qui
1266 1042 1305 1063 est
1316 1042 1385 1063 totus
1397 1043 1475 1072 aptus
1486 1046 1519 1063 ex
1531 1046 1602 1067 sese.
1620 1039 1722 1072 quique

927 1074 954 1099 in
966 1082 994 1099 se
1004 1082 1058 1099 uno
1069 1082 1116 1099 sua
1128 1074 1202 1108 ponit
1213 1075 1313 1100 omnia.
1353 1075 1403 1101 Cui
1416 1084 1476 1109 spes
1488 1075 1575 1100 omnis
1587 1080 1611 1100 et
1623 1075 1687 1100 ratio
1699 1080 1724 1100 et

927 1111 1051 1145 cogitatio
1062 1111 1162 1145 pendet
1173 1120 1207 1137 ex
1219 1111 1336 1143 fortuna,
1351 1112 1414 1138 huic
1427 1112 1494 1138 nibil
1506 1117 1591 1146 potest
1601 1121 1658 1138 esse
1666 1120 1724 1137 cer-

928 1150 961 1179 ti,
978 1148 1060 1179 nihil,
1078 1148 1150 1183 quod
1163 1148 1331 1183 exploratum
1345 1149 1440 1176 babeat
1454 1158 1659 1184 permansurum
1671 1149 1723 1174 sibi

927 1194 1012 1212 unum
1024 1186 1107 1212 diem.
1148 1186 1216 1212 Eum
1229 1191 1256 1212 tu
1270 1187 1405 1213 hominem
1418 1192 1526 1217 terreto,
1544 1188 1566 1213 si
1579 1196 1658 1222 quem
1671 1187 1724 1211 eris

928 1228 1031 1255 nactus,
1045 1224 1104 1249 istis
1117 1223 1209 1249 mortis
1221 1228 1265 1249 aut
1276 1224 1366 1250 exsilii
1379 1225 1473 1250 minis!
1491 1224 1556 1250 Mihi
1570 1233 1632 1250 vcro
1643 1223 1724 1258 quid-

927 1261 993 1296 quid
1016 1261 1142 1287 acciderit
1161 1261 1188 1286 in
1206 1266 1257 1287 tam
1278 1261 1380 1296 ingrata
1396 1262 1517 1291 civitate,
1542 1270 1574 1287 ne
1591 1261 1724 1287 recusanti

927 1299 1038 1333 quidem
1054 1299 1186 1329 evenerit,
1211 1307 1262 1324 non
1277 1298 1356 1325 morlo
1373 1307 1423 1325 non
1441 1299 1611 1333 repugnanti.
1652 1297 1723 1330 Quid

927 1337 999 1363 enim
1010 1344 1059 1371 ego
1071 1336 1199 1366 laboravi,
1216 1340 1261 1362 aut
1271 1336 1338 1371 quid
1348 1337 1400 1371 egi,
1415 1337 1497 1362 autin
1510 1344 1563 1370 quo
1575 1335 1725 1369 evigilave-

927 1378 989 1400 runt
998 1382 1076 1400 curae
1088 1378 1113 1400 et
1124 1374 1298 1408 cogitationes
1309 1382 1392 1404 meae,
1405 1374 1428 1399 si
1439 1373 1549 1408 quidem
1563 1373 1630 1399 nihil
1642 1380 1725 1407 pepe-

927 1411 1021 1442 ritule,
1035 1411 1102 1437 nihil
1113 1415 1274 1437 consecutus
1285 1420 1355 1440 sum,
1370 1416 1439 1437 uteo
1450 1415 1520 1437 statu
1532 1419 1628 1439 essem,
1642 1418 1724 1444 quem

928 1458 1014 1484 neque
1030 1448 1149 1475 fortunae
1165 1449 1313 1478 temeritas,
1332 1456 1419 1482 neque
1436 1449 1606 1474 inimicorum
1625 1446 1725 1473 labefa-

927 1491 1008 1512 vtaret
1020 1485 1136 1512 iniuria‘?
1152 1487 1191 1512 ⁴8.
1205 1485 1428 1511 Mort‹·n1nemihi
1441 1486 1583 1515 minitaris,
1597 1490 1625 1510 ut
1636 1485 1724 1510 omni-

928 1533 961 1551 no
975 1523 1265 1554 abhominibus,—-an
1278 1521 1725 1557 exsilium,utabimprobisdenii-

927 1561 1059 1597 grandum
1072 1561 1124 1588 sit‘?
1139 1562 1208 1587 Mors
1221 1561 1349 1587 terribilis
1360 1565 1399 1586 ost
1411 1561 1457 1588 iis,
1470 1569 1584 1595 quorum
1597 1568 1658 1585 cum
1672 1560 1723 1585 vita

927 1600 1016 1626 omnia
1028 1600 1252 1635 exstinguuntur2
1267 1607 1318 1624 non
1331 1599 1374 1627 iis,
1383 1607 1497 1632 (piorum
1507 1598 1564 1623 laus
1576 1597 1659 1622 emori
1673 1604 1723 1622 non

928 1642 1026 1672 potest:
1041 1636 1169 1663 exsilium
1182 1640 1269 1662 autem
1282 1635 1540 1670 illis,quibusquasi
1552 1634 1725 1660 circumscri-

928 1679 989 1709 ptus
1004 1679 1043 1700 cst
1059 1673 1198 1700 habitandi
1213 1673 1299 1705 locus,
1319 1681 1370 1699 non
1388 1673 1434 1702 iis,
1452 1673 1499 1707 qui
1514 1680 1620 1698 omnem
1632 1671 1724 1697 orbem

928 1717 1057 1738 terrarum
1070 1720 1150 1738 unam
1162 1711 1256 1736 urbem
1266 1718 1324 1736 esse
1339 1710 1450 1736 ducunt.
1491 1710 1527 1735 Tc
1545 1709 1682 1735 miseriae.
1701 1714 1724 1733 te

927 1757 1070 1775 aerumnae
1083 1752 1222 1783 premunt,
1235 1749 1281 1782 qui
1295 1752 1318 1773 te
1331 1747 1452 1776 beatum,
1466 1748 1512 1782 qui
1526 1746 1661 1772 florentem
1675 1754 1725 1780 pu-

928 1792 980 1813 tas:
995 1792 1054 1813 tuae
1067 1786 1195 1812 libidines
1208 1790 1231 1811 te
1244 1790 1379 1819 torquent:
1398 1789 1424 1810 tu
1437 1785 1495 1810 dics
1508 1789 1652 1818 noa-tesqua
1663 1792 1725 1808 cru-

927 1825 1020 1855 ciaris,
1037 1824 1081 1850 cui
1093 1832 1140 1850 nec
1152 1829 1191 1849 sat
1203 1828 1255 1852 cst.
1273 1822 1345 1857 quod
1357 1826 1410 1852 cst,
1424 1827 1461 1849 ct.
1481 1822 1506 1848 id
1523 1823 1612 1856 ipsum
1629 1830 1660 1846 nc
1673 1830 1723 1846 non

927 1862 962 1888 sit
973 1861 1143 1891 diuturnum,
1157 1861 1248 1887 times:
1266 1864 1289 1885 te
1301 1860 1479 1885 conscientiae
1491 1858 1630 1885 stimulant
1642 1858 1725 1884 male-

929 1899 1049 1925 ficiorum
1068 1903 1189 1925 tuorum:
1205 1902 1228 1923 te
1240 1900 1328 1922 metus
1337 1897 1489 1923 exanimant
1508 1896 1668 1922 iudiciorum
1686 1901 1725 1920 at-

927 1945 980 1971 que
996 1936 1099 1971 legum:
1116 1943 1288 1970 quocumque
1300 1934 1442 1969 aspexisti,
1463 1939 1490 1959 ut
1503 1933 1600 1960 suriae.
1615 1934 1653 1959 sic
1666 1938 1724 1959 tuae

928 1974 976 2000 tibi
988 1978 1132 1999 occurrunt
1144 1973 1272 2002 iniuriae,
1295 1980 1363 2006 quae
1376 1977 1400 1998 tc
1412 1972 1542 2005 respirare
1558 1980 1608 1996 non
1621 1971 1722 1996 sinunt.

930 2013 968 2037 ⁴9.
991 2010 1181 2043 Quamobrem,
1195 2015 1223 2036 ut
1235 2009 1356 2043 improbo
1367 2015 1392 2036 et
1402 2008 1483 2035 stulto
1496 2014 1519 2034 et
1534 2009 1610 2034 inerti
1624 2008 1724 2033 nemini

928 2049 995 2075 bene
1007 2056 1065 2073 osse
1078 2052 1163 2082 potest
1172 2068 1177 2077 ,
1191 2047 1230 2072 sic
1242 2047 1328 2072 bonus
1342 2048 1382 2073 vir
1393 2051 1418 2073 et
1430 2046 1504 2072 [ortis
1518 2051 1542 2071 et
1554 2047 1661 2079 sapiens
1674 2046 1725 2070 mi—

927 2094 970 2111 scr
980 2093 1039 2111 esse
1052 2093 1102 2110 non
1115 2089 1210 2119 potest.
1255 2084 1304 2110 xvc
1318 2093 1389 2111 vcro,
1414 2087 1485 2109 curius
1503 2086 1584 2109 virtus
1596 2091 1725 2115 nmrvsquc

928 2124 1052 2149 latulnmla·
1063 2127 1129 2150 sunl.
1145 2124 1199 2147 eius
1210 2130 1259 2146 uon
1271 2122 1402 2147 laudanda
1415 2124 1465 2146 rim
1477 2125 1527 2145 ‹·s1.·
1549 2128 1635 2153 ιιι-«μω
1648 2128 1724 2152 porro

927 2158 1055 2195 fugienda
1072 2159 1138 2188 vita,
1161 2167 1230 2192 quae
1247 2157 1379 2184 laudanda
1395 2162 1444 2184 est.
1486 2158 1560 2183 Esset
1577 2162 1664 2181 auwm
1682 2156 1723 2180 [ιι-

926 2196 1038 2232 gieuda,
1056 2196 1079 2221 si
1091 2199 1161 2221 essct
1173 2196 1279 2221 misera.
1321 2195 1515 2226 Quamobrem.
1533 2193 1667 2228 quidquid
1684 2198 1723 2218 cst

928 2233 1076 2263 laudabile.
1097 2232 1168 2259 idem
1184 2236 1209 2258 et
1225 2232 1332 2258 beatum
1349 2237 1374 2258 et
1391 2231 1486 2258 llorens
1502 2237 1525 2257 el
1542 2230 1721 2265 expetendum

927 2271 1012 2297 videri
1025 2270 1114 2296 delict.

1142 2364 1420 2391 lktuauuon
1452 2365 1502 2390 lll.

995 2421 1047 2446 Ὅτι
1061 2421 1105 2446 lim
1119 2420 1147 2445 rr'r
1160 2419 1333 2455 ¹'‘,¹¹¹¹¹„¹'¹).¹¹‘¹¹¹¹
1345 2419 1387 2444 καὶ
1403 2418 1430 2443 rc'r
1442 2418 1649 2451 xaropflnijmm.

1000 2458 1124 2490 Aequum!
1138 2466 1190 2483 esst·
1199 2460 1304 2490 pvvctllss
1316 2460 1338 2481 ’Ὗ
1350 2460 1415 2481 recto
1425 2458 1504 2487 [urla.

983 2504 1001 2529 l.
1023 2504 1064 2529 ΞΟ.
1089 2503 1184 2530 I'urt-n,
1212 2502 1312 2536 inquis,
1336 2510 1375 2526 rrs
1395 2505 1436 2526 rsl.
1462 2501 1494 2526 ,tt
1514 2508 1608 2533 nnuma
1630 2498 1708 2533 culpa

927 2541 979 2566 Nec
990 2540 1062 2566 euim
1077 2545 1182 2574 peccata
1195 2547 1283 2565 rerum
1295 2543 1406 2565 eventu.
1429 2537 1475 2562 sed
1495 2538 1567 2562 vitiis
1580 2536 1719 2562 lnuninum

926 2576 1058 2604 metienda
1070 2582 1143 2603 suut.
1184 2577 1211 2602 ln
1223 2585 1276 2610 quo
1288 2580 1423 2610 peccatur.
1443 2574 1469 2600 id
1483 2578 1567 2608 potest
1583 2573 1656 2599 aliud
1669 2572 1721 2599 alio

926 2615 1012 2640 maius
1027 2623 1085 2640 esse
1099 2619 1144 2640 aut
1161 2614 1263 2639 iniuus:
1289 2615 1377 2647 ipsum
1393 2611 1504 2647 quidem
1523 2610 1588 2637 illud
1604 2619 1717 2644 μυιϊανιν.

923 2660 1034 2687 quoquo
1045 2652 1170 2681 verteris,
1189 2659 1272 2677 {tuum
1284 2655 1333 2677 est.
1375 2650 1439 2676 Auri
1452 2657 1548 2676 navem
1559 2653 1659 2675 evertat
1669 2655 1720 2683 gu-
