1941 3052
223 123 271 147 oo:
792 123 847 147 100.

224 192 291 218 ineis
313 192 471 217 iniat-rviam
488 191 560 216 ruri«
572 196 611 216 est
624 198 674 216 una
689 190 787 219 levata.
810 192 847 220 si,
867 196 894 217 ut
906 191 1013 222 scribis,

224 230 272 255 iun
298 229 429 254 hommum
455 228 533 253 lidvui
555 232 579 253 vt
601 227 697 253 saritam
721 237 806 253 [ιιι-,πη
830 229 897 254 tueri
920 233 1014 263 [uite-st,

222 275 304 301 quam
326 266 435 300 quido-ui
454 269 476 290 u·
495 264 614 297 intelligo
630 265 709 290 ctiam
726 265 783 291 sim·
801 265 946 291 hereditate
962 266 1016 291 tuis

221 303 320 338 opilius
337 302 510 328 ‹lt-sensurum
529 300 621 327 fuisse.
653 304 677 328 2.
701 303 735 327 Di·
749 302 808 327 dott-
822 302 894 337 quod
906 302 1013 332 scribis,

223 350 270 375 por
280 349 372 365 omnes
390 339 453 364 cleos
469 343 492 363 tc
502 338 627 369 obtestor,
643 344 669 365 ut
681 344 760 365 totam
773 340 1017 374 r‹·1ususripias,et

225 378 296 404 illuni
315 377 439 402 mist-rain
456 384 513 401 nica
529 375 608 410 culpa
624 381 648 402 et
665 376 826 411 negligentia
844 382 933 402 tut-are
949 377 1016 403 meis

221 414 333 449 opilius.
355 414 378 439 si
399 421 468 447 quae
489 417 564 443 suut,
592 413 658 443 tuis,
681 413 783 448 quibus
804 414 852 440 tibi
874 413 1014 440 molestum

223 460 273 477 nou
294 450 355 480 erit,
381 449 566 476 facultatibus:
600 451 643 476 ciii
665 450 776 485 quidem
801 451 894 477 deesse
914 452 1012 481 omnia,

221 487 292 523 quod
314 487 424 517 scribis,
446 487 557 513 obsecro
578 491 615 518 te,
639 487 691 513 noli
712 489 776 522 pati.
818 489 845 514 ln
861 497 929 523 quos
943 489 1014 514 enim

221 529 347 559 sumptus
368 524 468 550 abeunt
484 524 586 550 l'rurtus
602 525 790 559 praediorum?
821 526 873 551 lam
892 525 934 551 illa
953 526 1016 551 tt-S

220 570 270 593 Lx,
288 571 357 596 quae
373 561 484 591 scribis,
503 571 581 588 nemo
591 562 658 588 milii
671 571 799 597 uinquam
811 563 894 592 dixit.
911 571 943 589 ex
956 563 1015 589 ‹lote

221 608 280 625 esse
299 599 429 625 detracta:
458 608 606 633 numquam
622 599 693 625 enim
709 608 797 626 essem
815 609 921 634 passus,
963 600 1014 626 Sed

222 637 286 662 liaeo
307 636 418 662 minima
432 641 516 662 estex
528 637 560 662 iis
573 637 689 666 iniuriis,
703 645 770 671 quas
782 638 885 672 accepi:
909 637 941 663 de
953 638 1015 672 qui-

222 674 272 700 bus
284 673 317 699 ad
330 678 353 699 te
365 673 455 699 dolore
466 678 491 699 ct
504 673 621 699 lacrimis
632 674 750 700 scribere
762 675 915 709 prohibt-or.
938 677 962 701 3.
977 675 1015 701 Ex
1044 687 1045 694 ι

1044 711 1045 720 1

220 720 249 737 ca
267 711 389 746 pecunia,
407 719 476 745 quae
493 710 543 736 fuit
560 711 585 737 in
598 712 669 741 Asia,
690 717 791 746 partem
806 712 948 738 dimidiam
962 711 1015 738 sere

219 749 309 781 exegi.
335 748 431 774 Tutius
444 747 586 774 videbatur
598 748 652 774 lore
665 748 711 780 ibi,
726 749 772 775 ubi
784 754 832 780 est,
846 758 927 784 quam
943 749 1013 784 apud

220 785 390 821 publicanos.
431 785 507 817 Quod
525 794 565 811 me
583 785 703 816 hortaris,
723 791 751 812 ut
763 786 838 813 firmo
850 788 901 813 sim
914 787 1012 817 animo,

220 822 318 849 vellem
340 830 433 857 posses
453 822 556 857 aliquid
568 823 673 853 afferre,
697 824 873 858 quamobrem
887 824 912 850 id
930 823 1014 850 sat-erc

220 869 338 895 possem.
379 859 431 885 Sed
453 860 476 885 si
497 860 530 886 ad
551 865 650 886 ceteras
669 861 792 887 miserias
808 862 919 888 accessit
935 862 1013 887 etiam

220 897 257 927 id,
271 897 342 932 quod
355 897 422 923 milii
433 897 603 933 Chrysippus
614 897 683 924 dixit
695 899 790 932 parari,
800 900 837 933 (tu
849 898 916 925 nihil
929 899 1015 934 signi-

220 934 327 967 ticam)
347 934 380 960 de
400 934 492 967 domo;
524 935 587 969 quis
607 943 649 961 me
671 936 793 961 miserior
809 945 861 962 uno
878 937 929 962 iam
948 935 1015 962 suit'?

219 971 285 1002 Oro,
307 971 432 1003 obsecro,
451 972 572 1007 ignosce:
597 981 647 998 non
665 981 775 1007 possum
792 973 868 1007 plura
885 973 1012 999 scribere.

219 1008 323 1040 Quanto
335 1017 452 1035 maerore
463 1017 568 1044 urgear,
585 1009 701 1044 prolecto
714 1010 800 1036 vides.
840 1010 916 1042 Quod
928 1011 950 1036 si
963 1011 1014 1036 mi-

220 1045 248 1072 hi
259 1055 402 1072 commune
415 1055 477 1072 cum
488 1047 583 1072 ceteris
594 1052 672 1077 esset,
686 1048 734 1081 qui
745 1047 871 1074 videntur
882 1049 908 1074 in
920 1048 1013 1074 eadem

218 1091 313 1109 caussa
334 1092 406 1114 esse,
424 1084 511 1110 minor
522 1092 579 1109 mea
591 1084 670 1118 culpa
683 1084 826 1115 videretur,
841 1089 866 1111 et
877 1093 907 1111 eo
919 1084 1014 1111 tolera-

219 1120 300 1146 bilior
319 1125 402 1153 esset3
434 1129 506 1147 nunc
521 1121 588 1147 nihil
605 1126 658 1152 est,
681 1121 753 1156 quod
768 1122 933 1154 consoletur;
960 1123 1013 1149 nisi

218 1157 285 1192 quid
298 1162 325 1184 tu
336 1157 430 1188 efficis,
449 1158 472 1184 si
484 1157 563 1184 modo
574 1159 654 1184 etiam
666 1167 738 1185 nunc
749 1158 821 1185 ellici
832 1164 928 1193 potest,
942 1164 970 1186 ut
982 1168 1014 1185 ne

218 1203 271 1229 qua
283 1195 415 1231 singulari
427 1195 528 1221 afficiar
539 1194 688 1221 calamitate
700 1200 725 1222 et
736 1196 845 1222 iniuria.
863 1197 887 1222 4.
899 1196 1014 1223 Tardius

218 1232 251 1258 ad
267 1237 291 1258 te
307 1233 400 1258 remisi
416 1232 594 1262 tabellarium,
611 1232 683 1267 quod
699 1238 815 1267 potestas
827 1234 950 1260 mittendi
962 1243 1014 1260 non

218 1269 279 1295 tuit.
320 1270 340 1295 Α
362 1270 415 1296 tuis
439 1274 464 1295 et
480 1278 653 1296 nummorum
670 1271 760 1305 accepi
773 1270 836 1297 t1-S
848 1279 913 1302 Lxx,
931 1276 956 1297 et
968 1280 1015 1297 ve-

217 1307 404 1333 stimentorum
420 1307 492 1341 quod
507 1315 576 1341 opus
593 1306 653 1333 suit.
693 1307 800 1340 Quibus
815 1308 864 1334 tibi
877 1308 1015 1335 videbitur

218 1343 300 1369 velim
315 1343 362 1370 des
379 1343 478 1370 litteras
495 1353 554 1370 meo
568 1345 686 1370 nomine.
727 1345 802 1371 Nosti
814 1354 887 1372 meos
897 1345 1015 1372 santilia-

218 1389 270 1407 res
311 1381 426 1417 Signum
447 1382 584 1416 requirent
599 1387 644 1408 aut
655 1390 780 1409 manum:
813 1382 887 1409 dices
899 1392 941 1410 me
952 1392 1015 1418 pro-

218 1423 276 1452 pter
287 1418 422 1445 custodias
433 1427 462 1445 ea
476 1420 584 1445 vitasse.

270 1482 309 1503 ΙΙΙ.
334 1484 363 1507 (lu
373 1484 458 1507 Pompeii
469 1485 623 1506 casui-,camme
634 1487 658 1503 11.
669 1488 699 1503 δυι
707 1492 725 1504 v.
738 1486 764 1503 lan

769 1493 818 1503 ttt'ltss

401 1518 569 1546 CICERO
600 1520 767 1548 ATTICO
797 1521 825 1547 S.

275 1556 297 1581 l.
320 1551 399 1587 Quid
418 1556 461 1582 hic
473 1562 575 1591 agatur,
593 1559 661 1584 scire
673 1559 773 1593 poteris
785 1567 819 1584 ex
829 1567 869 1589 eo,
883 1559 930 1594 qui
944 1558 1014 1585 litte-

216 1601 258 1618 ras
270 1592 371 1619 attulit:
394 1602 475 1628 quem
486 1594 590 1621 diutius
602 1596 685 1626 tenui,
699 1596 762 1630 quia
775 1595 896 1630 quotidie
908 1595 1012 1631 aliquid

216 1630 279 1656 novi
291 1631 528 1665 exspectabamus-3
545 1641 633 1667 neque
644 1641 715 1659 nunc
727 1633 850 1659 mittendi
863 1637 950 1659 tamen
958 1633 1012 1659 ulla

215 1675 310 1693 caussa
323 1666 382 1697 fuit,
399 1674 502 1702 praeter
514 1677 581 1700 eam,
594 1669 628 1696 de
639 1678 692 1705 qua
705 1670 754 1696 tibi
766 1670 878 1696 rescribi
891 1670 1010 1697 voluisti.

214 1704 291 1736 Quod
308 1704 340 1730 ad
357 1705 416 1731 Kal.
433 1705 524 1738 Quint.
543 1707 665 1741 pertinet,
684 1707 750 1742 quid
768 1707 879 1739 vellem;
906 1712 1012 1733 utrum-

215 1750 268 1775 que
286 1750 368 1776 grave
384 1747 437 1773 est,
459 1748 485 1769 et
501 1748 553 1769 tam
569 1745 647 1779 gravi
661 1749 779 1779 tempore
789 1744 941 1779 periculum
953 1750 1012 1771 tan-

215 1783 256 1805 tae
272 1780 411 1813 pecuniae,
429 1784 463 1810 et,
481 1780 565 1807 dubio
576 1790 665 1807 rerum
676 1782 760 1812 exitu,
778 1782 838 1812 ista,
850 1790 932 1816 quam
943 1782 1012 1808 scri—

214 1815 270 1845 bis,
290 1816 424 1851 abruptio.
464 1816 564 1849 Quare,
583 1823 612 1845 ut
627 1818 692 1849 alia,
713 1819 752 1845 sic
768 1818 818 1845 hoc
834 1818 876 1844 vel
893 1819 1010 1845 maxime

214 1857 275 1879 tuae
298 1852 359 1880 fidei
375 1853 632 1890 benevolentiaeque
648 1857 781 1890 permitto,
799 1861 825 1882 et
836 1855 910 1882 illius
921 1857 1010 1883 consi-

216 1889 251 1916 lio
270 1894 296 1916 et
307 1890 451 1921 voluntati,
468 1893 513 1918 cui
525 1893 639 1919 miserae
650 1892 848 1919 consuluissem
860 1893 968 1923 melius,
986 1894 1009 1919 si

214 1931 303 1953 tecum
313 1926 377 1953 olim
389 1936 478 1954 coram
492 1930 591 1963 potius,
604 1938 686 1964 quam
697 1938 745 1964 per
756 1930 865 1960 litteras,
879 1930 912 1956 de
923 1930 1009 1957 salute

214 1969 303 1990 nostra
323 1963 490 2000 fortunisque
510 1966 743 1993 deliberavissem.
784 1969 809 1993 2.
831 1967 908 1999 Quod
927 1977 1009 2003 negas

213 2001 390 2036 praecipuum
415 2003 483 2028 mihi
508 2003 594 2029 ullum
616 2004 817 2031 incommodum
837 2005 1006 2040 impendere;

213 2039 263 2064 etsi
286 2039 335 2065 ista
355 2048 396 2065 res
418 2039 486 2066 nihil
503 2040 583 2067 babet
598 2041 801 2072 consolationis,
823 2047 912 2069 tamen
928 2043 1009 2069 etiam

213 2076 357 2110 praecipua
370 2076 452 2103 multa
464 2083 536 2108 sunt,
550 2087 618 2113 quae
631 2083 657 2105 tu
671 2078 788 2113 profecto
800 2079 886 2109 vides,
895 2085 924 2106 ut
934 2085 1006 2110 sunt,

213 2118 239 2139 et
258 2114 420 2148 gravissima
440 2123 512 2145 esse,
531 2120 557 2142 et
571 2124 613 2142 me
629 2115 757 2142 facillime
774 2117 856 2143 vitare
872 2119 1006 2152 potuisse:

212 2158 242 2176 ea
258 2155 346 2177 tamen
362 2156 440 2178 erunt
451 2153 567 2183 minora,
584 2154 621 2183 si,
640 2158 669 2180 ut
678 2153 767 2180 adhuc
779 2153 878 2180 factum
890 2161 942 2183 est.
961 2155 1009 2181 ad-

212 2188 408 2214 ministratione
419 2188 614 2225 diligentiaque
626 2195 669 2217 tua
683 2190 853 2218 levabuntur.
884 2194 908 2218 3.
924 2193 1009 2219 Pecu—

212 2225 256 2251 nia
270 2225 342 2260 apud
352 2226 497 2261 Egnatium
509 2232 558 2254 est.
581 2227 621 2254 Sit
631 2237 644 2254 a
656 2236 708 2259 me,
722 2234 751 2255 ut
761 2233 810 2255 est.
836 2229 1007 2264 Nequeenim

212 2262 271 2292 hoc,
293 2262 366 2297 quod
382 2264 483 2299 agitur,
501 2265 609 2291 videtur
622 2265 782 2292 diuturnum
793 2275 852 2292 esse
864 2275 956 2301 posse3
979 2272 1008 2294 ut

211 2300 280 2325 scire
300 2301 354 2326 iam
370 2302 485 2335 possim,
507 2302 574 2336 quid
590 2303 708 2329 maxime
722 2312 791 2338 opus
806 2304 853 2330 sit:
876 2306 926 2331 etsi
942 2313 1007 2340 egeo

212 2336 293 2363 rebus
308 2338 445 2369 omnibus,
461 2339 534 2373 quod
545 2340 568 2365 is
579 2348 688 2375 quoque
700 2341 726 2366 in
738 2341 871 2376 angustiis
882 2347 931 2372 est,
944 2342 1007 2377 qui-

827 1492 873 1503 (ωε.
882 1488 935 1507 7013.)

211 2381 273 2400 cum
294 2383 402 2408 sumus;
430 2377 475 2402 cui
495 2385 620 2412 magnam
639 2377 765 2404 dedimus
783 2379 926 2412 pecuniam
945 2387 1007 2405 mu—
1034 2407 1035 2410 Ἴ

211 2415 297 2442 tuam,
314 2413 467 2447 opinantes.
485 2414 577 2445 nobis,
595 2415 748 2441 constitutis
763 2415 857 2445 rebus,
876 2425 935 2442 eam
949 2425 1006 2442 rem
1034 2417 1035 2420 ’

211 2449 291 2474 etiam
312 2449 406 2476 honori
429 2450 494 2476 fore.
539 2451 578 2478 Tu
587 2471 593 2482 ,
615 2456 646 2478 ut
660 2457 736 2478 antea
753 2451 854 2483 fecisti,
871 2453 963 2484 velim,
981 2455 1005 2480 si

211 2486 258 2518 qui
269 2491 355 2516 erunt,
364 2487 397 2512 ad
408 2496 476 2522 quos
487 2487 592 2523 aliquid
602 2488 776 2515 scribendum
784 2499 797 2515 a
804 2498 846 2515 me
853 2491 1002 2521 existimes,

211 2521 268 2555 ipse
284 2524 419 2550 conficias.
460 2525 526 2551 Tuis
541 2525 655 2552 salutem
673 2525 727 2552 dic.
768 2526 846 2557 Cura,
862 2532 892 2554 ut
903 2527 1002 2554 valeas.

211 2558 336 2591 Inprimis
348 2560 385 2590 id,
397 2561 470 2595 quod
481 2562 588 2593 scribis,
601 2563 728 2589 omnibus
740 2563 820 2589 rebus
832 2572 895 2591 cura
907 2570 932 2591 et
942 2573 1004 2599 pro—

211 2594 282 2625 vide,
295 2604 328 2621 ne
338 2597 405 2630 quid
417 2598 442 2623 ei
452 2598 530 2629 desit,
539 2599 572 2625 de
582 2608 636 2634 qua
647 2600 701 2626 scis
713 2609 755 2626 me
766 2601 949 2628 miserrimum
960 2610 1004 2628 es-

210 2639 248 2657 se.
289 2632 382 2659 ldibus
394 2634 451 2660 lun.
467 2644 501 2662 ex
511 2637 614 2663 castris.

879 121 913 147 M.
945 121 975 147 T.
1007 121 1281 149 ctfzssnosts

1121 191 1158 212 U'.
1187 194 1216 210 ‘ln
1227 194 1310 215 tham-01·
1322 198 1376 210 ιιιιιι

1257 236 1424 263 ῐῖΙ(ΣΕΙΗ)
1454 238 1620 265 ΛΤΤΗΣΟ
1640 239 1667 265 S.

1126 274 1147 298 l.
1175 268 1272 308 &coepi
1295 274 1328 299 at»
1345 273 1444 300 lnidoru
1459 274 1571 303 litterae«.
1589 282 1613 302 et
1626 282 1714 310 postea
1730 275 1805 301 «latas
1818 276 1860 302 bi-

1069 319 1125 335 ιιιικ.
1167 310 1205 336 Ex
1217 312 1348 344 proximis
1359 313 1472 344 cognovi
1484 313 1590 346 praedia
1603 322 1653 339 non
1667 314 1782 339 venium.
1815 313 1860 339 vi-

1067 347 1145 372 debis
1165 356 1240 379 ergo.
1259 353 1287 373 ut
1306 353 1469 374 sustentetur
1484 358 1530 383 per
1545 355 1578 376 te.
1620 351 1654 376 lh.-
1671 351 1818 377 Frusinati.
1836 350 1859 376 si

1381 203 1393 214 -,
1403 195 1477 210 ‘'uu-vn
1492 195 1514 212 ll,
1526 197 1569 212 ban
1591 196 1671 213 lnmiu.
1681 203 1719 212 uſs.
1741 198 1794 216 ΤΙΥ,,)

1043 398 1045 408 ι
1069 384 1146 409 modo
1168 384 1249 410 futuri
1269 394 1374 415 sumus,
1391 386 1441 411 erit
1457 387 1523 413 mihi
1538 396 1579 412 rea
1589 394 1747 422 opportuna.
1789 388 1859 414 Meas

1034 1585 1036 1608 g
1065 1582 1112 1599 nes
1133 1573 1225 1599 tuendi
1242 1574 1294 1599 mei
1310 1581 1448 1608 quaerere.

1069 421 1168 447 litteras
1188 421 1259 456 «prod
1277 423 1405 456 requiris,
1421 423 1552 457 impedior
1568 424 1655 459 inopia
1672 434 1774 453 rerum,
1792 434 1860 459 quas

1069 458 1155 484 nullas
1169 458 1252 484 liabeo
1269 458 1362 485 litu-ria
1373 459 1483 492 dignam
1506 462 1608 495 quippe
1619 462 1662 487 cui
1674 471 1731 490 nec.
1740 471 1860 496 ‹piat-ar:-

1067 495 1169 525 ridunt,
1185 505 1241 525 nec,
1255 505 1323 530 quae
1338 502 1462 530 aguntur,
1476 497 1531 524 ullo
1543 498 1620 524 modo
1632 499 1785 533 probentur.
1803 499 1860 525 [ti-

1068 542 1127 558 nam
1149 542 1236 558 coram
1254 538 1340 559 tvvum
1356 534 1420 560 olim
1440 535 1541 569 potius,
1559 544 1640 570 quam
1656 544 1703 570 per
1717 536 1857 570 epistolas!

1068 570 1114 595 llit-
1125 575 1178 598 tua,
1188 575 1215 596 ut
1229 576 1432 605 1u›ssunt,tue‹›r
1442 572 1513 606 apud
1527 572 1588 598 hus:
1607 577 1692 598 cetera
1704 573 1780 599 Celer
1791 574 1858 608 ipse.

1069 607 1135 640 fugi
1147 607 1236 633 adhuc
1247 617 1325 634 omne
1337 617 1445 638 munus,
1457 618 1488 635 eo
1500 609 1675 644 magnamini
1687 611 1720 636 ita
1733 610 1800 636 nihil
1813 619 1860 644 poa

1068 649 1132 670 terat
1144 645 1196 679 agi.
1212 650 1239 671 ut
1251 645 1318 671 mihi
1330 650 1355 671 et
1367 647 1434 672 meis
1446 647 1526 672 rebus
1537 652 1629 681 aptum
1641 652 1720 673 esset.
1752 649 1776 673 Ξ.
1789 646 1858 678 Quid

1067 683 1101 708 sit
1111 687 1216 717 gestum
1230 683 1301 713 novi,
1314 684 1436 717 quaeris:
1452 692 1485 710 ex
1497 684 1598 710 Isidoro
1609 685 1676 710 scire
1689 684 1801 719 poteris:
1819 692 1859 710 re·

1068 719 1140 754 liqua
1163 729 1213 745 non
1237 719 1362 746 videntur
1381 729 1440 747 esse
1460 721 1623 747 difficiliora.
1663 721 1702 747 Tu
1724 721 1749 747 id
1767 721 1857 750 velim.

1066 756 1138 791 quod
1152 758 1206 783 scis
1218 766 1260 783 uie
1273 758 1389 784 maxime
1402 758 1574 789 vette,curcs,
1589 764 1616 785 ut
1627 758 1733 786 scribis,
1743 763 1770 784 ut
1782 757 1857 784 racis.

1067 794 1106 819 Me
1127 794 1233 820 conticit
1248 794 1410 826 sollicitudo,
1429 804 1461 822 ex
1473 804 1525 830 qua
1537 796 1616 821 etiam
1628 804 1733 821 sumnia
1746 796 1859 822 infirmi-

1067 836 1106 857 tas
1127 832 1258 866 corporis:
1281 840 1333 866 qua
1351 831 1449 862 levata,
1463 841 1507 858 ero
1519 841 1570 859 una
1583 841 1644 859 cum
1656 842 1700 860 eo.
1718 833 1765 867 qui
1778 841 1860 868 nego-

1067 869 1133 894 tium
1144 869 1227 904 gerit,
1251 874 1345 904 estque
1357 870 1383 896 in
1394 878 1442 904 spe
1457 879 1563 905 magna.
1608 870 1705 896 Brutus
1716 871 1820 895 amicus
1832 870 1858 896 in

1065 914 1159 932 caussa
1173 911 1294 932 versatur
1304 907 1408 933 acriter.
1421 907 1553 933 llactenus
1560 906 1618 937 suit,
1628 906 1700 942 quod
1711 912 1787 933 caute
1796 916 1809 933 a
1817 915 1859 933 me

1065 943 1147 969 scribi
1163 948 1263 978 posset.
1285 943 1358 970 Vale.
1385 944 1420 970 De
1436 945 1563 979 pensione
1575 944 1664 973 altera,
1677 953 1723 971 oro
1735 949 1768 975 te,
1785 944 1858 970 omni

1065 989 1127 1006 cura
1143 980 1295 1010 considera,
1315 980 1380 1015 quid
1394 981 1546 1008 faciendum
1557 983 1604 1012 sit,
1622 986 1651 1008 ut
1661 982 1758 1017 scripsi
1770 982 1803 1007 iis
1815 981 1858 1007 lit-

1065 1019 1138 1048 teris,
1151 1026 1219 1053 quas
1231 1018 1322 1045 Pollex
1332 1018 1402 1045 tulit.

1119 1088 1145 1107 V.
1175 1089 1286 1111 (Brundi-ni,
1301 1090 1378 1106 (suu-nc
1397 1090 1419 1107 ΙΙ.
1435 1094 1490 1107 amn.
1507 1089 1587 1107 baurim
1597 1096 1643 1106 mn.
1654 1092 1696 1113 post
1706 1095 1787 1113 pugna-2
1798 1089 1859 1107 Ph..-

1392 1116 1467 1133 nti-nn
1479 1118 1534 1137 τοο.)

1251 1158 1419 1186 CICERO
1449 1158 1615 1185 ATTICO
1644 1158 1673 1185 S.

1123 1202 1145 1227 l.
1168 1197 1248 1232 Quae
1270 1209 1312 1227 me
1332 1209 1443 1227 caussae
1465 1201 1611 1230 moverint,
1633 1207 1716 1235 quam
1736 1199 1855 1226 acerbae.

1066 1246 1147 1272 quam
1163 1247 1269 1273 graves,
1287 1246 1368 1273 quam
1381 1246 1474 1268 novae,
1487 1237 1676 1273 coegerintque
1688 1238 1789 1272 impetu
1802 1245 1860 1263 ma-

1065 1276 1108 1310 gis
1123 1275 1239 1309 quodam
1252 1276 1335 1301 animi
1347 1275 1396 1306 uti,
1408 1283 1490 1310 quam
1501 1275 1669 1310 cogitatione,
1683 1282 1735 1301 non
1747 1282 1857 1309 possum

1066 1312 1098 1338 ad
1111 1317 1134 1338 te
1146 1313 1204 1339 sine
1216 1313 1333 1339 maximo
1348 1312 1437 1339 dolore
1449 1312 1576 1338 scribere.
1618 1312 1737 1338 Fuerunt
1747 1311 1858 1346 quidem

1067 1354 1162 1380 tantae,
1175 1355 1204 1376 ut
1216 1350 1251 1379 id,
1266 1349 1338 1385 quod
1351 1349 1435 1376 vides.
1449 1349 1595 1376 effecerint.
1618 1350 1708 1384 ltaque
1720 1357 1777 1378 nec,
1791 1348 1857 1384 quid

1065 1386 1098 1413 ad
1115 1392 1138 1413 te
1150 1387 1266 1413 scribam
1278 1387 1311 1413 de
1323 1388 1390 1413 meis
1402 1387 1492 1417 rebus,
1509 1395 1558 1413 nec
1568 1386 1635 1421 quid
1646 1395 1660 1412 a
1672 1391 1696 1412 te
1707 1391 1803 1421 petam.
1817 1394 1860 1412 rth

1065 1424 1149 1459 perio.
1191 1425 1255 1450 Rem
1267 1430 1291 1451 et
1303 1433 1436 1451 summam
1449 1424 1548 1460 negotii
1559 1423 1646 1450 vides.
1680 1423 1813 1458 Equidem
1825 1431 1859 1450 ex

1066 1462 1119 1487 tuis
1142 1461 1236 1488 litteris
1253 1461 1387 1492 intellexi,
1410 1466 1436 1488 et
1452 1462 1499 1492 iis,
1522 1470 1589 1496 quas
1604 1461 1783 1487 communiter
1795 1469 1857 1486 cum

1065 1498 1126 1524 aliis
1146 1499 1293 1534 scripsisti,
1312 1504 1337 1525 et
1352 1499 1395 1529 iis,
1412 1507 1480 1534 quas
1495 1503 1540 1524 tuo
1556 1499 1672 1527 nomine,
1690 1497 1762 1532 quod
1777 1498 1857 1524 etiam

1065 1544 1123 1562 mea
1144 1542 1238 1570 sponte
1253 1536 1393 1566 videbam,
1411 1541 1435 1562 te
1446 1535 1670 1562 subdebilitatum
1686 1543 1767 1561 novas
1779 1535 1858 1561 ratio-

1488 1574 1513 1599 Ξ.
1537 1572 1614 1604 Quod
1629 1572 1727 1598 scribis
1742 1571 1855 1606 placere,

1065 1615 1093 1637 ut
1113 1611 1225 1645 propius
1246 1610 1384 1641 accedam,
1411 1611 1514 1645 iterque
1534 1618 1582 1644 per
1601 1608 1699 1644 oppida
1721 1614 1798 1635 noctu
1818 1608 1858 1634 fa-

1064 1648 1142 1678 ciam,
1166 1656 1218 1674 non
1230 1656 1293 1674 sane
1305 1647 1393 1678 video,
1411 1646 1640 1682 quemadmodum
1653 1645 1680 1672 id
1692 1646 1749 1672 fieri
1760 1646 1854 1680 possit.

1063 1685 1156 1719 Neque
1175 1685 1247 1711 enim
1270 1686 1304 1711 ita
1323 1690 1382 1719 apta
1399 1684 1486 1710 habeo
1501 1683 1668 1713 deversoria,
1686 1688 1715 1709 ut
1726 1688 1776 1709 tota
1789 1688 1857 1709 tem-

1062 1730 1125 1756 pora
1139 1721 1236 1748 diurna
1253 1722 1280 1748 in
1298 1721 1340 1747 his
1355 1722 1458 1756 possim
1469 1728 1640 1751 consumere;
1674 1728 1761 1755 neque
1772 1720 1804 1746 ad
1817 1720 1853 1750 id,

1061 1758 1134 1793 quod
1150 1759 1272 1794 quaeris,
1299 1758 1414 1785 multum
1431 1759 1552 1787 interest,
1575 1763 1664 1783 utrum
1679 1766 1721 1783 me
1734 1757 1857 1783 homines

1062 1798 1089 1822 in
1099 1796 1198 1830 oppido
1209 1796 1327 1826 videant,
1345 1805 1377 1822 au
1393 1796 1420 1822 in
1432 1796 1485 1822 via.
1525 1794 1577 1821 Sed
1589 1799 1676 1821 tamen
1693 1794 1742 1820 hoc
1753 1795 1853 1829 ipsum,

1061 1834 1131 1859 sicut
1151 1833 1211 1864 alia,
1224 1833 1409 1863 considerabo.
1426 1831 1656 1868 quemadmodum
1667 1831 1857 1858 commodissi-

1062 1879 1104 1896 me
1125 1870 1182 1896 tieri
1197 1879 1275 1905 posse
1292 1870 1424 1896 videatur.
1465 1871 1490 1896 3.
1516 1870 1573 1905 Ego
1586 1873 1694 1903 propter
1708 1868 1857 1895 incredibi-

1063 1908 1114 1934 lem
1136 1913 1162 1934 et
1181 1908 1266 1934 animi
1281 1913 1305 1933 et
1321 1908 1440 1942 corporis
1456 1906 1606 1933 molestiam
1620 1905 1749 1933 conficere
1763 1905 1855 1941 plures

1063 1944 1162 1971 litteras
1178 1953 1230 1971 non
1248 1945 1336 1979 potui:
1358 1945 1392 1971 iis
1409 1949 1512 1970 tantum
1523 1943 1660 1978 rescripsi,
1673 1952 1687 1969 a
1698 1943 1800 1978 quibus
1810 1952 1856 1970 ac-

1060 1991 1194 2017 ceperam.
1235 1983 1274 2008 Tu
1295 1982 1376 2008 velim
1398 1987 1422 2008 et
1441 1981 1542 2012 Basilo,
1565 1986 1591 2007 et
1604 1980 1706 2016 quibus
1720 1985 1853 2015 praeterea

1061 2019 1212 2049 videbitur,
1226 2020 1307 2046 etiam
1319 2018 1443 2049 Servilio,
1455 2017 1610 2045 conscribas
1619 2038 1625 2048 ‚
1646 2022 1675 2044 ut
1686 2017 1735 2044 tibi
1747 2017 1855 2044 videbi-

1061 2062 1111 2084 tur.
1131 2065 1190 2083 meo
1203 2058 1321 2083 nomine.
1361 2056 1439 2089 Quod
1452 2061 1524 2082 tanto
1535 2054 1676 2082 intervallo
1687 2054 1755 2081 nihil
1766 2055 1855 2081 omni—

1061 2103 1094 2121 no
1114 2094 1147 2120 ad
1168 2103 1229 2125 vos,
1253 2093 1370 2129 profecto
1391 2093 1521 2129 intelligis
1536 2101 1593 2119 rem
1608 2092 1676 2118 mihi
1691 2091 1798 2121 deesse,
1819 2091 1852 2118 de

1059 2140 1112 2166 qua
1133 2132 1264 2162 scribam,
1281 2140 1333 2158 non
1352 2130 1527 2157 voluntatem.
1568 2131 1592 2156 4.
1613 2128 1690 2161 Quod
1703 2128 1737 2155 de
1748 2129 1853 2155 Vatinio

1059 2170 1182 2204 quaeris:
1216 2177 1302 2204 neque
1318 2167 1402 2199 illius,
1420 2176 1507 2202 neque
1523 2168 1685 2201 cuiusquam
1697 2165 1764 2192 mihi
1774 2174 1853 2200 prae-

1029 2218 1031 2235 Α,
1059 2211 1131 2232 terea
1149 2205 1269 2232 officium
1284 2205 1402 2236 deesset,
1415 2205 1439 2231 si
1451 2205 1567 2239 reperire
1579 2207 1699 2239 possent,
1721 2203 1812 2238 quain
1825 2211 1851 2228 re

1029 2266 1031 2269 .
1060 2252 1101 2270 me
1114 2244 1246 2270 iuvarent.
1275 2243 1392 2275 Quintus
1403 2242 1576 2268 aversissimo
1587 2250 1602 2267 a
1613 2248 1655 2267 me
1665 2240 1754 2266 animo
1766 2240 1851 2266 Patris

1028 2283 1030 2304 ἱ
1059 2280 1119 2307 suit.

1162 2280 1263 2307 Eodem
1287 2280 1400 2315 Corcyra
1421 2279 1494 2305 tilius
1514 2279 1598 2305 venit.
1638 2276 1701 2304 Inde
1719 2276 1850 2312 profectos

1058 2326 1103 2345 eos
1115 2326 1168 2344 una
1179 2326 1241 2344 cum
1252 2318 1348 2344 ceteris
1359 2316 1482 2343 arbitror.

1112 2387 1149 2407 Vl.
1178 2389 1289 2410 (Brundisii,
1301 2390 1378 2406 cuun-
1389 2388 1414 2405 11.
1426 2390 1480 2405 Serv.
1491 2387 1571 2404 Isaurico
1581 2392 1628 2403 con.
1639 2385 1693 2407 Τοῦ.)

1242 2430 1407 2458 CICERO
1436 2427 1602 2457 ATTICO
1631 2426 1659 2454 S.

1114 2471 1136 2495 l.
1159 2463 1316 2496 Sollicitum
1331 2476 1391 2494 esse
1407 2472 1431 2494 te
1441 2475 1526 2502 quum
1537 2465 1570 2492 de
1580 2465 1633 2491 tuis
1643 2464 1849 2491 communibus-

1056 2514 1108 2541 que
1127 2505 1255 2536 fortunis,
1279 2511 1335 2532 tum
1350 2505 1467 2531 maxime
1482 2503 1515 2529 de
1530 2511 1573 2528 me
1587 2510 1617 2528 ac
1631 2501 1664 2527 de
1675 2501 1766 2527 dolore
1777 2510 1846 2531 meo,

1055 2544 1154 2570 sentio:
1177 2544 1225 2578 qui
1235 2542 1347 2578 quidem
1357 2541 1433 2568 dolor
1442 2549 1518 2567 meus
1529 2548 1582 2566 non
1593 2538 1671 2565 modo
1682 2547 1734 2565 nou
1746 2540 1848 2565 minui-

1055 2585 1110 2610 tur,
1132 2589 1219 2615 quum
1233 2581 1339 2606 socium
1353 2578 1408 2605 sibi
1421 2577 1546 2612 adiungit
1555 2576 1674 2603 dolorem
1686 2581 1777 2606 tuum,
1799 2575 1847 2602 sed

1054 2618 1134 2643 etiam
1145 2622 1269 2652 augetur.
1290 2616 1406 2642 Omnino
1415 2623 1463 2649 pro
1473 2619 1518 2640 tua
1528 2613 1671 2648 prudentia
1682 2614 1776 2641 sentis.
1793 2621 1847 2648 qua

1054 2654 1232 2680 consolatione
1259 2653 1340 2680 levari
1366 2652 1483 2678 maxime
1502 2651 1615 2686 possim.
1656 2650 1755 2677 Probas
1773 2651 1845 2676 enim
