1941 3052
233 141 281 165 050
805 138 845 161 05.

232 214 256 235 et
268 209 384 235 exon-itu
398 206 589 242 rempublicam
601 210 746 241 oppugnat<
780 206 821 231 Vl.
844 205 919 237 Quod
931 205 954 230 si
967 205 1024 239 ipsa

233 245 382 280 respublica
398 245 532 274 iudicaret,
547 248 591 268 aut
602 244 623 268 ni
636 252 713 269 omne
726 243 767 268 ius
778 242 890 268 decretis
902 243 960 268 eius
972 247 1026 267 rita-

232 287 362 309 tueretur:
378 282 532 310 Antonione,
546 289 577 306 an
591 280 669 306 Bruto
681 279 798 314 legiones
811 279 902 314 populi
916 279 1025 305 {tomani

231 318 412 346 adiudicaret?
437 317 507 343 Alter
526 317 660 342 advolarat
683 317 773 342 subito
793 317 826 342 ad
848 317 1024 350 direptionem

232 362 387 392 pestemque
402 355 549 383 soviorum,
569 358 608 383 ut,
622 362 793 388 quacumque
806 354 866 384 iret,
879 354 968 379 onmia
981 362 1027 379 va-

231 398 320 422 staret,
329 393 462 426 diriperet,
472 390 598 421 auferret.
612 391 728 417 exercitu
743 390 833 425 populi
843 391 952 417 {tomani
963 399 1026 417 con—

232 436 268 456 tra
290 431 378 464 ipsum
401 428 530 463 populum
551 428 698 454 Romanum
720 433 850 454 uteretur:
882 427 948 454 alter
967 436 1024 453 earn

231 468 282 493 sihi
297 466 380 501 legem
393 470 528 496 statuerat,
543 469 579 495 ut,
593 473 764 500 quocumque
777 466 906 495 venisset,
922 465 969 491 lux
981 474 1026 491 ve-

232 506 303 530 nisse
314 503 444 538 quaedam
457 508 482 529 et
495 511 557 537 spes
569 502 664 528 salutis
678 502 820 528 videretur.
857 503 975 537 Denique
987 501 1026 528 al-

231 547 269 567 ter
280 540 311 566 ad
329 540 498 566 evertendam
515 540 709 574 rempublicam
726 540 856 574 praesidia
870 540 1022 574 quaerebat,

231 578 295 604 ulter
306 577 337 603 ad
349 577 567 603 conservandam.
598 577 651 603 Nec
663 586 724 603 vero
737 586 783 603 nos
796 577 844 603 hoc
855 577 940 612 magis
952 576 1026 602 vide·
1054 601 1056 612 ,

231 616 423 649 bainus,qiiani
437 615 487 649 ipsi
501 614 611 646 milites;
625 623 639 640 a
651 614 750 649 quibus
764 619 833 640 tanta
846 615 871 640 in
883 614 1026 640 iudicando

230 652 370 687 prudentia
383 661 434 678 non
446 656 499 677 crat
511 651 679 686 postulanda.
721 653 760 677 ⁴3.
783 652 850 677 Cum
863 659 898 677 vu
910 651 1026 678 cohorti-

230 691 281 716 bus
303 690 355 715 isso
370 689 537 724 Apolloniam
560 689 653 715 scribit
667 689 825 720 Antonium,
849 689 896 724 qui
912 689 964 715 iam
981 693 1027 714 aut

229 731 324 762 captus
335 731 382 757 est,
391 726 472 761 (quod
484 726 522 752 dii
533 726 596 752 dent
605 726 621 760 l)
631 730 676 752 aut
687 730 756 752 certe
768 726 847 752 homo
859 725 1026 752 verecundus

230 765 256 790 in
269 764 449 791 Macedoniam
463 772 513 790 non
525 763 638 794 accedit,
653 772 685 789 ne
695 768 785 790 contra
797 768 906 790 senatus
917 763 1026 790 consul-

230 806 286 828 tum
304 801 398 827 secisse
410 801 539 827 videatur.
580 800 702 827 Deiectus
716 800 823 827 habitus
835 801 861 827 in
873 801 1025 827 Macedonia

229 843 269 865 est
279 847 386 865 summo
397 838 428 870 Q.
441 839 573 864 Hortensii
585 838 674 864 studio
685 843 710 864 et
721 838 851 869 industria
862 848 866 864 :
879 839 957 864 cuius
968 838 1026 864 ani-

229 885 303 902 mum
321 876 458 910 egregium
473 875 641 910 dignumque
656 880 681 901 et
697 876 756 910 ipso
772 881 798 902 et
809 875 955 902 maioribus
967 876 1025 902 eius

229 922 262 940 ex
277 914 350 939 Bruti
364 913 457 939 litteris
479 913 628 947 perspicere
653 913 786 947 potuistis.
828 913 921 949 Legio,
943 921 1025 948 quam

207 970 211 976 .
229 951 259 977 L.
273 951 333 977 Piso
344 950 470 980 ducebat,
485 950 587 985 legatus
598 951 718 980 Antonii,
732 950 850 977 Ciceroni
861 959 890 977 se
902 950 956 977 lilio
967 958 1025 976 meo

229 988 347 1014 tradidit.
388 988 543 1022 Equitatus,
562 988 609 1022 qui
623 988 649 1014 in
662 988 765 1023 Syriam
778 987 926 1014 ducebatur
936 988 1026 1022 bipar-

229 1026 288 1055 tito,
306 1025 371 1051 alter
382 1033 452 1055 cuni,
466 1034 479 1050 a
490 1034 544 1059 quo
554 1025 714 1055 ducebatur,
729 1025 837 1059 reliquit
848 1026 874 1051 in
887 1024 1025 1051 Thessalia

228 1071 342 1097 seseque
353 1062 384 1088 ad
392 1063 502 1088 Brutum
514 1062 640 1088 contulit:
653 1062 764 1088 alterum
777 1063 804 1088 in
817 1062 969 1089 Macedonia
976 1062 1023 1088 Cn.

228 1100 361 1126 Domitius
376 1099 530 1126 adolescens
546 1108 651 1126 summa
673 1100 771 1126 virtute
785 1104 810 1125 et
824 1100 970 1126 constantia
992 1099 1025 1125 ab

230 1136 314 1172 legato
335 1136 443 1173 Syriaco
464 1136 585 1163 abduxit.
626 1137 654 1163 Ρ.
675 1142 763 1163 autem
780 1137 914 1167 Vatinius,
938 1137 985 1172 qui
1000 1141 1025 1162 et

227 1179 303 1201 antea
315 1175 372 1200 iure
384 1174 506 1200 laudatus
519 1183 531 1200 a
544 1174 663 1205 nohis‚et
675 1174 723 1200 hoe
735 1179 851 1208 tempore
863 1175 956 1200 merito
969 1174 1026 1200 lau-

228 1211 333 1238 dandus
344 1216 391 1241 est,
406 1212 509 1246 aperuit
522 1211 676 1247 Dyrrhachii
688 1215 776 1246 portas
786 1212 875 1243 Bruto.
889 1216 915 1238 et
924 1212 1026 1238 exerci-

229 1253 285 1275 tum
298 1248 414 1275 tradidit.
452 1249 492 1275 tt.
510 1249 591 1275 Tenet
602 1250 684 1284 igitur
696 1249 812 1283 populus
823 1249 959 1276 Romanus
969 1249 1025 1275 Ma-

227 1286 379 1317 cedoniam,
397 1290 467 1312 tenet
482 1285 632 1322 illyricum,
647 1291 736 1312 tuctur
747 1286 898 1312 Graeciam:
921 1291 1024 1313 nostrae

227 1328 290 1349 sunt
303 1323 428 1359 legiones,
443 1327 530 1349 nostra
542 1323 608 1350 levis
620 1328 760 1354 armatura,
779 1328 867 1350 noster
877 1325 1022 1359 equitatus,

228 1361 399 1395 maximeque
423 1365 510 1387 noster
534 1365 575 1387 est
601 1361 712 1392 Brutus,
739 1369 899 1396 semperque
925 1366 1022 1391 noster,

226 1406 311 1433 quum
328 1406 376 1424 sua
392 1397 616 1424 excellentissima
632 1398 730 1425 virtute
750 1398 914 1433 reipublicae
935 1403 1022 1430 natus,

226 1440 284 1462 tum
296 1435 348 1461 sato
359 1435 474 1470 quodam
486 1437 587 1470 paterni
599 1436 767 1470 maternique
780 1436 887 1471 generis
899 1440 925 1463 et
938 1437 1025 1462 nomi-

227 1473 278 1499 nis.
320 1473 373 1499 Vss.
391 1473 431 1499 Ab
443 1473 492 1499 hoc
502 1473 586 1508 igitur
596 1473 741 1508 quisquam
753 1473 856 1499 bellum
867 1473 951 1504 timet,
964 1474 1022 1508 qui,

226 1514 369 1544 antequam
385 1519 432 1536 nos
448 1510 475 1536 id
490 1511 572 1536 coacti
592 1511 776 1545 suscepimus,
800 1511 827 1537 in
843 1519 908 1545 pace
928 1511 1022 1542 iacere,

226 1556 307 1582 quam
320 1548 347 1574 in
359 1547 429 1573 bello
440 1547 530 1582 vigere
541 1546 654 1574 maluit‘?
672 1547 842 1582 Quamquam
854 1548 899 1574 ille
913 1548 1024 1583 quidem

227 1593 375 1619 numquam
396 1585 490 1615 iacuit,
514 1593 562 1611 nec
582 1585 632 1611 hoc
645 1584 738 1611 cadere
755 1585 866 1612 verbum
882 1586 909 1612 in
924 1590 1024 1612 tantam

227 1623 333 1648 virtutis
349 1622 537 1656 praestantiam
554 1626 649 1656 potest.
689 1622 753 1648 Erat
769 1623 880 1648 enimin
891 1622 1025 1649 desiderio

225 1659 350 1690 civitatis,
364 1660 390 1685 in
403 1667 455 1690 ore,
468 1659 495 1685 in
507 1667 628 1686 sermone
639 1659 770 1685 omnium.
809 1660 924 1686 Tantum
935 1664 1024 1686 autem

226 1696 316 1722 aberat
330 1705 343 1722 a
355 1696 434 1727 bello,
447 1701 490 1727 ut,
503 1705 589 1731 quum
600 1696 746 1730 cupiditate
758 1696 886 1723 libertatis
898 1697 970 1723 Italia
982 1705 1025 1723 ar-

225 1733 311 1763 deret,
329 1733 444 1760 defuerit
454 1734 555 1760 civium
567 1733 666 1760 studiis
677 1735 779 1768 potius,
795 1742 877 1768 quam
888 1743 933 1761 eos
943 1735 971 1760 in
982 1743 1025 1760 ar·

226 1778 331 1796 morum
346 1770 490 1797 discrimen
506 1770 658 1797 adduceret.
700 1771 790 1805 ltaque
800 1771 840 1797 illi
852 1771 918 1805 ipsi,
941 1772 964 1797 si
975 1772 1023 1806 qui

225 1811 302 1838 sunt,
315 1808 362 1842 qui
374 1807 522 1834 tarditatem
534 1808 608 1834 Bruti
619 1808 827 1842 reprehendant,
842 1813 929 1836 tamen
941 1808 1022 1835 iidem

225 1845 433 1871 moderationem
445 1845 654 1880 patientiamque
666 1845 804 1871 mirantur.

283 1883 321 1908 ⁴5.
343 1882 396 1908 Sed
407 1883 460 1908 iam
472 1882 562 1913 video,
576 1882 642 1917 quid
654 1882 806 1917 loquantur.
848 1883 940 1918 Neque
951 1884 1022 1910 enim

225 1917 253 1945 id
264 1918 366 1945 occulte
377 1918 487 1945 faciunt.
522 1920 627 1946 Timere
638 1928 667 1946 se
678 1920 779 1951 dicunt,
793 1921 927 1954 quomodo
939 1920 1023 1947 ferant

224 1956 352 1988 veterani,
365 1957 512 1983 exercitum
522 1957 634 1983 Brutum
646 1956 753 1983 habere.
775 1956 858 1989 Quasi
869 1966 932 1984 vero
942 1958 1023 1993 quid-

225 2001 307 2028 quam
320 1993 424 2020 intersit
440 1994 508 2020 inter
517 1994 549 2020 A.
562 1994 653 2025 Hirtii,
668 1994 696 2020 C.
710 1994 824 2026 Pansae,
842 1995 873 2021 D.
885 1995 973 2027 Bruti,
991 1995 1020 2022 C.

225 2030 346 2057 Caesaris
361 2035 387 2057 et
407 2031 479 2057 hunc
493 2031 639 2057 exercitum
656 2032 690 2057 M.
707 2032 791 2058 Bruti.
832 2032 898 2058 Nam
910 2033 932 2058 si
944 2037 1023 2068 quat-

225 2071 285 2094 tuor
295 2069 428 2095 exercitus
438 2069 467 2099 ii,
480 2068 513 2094 de
524 2068 624 2103 quibus
636 2068 702 2100 dixi,
719 2073 857 2104 propterea
870 2069 1019 2101 laudantur,

224 2105 297 2140 quod
308 2114 356 2140 pro
367 2105 576 2140 populiRomani
589 2105 708 2132 libertate
719 2115 791 2132 arma
801 2111 942 2141 ceperunt:
955 2107 1022 2142 quid
1051 2133 1053 2140 ‚

224 2146 278 2173 est,
295 2151 344 2169 cur
359 2143 402 2169 hic
418 2143 453 2169 M.
470 2143 544 2169 Bruti
559 2144 692 2170 exercitus
708 2152 760 2170 non
776 2144 804 2170 in
819 2143 912 2171 eadem
927 2153 1022 2171 caussa

225 2179 355 2213 ponatur‘?
372 2180 406 2207 At
420 2181 491 2206 enim
508 2181 639 2207 veteranis
654 2185 811 2215 suspectum
825 2186 866 2208 est
876 2190 972 2208 nornen
984 2182 1020 2209 Μ.

224 2217 308 2243 Bruti.
337 2218 457 2253 Magisne
467 2226 549 2252 quam
560 2217 678 2244 Decimi‘?
688 2218 822 2253 Equidem
834 2227 886 2245 non
897 2219 1020 2246 arbitror.

224 2254 282 2281 Etsi
293 2259 332 2281 est
343 2255 414 2281 enim
426 2255 566 2282 Brutorum
578 2264 720 2282 commune
732 2255 831 2282 factum
843 2261 869 2282 et
880 2256 967 2283 laudis
978 2265 1023 2283 so-

223 2292 304 2318 cietas
316 2300 409 2327 aequa,
417 2293 524 2319 Decimo
535 2297 622 2319 tamen
633 2293 753 2319 iratiores
764 2298 838 2319 erant
849 2294 876 2324 ii,
884 2295 932 2328 qui
944 2294 972 2320 id
983 2293 1023 2320 fa-

223 2333 296 2355 ctum
307 2329 440 2360 dolebant,
453 2338 507 2364 quo
513 2329 643 2356 minusab
653 2338 684 2357 eo
694 2338 750 2356 rem
760 2329 964 2358 illamdicebant
975 2331 1022 2357 tie-

224 2366 245 2391 ri
256 2365 392 2393 debuisse.
405 2366 476 2398 Quid
487 2376 549 2403 ergo
561 2375 632 2393 nunc
642 2372 726 2402 agunt
737 2368 921 2399 totexercitus,
929 2368 982 2395 nisi
993 2373 1022 2395 ut

224 2402 363 2430 obsidione
374 2405 404 2430 D.
417 2405 515 2431 Brutus
532 2404 678 2430 liberetur?
691 2404 743 2437 Qui
759 2409 849 2431 autem
860 2405 909 2432 hos
920 2406 1023 2432 exerci-

224 2443 267 2465 tus
278 2440 398 2467 ducunt?
409 2441 445 2473 hi,
458 2441 545 2473 credo,
558 2442 606 2476 qui
618 2441 647 2468 C.
660 2442 780 2468 Caesaris
791 2450 833 2468 res
843 2447 915 2469 actas
926 2443 1018 2473 everti,

223 2477 272 2510 qui
282 2485 403 2504 caussam
416 2483 601 2505 veteranorum
613 2478 690 2513 prodi
700 2478 803 2505 volunt.
843 2479 911 2506 vul.
930 2481 970 2506 ⁴6.
991 2480 1021 2506 Si

223 2513 282 2547 ipse
293 2514 428 2542 viveretC.
437 2515 540 2547 Caesar,
556 2516 653 2546 acrius,
666 2515 754 2546 credo,
767 2520 823 2542 acta
834 2525 883 2542 sua
893 2516 1022 2544 defende-

224 2554 276 2591 ret,
299 2558 379 2585 quam
395 2552 436 2578 vir
450 2552 614 2580 fortissimus
628 2552 748 2579 defendit
758 2553 874 2579 Hirtius:
897 2559 942 2580 aut
953 2554 1021 2580 ami-

224 2594 279 2612 cior
293 2595 403 2614 caussae
418 2589 563 2625 quisquam
578 2594 665 2625 potest
679 2590 808 2620 inveniri,
830 2598 912 2624 quam
931 2590 1021 2617 filius?

225 2623 257 2649 At
274 2623 368 2650 horum
384 2624 460 2655 alter,
479 2627 598 2654 nondum
614 2635 648 2653 ex
659 2626 854 2663 longinquitate
863 2628 1019 2663 gravissimi

224 2660 309 2687 morbi
322 2666 462 2693 recreatus,
478 2664 612 2699 quidquid
623 2663 717 2691 babuit
729 2664 836 2695 virium,
850 2665 877 2692 id
888 2666 916 2692 in
927 2674 1019 2693 eorum

882 135 916 161 M.
952 135 981 160 Τ.
1016 134 1291 161 CICERONIS

1054 215 1055 232 ι
1079 205 1224 231 libertatem
1238 204 1432 231 defendendam
1448 205 1573 235 contulit.
1590 214 1704 240 quorum
1721 207 1788 232 vou-
1800 205 1872 232 iudi-

1054 243 1055 248 *
1077 243 1147 268 (avit
1163 251 1191 268 se
1206 251 1220 267 a
1236 247 1318 268 morte
1334 247 1498 268 revocatum:
1521 243 1586 269 alter
1602 244 1707 269 virtuti„
1723 243 1815 269 robore
1827 244 1872 269 fir-

1078 280 1157 308 mior,
1180 288 1260 314 quam
1277 280 1383 309 acuitis,
1405 288 1466 305 cum
1483 280 1540 305 istis
1557 280 1624 314 ipsis
1645 281 1775 306 veteranis
1791 280 1823 305 ad
1839 280 1869 306 D.

1078 317 1188 342 Brutum
1201 316 1369 342 liberandum
1381 321 1421 342 eat
1431 316 1574 351 protectus.
1615 317 1683 352 Ergo
1699 318 1737 344 illi
1753 318 1873 343 certissi-

1078 354 1129 383 mi,
1147 353 1282 388 iidemque
1297 354 1417 380 acerrimi
1433 354 1552 380 Caesaris
1567 359 1684 381 actorum
1702 354 1803 389 patroni
1825 362 1873 389 pro

1054 401 1056 413 ι
1078 391 1106 417 Ι).
1120 391 1192 417 Bruti
1204 390 1289 416 salute
1301 390 1401 417 bellum
1413 395 1522 425 gerunt:
1544 399 1613 425 quo·
1625 392 1740 418 veterani
1752 400 1873 426 »uiuun-

1054 425 1057 468 Ι
1078 433 1130 454 tur.
1171 428 1207 453 De
1224 427 1344 454 libertate
1359 428 1430 454 enim
1448 428 1540 462 populi
1556 428 1680 459 Romani,
1699 438 1749 455 non
1766 429 1799 454 de
1815 429 1872 455 suin

1077 465 1234 495 commodis.
1248 466 1329 491 armis
1340 464 1537 491 decernendum
1550 465 1649 491 vident.
1692 467 1731 492 Π.
1751 465 1821 498 Quid
1833 470 1874 491 est

1054 520 1057 534 ,
1078 503 1171 537 igitur,
1184 510 1232 528 cur
1244 503 1285 533 iis,
1298 503 1344 537 qui
1357 503 1386 528 D.
1399 502 1510 528 Brutum
1521 503 1647 529 omnibus
1657 503 1755 537 opibus
1765 511 1873 529 conser-

1054 551 1055 554 ¹
1078 545 1168 566 vatum
1186 539 1283 570 velint,
1304 540 1339 565 M.
1357 540 1429 565 Bruti
1446 540 1481 566 sit
1499 544 1642 574 suspectus
1661 539 1812 566 exercitus?
1831 541 1873 566 An

1078 585 1153 607 vero,
1171 578 1193 603 si
1208 576 1274 612 quid
1286 581 1369 606 esset,
1387 576 1459 611 quod
1474 586 1487 602 a
1499 577 1534 602 M.
1547 577 1626 603 Bruto
1638 577 1786 603 timendum
1799 576 1873 603 vide-

1078 619 1158 644 retur,
1173 614 1256 640 Pansa
1268 613 1294 640 id
1307 623 1357 640 nou
1371 613 1489 640 videret?
1508 619 1562 644 aut,
1574 614 1596 640 si
1611 613 1723 644 videret,
1737 623 1787 640 non
1800 613 1873 640 labo-

1078 651 1163 679 raret‘?
1182 651 1248 683 Quis
1267 656 1312 677 aut
1327 651 1472 686 sapientior
1487 650 1519 677 ad
1535 652 1713 689 coniecturam
1727 659 1814 677 rerum
1829 651 1873 677 [υ-

1077 693 1211 719 turarum,
1234 688 1326 715 autad
1347 688 1558 723 propulsandum
1580 693 1680 714 metum
1701 687 1873 723 diligentior?

1077 727 1177 761 Atquin
1198 726 1279 752 huius
1301 726 1422 752 animum
1441 734 1501 761 erga
1518 726 1553 751 M.
1570 725 1681 752 Brutum
1697 726 1872 760 studiumque

1078 763 1194 789 vidistis.
1235 763 1371 798 Praecepit
1385 764 1502 789 oratione
1516 771 1578 793 sua,
1592 762 1658 798 quid
1668 762 1809 789 decernere
1824 771 1872 789 nos

1077 800 1109 827 de
1117 801 1249 831 M Bruto,
1262 800 1329 835 quid
1341 801 1439 827 sentire
1450 805 1592 835 oporteret:
1607 805 1764 835 tantumque
1774 799 1870 830 abluit,

1077 843 1106 864 ut
1121 838 1302 873 periculosum
1323 837 1486 872 reipublicae
1501 838 1536 863 M.
1553 837 1627 863 Bruti
1648 842 1752 872 putaret
1771 838 1873 864 exerci-

1077 880 1147 906 tum,
1166 880 1195 902 ut
1209 876 1236 902 in
1251 884 1283 902 eo
1299 876 1483 902 firmissimum
1499 874 1661 909 reipublicae
1673 874 1836 910 praesidium
1848 878 1874 901 et

1076 913 1266 948 gravissimum
1280 917 1396 947 poneret.
1437 912 1544 938 Scilicet
1556 912 1605 938 hoc
1616 912 1700 938 Pansa
1711 917 1820 938 autnon
1832 912 1874 938 vi·

1076 951 1121 976 det
1130 950 1229 985 (hebeti
1241 950 1312 976 enim
1324 950 1433 985 ingenio
1443 951 1492 984 est)
1503 954 1549 975 aut
1560 949 1681 985 negligit.
1717 949 1789 981 Quae
1801 949 1872 975 enim

1077 988 1172 1014 Caesar
1187 988 1254 1023 egit,
1271 996 1300 1013 ea
1312 992 1365 1013 rata
1378 995 1436 1013 esse
1448 996 1500 1013 non
1511 991 1599 1012 curat:
1621 987 1654 1012 de
1664 987 1766 1021 quibus
1777 986 1873 1012 contir-

1078 1025 1183 1052 mandis
1194 1029 1219 1051 et
1229 1024 1380 1051 sanciendis
1393 1024 1478 1060 legem
1489 1024 1605 1050 comitiis
1616 1025 1770 1050 centuriatis
1781 1032 1814 1050 ex
1825 1031 1873 1049 au-

1076 1063 1194 1089 ctoritate
1206 1067 1293 1088 nostra
1306 1061 1408 1088 laturus
1420 1066 1469 1088 est.
1511 1061 1557 1087 [X.
1579 1061 1705 1087 Desinant
1716 1062 1810 1096 igitur,
1827 1065 1874 1087 aut

1077 1100 1109 1130 ii,
1126 1100 1174 1134 qui
1190 1107 1242 1126 non
1253 1098 1500 1129 timent,simulare,
1518 1106 1547 1124 se
1558 1099 1664 1128 timere,
1681 1106 1710 1124 se
1722 1098 1874 1132 prospicere

1077 1136 1253 1171 reipublicae,
1271 1141 1316 1162 aut
1330 1137 1361 1167 ii,
1379 1136 1426 1171 qui
1436 1136 1525 1162 omnia
1537 1140 1675 1165 verentur,
1689 1135 1803 1162 nimium
1813 1143 1873 1161 esse

1077 1174 1178 1205 timidi;
1192 1182 1223 1200 ne
1235 1173 1342 1200 illorum
1353 1172 1499 1204 simulatio,
1509 1173 1603 1199 horum
1614 1172 1684 1199 obsit
1695 1173 1811 1208 ignavia.
1830 1173 1871 1198 ⁴8.

1076 1211 1149 1244 Quae
1164 1210 1301 1246 (maluml)
1316 1215 1357 1237 est
1370 1211 1420 1237 ista
1436 1211 1514 1241 ratio,
1533 1218 1639 1245 semper
1648 1210 1757 1244 optimis
1767 1210 1872 1236 caussis

1077 1254 1261 1276 veteranorum
1278 1257 1374 1275 nomen
1389 1246 1541 1283 opponere?
1560 1246 1678 1279 Quorum
1694 1248 1799 1273 etiamsi
1815 1255 1873 1272 am-

1076 1286 1204 1321 plecterer
1216 1287 1354 1316 virtutem,
1370 1290 1398 1311 ut
1408 1285 1487 1312 facio:
1500 1289 1601 1316 tamen.
1614 1285 1637 1311 si
1648 1290 1737 1311 essent
1748 1292 1874 1320 arrogan-

1076 1329 1128 1355 tes,
1151 1332 1203 1350 non
1225 1331 1331 1358 possem
1353 1322 1420 1349 serre
1440 1322 1588 1349 fastidium.
1627 1323 1668 1348 An
1685 1330 1732 1348 nos
1747 1326 1872 1348 conantes

1053 1382 1054 1387 ,
1076 1361 1213 1388 servitutis
1236 1360 1342 1387 vincula
1358 1368 1483 1394 rumpere
1497 1359 1638 1394 impediet,
1660 1359 1682 1386 si
1698 1359 1760 1394 quis
1771 1363 1872 1385 vetera-

1076 1407 1124 1426 nos
1139 1399 1166 1425 id
1183 1398 1252 1425 nolle
1268 1396 1384 1424 dixerit?
1403 1398 1461 1424 Non
1472 1402 1536 1424 sunt
1546 1397 1631 1428 enim.
1643 1396 1734 1427 credo,
1747 1397 1872 1423 innume-

1076 1436 1183 1467 rabiles,
1196 1436 1243 1471 qui
1255 1444 1302 1470 pro
1311 1435 1447 1462 communi
1461 1434 1580 1461 libertate
1590 1442 1662 1461 arma
1673 1434 1788 1469 capiant.
1820 1433 1873 1459 Ne-

1076 1482 1119 1500 mo
1134 1478 1174 1500 est
1189 1478 1292 1508 praeter
1307 1477 1445 1499 veteranos
1460 1471 1573 1503 milites,
1598 1473 1646 1507 qui
1666 1471 1698 1498 ad
1713 1471 1872 1498 servitutem

1076 1510 1285 1546 propulsandam
1300 1510 1418 1546 ingenuo
1432 1509 1523 1536 dolore
1537 1509 1675 1536 excitetur.
1716 1508 1803 1535 Potest
1818 1508 1872 1543 igi-

1076 1553 1119 1575 tur
1129 1553 1198 1574 stare
1209 1547 1360 1583 respublica
1368 1568 1374 1579 ,
1391 1547 1456 1574 freta
1468 1547 1599 1573 veteranis
1607 1567 1613 1577 ,
1630 1547 1689 1572 sine
1700 1554 1796 1582 magno
1806 1545 1874 1571 sub-

1075 1585 1145 1612 sidio
1156 1584 1323 1612 iuventutis?
1336 1593 1405 1620 quos
1416 1584 1525 1619 quidem
1538 1592 1585 1611 vos
1598 1583 1727 1610 libertatis
1737 1583 1871 1610 adiutores

1075 1622 1216 1658 complecti
1227 1622 1344 1648 debetis:
1358 1622 1496 1648 servitutis
1507 1626 1627 1648 auctores
1638 1621 1715 1655 sequi
1728 1629 1779 1646 non
1790 1619 1872 1645 debe-

1076 1661 1118 1686 tis.
1161 1661 1200 1686 ⁴9.
1223 1660 1368 1690 Postremo,
1385 1658 1518 1694 (erumpat
1533 1658 1604 1685 enim
1619 1657 1764 1692 aliquando
1775 1665 1835 1682 vera
1847 1661 1873 1683 et

1075 1706 1117 1723 me
1132 1697 1214 1733 digna
1230 1696 1303 1731 vox,)
1313 1697 1336 1722 si
1347 1701 1533 1722 veteranorum
1544 1701 1611 1721 nutu
1623 1699 1726 1721 mentes
1737 1694 1818 1720 huius
1829 1702 1873 1720 or-

1074 1735 1145 1761 dinis
1165 1734 1362 1770 gubernantur,
1384 1733 1527 1768 omniaque
1547 1732 1580 1758 ad
1595 1741 1687 1759 eorum
1707 1731 1871 1758 voluntatem

1076 1777 1162 1798 nostra
1172 1771 1256 1801 dicta,
1270 1771 1337 1798 sacta
1348 1770 1513 1797 referuntur:
1529 1769 1643 1804 optanda
1656 1777 1726 1796 mors
1737 1774 1789 1795 est.
1802 1776 1872 1803 quae

1073 1809 1180 1836 civibus
1190 1809 1316 1835 Romanis
1327 1816 1433 1843 semper
1445 1807 1495 1834 l'uit
1504 1808 1632 1834 servitute
1643 1807 1738 1841 potior.
1777 1805 1872 1832 Omnis

1074 1851 1115 1873 est
1130 1847 1226 1872 misera
1242 1846 1372 1872 servitus:
1394 1845 1442 1872 sed
1458 1844 1538 1871 suerit
1553 1844 1685 1879 quaedam
1706 1843 1869 1870 necessaria:

1074 1883 1240 1919 ecquodnam
1252 1883 1415 1918 principium
1426 1883 1526 1917 putatis
1539 1878 1873 1916 libertatiscapessendae?

1074 1930 1121 1952 an,
1138 1929 1224 1956 quum
1241 1920 1319 1947 illum
1335 1920 1515 1946 necessarium
1531 1924 1557 1946 et
1568 1918 1673 1945 fatalem
1685 1925 1768 1953 paene
1779 1925 1872 1944 casum

1075 1967 1126 1985 non
1138 1958 1294 1988 tulerimus,
1312 1957 1384 1984 hunc
1400 1957 1516 1983 feremus
1527 1955 1727 1983 voluntarium?
1746 1955 1810 1982 Tota
1820 1955 1871 1981 lta-

1075 1995 1109 2022 lia
1119 1995 1252 2022 desiderio
1264 1995 1393 2021 libertatis
1405 1994 1518 2021 exarsit:
1535 1994 1636 2020 servire
1646 1993 1749 2019 diutius
1760 2000 1813 2019 non
1824 1999 1872 2027 po-

1074 2079 1127 2106 que
1137 2079 1209 2097 arma
1220 2069 1345 2096 dedimus
1353 2090 1359 2100 ,
1372 2078 1452 2105 quam
1465 2069 1498 2095 ab
1509 2077 1540 2095 eo
1549 2067 1658 2104 flagitati
1669 2075 1776 2094 sumus.

1129 2107 1165 2134 X.
1187 2109 1229 2134 20.
1251 2107 1346 2143 Magna
1360 2106 1471 2142 quidem
1486 2114 1535 2132 nos
1550 2114 1599 2140 spe
1609 2110 1635 2132 et
1644 2113 1726 2140 prope
1737 2103 1871 2139 explorata

1074 2145 1204 2172 libertatis
1219 2152 1342 2171 caussam
1359 2143 1543 2178 suscepimus:
1561 2142 1623 2173 sed,
1636 2147 1666 2168 ut
1675 2141 1818 2168 concedam
1828 2141 1871 2167 in·

1073 2187 1158 2209 certos
1169 2182 1258 2208 exitus
1269 2190 1328 2208 esse
1339 2181 1574 2215 belliMartemque
1584 2187 1769 2206 communem:
1782 2182 1871 2205 tamen

1074 2228 1122 2255 pro
1141 2219 1262 2246 libertate
1282 2219 1353 2245 vitae
1373 2217 1492 2253 periculo
1510 2216 1701 2244 decertandum
1722 2219 1771 2242 est.
1811 2215 1868 2241 Nor·

1074 2257 1146 2283 enim
1159 2257 1188 2283 iu
1202 2256 1301 2291 spiritu
1311 2256 1366 2282 vita
1382 2260 1435 2286 est,
1458 2254 1506 2282 sed
1516 2263 1546 2281 ea
1556 2253 1632 2281 nulla
1642 2258 1682 2280 est
1692 2252 1801 2280 omnino
1813 2260 1871 2278 ser-

1074 2295 1166 2320 vienti.
1206 2293 1306 2320 Omnes
1331 2293 1451 2319 nationes
1475 2292 1632 2318 servitutem
1652 2290 1720 2317 ferre
1740 2293 1867 2324 possunt:

1073 2336 1162 2358 nostra
1172 2331 1266 2357 civitas
1278 2338 1330 2357 non
1342 2339 1375 2365 po

1073 2369 1126 2395 nisi
1140 2368 1214 2403 quod
1228 2367 1290 2394 illae
1305 2367 1422 2394 laborem
1437 2366 1610 2401 doloremque
1625 2364 1746 2400 fugiunt,
1768 2363 1869 2399 quibus

1072 2410 1103 2432 ut
1113 2409 1226 2436 careant,
1239 2405 1328 2432 omnia
1339 2404 1442 2439 perpeti
1451 2407 1577 2439 possunt:
1589 2410 1638 2429 nos
1650 2402 1686 2428 ita
1697 2410 1711 2427 a
1723 2400 1868 2428 maioribus

1072 2443 1189 2470 instituti
1199 2447 1279 2477 atque
1289 2442 1387 2468 imbuti
1397 2449 1493 2468 sumus
1500 2461 1506 2471 ,
1528 2444 1558 2466 ut
1567 2439 1657 2466 omnia
1666 2438 1779 2465 consilia
1788 2442 1869 2472 atque

1073 2479 1139 2506 sacta
1159 2479 1193 2506 ad
1213 2480 1340 2506 virtutem
1361 2484 1387 2505 et
1401 2478 1435 2505 ad
1448 2477 1605 2513 dignitatem
1620 2475 1790 2502 retenemus.
1830 2475 1868 2501 lta

1072 2517 1206 2552 praeclara
1217 2521 1256 2543 est
1266 2516 1432 2551 recuperatio
1443 2514 1580 2544 libertatis,
1589 2518 1620 2539 ut
1630 2521 1663 2539 ne
1673 2521 1745 2539 mors
1756 2511 1868 2547 quidem

1072 2555 1145 2580 sitin
1156 2553 1299 2589 repetenda
1309 2553 1430 2580 libertate
1441 2550 1578 2587 fugienda.
1609 2550 1686 2582 Quod
1696 2550 1720 2576 si
1730 2550 1868 2576 immorta-

1073 2591 1132 2618 litas
1142 2595 1351 2626 consequeretur
1360 2589 1508 2625 praesentis
1521 2587 1635 2623 periculi
1651 2587 1757 2623 fugam:
1777 2590 1867 2612 tamen

1071 2636 1102 2655 eo
1114 2629 1201 2664 magis
1210 2636 1240 2655 ea
1251 2627 1378 2664 fugienda
1388 2625 1536 2656 videretur,
1557 2633 1612 2660 quo
1622 2624 1772 2651 diuturnior
1781 2622 1868 2664 serv}-

1071 2670 1114 2692 tus
1125 2670 1204 2692 esset.
1243 2664 1334 2697 Quum
1349 2672 1411 2691 vero
1425 2663 1483 2690 dies
1493 2666 1519 2689 et
1529 2666 1619 2689 noctes
1628 2661 1717 2689 omnia
1727 2669 1775 2688 nos
1786 2658 1867 2687 und}-

1074 2037 1125 2059 test
1139 2033 1248 2059 civitas:
1271 2033 1358 2059 serius
1373 2031 1473 2067 populo
1482 2032 1601 2058 Romano
1612 2030 1684 2057 hunc
1694 2030 1822 2056 vestitum
1832 2033 1872 2055 at·
1919 2043 1924 2046 -

1378 2334 1441 2356 test:
1455 2337 1502 2356 nec
1512 2328 1595 2355 ullam
1605 2327 1684 2354 aliam
1694 2327 1728 2354 ob
1733 2334 1868 2356 caussam,
1902 2330 1904 2335 ¹
