1941 3052
244 134 290 159 tili
817 135 845 156 tu

827 132 858 156 '''.
895 131 928 156 M.
964 131 992 156 T.
1028 132 1047 158 t:

1063 132 1301 158 ΙΩΙΞ11ΟΝΙ.ς

243 205 276 229 sit
296 212 445 233 assensum,
469 202 602 236 repulsum
625 202 717 227 tulisse
740 201 873 231 videatur,
896 206 942 227 aut
964 209 1033 227 unua
1054 203 1063 233 ‚¹¹
1086 210 1132 235 pro
1151 211 1255 228 sumina
1276 202 1452 228 saiiniliaritnte
1469 208 1554 229 nostra
1570 205 1809 234 communicasses,
1827 205 1873 238 qui

241 242 357 275 quisquc
379 245 496 267 nostruin
515 240 679 273 prm—teritus.
694 239 726 267 si.
739 247 824 273 quum
838 239 892 272 pari
905 238 1032 270 dignitate
1054 245 1056 257 ¹
1085 238 1181 269 crctlat,
1196 244 1219 265 te
1231 241 1321 268 unito.
1332 240 1493 274 proxinciam
1507 242 1552 266 ulai
1565 241 1770 267 esst-decretam.
1793 241 1871 271 tianae.

241 277 436 307 sinum-nutem
450 277 546 302 lumorc
557 276 631 308 digni
645 285 694 301 non
709 280 842 309 putemur.
867 278 905 301 20.
920 276 951 301 At
962 275 1032 301 enim

240 314 310 348 (nixum
333 314 358 340 id
379 313 501 346 exaudio}
516 314 544 338 (Σ.
562 313 665 338 (laesuri
681 312 879 338 adolescentulo
891 313 1032 346 imperium

241 351 476 377 extraordinarium
500 359 554 375 nica
573 350 701 375 sententia
714 349 784 375 dedi.
827 349 872 376 lllo
883 350 953 375 enim
967 349 1032 375 milii

241 388 403 422 praesidium
429 386 666 413 extraordinarium
694 386 811 412 dederat.
860 388 948 418 Quum
974 386 1033 412 dico

240 425 316 455 milii,
329 424 431 450 senatui
444 424 504 450 dico
515 423 668 458 populoque
680 424 804 449 [lornano.
837 424 855 449 Λ
873 433 926 458 quo
939 432 1033 458 respu-

240 461 306 487 blica
320 461 490 495 praesidium,
505 470 537 487 ne
547 461 691 495 cogitatum
703 461 823 495 quidem.
837 465 939 487 tantum
951 460 1032 487 habe·
1054 483 1055 487 ,

240 503 286 526 rot,
306 504 333 524 ut
344 499 401 524 sinc
422 506 452 524 co
467 498 539 524 salva
555 507 614 524 csse
631 507 680 524 non
697 503 795 532 posset.
810 498 872 524 huic
886 498 1033 525 extraordi—
1054 523 1055 530 ,

240 536 343 561 narium
369 536 512 569 imperium
540 544 591 561 non
612 535 722 561 darem?
751 536 804 562 Aut
823 536 955 562 exercitus
975 535 1032 561 adi·
1054 564 1055 569 Ἰ

240 572 353 599 mondus
373 577 417 598 aut
438 573 580 607 imperium
596 572 714 599 dandum
728 572 787 599 suit.
827 574 900 604 Quae
910 573 1031 599 estenim

239 611 316 640 ratio,
337 614 383 636 aut
402 610 448 644 qui
471 614 556 644 potest
577 610 645 640 lieri,
668 615 697 636 ut
712 611 769 636 sine
785 611 898 644 imperio
914 615 1032 636 teneatur
1060 641 1061 646 Ἰ

238 646 387 673 vxcrcitus‘?
431 647 487 673 Non
518 647 612 682 igitur,
647 647 719 682 quod
749 652 868 682 ereptum
899 656 950 674 non
981 652 1029 677 est,

239 684 264 710 id
289 684 496 710 existimandum
520 689 560 710 est
578 684 680 711 datum.
724 685 899 719 Eripuissetis
921 684 949 711 C.
967 684 1031 711 Cac-

238 722 302 751 sari,
326 726 412 756 patres
432 722 589 756 conscripti,
617 722 774 756 imperium.
803 723 855 748 nisi
875 722 1028 748 dedissetis.

238 758 336 785 Milites
358 759 486 789 veterani,
503 759 550 794 qui
573 759 646 785 illius
661 760 856 790 auctoritatem,
875 760 1027 794 imperium,

238 804 333 822 nomen
353 797 451 826 secuti.
474 805 520 830 pro
535 796 670 831 republica
695 806 767 823 arma
794 802 930 831 ceperant,
958 796 1030 823 vole·

237 833 300 860 bant
318 834 369 859 sibi
391 834 423 859 ab
445 833 490 860 illo
504 834 642 868 imperari:
679 833 748 869 legio
773 834 863 860 Martia
888 839 912 860 et
932 833 1029 866 Quarta

236 871 272 897 ita
296 879 324 897 se
348 870 513 898 contulerant
535 871 568 897 ad
587 872 766 898 auctoritatem
792 876 901 897 senatus
923 871 1027 906 populi-

235 916 290 942 que
312 908 421 935 llomani
440 907 610 944 dignitatem,
639 913 668 935 ut
691 908 864 943 deposcerent
888 909 1029 943 imperato·

207 968 212 975 ,
236 954 291 971 rem
312 949 338 972 et
358 945 464 972 ducem.
513 946 658 980 Imperium
674 946 703 972 C.
716 946 821 976 Caesari
837 946 898 972 belli
912 946 1030 972 necessi-

236 987 285 1013 tas,
303 982 386 1009 fasces
401 987 508 1009 senatus
524 983 607 1010 dedit.

236 1057 302 1083 mihi
322 1066 363 1084 res
379 1057 440 1091 est.)
450 1057 558 1092 quando
569 1058 711 1093 imperium
725 1063 835 1084 senatus
846 1057 937 1084 dedit?

290 1094 335 1120 ix.
358 1094 411 1121 Sed
422 1095 454 1121 de
466 1095 513 1121 lioc
525 1095 634 1129 quidem
646 1095 782 1125 hactenus,
800 1104 831 1121 ne
844 1094 968 1130 refragari
981 1094 1029 1121 ho-

235 1131 300 1158 mini
313 1132 476 1158 amicissimo
485 1141 514 1158 ac
525 1133 558 1158 de
570 1141 611 1159 me
621 1133 720 1167 optime
733 1133 825 1159 merito
837 1132 936 1158 videar.
971 1132 1027 1158 Etsi

234 1169 296 1203 quis
320 1174 405 1204 potest
425 1169 550 1205 refragari
575 1178 625 1196 non
647 1169 724 1196 modo
740 1178 791 1196 non
810 1170 918 1204 petenti,
935 1178 1027 1195 verum

233 1206 313 1233 etiam
329 1206 480 1233 recusanti?
499 1208 541 1233 2⁴.
555 1206 600 1233 Illa
614 1215 683 1237 vero,
699 1212 784 1242 patres
797 1207 950 1242 conscripti,
963 1206 1029 1233 alie-

234 1251 266 1270 na
285 1243 428 1270 consulum
456 1243 598 1279 dignitate,
624 1244 709 1270 aliena
729 1249 879 1278 temporum
899 1245 1027 1280 gravitate

233 1282 362 1308 sententia
391 1285 444 1312 est,
477 1286 506 1307 ut
527 1281 651 1308 consules
676 1281 825 1308 Dolabellae
849 1281 1026 1316 persequendi

233 1326 327 1345 caussa
338 1319 428 1345 Asiam
440 1323 465 1345 et
475 1318 579 1354 Syriam
590 1320 741 1345 sortiantur.
762 1319 860 1348 Dicam,
874 1328 922 1345 cur
933 1319 1027 1345 inutile

233 1355 403 1390 reipublicae,
420 1355 466 1382 sed
482 1357 566 1390 prius,
579 1364 660 1391 quam
673 1361 749 1391 turpe
760 1356 919 1382 consulibus
928 1357 972 1387 sit,
987 1357 1028 1382 vi-

232 1392 301 1419 dete.
341 1392 430 1425 Quum
446 1393 539 1420 consul
553 1393 709 1429 designatus
723 1393 885 1424 obsideatur.
901 1402 986 1428 quum
999 1394 1025 1420 in

232 1438 263 1456 eo
284 1430 420 1457 liberando
433 1430 506 1457 salus
521 1431 555 1457 sit
569 1432 653 1465 posita
669 1430 840 1465 reipublicae,
857 1440 942 1465 quum
953 1440 967 1457 a
980 1440 1027 1466 po—

232 1467 296 1502 pulo
316 1468 434 1494 Romano
453 1468 571 1502 pestiferi
593 1469 666 1494 cives
689 1468 890 1503 parricidaeque
906 1468 1027 1495 descivi,h

231 1505 292 1535 rint,
300 1513 441 1540 quumque
452 1505 478 1531 id
489 1505 591 1532 bellum
605 1514 739 1541 geramuS,
747 1514 801 1540 quo
812 1505 882 1532 bello
893 1505 926 1532 de
937 1506 1027 1541 digni-

231 1546 291 1572 tate,
314 1542 346 1568 de
368 1541 496 1574 libertate,
518 1542 551 1569 de
569 1543 622 1569 vita
636 1543 820 1574 decernamus,
833 1547 867 1573 et,
880 1543 940 1569 siin
952 1548 1027 1578 pote-

230 1584 324 1606 statem
346 1580 408 1614 quis
426 1580 534 1606 Antonii
549 1580 663 1610 venerit,
680 1581 814 1615 proposita
828 1580 882 1606 sint
898 1585 1025 1607 tormenta

230 1621 309 1652 atque
318 1617 466 1643 cruciatus:
488 1626 628 1652 quumque
640 1617 735 1643 harum
747 1626 835 1643 rerum
847 1618 967 1643 omnium
979 1619 1026 1643 de-

229 1655 337 1680 certatio
356 1654 514 1681 consulibus
533 1655 642 1689 optimis
663 1659 688 1681 et
707 1654 861 1681 fortissimis
880 1655 1024 1681 commissa

230 1695 255 1717 et
274 1691 457 1718 commendata
477 1692 525 1718 sit:
557 1692 636 1718 Asiae
651 1696 676 1718 et
695 1691 788 1727 Syriae
805 1692 904 1718 mentio
920 1691 972 1721 fiet,
996 1697 1025 1718 ut

229 1733 274 1754 aut
295 1729 441 1763 suspicioni
460 1729 561 1755 crimen
581 1733 627 1755 aut
640 1729 757 1755 invidiae
769 1730 905 1755 materiam
917 1729 1024 1755 dedisse

229 1765 388 1792 videamur?
408 1767 449 1792 22.
461 1766 495 1792 At
506 1774 569 1792 vero
580 1766 614 1792 ita
626 1766 780 1797 decernunt,
799 1771 826 1792 ut
838 1768 945 1792 liberato
955 1767 1024 1792 Bru—

228 1840 285 1875 Ego
314 1848 376 1866 vero
399 1841 561 1867 mentionem
581 1841 690 1867 omnino
710 1840 907 1874 provinciarum
928 1839 1022 1866 factam
1052 1862 1054 1871 ,

228 1877 288 1903 dico
307 1876 471 1903 alienissimo
495 1882 621 1912 tempore.
662 1876 791 1909 Quamvis
811 1878 882 1903 enim
904 1878 1022 1904 intentus

228 1915 334 1940 animus
356 1919 418 1940 tuus
433 1915 477 1944 sit,
495 1914 523 1941 C.
536 1915 630 1945 Pansa,
643 1915 712 1940 sicut
723 1919 771 1945 est,
785 1914 818 1940 ad
833 1915 920 1941 virum
933 1914 1023 1941 sortis-

227 1952 327 1978 simum
348 1956 373 1977 et
383 1952 504 1977 omnium
524 1951 704 1978 clarissimum
727 1951 907 1982 liberandum,
933 1956 1021 1979 tamen

229 1997 316 2015 rerum
333 1994 424 2014 natura
439 1989 510 2024 cogit
528 1994 552 2014 te
567 1989 715 2015 necessario
731 1988 826 2015 referre
841 1989 961 2015 animum
973 1989 1022 2016 ali-

227 2025 335 2060 quando
349 2025 381 2051 ad
397 2025 559 2052 Dolabellam
579 2026 805 2060 persequendum,
823 2031 848 2052 et
859 2031 960 2061 partem
973 2026 1022 2053 ali-

227 2072 308 2097 quam
320 2063 444 2089 inAsiam
456 2063 590 2097 etSyriam
601 2063 722 2089 derivare
733 2072 813 2090 curae
823 2064 1020 2099 etcogitationis

227 2105 296 2126 tuae.
337 2100 366 2126 Si
385 2105 473 2127 autem
490 2100 546 2126 fleri
558 2105 654 2135 posset,
668 2100 709 2126 vel
722 2100 812 2135 plures
824 2105 848 2127 te
859 2102 962 2127 animos
974 2101 1022 2127 ha·

226 2137 289 2163 bere
314 2137 424 2167 vellem,
446 2146 514 2172 quos
538 2146 631 2164 omnes
653 2137 686 2164 ad
707 2138 836 2164 Mutinam
857 2139 1019 2165 intenderes.

226 2174 303 2206 Quod
317 2175 443 2209 quoniam
456 2175 511 2201 lieri
524 2183 575 2201 non
588 2179 682 2209 potest,
695 2175 760 2201 istoc
770 2176 868 2206 animo,
881 2184 962 2210 quem
973 2176 1021 2202 ha-
1043 2210 1044 2213 Ἴ

225 2211 273 2238 bes
295 2212 554 2246 praestantissimum
570 2217 649 2247 atque
663 2213 809 2247 optimum,
826 2213 892 2239 nibil
907 2218 932 2239 te
943 2212 1021 2239 volu-

226 2257 296 2280 mus.
320 2249 372 2275 nisi
387 2249 420 2275 de
435 2249 514 2275 Bruto
525 2250 649 2283 cogitare.
677 2251 718 2276 23.
731 2250 808 2276 Facis
820 2254 848 2276 tu
859 2250 886 2276 id
895 2250 1017 2285 quidem,

225 2291 251 2312 et
270 2294 301 2313 eo
320 2287 436 2312 maxime
458 2287 605 2313 incumbis!
632 2286 700 2313 duas
721 2291 809 2313 tamen
830 2296 885 2318 res,
908 2296 1019 2323 magnas

224 2324 390 2358 praesertim,
403 2332 455 2349 non
467 2323 545 2350 modo
555 2332 633 2359 agere
645 2333 698 2350 uno
710 2329 836 2358 tempore,
844 2324 892 2350 sed
903 2333 936 2351 ne
946 2325 1020 2360 cogi-

224 2361 303 2387 tando
313 2361 424 2395 quidem
435 2361 568 2395 explicare
578 2361 723 2396 quisquam
735 2366 828 2395 potest.
869 2362 980 2388 Incitare
994 2366 1020 2388 et

223 2397 387 2424 inflammare
413 2403 488 2424 tuum
513 2399 583 2424 istuc
602 2398 864 2433 praestantissimum
885 2399 1015 2430 studium,

225 2443 276 2460 non
292 2435 324 2461 ad
335 2435 414 2461 aliam
427 2434 481 2461 ulla
492 2444 525 2461 ex
534 2441 608 2470 parte
619 2444 710 2462 curam
721 2435 864 2462 transferre
875 2435 1016 2462 debemus.

279 2471 314 2497 X.
336 2471 410 2498 Adde
430 2472 500 2498 istuc
515 2481 651 2499 sermones
669 2472 822 2503 hominum,
845 2472 912 2499 adde
927 2474 1018 2508 suspi—

223 2506 322 2538 ciones,
339 2508 406 2534 adde
420 2509 559 2535 invidiam.
599 2510 704 2536 Imitare
715 2517 766 2539 me,
779 2517 860 2543 quem
873 2515 901 2536 tu
911 2518 1018 2545 semper

225 2543 352 2571 laudasti:
383 2546 430 2579 qui
451 2546 607 2573 instructam
630 2551 803 2580 ornatamque
820 2555 834 2572 a
848 2551 942 2573 senatu
956 2556 1018 2582 pro-

224 2581 339 2607 vinciam
361 2581 486 2615 deposui,
504 2588 533 2609 ut
544 2583 697 2610 incendium
712 2583 820 2617 patriae,
833 2585 932 2610 omissa
943 2585 1016 2610 omni

223 2618 390 2653 cogitatione,
408 2620 611 2654 restinguerem.
652 2620 736 2646 Nemo
753 2620 803 2646 erit
818 2626 920 2654 praeter
930 2630 1015 2647 unum

225 2663 275 2686 me,
296 2656 407 2691 quicum
422 2655 546 2690 prolecto,
563 2658 586 2683 si
601 2657 667 2692 quid
683 2657 810 2684 interesse
826 2662 868 2684 tua
879 2663 1014 2692 putasses,

647 982 738 1010 Otioso
755 992 816 1009 vero
826 988 851 1009 et
862 983 928 1009 niliil
940 983 1027 1018 agenti
1050 991 1052 1006 r

236 1021 346 1054 privato,
355 1020 464 1047 obsecro
475 1025 507 1051 te,
522 1021 550 1046 L.
564 1020 745 1055 Caesar,(cum
754 1021 915 1055 peritissimo
923 1020 1028 1046 homine
1057 1055 1058 1058 Ἰ

1084 284 1192 309 quaeso,
1219 285 1265 310 pro
1281 281 1324 302 tua
1340 276 1468 312 singulari
1485 283 1623 312 sapientia.
1637 279 1749 313 reprime
1762 277 1871 304 samam.

1085 317 1163 347 atque
1181 312 1270 343 eftice,
1291 322 1323 339 ne
1338 313 1374 344 id,
1396 314 1467 348 quod
1479 323 1529 340 non
1540 324 1626 345 curas,
1649 324 1745 350 cupere
1759 315 1871 341 videare.

1086 351 1125 375 25.
1147 350 1223 381 Quod
1243 350 1354 385 quidem
1374 359 1405 377 eo
1426 351 1610 378 vehementius
1631 352 1677 378 tibi
1701 352 1873 378 laborandum

1084 392 1132 416 cst,
1153 387 1216 421 quia
1234 388 1260 413 in
1275 387 1395 414 camdem
1410 388 1502 414 cadere
1518 389 1697 423 suspicionem
1711 390 1821 422 collega,
1836 390 1874 416 vir

1084 424 1260 453 clarissimus.
1278 434 1328 450 non
1347 430 1441 459 poten
1483 426 1554 451 Nihil
1572 426 1665 452 liorum
1677 427 1735 456 scit.
1748 426 1815 452 nilul
1828 435 1873 452 su-

1084 462 1211 495 spicatur.
1252 461 1355 488 Bellum
1366 463 1447 497 gerit:
1470 463 1497 489 in
1511 463 1567 488 acie
1578 468 1641 489 stat:
1663 463 1696 489 de
1706 464 1837 497 sanguine
1848 469 1874 490 et

1083 499 1116 524 de
1137 499 1233 533 spiritu
1254 498 1381 525 decertat:
1413 504 1473 526 ante
1494 500 1656 534 provinciam
1672 500 1723 526 sibi
1742 501 1873 527 decretam

1083 536 1182 565 audiet,
1203 545 1283 570 quam
1301 537 1414 570 potuerit
1430 542 1535 571 tempus
1547 538 1570 563 ci
1582 538 1617 563 rei
1628 538 1720 563 datum
1731 538 1872 572 suspicari.

1084 573 1187 601 Vereor.
1214 582 1246 599 ne
1261 574 1393 600 exercitus
1408 583 1515 609 quoque
1530 575 1620 604 nostri.
1634 576 1680 609 qui
1693 583 1744 601 non
1755 575 1874 601 delectus

1060 683 1061 688 ¹
1083 685 1229 715 nobis,nisi
1241 685 1273 711 de
1286 686 1392 712 instanti
1406 686 1475 712 bello
1484 687 1628 721 cogitatum
1636 686 1776 720 putabunt.
1797 685 1873 718 Quod

1082 722 1105 748 si
1126 723 1276 757 provinciae
1295 723 1452 749 consulibus
1471 723 1634 757 expetendae
1651 723 1786 753 videntur,
1804 724 1875 750 sicut

1081 768 1161 794 saepe
1181 759 1273 786 multis
1287 760 1444 786 clarissimis
1457 761 1521 786 viris
1532 761 1663 795 expetitae
1673 766 1750 787 sunt:
1772 760 1874 787 reddite

1082 797 1157 831 prius
1169 797 1245 823 nobis
1257 798 1377 827 Brutum,
1392 797 1482 824 lumen
1496 802 1522 824 et
1532 797 1615 824 decus
1628 798 1757 824 civitatis:

1058 822 1059 863 l
1080 834 1279 860 conservandus
1298 839 1347 865 est,
1370 840 1399 861 ut
1414 835 1440 861 id
1456 835 1574 869 signum,
1590 835 1660 870 quod
1675 835 1708 861 de
1718 834 1791 862 caelo
1800 835 1874 862 dela-

1058 876 1059 879 ’
1082 880 1160 905 psum
1182 872 1275 898 Vestae
1293 872 1422 898 custodiis
1442 873 1605 898 continetur:
1635 881 1689 907 quo
1704 872 1786 903 salvo,
1804 872 1872 898 salvi

1058 911 1059 945 J
1080 917 1175 935 sumus
1192 908 1284 935 futuri.
1325 909 1399 935 Tunc
1416 909 1456 935 vel
1474 910 1500 935 in
1511 909 1613 935 eaelum
1630 919 1685 939 vos,
1698 910 1788 936 sineri
1801 915 1873 944 pot&

1058 952 1059 972 l
1081 946 1122 977 rit,
1132 946 1251 972 humeris
1263 947 1359 973 nostris
1370 946 1508 973 tollemus:
1525 948 1675 981 provincias
1688 952 1758 973 certe
1769 946 1872 982 dignis-

1080 984 1162 1009 simas
1179 984 1253 1010 vobis
1269 983 1428 1019 deligemus.
1460 984 1546 1014 Nuncv
1559 984 1631 1019 quod
1642 985 1737 1019 agitur.
1750 993 1870 1019 agamus.

1080 1021 1174 1056 Agitur
1185 1026 1282 1051 autem,
1293 1021 1402 1047 liberine
1415 1022 1546 1051 vivamus,
1560 1030 1592 1047 an
1605 1026 1714 1048 mortem
1728 1021 1870 1047 obeamus:

1079 1067 1148 1092 quae
1167 1063 1237 1084 certe
1251 1059 1373 1084 servituti
1395 1058 1577 1093 anteponenda
1594 1064 1643 1084 est.
1685 1060 1726 1084 25.
1747 1058 1831 1090 Quid,
1848 1059 1872 1085 si

1079 1175 1276 1204 exspectamus,
1298 1178 1353 1204 quo
1369 1178 1401 1196 ne
1412 1170 1558 1205 vestigium
1569 1170 1678 1205 quidem
1691 1171 1768 1196 Asiae
1778 1171 1873 1196 civita-

1080 1212 1136 1233 tum
1148 1212 1227 1242 atque
1239 1207 1346 1233 urbium
1358 1206 1541 1242 relinquatur?
1559 1208 1593 1234 At
1603 1207 1873 1242 mittentaliquemde

1079 1253 1129 1271 suo
1149 1253 1268 1271 numero.
1310 1244 1390 1271 Valde
1406 1245 1473 1271 mihi
1489 1244 1594 1279 probari
1610 1249 1704 1279 potest,
1723 1245 1770 1280 qui
1782 1244 1872 1279 paullo

1079 1287 1139 1308 ante
1159 1282 1307 1308 clarissimo
1322 1282 1379 1308 viro
1395 1283 1496 1316 privato
1512 1282 1656 1317 imperium
1667 1286 1741 1308 extra
1751 1281 1871 1308 ordinem

1080 1328 1131 1345 non
1151 1319 1223 1345 dedi.
1263 1320 1297 1346 At
1317 1319 1452 1345 hominem
1469 1319 1581 1355 dignum
1601 1320 1714 1345 mittent.
1755 1319 1825 1346 Num
1840 1319 1869 1345 P.
1915 1351 1921 1354 ι

1056 1358 1057 1367 ’
1079 1356 1193 1383 Servilio
1203 1355 1371 1393 digniorem?
1390 1356 1495 1383 Ateum
1506 1356 1774 1391 quidemcivitasnon
1782 1356 1870 1383 habet.
1908 1359 1919 1394 j·

1049 1393 1057 1417 ’ἶ
1078 1393 1154 1426 Quod
1174 1402 1236 1430 ergo
1256 1394 1314 1429 ipse
1332 1394 1432 1420 nemini
1453 1399 1527 1428 putat
1547 1393 1679 1424 dandum.
1701 1402 1734 1420 ne
1748 1402 1762 1420 a
1777 1398 1871 1420 senatu
1911 1398 1914 1407 ¹

1077 1431 1203 1466 quidem3
1234 1431 1262 1458 id
1276 1440 1325 1467 ego
1340 1432 1422 1458 unius
1438 1431 1537 1458 iudicio
1550 1430 1668 1457 delatum
1683 1429 1873 1466 comprobem?
1910 1442 1914 1466 s

1055 1475 1057 1484 ¹
1078 1470 1120 1495 26.
1141 1468 1273 1504 Expedito
1293 1469 1370 1496 nobis
1390 1469 1497 1495 homine
1511 1473 1537 1495 et
1547 1473 1645 1503 parato,
1659 1472 1746 1503 patres
1755 1468 1872 1494 conseri-

1078 1507 1125 1541 pti,
1142 1515 1211 1541 opus
1226 1511 1274 1537 est,
1292 1511 1318 1533 et
1332 1515 1371 1537 eo,
1384 1506 1432 1541 qui
1443 1506 1588 1541 imperium
1600 1505 1749 1541 legitimum
1761 1505 1868 1531 habeat:

1077 1585 1198 1616 spectum
1210 1581 1330 1607 animum
1342 1581 1368 1607 in
1380 1580 1517 1615 republica
1530 1579 1675 1606 liberanda.

1133 1618 1179 1644 xl.
1200 1617 1266 1650 Quis
1278 1618 1361 1654 igitur
1371 1618 1394 1644 is
1405 1617 1464 1644 est?
1480 1618 1533 1644 Aut
1545 1618 1580 1644 M.
1591 1617 1699 1648 Brutus,
1711 1621 1758 1643 aut
1769 1615 1870 1643 C.Cas-

1076 1655 1134 1681 sius
1155 1659 1200 1681 aut
1220 1659 1340 1689 uterque.
1380 1655 1552 1681 Decernerem
1576 1654 1663 1689 plane,
1680 1655 1750 1680 sicut
1766 1653 1867 1684 muld‘.

1076 1730 1102 1755 in
1113 1729 1231 1760 Graecia,
1245 1734 1271 1755 et
1285 1730 1344 1755 eius
1359 1728 1491 1755 auxilium
1502 1728 1535 1754 ad
1546 1729 1648 1755 Italiam
1659 1736 1776 1763 vergere,
1785 1736 1869 1762 quam

1075 1766 1108 1792 ad
1123 1767 1213 1793 Asiam
1234 1765 1437 1792 maluissemus:
1460 1774 1512 1792 non
1528 1771 1557 1792 ut
1567 1774 1601 1792 ex
1611 1774 1639 1791 ea
1651 1766 1706 1791 acie
1717 1770 1868 1799 respectum

1053 1841 1054 1851 ¹
1075 1841 1292 1867 transmarinum.
1324 1841 1472 1870 Praeterea,
1489 1845 1576 1874 patres
1587 1840 1740 1874 conscripti.
1753 1839 1788 1865 M.
1802 1839 1868 1865 Bru—

1052 1885 1054 1892 ⁴
1076 1882 1132 1904 tum
1153 1879 1247 1904 retinet
1263 1878 1341 1904 etiam
1358 1886 1430 1904 nunc
1445 1877 1474 1904 C.
1490 1878 1630 1908 Antonius,
1647 1877 1695 1912 qui
1708 1876 1868 1911 tenetApol-

1075 1915 1182 1946 loniam,
1207 1924 1331 1951 magnam
1351 1915 1445 1941 urbem
1465 1919 1490 1941 et
1509 1923 1631 1950 gravem:
1663 1918 1746 1944 tenet.
1763 1914 1865 1948 opinor.

1073 1952 1218 1988 Byllidem:
1242 1957 1312 1979 tenet
1325 1953 1489 1978 Amantiam:
1511 1953 1591 1978 instat
1600 1951 1695 1986 Epiro:
1717 1955 1794 1986 urget
1805 1950 1868 1986 llly-

1052 2018 1053 2027 ἵ
1074 1991 1172 2016 ricum:
1215 1989 1294 2016 habet
1317 1989 1420 2025 aliquot
1443 1988 1577 2020 cohortes,
1604 1989 1683 2015 habet
1705 1989 1865 2023 equitatum.

1073 2027 1148 2057 Hinc,
1165 2027 1188 2053 si
1199 2027 1296 2053 Brutus
1311 2027 1361 2053 erit
1376 2026 1513 2053 traductus
1528 2026 1561 2053 ad
1572 2025 1646 2052 aliud
1659 2025 1770 2054 bellum.
1784 2025 1867 2052 Grae>
1896 2039 1898 2042 ·

1051 2074 1053 2092 ι
1073 2065 1141 2090 ciam
1163 2069 1232 2090 certe
1252 2064 1432 2090 amiserimus.
1471 2063 1520 2090 Est
1538 2068 1627 2089 autem
1642 2063 1721 2089 etiam
1735 2062 1768 2088 de
1781 2062 1867 2088 Brun-

1051 2101 1052 2130 l
1073 2101 1142 2128 disio
1157 2106 1236 2136 atque
1254 2101 1300 2127 illa
1313 2110 1358 2128 ora
1370 2101 1458 2128 ltaliae
1470 2100 1675 2135 providendum.
1697 2099 1867 2134 Quamquam

1073 2139 1154 2165 miror
1169 2138 1271 2165 tamdiu
1286 2139 1382 2165 morari
1397 2138 1552 2164 Antonium.
1593 2137 1666 2164 Solet
1679 2137 1751 2163 enim
1762 2137 1867 2171 accipe-

1072 2185 1100 2202 re
1120 2176 1179 2210 ipse
1195 2176 1322 2206 manicas,
1340 2184 1388 2202 nec
1399 2175 1502 2202 diutius
1511 2174 1660 2201 obsidionis
1672 2179 1771 2200 metum
1783 2173 1866 2200 susti-

1073 2221 1143 2240 nere.
1183 2212 1260 2244 Quod
1279 2214 1302 2239 si
1322 2212 1465 2239 confecerit
1474 2212 1573 2238 Brutus
1588 2217 1613 2238 et
1628 2211 1788 2238 intellexerit
1802 2210 1865 2245 plus

1071 2259 1100 2276 se
1111 2249 1274 2284 reipublicae
1287 2249 1466 2284 profuturum,
1479 2250 1503 2275 si
1511 2248 1670 2275 Dolabellam
1679 2252 1862 2282 persequatur,

1069 2296 1151 2322 quam
1166 2287 1189 2313 si
1205 2287 1232 2313 in
1243 2287 1352 2314 Graecia
1363 2291 1480 2313 maneat:
1503 2291 1563 2321 aget
1573 2287 1631 2320 ipse
1642 2294 1688 2320 per
1697 2293 1765 2315 sese,
1779 2289 1807 2311 ut
1816 2284 1865 2311 ad-

1070 2324 1123 2351 huc
1133 2332 1242 2359 quoque
1257 2324 1332 2350 fecit:
1354 2332 1442 2359 neque
1452 2324 1480 2350 in
1492 2328 1528 2349 tot
1538 2322 1678 2353 incendiis,
1690 2321 1791 2356 quibus
1800 2330 1865 2348 con-

1070 2361 1159 2388 festim
1179 2361 1391 2388 succurrendum
1412 2365 1466 2391 est,
1483 2359 1647 2394 exspectabit
1657 2364 1794 2385 senatum.
1818 2359 1861 2386 27.

1069 2399 1135 2425 Nam
1147 2403 1173 2424 et
1182 2399 1280 2425 Brutus
1289 2403 1316 2425 et
1325 2398 1434 2425 Cassius
1445 2397 1538 2424 multis
1548 2397 1600 2423 iam
1611 2397 1639 2422 in
1650 2396 1730 2422 rebus
1741 2396 1799 2431 ipse
1809 2395 1862 2422 sibi

1068 2440 1177 2462 senatus
1194 2435 1254 2462 [uit.
1294 2436 1409 2462 Necesse
1423 2440 1464 2461 est
1476 2435 1557 2465 enim,
1570 2434 1598 2460 in
1609 2438 1679 2460 tanta
1689 2433 1863 2459 conversione

1068 2478 1094 2499 et
1114 2473 1311 2507 perturbatione
1330 2473 1453 2499 omnium
1472 2479 1574 2501 rerum,
1592 2471 1756 2505 temporibus
1770 2471 1861 2504 potius

1046 2500 1048 2547 l
1069 2518 1169 2544 parere,
1191 2518 1273 2545 quam
1293 2509 1423 2536 moribus.
1453 2509 1507 2535 Nec
1521 2509 1593 2534 enim
1605 2516 1676 2534 nunc
1686 2507 1805 2542 primum
1814 2511 1862 2533 aut

1046 2551 1047 2584 l
1067 2548 1166 2573 Brutus
1181 2552 1227 2573 aut
1241 2547 1350 2574 Cassius
1365 2546 1479 2572 salutem
1496 2545 1699 2580 libertatemque
1711 2544 1812 2579 patriae
1822 2543 1861 2570 le-

1066 2593 1128 2619 gem
1141 2585 1337 2610 sanctissimam
1348 2588 1374 2610 et
1384 2591 1484 2609 morem
1495 2583 1626 2616 optimum
1637 2581 1775 2608 iudicavit.
1809 2581 1860 2607 lta—

1067 2629 1120 2655 que
1135 2621 1158 2647 si
1173 2621 1206 2647 ad
1216 2629 1264 2648 nos
1279 2620 1347 2647 nihil
1358 2619 1498 2646 referretur
1508 2619 1541 2645 de
1551 2618 1686 2646 Dolabella
1696 2625 1860 2653 persequen-

1067 2658 1110 2690 do,
1123 2663 1212 2686 tamen
1222 2666 1271 2694 ego
1280 2666 1329 2694 pro
1339 2656 1443 2684 decreto
1453 2661 1584 2692 putarem,
1597 2664 1684 2692 quum
1694 2659 1784 2683 essent
1793 2653 1858 2682 tales

1084 612 1248 641 necessitate,
1262 611 1309 637 sed
1322 611 1478 637 voluntariis
1490 611 1586 637 studiis
1597 621 1626 637 se
1637 612 1669 638 ad
1681 612 1873 646 rempublicam
1913 629 1918 638 .

1082 647 1259 678 contulerunt.
1283 648 1418 674 tardentur
1437 649 1548 678 animis.
1566 649 1589 674 si
1608 649 1756 683 quidquam
1772 648 1845 675 uliud
1859 658 1873 675 a
1915 661 1922 670 ·

1779 799 1826 833 qui
1838 799 1873 824 ita
1915 790 1925 812 ’ἶ

1079 1096 1158 1121 etiam
1179 1095 1252 1122 ass'ert
1273 1096 1420 1122 tarditatem
1442 1096 1491 1121 ista
1511 1097 1641 1122 sententia
1661 1095 1694 1121 ad
1710 1095 1872 1122 Dolabellam
1911 1094 1913 1098 ⁴

1080 1132 1314 1167 persequendum?
1342 1132 1453 1165 Quando
1467 1133 1539 1159 enim
1556 1133 1644 1159 veniet
1657 1132 1771 1159 consul?
1792 1133 1833 1159 An
1844 1132 1872 1159 id
1911 1159 1920 1169 κ

1077 1544 1124 1578 qui
1146 1548 1278 1578 praeterea
1298 1544 1493 1574 auctoritatem,
1512 1551 1620 1573 nomen.
1637 1543 1792 1573 exercitum,
1810 1550 1871 1577 per-
1912 1566 1914 1572 ,

1075 1692 1212 1718 consulem
1233 1691 1345 1718 alterum
1361 1692 1482 1722 ambove,
1500 1692 1526 1718 ni
1544 1692 1655 1717 Brutum
1666 1690 1869 1726 colligassemus
1911 1697 1921 1706 ³

230 1808 268 1829 to:
300 1802 326 1828 id
346 1803 418 1829 enim
438 1803 566 1829 restabat:
597 1808 627 1829 ut
647 1803 751 1833 relicto,
773 1803 890 1834 deserto,
908 1803 1021 1837 prodito.
1053 1803 1055 1833 “,
1076 1803 1244 1834 haberemus,
1257 1803 1305 1830 sed
1316 1808 1345 1829 ut
1355 1804 1414 1838 ipsa
1425 1803 1494 1829 acies
1505 1803 1659 1829 subsidium
1671 1802 1778 1828 liaberet
1788 1802 1868 1828 etiam
1910 1831 1913 1833 ,
