1941 3052
232 121 293 146 wit
795 117 850 141 42⁸.
883 115 916 141 M.
952 115 982 140 Τ.

229 190 342 217 tolumis
354 195 431 223 atque
444 191 530 215 inim-u
532 198 537 212 ι
550 187 734 221 permanserit.
777 186 930 219 locumque
944 184 1017 210 ‹lele-

227 229 266 262 git
281 232 306 253 et
323 226 440 252 sonulam
456 225 607 250 abundum·
611 233 650 253 ιιι,
674 227 698 248 et
716 223 740 248 iu
758 232 802 255 rep„
796 223 864 248 'ioue
881 222 1017 256 pestilenti

227 264 375 290 salubrem:
391 263 456 287 roll«
452 273 470 286 s
481 272 494 285 ι
498 262 552 287 ιιιιιι
562 265 632 289 suut,
641 261 698 294 qui,
706 258 959 294 quumperssantur
955 258 1016 293 ipsi,

227 307 283 328 tutu
295 301 406 326 all'erunt
419 299 539 324 ιιιιιΙιι-ῑιιιι
553 297 678 322 vallibus.

284 338 336 363 vu.
357 339 393 362 ¹¹2.
415 336 499 369 Atque
512 335 575 360 baec
587 334 697 368 quidem
709 332 878 368 perceleriter
888 331 1015 358 confecit:

227 385 287 401 unm
299 379 323 399 vt
336 373 427 398 urben}
442 372 591 401 vonsutuit,
610 379 691 405 quam
703 380 716 396 e
728 379 777 396 uuo
789 371 896 396 nomine
909 370 1017 395 {tomam

227 413 304 438 iussit
317 410 446 436 nominari
456 419 461 434 :
473 408 536 434 etad
546 407 702 434 lirmandam
715 416 810 433 novam
823 408 958 433 civitatem
971 415 1018 432 no-

227 457 289 474 vum
305 446 439 481 quoddam
457 451 481 471 et
496 445 652 479 subagreste
669 444 827 474 consilium,
850 444 897 470 scd
913 443 945 469 ad
959 453 1019 469 mu-

226 484 335 511 niendas
346 492 410 518 opes
423 483 538 518 regniac
549 481 641 517 populi
653 482 695 508 sui
709 481 955 517 magniliominiset
966 483 1018 508 iam

225 527 280 548 tum
294 521 370 555 long-,ve
382 519 557 554 providentis,
571 524 680 546 secutus
691 524 738 548 est,
748 527 832 553 quum
845 518 958 545 Sabinas
971 519 1019 545 bo-

225 563 298 585 ιιι-510
309 563 378 584 ortas
391 557 447 583 loco
460 557 588 592 virgines,
597 565 665 591 ‘luae
677 557 785 582 llomnm
799 555 922 582 ludorum
934 557 1017 592 gratia

225 596 374 625 venissent,
396 603 463 629 quos
481 598 536 620 tum
553 594 670 628 primum
687 594 884 620 anniversarios
901 594 926 619 in
948 594 1018 619 circo

225 632 309 659 lacere
322 632 493 661 instituisset,
507 631 688 657 Consualibus
700 631 756 665 rapi
770 631 862 662 iussit,
880 639 979 665 casque
991 631 1017 656 in

225 669 387 695 familiarum
413 668 642 703 amplissimarum
664 669 842 694 matrimoniis
866 667 1016 694 collocavit.

226 709 264 733 13.
286 706 343 738 Qua
359 715 393 732 ex
408 715 500 732 caussa
517 714 602 740 quum
619 705 720 732 bellum
734 706 858 732 llomanis
870 705 964 732 Sabini
978 705 1018 731 in-

224 744 361 774 tulissent,
384 743 533 778 praeliique
547 748 679 769 certamen
697 743 801 769 varium
819 747 899 777 atque
920 751 1018 777 anceps

224 780 327 811 fuisset.
341 789 402 807 cum
414 781 443 806 T.
457 780 530 806 Tatio
542 789 602 815 rege
614 780 774 806 Sabinorum
788 779 881 806 foedus
894 780 947 809 icit,
962 788 1018 805 ma-

223 819 306 845 tronis
319 818 395 853 ipsis,
412 826 480 852 quae
493 823 580 852 raptae
591 817 834 848 erant,orantibus:
848 826 901 852 quo
913 816 1017 843 loedere

223 860 248 882 et
259 855 394 882 Sabinos
389 864 414 881 ιιι
429 856 471 881 civ
477 855 564 881 itatem
576 855 672 881 ascivit
682 855 765 881 sacris
777 854 981 880 communicatis
993 858 1018 880 et

224 902 269 929 rero
262 901 336 919 uum
348 901 428 918 suum
441 901 502 918 cum
515 891 622 918 illorum
635 901 695 927 rege
707 892 829 918 sociavit.

280 930 299 956 t
303 930 345 956 lll.
361 931 399 956 lt.
413 930 473 956 l'ost
485 930 621 955 interitum
634 934 722 955 autem
734 929 802 955 Tatii
813 937 898 964 quum
911 928 943 954 ad
955 936 1017 954 eum

223 971 374 1009 potentatus
384 968 472 993 omnis
485 966 635 997 recidisset,
651 975 817 1009 quamquam
829 975 891 992 cuin
903 966 995 991 Tatio
990 974 1015 991 ιιι

224 1005 328 1040 regium
343 1003 487 1030 consilium
502 1003 637 1039 delegerat
652 1004 801 1038 principes,
824 1004 871 1038 qui
891 1002 1017 1037 appellati

223 1046 287 1068 sunt
298 1046 406 1076 propter
420 1042 555 1067 caritatem
572 1046 672 1075 patres;
692 1040 876 1075 populumque
892 1045 917 1066 et
933 1048 982 1066 suo
993 1044 1017 1065 et

223 1079 291 1105 Tatii
303 1079 410 1105 nomine
422 1083 446 1104 et
457 1079 634 1108 Lucumonis,
653 1079 699 1112 qui
713 1077 818 1104 Romuli
830 1078 920 1104 socius
933 1078 958 1103 in
970 1076 1018 1102 Sa-

223 1116 287 1143 bino
299 1115 399 1150 praelio
409 1115 554 1145 occiderat,
569 1116 594 1141 in
607 1115 692 1141 tribus
705 1120 757 1141 tres
767 1115 910 1149 curiasque
923 1114 1018 1149 trigin-

223 1158 247 1180 ta
259 1152 449 1187 descripserat,
463 1161 530 1187 quas
541 1153 630 1178 curias
641 1161 732 1178 earum
745 1151 900 1178 nominibus
913 1160 1018 1177 nuncu-

222 1191 310 1225 pavit,
326 1198 394 1225 quae
410 1198 443 1216 ex
453 1190 560 1215 Sabinis
574 1189 692 1224 virgines
708 1194 797 1223 raptae
811 1194 900 1223 postea
914 1188 1018 1214 fuerant

221 1228 347 1254 oratrices
359 1228 432 1261 pacis
442 1232 467 1252 et
479 1226 606 1252 foederis:
619 1225 665 1252 sed
678 1235 845 1261 quamquam
857 1234 886 1251 ea
893 1226 968 1252 Tatio
978 1226 1017 1251 sic

222 1269 295 1291 crant
307 1264 439 1298 descripta
452 1264 527 1294 vivo,
545 1268 631 1289 tamen
643 1272 674 1289 eo
686 1263 822 1290 interfecto
838 1262 921 1289 multo
936 1263 1016 1289 etiam
1046 1292 1047 1299 ἵ

222 1302 308 1344 magis
329 1300 459 1328 Romulus
478 1305 585 1337 patrum
608 1301 762 1328 auctoritate
786 1300 953 1336 consilioque
975 1308 1018 1328 re-

221 1343 324 1402 euax.
354 1377 392 1402 ⁴5.
421 1375 479 1408 Quo
504 1375 572 1402 sacto
596 1377 714 1411 primum
741 1375 810 1402 vidit
831 1375 1016 1410 iudicavitque

221 1413 302 1444 idem,
316 1413 388 1448 quod
395 1413 504 1448 Spartae
516 1414 655 1449 Lycurgus
666 1413 757 1448 paullo
768 1418 827 1440 ante
840 1412 1017 1443 viderat,sin-
1045 1443 1047 1445 ¹

220 1450 308 1487 gulari
320 1451 433 1485 imperio
444 1455 469 1477 et
479 1455 606 1485 potestate
618 1451 690 1486 regia
703 1456 759 1477 tum
771 1450 870 1476 melius
881 1450 1017 1486 guberna-
1045 1452 1047 1454 '

221 1489 244 1515 ri
255 1492 280 1514 et
291 1488 347 1523 regi
358 1488 493 1519 civitates,
511 1488 534 1514 si
549 1492 620 1514 esset
634 1488 729 1523 optimi
745 1489 878 1523 cuiusque
894 1487 926 1513 ad
943 1487 1015 1513 illam

221 1525 277 1552 vim
298 1524 488 1551 dominationis
509 1524 633 1551 adiuncta
658 1526 811 1551 auctoritas.
853 1526 943 1559 ltaque
967 1525 1017 1551 hoc

220 1562 333 1589 consilio
344 1567 369 1588 et
379 1563 458 1597 quasi
469 1567 561 1588 senatu
574 1562 657 1589 fultus
667 1567 692 1588 et
703 1563 833 1593 munitus,
842 1561 942 1588 etbella
954 1570 1016 1588 cum
1045 1585 1046 1589 ,

220 1599 343 1626 finitimis
355 1599 511 1625 felicissime
523 1598 606 1625 multa
617 1601 715 1635 gessit:
733 1604 767 1630 et,
780 1608 866 1634 quum
878 1600 936 1634 ipse
947 1598 1016 1625 nihil

220 1645 254 1663 ex
265 1636 363 1671 praeda
374 1636 484 1663 domum
496 1645 574 1663 suam
585 1641 742 1671 reportaret,
767 1636 928 1671 locupletare
942 1636 1016 1662 cives

221 1682 273 1700 non
285 1673 396 1700 destitit.
431 1675 469 1700 ¹6.
491 1674 575 1704 Tunc,
589 1673 617 1700 id
627 1673 699 1709 quod
712 1675 857 1700 retinemus
869 1673 948 1700 hodie
960 1682 1017 1700 ma-

221 1719 273 1747 gna
284 1719 346 1737 cum
357 1711 442 1737 salute
455 1711 491 1737 rei
503 1710 641 1746 publicae,
659 1711 789 1746 auspiciis
805 1711 953 1746 plurimum
967 1710 1016 1737 ob-

220 1752 330 1774 secutus
342 1753 382 1774 est
394 1748 532 1774 Romulus.
573 1748 640 1774 Nam
652 1753 677 1774 et
691 1747 839 1783 ipse‚quod
850 1748 1015 1783 principium

221 1786 258 1811 rei
270 1785 395 1820 publicae
407 1785 470 1816 suit,
484 1785 582 1812 Urbem
594 1785 714 1812 condidit
724 1786 875 1820 auspicato,
892 1790 918 1811 et
928 1785 1016 1811 omni-

220 1822 272 1848 bus
284 1822 401 1857 publicis
412 1822 493 1848 rebus
504 1822 677 1849 instituendis
685 1843 691 1853 ,
704 1823 751 1857 qui
763 1823 817 1848 sibi
829 1827 917 1848 essent
929 1822 956 1848 in
967 1830 1016 1848 au-

220 1860 325 1894 spiciis,
338 1868 372 1886 ex
382 1859 499 1895 singulis
511 1859 636 1886 tribubus
647 1859 770 1894 singulos
780 1859 914 1894 cooptavit
929 1867 1016 1894 augu-

221 1905 276 1922 res:
299 1901 324 1922 et
338 1896 432 1923 habuit
444 1896 550 1931 plebem
562 1897 589 1923 in
600 1896 738 1922 clientelas
748 1897 903 1931 principum
914 1895 1016 1922 descri-

221 1938 306 1968 ptam,
320 1933 392 1968 quod
403 1938 517 1968 quantae
529 1932 610 1959 suerit
620 1933 738 1964 utilitati,
754 1938 813 1967 post
825 1933 930 1959 videro:
945 1932 1016 1959 mul-

221 1975 332 2005 ctaeque
343 1970 459 1996 dictione
470 1970 563 1996 ovium
574 1975 600 1996 et
609 1970 700 2001 boum,
709 1969 791 2005 (quod
803 1975 858 1996 tum
870 1975 925 1996 erat
936 1979 977 1996 res
989 1971 1015 1996 in

221 2015 315 2042 pecore
331 2012 356 2033 et
371 2007 488 2034 locorum
505 2007 736 2041 possessionibus,
759 2016 792 2033 ex
807 2016 861 2042 quo
876 2008 1015 2042 pecuniosi

221 2050 245 2071 et
263 2044 408 2079 locupletes
422 2044 611 2080 vocabantur3)
631 2052 683 2071 non
700 2045 726 2070 vi
742 2049 768 2071 et
782 2044 926 2079 suppliciis
941 2053 1016 2071 coer-

220 2081 306 2108 cebat.

276 2118 311 2145 X.
336 2119 375 2144 ⁴7.
397 2118 434 2144 Ac
445 2118 588 2149 Romulus,
606 2126 691 2153 quum
702 2122 804 2153 septem
816 2123 841 2145 et
853 2119 960 2154 triginta
972 2126 1015 2145 re-

219 2156 359 2192 gnavisset
373 2164 469 2186 annoS,
487 2160 512 2182 et
527 2155 592 2182 haec
607 2156 715 2191 egregia
729 2155 783 2182 duo
799 2155 964 2182 firmamenta
976 2156 1014 2182 rei

219 2192 345 2228 publicae
356 2193 516 2228 peperisset,
534 2193 655 2227 auspicia
666 2197 692 2219 et
702 2197 823 2219 senatum
833 2214 839 2224 ‚
861 2198 963 2220 tantum
975 2198 1015 2220 cst

219 2235 393 2261 consecutus,
408 2234 450 2261 ut,
463 2238 548 2265 quum
560 2230 649 2256 subito
659 2229 714 2256 sole
725 2229 866 2257 obscurato
878 2239 929 2256 non
941 2239 1014 2257 com-

220 2268 366 2302 paruisset,
388 2267 499 2293 deorum
515 2268 543 2293 in
566 2275 678 2293 numero
696 2267 840 2294 collocatus
860 2272 1011 2302 putaretur:

219 2313 301 2339 quam
316 2305 470 2339 opinionem
487 2313 565 2331 nemo
576 2313 705 2339 umquam
716 2305 835 2330 mortalis
846 2306 955 2340 assequi
966 2313 1014 2339 po-

219 2343 270 2368 tuit
289 2343 347 2368 sine
368 2342 467 2368 eximia
488 2342 594 2368 virtutis
609 2342 703 2377 gloria.

220 2380 306 2415 magis
320 2384 360 2406 est
375 2380 403 2405 in
417 2379 530 2406 Romulo
544 2378 746 2409 admirandum,
765 2378 837 2413 quod
853 2380 948 2410 ceteri,
965 2379 1013 2414 qui

219 2416 257 2442 dii
273 2425 306 2443 ex
322 2416 479 2443 hominibus
495 2416 556 2443 facti
567 2424 626 2442 esse
637 2415 777 2446 dicuntur,
796 2417 886 2442 minus
899 2416 1013 2442 eruditis

221 2453 360 2480 hominum
371 2453 487 2480 saeculis
500 2453 619 2484 fuerunt,
633 2457 662 2479 ut
674 2452 792 2488 fingendi
804 2454 933 2488 proclivis
944 2458 1014 2479 esset

221 2491 294 2521 ratio,
307 2499 392 2525 quum
404 2491 521 2526 imperiti
534 2490 610 2517 facile
621 2489 654 2516 ad
665 2490 829 2516 credendum
841 2490 1014 2525 impelleren-

221 2531 272 2552 tur.
312 2528 418 2554 Romuli
429 2533 517 2554 auteni
529 2533 639 2554 aetatem
654 2527 745 2553 minus
762 2527 804 2553 his
819 2528 954 2554 sexcentis
965 2536 1013 2554 an-

221 2565 276 2594 uis,
294 2564 347 2589 iam
358 2565 512 2591 inveteratis
523 2564 618 2591 litteris
629 2569 709 2599 atque
723 2563 866 2594 doctrinis,
883 2566 1012 2600 omnique

220 2600 266 2626 illo
281 2601 389 2635 antiquo
405 2610 438 2627 cx
454 2602 553 2628 inculta
568 2602 708 2628 hominum
725 2602 778 2627 vita
795 2609 882 2627 errore
894 2601 1009 2632 sublato,

221 2636 304 2664 fuisse
320 2638 465 2664 cernimus.
504 2640 570 2665 Nam
582 2639 619 2670 si,
638 2638 664 2665 id
676 2638 749 2674 quod
760 2638 922 2665 Graecorum
934 2640 1011 2666 inve-

746 2343 785 2368 ⁴8.
807 2342 893 2376 Atque
914 2342 963 2368 boc
983 2350 1014 2368 eo
1042 2363 1044 2368 .

1017 114 1291 140 (jltltinoxts‘

1045 185 1047 189 ¹
1069 186 1182 217 sugitur
1201 184 1459 213 ³111=³lit›11a.noma
1480 184 1584 210 condita
1600 189 1639 211 est
1653 184 1772 211 secundo
1791 194 1860 212 anno

1046 222 1047 226 ¹
1068 221 1238 257 (ilympiadis
1253 222 1394 255 septimae
1419 222 1445 247 in
1462 221 1487 247 id
1497 231 1557 247 sae«.
1561 221 1634 248 ulum
1648 222 1752 248 {tomuli
1763 222 1861 249 cetidit

1046 633 1047 638 ¹
1069 631 1186 665 ⁴,gendum
1205 631 1247 656 vix
1264 630 1413 665 quidquam
1430 635 1499 656 esset
1519 629 1579 656 loci.

1070 269 1098 283 ι-ιι
1103 265 1154 288 tas,
1172 267 1256 293 «ptum
1275 259 1325 284 iani
1343 258 1419 292 plena
1432 259 1541 284 Graecia
1558 265 1695 293 {metarum
1707 265 1732 285 et
1744 260 1860 285 musico-

1071 306 1128 322 ruui
1140 306 1153 320 ι
1157 301 1222 326 sset,
1242 296 1381 329 minorque
1394 294 1502 324 saliulis,
1516 297 1568 322 nisi
1579 296 1611 322 de
1624 297 1757 322 veteribus
1769 297 1858 324 rebus,

1072 333 1212 358 baberetur
1224 332 1300 358 tides.
1321 333 1386 358 Nam
1397 338 1504 358 centum
1517 338 1541 358 et
1551 338 1609 359 octo
1619 335 1705 362 anuis,
1720 339 1860 368 {mstquam

1072 372 1210 405 Lycurgus
1232 370 1302 404 leges
1323 371 1439 396 seribere
1461 370 1589 400 instituit,
1611 371 1696 405 prima
1715 372 1801 405 posita
1822 376 1862 397 est

1070 408 1221 442 ι)Ιι-ιιιΙιιιι5;
1244 416 1325 441 quam
1345 407 1456 442 quidam
1479 407 1595 433 nominis
1615 416 1702 434 errore
1716 408 1749 434 ab
1767 407 1860 433 eodem

1072 446 1088 470 l
1093 455 1123 470 w·
1127 454 1192 486 ιιι-μυ
1205 445 1375 470 ‹oristitutani
1392 449 1494 486 putant.
1536 444 1678 470 llomerum
1694 450 1795 474 autem.
1814 445 1860 479 qui

1071 482 1212 507 minimum
1225 481 1332 511 dieunt.
1352 481 1466 517 lycurgi
1482 482 1560 507 aetati
1576 482 1684 516 triginta
1700 483 1777 508 anni„
1787 488 1862 508 ante-

1071 518 1329 553 p‹‚=1=1nisur·.‹t.9
1352 519 1370 544 ti
1376 528 1391 545 x
1402 528 1456 553 quo
1471 518 1584 553 intelligi
1601 523 1698 553 poten
1720 518 1862 553 permultis

1070 558 1146 582 aunis
1159 561 1217 582 ante
1231 556 1372 582 llomerum
1385 555 1482 585 fuisse,
1495 565 1576 590 quarn
1589 555 1745 582 llomulum:
1769 561 1798 582 ut
1809 556 1860 582 iam

1070 594 1154 619 docti».
1171 594 1327 619 homiuibus
1343 602 1372 619 ac
1388 593 1571 627 temporibus
1567 594 1632 628 ipsis
1643 592 1756 619 eruditis
1767 593 1800 619 ad
1811 592 1861 619 Ιίιι-

1619 631 1771 665 Antiquitas
1789 630 1861 656 enim

1046 684 1048 691 ›
1070 669 1169 702 recepit
1186 667 1290 693 fabulas
1306 667 1379 694 fictas
1394 668 1473 694 etiam
1490 676 1692 702 nonnumquam
1712 667 1859 699 incondite,

1046 708 1047 734 l

1046 744 1048 765 l

1046 799 1047 813 l

1071 705 1134 731 baec
1155 710 1224 731 aetas
1244 710 1332 730 autem
1355 706 1406 731 iam
1427 704 1546 735 exculta,
1573 705 1730 739 praesertim
1749 688 1862 731 eludenti

1069 752 1157 773 mune,
1170 742 1241 777 quod
1255 742 1310 768 lieri
1323 751 1374 768 non
1387 747 1480 777 potest,
1495 743 1607 777 respuit.
1633 748 1754 771 ‹Aug-mm„
1769 748 1792 767 c.
1806 748 1833 767 υ.
1848 748 1861 766 ι.

1046 772 1047 788 l
1070 780 1134 798 xxti.
1145 785 1190 803 cap.
1201 780 1220 797 G.
1231 778 1285 802 Opp.
1295 779 1319 797 T.
1331 779 1356 797 V.
1366 785 1386 803 p.
1398 780 1463 801 13³5.)
1474 779 1484 789 ¹
1495 779 1506 789 ⁶
1517 779 1527 789 ⁸

1070 815 1266 846 (Desideratum
1278 815 1302 839 in
1314 812 1361 839 Με.
1374 814 1473 838 liuerue
1487 812 1622 840 CCXXX
1637 822 1659 840 s.
1675 815 1750 840 huius
1765 816 1805 840 ed.
1822 813 1863 840 111

1379 853 1432 883 (ere
1443 852 1549 884 versus.)

1068 889 1133 914 ‘20st
1124 887 1151 899 ⁰
1161 888 1260 914 ‘eodem
1271 897 1369 913 nomme
1378 889 1450 913 alius
1461 895 1539 921 nepos
1549 890 1616 918 eius.
1625 892 1653 914 ut
1664 887 1789 914 dixerunt
1800 888 1863 923 qui-

1046 917 1144 961 dam
1159 934 1190 951 ex
1207 924 1273 955 lilia,
1289 927 1414 960 quonium
1431 924 1475 950 ille
1491 930 1608 951 mortuus
1623 924 1712 951 codem
1726 930 1762 951 eat
1776 934 1858 955 anno,

1069 968 1144 988 natus
1159 946 1306 988 Simonides
1323 962 1477 996 Olympiade
1495 967 1566 988 sexta
1585 967 1609 988 et
1624 962 1859 997 quinquagesima.

1068 1009 1118 1033 quo
1131 999 1238 1033 [acilius
1254 998 1364 1034 intelligi
1380 1002 1461 1033 possit
1477 1004 1531 1025 tum
1546 999 1578 1025 de
1591 999 1691 1026 Romuli
1704 998 1863 1026 immortali—

1069 1041 1119 1063 tate
1131 1036 1277 1067 creditum,
1295 1045 1380 1071 quum
1393 1037 1445 1062 iam
1458 1036 1602 1063 inveterata
1616 1038 1668 1063 vita
1682 1036 1821 1063 hominum
1833 1044 1863 1062 ac

1069 1078 1175 1100 tractata
1187 1078 1257 1099 esset
1268 1079 1293 1100 et
1303 1074 1418 1108 cognita.
1459 1073 1510 1099 Sed
1523 1073 1639 1108 profecto
1651 1079 1719 1100 tanta
1733 1073 1782 1100 tuit
1794 1074 1819 1100 in
1832 1082 1862 1100 eo

1069 1112 1110 1137 vis
1123 1111 1224 1146 ingenii
1236 1115 1315 1145 atque
1327 1110 1443 1141 virtutis,
1457 1115 1486 1136 ut
1498 1110 1524 1136 id
1535 1110 1567 1136 de
1579 1110 1808 1137 Romulol‘roculo
1820 1111 1863 1137 lu·

1070 1148 1103 1175 lio
1119 1148 1220 1174 homini
1237 1147 1335 1182 agresti
1350 1147 1515 1178 crederetur,
1536 1147 1609 1182 quod
1625 1147 1717 1174 multis
1734 1148 1786 1174 iam
1802 1153 1863 1174 ante

1068 1185 1183 1211 saeculis
1205 1184 1279 1211 nullo
1295 1184 1347 1211 alio
1362 1184 1395 1210 de
1412 1184 1515 1210 mortali
1532 1184 1654 1211 homines
1669 1184 1860 1211 credidissent:

1068 1223 1115 1258 qui
1129 1221 1248 1257 impulsu
1265 1227 1385 1256 patrum,
1402 1230 1456 1256 quo
1472 1221 1512 1248 illi
1528 1230 1542 1248 a
1556 1230 1584 1248 se
1597 1221 1727 1248 invidiam
1740 1223 1863 1249 interitus

1068 1260 1175 1287 Romuli
1189 1258 1331 1295 pellerent,
1351 1259 1378 1286 in
1388 1260 1515 1286 concione
1526 1259 1629 1286 dixisse
1641 1258 1736 1291 fertur,
1753 1269 1767 1286 a
1779 1268 1808 1286 se
1822 1260 1864 1286 vi-

1068 1307 1128 1325 sum
1144 1307 1203 1324 esse
1219 1299 1246 1325 in
1263 1306 1293 1324 eo
1308 1296 1375 1324 colle
1391 1296 1549 1328 Romulum,
1565 1298 1613 1333 qui
1629 1305 1700 1324 nunc
1716 1296 1863 1329 Quirinalis

1045 1343 1047 1373 ,j
1069 1341 1191 1362 vocatur:
1214 1344 1276 1362 eum
1287 1335 1341 1361 sibi
1353 1334 1506 1365 mandasse,
1523 1339 1551 1361 ut
1562 1334 1693 1370 populum
1705 1339 1820 1370 rogaret,
1834 1338 1864 1361 ut

1045 1382 1047 1386 ⁴
1067 1373 1121 1399 sibi
1132 1382 1163 1399 eo
1175 1373 1202 1399 in
1213 1372 1280 1399 colle
1291 1371 1436 1399 delubrum
1448 1371 1534 1399 tieret:
1551 1381 1579 1399 se
1595 1372 1678 1399 deum
1691 1380 1750 1398 esse
1761 1376 1786 1398 et
1796 1371 1864 1404 Qui-

1068 1411 1157 1437 rinum
1170 1410 1268 1437 vocari.

1123 1448 1170 1474 Xl.
1192 1449 1234 1474 2⁴.
1255 1447 1394 1474 Videtisne
1408 1447 1504 1482 igitur,
1524 1447 1606 1473 unius
1621 1447 1672 1472 viri
1686 1445 1799 1473 consilio
1810 1454 1862 1473 non

1067 1484 1155 1512 solum
1167 1490 1254 1512 ortum
1266 1493 1366 1511 novum
1381 1483 1526 1519 populum,
1544 1492 1631 1518 neque
1642 1484 1708 1510 utin
1719 1483 1863 1510 cunabulis

1068 1523 1220 1558 vagientem
1233 1521 1370 1553 relictum,
1385 1521 1433 1547 sed
1444 1520 1586 1547 adultum
1581 1529 1632 1547 iam
1645 1525 1671 1547 et
1681 1529 1765 1556 paene
1776 1520 1864 1556 pube-

1067 1559 1142 1586 rem‘?
1161 1560 1230 1586 Tum
1242 1559 1362 1586 Laelius:
1380 1559 1434 1584 Nos
1450 1566 1513 1585 vero
1524 1558 1662 1584 videmus:
1680 1563 1705 1585 et
1716 1563 1740 1585 te
1751 1554 1862 1593 quidem

1045 1609 1046 1624 1
1067 1598 1220 1632 ingressum
1235 1597 1335 1623 ratione
1351 1595 1383 1622 ad
1399 1595 1593 1630 disputandum
1609 1604 1690 1626 nova,
1713 1603 1782 1630 quae
1797 1604 1864 1622 nus-

1067 1643 1148 1669 quam
1169 1639 1209 1660 est
1229 1634 1256 1660 in
1275 1634 1437 1660 Graecorum
1454 1632 1542 1659 libris.
1583 1633 1648 1659 Nam
1665 1633 1791 1668 princeps
1806 1632 1862 1663 ille,

1067 1680 1120 1706 quo
1136 1680 1214 1698 nemo
1230 1672 1256 1697 in
1272 1669 1415 1697 scribendo
1430 1670 1605 1704 praestantior
1621 1669 1683 1700 ruit,
1704 1679 1792 1696 aream
1808 1669 1863 1696 sibi

1067 1709 1197 1743 sumpsit,
1220 1709 1246 1734 iu
1263 1717 1316 1743 qua
1334 1708 1469 1734 civitatem
1486 1711 1635 1734 exstrueret
1649 1707 1779 1733 arbitratu
1798 1716 1860 1739 suo;

1067 1745 1229 1780 praeclaram
1246 1745 1338 1771 illam‘
1354 1744 1465 1780 quidem
1477 1744 1602 1774 sortasse,
1625 1744 1672 1770 sed
1683 1753 1697 1770 a
1709 1745 1763 1770 vita
1775 1743 1864 1770 homi-

1068 1791 1132 1809 num
1149 1783 1337 1809 abhorrentem
1353 1787 1378 1808 et
1392 1790 1405 1808 a
1422 1781 1551 1809 moribus.
1591 1782 1633 1807 22.
1655 1781 1762 1816 Reliqui
1775 1780 1863 1807 disse-

1067 1826 1178 1847 ruerunt
1188 1821 1246 1846 sine
1258 1819 1313 1846 ullo
1323 1824 1394 1845 certo
1405 1818 1552 1854 exemplari
1565 1817 1703 1853 formaque
1717 1819 1755 1844 rei
1771 1818 1863 1853 publi·

1066 1866 1112 1884 cae
1127 1857 1161 1883 de
1171 1856 1317 1893 generibus
1328 1861 1354 1883 et
1363 1856 1396 1882 de
1409 1856 1557 1883 rationibus
1567 1856 1718 1882 civitatum.
1758 1855 1798 1882 Tu
1810 1857 1863 1882 mi-

1067 1894 1094 1920 hi
1107 1894 1208 1921 videris
1219 1899 1364 1936 utrumque
1379 1893 1511 1925 facturus,
1529 1902 1558 1919 es
1572 1894 1644 1920 enim
1661 1894 1696 1919 ita
1712 1893 1860 1929 ingressus,

1067 1936 1108 1963 ut,
1121 1940 1190 1967 quae
1202 1933 1260 1966 ipse
1273 1931 1403 1965 reperias,
1420 1931 1537 1957 tribuere
1549 1930 1608 1957 aliis
1621 1930 1712 1961 malis,
1723 1939 1820 1965 quam,
1833 1935 1863 1957 ut

1067 1968 1129 1995 facit
1140 1969 1211 2004 apud
1223 1968 1358 1995 Platonem
1370 1968 1504 1998 Socrates,
1523 1968 1581 2003 ipse
1597 1967 1711 2004 fingere3
1728 1972 1754 1994 et
1769 1967 1814 1993 illa
1829 1967 1862 1994 de

1066 2006 1145 2033 Urbis
1156 2007 1210 2032 situ
1222 2014 1331 2032 revoces
1342 2005 1375 2031 ad
1390 2006 1533 2035 rationem,
1555 2013 1624 2040 quae
1640 2014 1654 2031 ιι
1670 2003 1782 2031 Romulo
1797 2013 1861 2031 casu

1066 2048 1111 2069 aut
1122 2044 1280 2070 necessitate
1292 2042 1358 2069 facta
1370 2047 1446 2075 sunu
1461 2047 1486 2069 et
1496 2042 1619 2077 disputes
1630 2042 1863 2078 nonvagantiora-

1066 2081 1150 2111 tione,
1163 2081 1211 2107 sed
1223 2080 1328 2107 defixa
1322 2089 1349 2106 in
1361 2089 1412 2106 una
1425 2088 1452 2106 re
1462 2079 1582 2115 publica.
1622 2079 1710 2111 Quare
1720 2087 1815 2114 perge,
1832 2083 1862 2105 ut

1066 2118 1220 2144 instituisti:
1237 2118 1389 2153 prospicere
1403 2118 1475 2144 enim
1488 2118 1541 2143 iam
1553 2115 1645 2143 videor
1657 2121 1680 2143 te
1692 2116 1810 2151 reliquos
1820 2124 1862 2142 re—

1044 2162 1045 2165 ’
1065 2164 1112 2191 ges
1124 2153 1352 2191 persequente[m]
1364 2155 1450 2197 quasi
1454 2153 1598 2189 perfectam
1610 2162 1666 2180 rem
1676 2153 1824 2189 publicam.

1121 2192 1179 2219 xtl.
1205 2194 1247 2219 23.
1271 2193 1356 2228 Ergo,
1374 2192 1463 2227 inquit
1476 2191 1580 2226 Scipio,
1600 2189 1860 2233 quumilleRomuli

1044 2232 1045 2236 ¹
1065 2234 1188 2261 senatus,
1210 2230 1259 2264 qui
1273 2229 1411 2256 constabat
1425 2238 1460 2256 ex
1474 2228 1663 2264 optimatibus
1686 2227 1809 2263 quibus'
1802 2236 1859 2262 ipse

1066 2275 1113 2293 rex
1132 2271 1234 2293 tantum
1250 2267 1403 2297 tribuisset
1425 2271 1455 2293 ut
1469 2274 1514 2293 eos
1529 2271 1617 2301 patres
1633 2265 1714 2292 vellet
1727 2265 1859 2291 nominari

1043 2296 1044 2328 J
1066 2305 1246 2339 patriciosque
1261 2313 1354 2330 eorum
1371 2303 1482 2334 liberos,
1500 2308 1610 2330 tentaret
1624 2308 1685 2338 post
1694 2300 1801 2328 Romuli
1812 2310 1859 2328 ex-

1065 2350 1186 2370 cessum
1204 2346 1233 2367 ut
1249 2341 1338 2376 ipse0
1322 2345 1424 2367 vereret
1434 2342 1493 2367 sine
1503 2348 1565 2376 rege
1576 2348 1632 2366 rem
1643 2339 1793 2374 publicam,
1811 2348 1855 2374 po-

1065 2378 1147 2413 pulus
1159 2378 1186 2404 id
1198 2387 1249 2405 ιιοιι
1261 2378 1334 2410 tulit;
1349 2378 1537 2412 desiderioque
1531 2362 1655 2404 0Romuli
1665 2381 1756 2411 postea
1768 2384 1858 2411 regem

1065 2415 1182 2451 flagitare
1197 2424 1249 2442 non
1269 2415 1384 2442 destitit.
1407 2423 1493 2450 quum
1508 2414 1653 2449 prudenter
1668 2413 1708 2439 illi
1721 2413 1858 2448 principes

1065 2461 1162 2479 novam
1173 2458 1199 2479 et
1209 2452 1357 2479 inauditam
1368 2453 1463 2478 ceteris
1473 2451 1600 2487 gentibus
1610 2451 1754 2486 interregni
1762 2451 1859 2476 ineun-

1064 2489 1092 2516 di
1104 2491 1232 2516 rationem
1243 2490 1476 2525 excogitaverunt,
1494 2493 1535 2518 ut,
1551 2487 1639 2523 quoad
1652 2493 1741 2513 certus
1752 2496 1799 2514 rex
1810 2487 1858 2514 de-

1063 2526 1179 2553 claratus
1190 2532 1269 2557 esset,
1283 2535 1331 2553 nec
1342 2527 1400 2553 sine
1412 2534 1473 2562 rege
1484 2525 1588 2555 civitas,
1598 2533 1646 2550 nec
1657 2523 1784 2551 diuturno
1795 2533 1857 2560 rege

1063 2569 1133 2590 esset
1145 2573 1206 2595 uno,
1223 2573 1271 2590 nec
1282 2564 1500 2593 committeretur,
1513 2566 1543 2588 ut
1555 2562 1700 2596 quisquam
1712 2562 1857 2588 inveterata

1063 2606 1192 2635 potestate
1207 2606 1254 2628 aut
1264 2601 1296 2627 ad
1307 2599 1516 2635 deponendum
1509 2599 1654 2633 1mperium
1666 2599 1764 2625 tardior
1774 2604 1854 2630 esset,

1063 2643 1108 2665 aut
1124 2638 1157 2665 ad
1168 2637 1345 2665 obtinendum
1357 2637 1494 2664 munitior.
1534 2637 1576 2662 24.
1597 2635 1656 2668 Quo
1666 2635 1776 2671 quidem
1789 2641 1857 2662 tem-
