1941 3052
397 146 452 171 AD
486 145 782 171 IIERENNIUM
817 145 902 170 LIB.

21 221 91 250 qum,
107 220 194 247 orato;
217 219 245 241 πί
256 220 361 248 pagum,
376 218 404 241 in
415 218 515 241 comitio
528 220 573 241 auc
586 218 612 241 in
621 219 677 248 soro
687 220 746 241 ante
760 224 811 240 me—

21 256 113 280 ridiem
128 261 246 279 caussam
257 255 385 279 coniicito.
412 252 481 278 Sunt
494 253 556 278 item
571 258 655 287 pacta,
670 260 739 286 quae
753 252 810 278 sine
830 284 832 293 ι

23 290 128 326 legibus
141 290 316 316 observantur
329 298 362 316 ex
371 294 513 320 conventu,
524 298 593 324 quae
607 290 664 315 iure
679 293 811 323 praestare

22 327 157 354 dicuntur.
186 327 233 353 His
250 327 335 362 igitur
348 327 470 361 partibus
484 327 610 352 iniuriam
624 326 808 356 demonstrari,
831 354 833 362 ,

21 365 64 392 ius
78 365 226 391 confirmari
240 365 372 393 convenit,
396 364 478 398 idque
492 364 520 389 in
534 363 653 389 absoluta
668 363 811 389 iuridiciali
831 370 832 374 ¹

22 401 172 428 faciendum
187 401 301 427 videtur.
327 401 397 428 XIV.
414 403 455 428 2¹.
470 402 499 427 In
513 401 687 434 assumptiva,
697 401 712 412 ³*
725 409 810 434 quum

21 447 56 466 ex
67 439 261 473 comparatione
274 443 425 473 quaeretur,
441 443 531 464 utrum
546 438 630 464 satius
642 437 721 463 tuerit
735 446 811 472 agere

21 477 50 503 id
78 476 151 511 quod
168 485 230 502 reus
244 476 314 502 dicat
327 484 355 502 se
370 475 473 507 secisse,
490 484 522 501 an
536 475 564 501 id
590 474 661 509 quod
676 479 811 500 accusator

21 513 91 540 dicat
99 514 248 548 oportuisse
260 513 326 543 lieri,
334 514 452 548 primum
461 513 554 547 quaeri
564 512 711 541 conveniet,
721 516 810 537 utrum
831 527 833 547 3

22 551 102 578 fuerit
115 551 209 577 utilius
223 559 257 576 ex
269 551 444 581 contentione,
461 550 510 576 hoc
524 554 571 580 est,
589 553 678 575 utrum
693 549 812 574 venusti-
831 553 839 575 Η

21 597 65 619 us,
80 587 196 618 facilius,
212 588 418 614 conducibilius.
448 586 549 613 Deinde
562 586 693 621 oportebit
707 586 808 620 quaeri,

21 626 147 660 ipsumne
160 626 304 660 oportuerit
317 625 443 655 iudicare,
459 628 549 650 utrum
565 623 645 649 suerit
659 623 761 653 utilius,
778 631 810 649 an

22 663 135 689 aliorum
148 662 229 689 suerit
241 662 374 688 statuendi
389 666 514 696 potestas.
544 660 644 687 Deinde
658 661 810 694 interponc-
831 677 832 681 ,

22 705 65 726 tur
82 701 115 726 ab
129 704 278 726 accusatore
292 700 411 733 suspicio
425 707 458 725 ex
471 699 659 724 constitutione
676 698 811 723 coniectu-

22 737 79 768 rali,
103 745 184 772 quare
202 741 310 771 putetur
328 745 379 762 non
394 745 422 762 ea
438 736 537 762 ratione
551 735 650 761 sactum
665 744 732 766 esse,
757 744 811 769 quo

21 775 118 801 melius
136 774 258 800 deteriori
276 778 486 808 anteponeretur,
507 773 554 799 sed
571 773 632 799 dolo
646 772 716 798 malo
730 781 812 807 nego-

21 813 88 839 tium
101 816 217 847 gestum.
238 811 338 837 Deinde
352 815 503 846 quaeretur,
519 811 668 845 potueritne
684 810 769 839 vitari,
779 818 811 835 ne

19 850 48 876 in
62 858 123 876 eum
138 848 225 875 locum
239 849 384 875 veniretur.

21 886 89 913 letur
114 887 309 921 argumentatio
334 885 520 912 coniecturalis
551 885 640 919 aliqua
679 884 810 919 probabili

19 932 122 955 caussa,
138 924 172 950 de
184 932 238 958 qua
251 928 310 950 ante
324 923 426 949 dictum
440 927 489 948 est.
515 924 557 950 22.
573 923 620 948 His
634 923 669 948 ita
683 922 807 951 tractatis,

19 965 156 987 accusator
173 965 264 987 utetur
282 960 338 987 loco
356 960 492 987 communi
510 961 539 986 in
557 969 628 990 eum,
649 960 697 994 qui
715 959 810 985 inutile

421 848 463 874 Ab
476 847 616 874 defensore
629 852 718 873 contra
733 846 812 872 resel—
838 851 839 856 ¹

938 146 967 170 II.
1003 145 1100 171 CAP.
1126 147 1272 171 10—48.
1621 150 1646 174 Η

862 219 942 245 retur,
959 224 992 241 an
1006 224 1072 243 non:
1087 215 1192 245 deinde,
1201 221 1292 242 utrum
1301 225 1364 242 casu
1376 218 1506 247 nescierit,
1520 227 1552 244 an
1561 218 1650 253 culpa.

862 253 928 277 Nam
943 253 990 286 qui
1004 261 1032 278 se
1047 257 1153 287 propter
1166 254 1259 279 vinum
1274 257 1319 279 aut
1332 262 1448 280 amorem
1462 260 1507 280 aut
1518 256 1653 282 iracundi-

862 298 904 315 am
927 289 1030 324 fugisse
1052 291 1180 316 rationem
1203 290 1280 321 dicet,
1304 291 1328 316 is
1342 292 1424 317 animi
1439 292 1503 318 vitio
1517 292 1652 319 videbitur

863 327 987 357 nescisse,
1005 336 1056 353 non
1070 327 1263 362 imprudentia;
1279 336 1361 362 quare
1372 337 1423 354 non
1434 329 1613 363 imprudentia
1624 338 1652 356 se

862 363 994 393 defendet,
1015 364 1062 390 sed
1081 365 1159 399 culpa
1173 365 1371 391 contaminabit.
1405 366 1505 392 Deinde
1518 368 1651 393 coniectu-

862 400 909 426 rali
924 402 1110 428 constitutione
1123 407 1273 436 quaeretur,
1295 407 1386 428 utrum
1400 404 1489 429 scierit
1501 413 1533 430 an
1547 405 1653 439 ignora-

862 438 937 467 verit,
955 443 979 464 et
992 439 1212 469 considerabitur,
1229 440 1327 466 satisne
1338 440 1516 474 imprudentia
1528 442 1651 475 praesidii

862 475 955 501 debeat
968 484 1035 507 esse,
1052 485 1136 510 quum
1152 476 1249 503 factum
1260 486 1318 503 esse
1331 482 1442 503 constet.
1461 478 1550 510 Quum
1561 479 1586 504 in
1600 478 1651 504 sor-

863 516 953 538 tunam
967 522 1061 539 caussa
1074 513 1224 540 conferetur
1238 519 1262 540 et
1276 523 1305 540 ea
1321 523 1347 540 re
1360 514 1484 541 defensor
1494 516 1595 551 ignosci
1610 525 1653 542 reo

861 549 930 575 dicet
944 555 1071 584 oportere,
1097 551 1189 576 eadem
1207 553 1295 577 omnia
1314 552 1438 578 videntur
1451 553 1650 583 consideranda,

862 595 930 620 quae
961 587 993 613 de
1020 588 1217 614 necessitudine
1249 590 1409 624 praescripta
1435 595 1507 616 sunt.
1547 591 1651 616 Etenim

862 632 954 650 omnes
973 624 1022 650 hae
1041 629 1093 651 tres
1112 630 1199 659 partes
1218 627 1384 661 purgationis
1402 628 1470 653 inter
1483 636 1511 653 se
1526 628 1652 653 finitimae

862 666 933 692 sunt,
955 666 985 687 ut
1002 662 1030 688 in
1048 671 1140 688 omnes
1158 663 1249 688 eadem
1265 663 1317 689 fere
1332 665 1434 698 possint
1449 665 1650 691 accommodari.

864 699 923 724 Loci
950 707 1106 725 communes
1132 700 1160 726 in
1178 700 1220 726 his
1234 702 1351 726 caussis:
1380 703 1547 733 accusatoris,
1563 708 1652 728 contra

862 744 932 766 eum,
952 737 1008 771 qui,
1030 745 1115 771 quum
1134 746 1162 763 se
1176 746 1299 771 peccasse
1313 738 1475 769 confiteatur,
1495 745 1580 765 tamen
1595 748 1653 765 ora-

862 773 932 799 tione
946 774 1048 800 iudices
1062 774 1225 800 demoretur:
1253 775 1409 806 «infensoris,
1430 776 1462 802 de
1478 777 1650 808 humanitate,

863 811 1056 843 misericordia3
1084 811 1248 838 voluntatem
1266 813 1293 838 in
1309 813 1434 839 omnibus
1446 814 1525 839 rebus
1539 815 1652 848 spectari

861 849 1015 875 convenire:
1038 858 1106 883 quae
1121 849 1242 875 consulto
1257 849 1323 875 sacta
1338 859 1389 876 non
1404 851 1465 878 sint.
1491 852 1517 876 in
1533 852 1565 877 iis
1581 851 1653 877 frau-

838 882 839 921 ἶ
861 885 922 911 dem
941 894 998 911 esse
1013 894 1064 912 non
1079 891 1207 920 oportere.
1238 887 1319 913 xvu.
1336 889 1377 913 25.
1392 889 1579 922 Deprecatione
1594 893 1653 914 ute—

19 998 79 1024 utili
93 999 283 1033 praeposuerit,
299 1007 385 1033 quum
399 997 534 1024 statuendi
549 1006 601 1023 non
615 997 723 1023 haberet
737 1001 811 1031 pote—
830 994 831 1021 J

18 1039 122 1062 statem.
161 1035 287 1062 Defensor
304 1040 394 1062 contra
411 1044 466 1065 eos,
482 1035 530 1070 qui
544 1043 660 1070 aequum
674 1038 808 1063 censeant,

19 1081 73 1099 rem
88 1074 263 1108 perniciosam
278 1072 338 1099 utili
352 1073 488 1107 praeponi,
505 1077 594 1098 utetur
608 1072 664 1098 loco
674 1072 810 1097 communi
830 1087 839 1097 ,κ

837 1127 838 1130 ,
860 1114 906 1136 aut
924 1110 1048 1136 nobilitas
1062 1111 1111 1136 erit
1125 1111 1152 1137 in
1166 1119 1205 1142 eo,
1225 1112 1273 1146 qui
1287 1112 1463 1146 supplicabit:
1487 1113 1510 1138 si
1524 1121 1577 1147 qua
1591 1122 1653 1147 spes

18 1118 65 1145 per
76 1111 293 1145 conquestionem
308 1115 333 1136 et
346 1110 428 1136 simul
450 1114 559 1145 quaeret
568 1110 601 1136 ab
611 1109 809 1135 accusatoribus

18 1153 44 1174 et
56 1148 89 1174 ab
98 1148 235 1174 iudicibus
249 1148 325 1182 ipsis,
341 1147 408 1182 quid
422 1147 516 1173 facturi
531 1151 628 1178 essent,
642 1147 665 1172 si
675 1147 702 1172 in
713 1155 744 1172 eo
754 1145 810 1172 loco

17 1185 145 1217 fuissent3
165 1190 191 1212 et
204 1190 318 1220 tempus,
335 1185 432 1215 locum,
449 1193 515 1215 rem,
531 1184 748 1211 deliberationem
763 1192 810 1209 su-

17 1231 60 1249 am
79 1227 159 1257 ponet
174 1227 233 1249 ante
247 1222 347 1249 oculos
388 1223 446 1249 XV.
463 1222 609 1248 Translatio
623 1221 743 1247 criminis
758 1225 806 1251 est,

16 1269 101 1295 quum
115 1260 148 1287 ab
162 1269 206 1287 reo
219 1260 280 1286 facti
294 1269 388 1286 caussa
401 1261 430 1286 in
444 1259 556 1286 aliorum
571 1263 709 1294 peccatum
723 1263 810 1284 trans—

17 1297 110 1324 fertur.
144 1298 173 1323 ln
191 1307 244 1333 qua
267 1298 384 1332 primum
402 1297 586 1332 quaerendum
605 1300 653 1327 est,
673 1296 767 1322 iurene
780 1295 808 1321 in

16 1335 99 1361 alium
117 1335 218 1361 crimen
236 1334 421 1361 transferatur:
450 1334 546 1360 deinde
563 1333 739 1369 spectandum
758 1337 806 1363 est,
829 1348 830 1365 ῃ

16 1373 39 1398 si
58 1380 143 1406 aeque
156 1381 283 1407 magnum
298 1373 333 1398 sit
346 1372 414 1398 illud
428 1377 576 1406 peccatum,
596 1371 668 1406 quod
682 1372 709 1396 in
725 1370 808 1396 alium
829 1376 831 1383 ⁴

16 1409 199 1440 transferatur,
215 1414 293 1444 atque
307 1409 384 1439 illud,
401 1409 473 1444 quod
488 1417 549 1435 reus
562 1409 715 1442 suscepisse
729 1417 757 1433 se
770 1407 809 1433 sa-
829 1430 830 1435 ,

16 1451 114 1477 teatur;
134 1447 239 1478 deinde,
256 1447 434 1481 oportueritne
448 1446 476 1472 in
490 1454 519 1472 ea
534 1455 561 1472 re
575 1454 692 1480 peccare,
713 1446 740 1471 in
754 1453 807 1479 qua

15 1484 85 1510 alius
105 1488 164 1510 ante
186 1485 314 1518 peccarit;
343 1483 449 1514 deinde,
473 1484 652 1518 oportueritne
675 1483 807 1509 iudicium
828 1498 837 1514 ,¹

15 1526 75 1548 ante
89 1522 159 1553 fleri,
175 1521 281 1552 deinde,
296 1530 380 1555 quum
397 1521 495 1547 sactum
509 1521 641 1547 iudicium
657 1529 707 1546 non
722 1520 757 1545 sit
775 1519 807 1545 de
828 1522 829 1545 ἰ

14 1558 61 1586 illo
77 1559 198 1589 crimine,
218 1558 289 1593 quod
308 1559 335 1584 in
353 1558 436 1584 alium
456 1558 636 1588 transferatur,
657 1561 807 1592 oporteatne
828 1573 829 1578 ,

15 1596 48 1622 de
61 1604 91 1622 ea
105 1604 132 1622 re
145 1596 276 1622 iudicium
291 1596 433 1630 sieri,quae
445 1604 486 1621 res
500 1596 527 1621 in
542 1595 672 1621 iudicium
688 1594 806 1621 nondum
828 1607 829 1612 =

15 1634 126 1660 venerit.

13 1672 62 1706 qui
80 1670 142 1706 plus
160 1675 265 1697 censeat
278 1671 342 1702 vim,
362 1679 444 1705 quam
458 1670 557 1696 iudicia
571 1669 659 1696 valere
671 1674 804 1704 oportere:

14 1713 40 1735 et
56 1708 90 1735 ab
104 1708 263 1735 adversariis
281 1708 478 1742 percontabitur
492 1711 635 1738 accusator,
651 1707 719 1742 quid
733 1706 808 1733 sutu-
828 1715 829 1721 ¹

15 1754 74 1772 rum
88 1746 131 1776 sit.
147 1746 170 1772 si
183 1745 256 1772 idem
269 1746 348 1772 ceteri
363 1745 466 1776 saciant,
480 1750 509 1771 ut
522 1745 555 1771 de
566 1744 727 1771 indemnatis
741 1753 808 1779 sup-

15 1783 93 1818 plicia
106 1788 222 1815 sumant,
238 1783 310 1818 quod
324 1791 369 1809 eos
383 1783 454 1809 idem
468 1782 563 1809 fecisse
577 1782 656 1808 dicat.
687 1782 767 1814 Quid,
784 1782 807 1808 si

14 1821 72 1856 ipse
85 1825 221 1847 accusator
233 1821 305 1847 idem
320 1820 404 1846 facere
419 1819 565 1847 voluisset?
578 1819 705 1846 Defensor
715 1828 806 1846 eorum

14 1859 114 1894 peccati
132 1859 294 1884 atrocitatem
312 1857 435 1893 proferet,
455 1859 482 1884 in
497 1866 565 1892 quos
579 1858 678 1884 crimen
694 1857 807 1883 transse-
827 1865 829 1889 ς

15 1900 99 1928 retur;
127 1904 191 1927 rem,
213 1895 310 1927 locum,
330 1900 436 1931 tempus
451 1900 510 1922 ante
523 1895 614 1922 oculos
629 1900 716 1930 ponet,
734 1900 763 1921 ut
776 1895 804 1925 ii,

15 1933 62 1968 qui
85 1932 202 1964 audient,
227 1933 388 1964 existiment,
415 1938 461 1960 aut
475 1942 525 1960 non
541 1933 668 1969 potuisse,
691 1938 736 1959 aut
754 1942 805 1960 non

15 1969 81 1997 utile
95 1969 188 2002 fuisse,
205 1979 260 1996 rem
274 1971 301 1997 in
316 1971 446 1997 iudicium
462 1972 561 1998 venire.
587 1971 657 1998 XVI.
680 1972 721 1998 23.
738 1971 808 1997 Con-

14 2008 100 2034 cessio
117 2012 165 2039 cst,
186 2016 233 2043 per
247 2017 328 2043 quam
343 2009 420 2035 nobis
434 2009 535 2043 ignosci
551 2008 728 2044 postulamus.
770 2009 806 2035 Ea

14 2044 144 2072 dividitur
157 2045 185 2072 in
199 2046 382 2081 purgationem
397 2051 423 2072 et
435 2046 657 2081 deprecationem,
682 2047 807 2083 Purgatio

14 2087 62 2114 est,
77 2091 162 2118 quum
177 2083 298 2109 consulto
311 2091 325 2109 a
340 2083 416 2109 nobis
431 2083 529 2110 sactum
545 2092 684 2120 negamus
715 2084 751 2110 Ea
766 2084 807 2110 di-

14 2119 114 2146 viditur
132 2119 159 2146 in
178 2120 411 2152 necessitudinem,
428 2120 570 2152 fortunam,
586 2121 805 2156 imprudentiam.

14 2157 50 2184 De
62 2157 105 2183 his
119 2157 241 2191 partibus
255 2158 372 2192 primum
386 2158 580 2185 ostendendum
595 2164 647 2190 est,
664 2158 760 2185 deinde
774 2159 806 2185 ad

14 2193 225 2230 deprecationem
240 2195 425 2221 revertendum
438 2195 552 2222 videtur.
585 2197 704 2222 Primum
719 2197 807 2222 consi-

14 2231 161 2258 derandum
175 2236 223 2263 est,
240 2240 305 2258 num
319 2231 398 2267 culpa
412 2237 521 2259 ventum
540 2234 575 2260 sit
588 2234 615 2260 in
631 2234 807 2260 necessitudi-

15 2277 84 2300 nem,
100 2277 165 2295 num
179 2269 286 2304 culpam
301 2269 426 2296 veniendi
440 2271 609 2297 necessitudo
623 2271 722 2297 fecerit.
757 2272 807 2297 De-

13 2305 76 2332 inde
93 2306 276 2342 quaerendum
291 2310 339 2338 est,
360 2315 446 2342 ecquo
458 2308 538 2334 modo
551 2309 592 2334 vis
606 2308 652 2334 illa
667 2309 743 2335 vitari
759 2317 807 2343 po·-

15 2343 94 2370 tuerit
110 2352 140 2370 ac
158 2343 249 2370 levari.
299 2344 398 2370 Deinde
415 2345 448 2375 is,
468 2345 516 2379 qui
535 2345 561 2372 in
581 2346 806 2372 necessitudinem

14 2388 135 2407 caussam
149 2380 273 2413 conferet,
289 2386 449 2416 expertusne
463 2382 506 2413 sit,
534 2383 600 2417 quid
618 2387 707 2409 contra
723 2383 807 2409 facere

14 2422 60 2444 aut
72 2419 221 2454 excogitare
234 2423 333 2454 posset.
352 2418 461 2450 Deinde,
478 2427 542 2445 num
556 2428 625 2454 quae
638 2421 806 2455 suspiciones

15 2463 49 2482 ex
69 2455 240 2482 coniecturali
261 2456 450 2483 constitutione
473 2456 540 2483 trahi
555 2458 666 2492 possint,
687 2466 756 2492 quae
769 2458 807 2483 si-

14 2491 140 2528 gnificent
161 2493 188 2519 id
217 2493 339 2520 consulto
358 2493 455 2520 tactum
470 2502 537 2524 esse,
563 2494 635 2529 quod
658 2495 807 2521 necessario

15 2529 143 2556 accidisse
160 2530 268 2557 dicitur.
314 2531 427 2561 Deinde,
452 2531 474 2557 si
499 2532 615 2558 maxime
638 2532 807 2558 necessitudo

14 2567 155 2602 quaepiam
170 2567 257 2599 fuerit,
265 2568 438 2594 conveniatne
449 2577 506 2594 eam
521 2569 585 2594 satis
596 2568 718 2595 idoneam
728 2577 807 2595 caus-

15 2610 71 2630 sam
85 2605 182 2640 putari.
204 2606 246 2632 24.
269 2605 316 2632 Sin
330 2610 418 2632 autem
433 2605 613 2640 imprudentia
627 2614 689 2632 reus
703 2615 731 2632 se
745 2615 807 2641 pec-

14 2648 88 2668 casse
103 2641 180 2673 dicet,
197 2642 314 2677 primum
327 2647 478 2678 quaeretur,
496 2648 585 2669 utrum
600 2644 715 2678 potuerit
727 2644 804 2674 scire,

15 2685 48 2704 nn
61 2687 113 2706 non
127 2680 256 2714 potuerit:
271 2679 376 2713 deinde,
393 2684 484 2707 utrum
498 2680 557 2707 data
571 2681 606 2707 sit
615 2689 702 2716 opera,
711 2685 741 2707 ut
754 2681 807 2707 sci-

160 1634 246 1660 Locus
268 1633 419 1660 communis
443 1633 612 1663 accusatoris,
625 1636 714 1658 contra
733 1640 805 1662 eum,
828 1661 829 1664 Ἴ

861 932 930 953 mur,
943 931 1028 957 quum
1044 923 1187 950 fatebimur
1200 933 1248 950 nos
1262 933 1394 958 peccasse,
1408 934 1494 960 neque
1509 925 1535 951 id
1550 927 1653 960 impru-

861 960 952 986 denter
966 965 1011 986 aut
1025 960 1134 987 fortuitu
1153 966 1198 987 aut
1211 963 1360 988 necessario
1374 962 1468 988 secisse
1481 963 1611 993 dicemus,
1628 968 1653 988 et

862 1002 949 1023 tamen
971 998 1073 1033 ignosci
1093 999 1169 1024 nobis
1188 999 1394 1033 postulabimus.
1436 1000 1483 1026 Hic
1497 1000 1651 1035 ignoscendi

861 1035 926 1060 ratio
936 1036 1074 1069 quaeritur
1083 1044 1116 1062 ex
1126 1036 1159 1062 iis
1174 1036 1246 1067 locis,
1260 1037 1282 1062 si
1298 1037 1373 1071 plura
1387 1041 1433 1063 aut
1447 1038 1545 1064 maiora
1555 1038 1650 1067 osticia,

860 1080 942 1106 quam
961 1072 1098 1102 malelicia,
1120 1073 1284 1100 videbuntur
1300 1079 1434 1102 constare:
1463 1075 1485 1101 si
1500 1084 1552 1109 qua
1567 1076 1653 1101 virtus

861 1148 918 1178 erit,
939 1148 1001 1173 usui
1021 1147 1151 1179 futurum,
1172 1149 1195 1174 si
1214 1149 1271 1175 sine
1290 1149 1423 1183 supplicio
1436 1149 1601 1179 discesserit:
1630 1151 1652 1175 si

860 1185 918 1219 ipse
931 1184 977 1210 ille
990 1185 1114 1220 supplex,
1132 1191 1288 1212 mansuetus
1301 1191 1327 1212 et
1340 1188 1490 1213 misericors
1501 1188 1527 1213 in
1539 1192 1653 1222 potesta-

861 1222 932 1248 tibus
947 1223 1101 1249 ostendetur
1111 1222 1208 1250 fuisse:
1224 1224 1246 1249 si
1262 1233 1299 1254 ea,
1311 1233 1379 1258 quae
1390 1225 1518 1259 peccavit,
1531 1234 1582 1251 non
1593 1226 1653 1251 odio

861 1268 947 1294 neque
961 1260 1125 1290 crudelitate,
1146 1260 1192 1286 sed
1211 1260 1298 1287 officio
1312 1266 1336 1287 et
1351 1267 1420 1288 recto
1433 1262 1523 1289 studio
1535 1271 1653 1288 commo-

861 1301 904 1322 tus
918 1296 992 1328 fecit:v
1014 1297 1036 1323 si
1052 1297 1097 1323 tali
1111 1298 1143 1323 de
1157 1306 1251 1324 caussa
1265 1298 1325 1325 aliis
1339 1308 1448 1334 quoque
1461 1300 1583 1335 ignotum
1597 1304 1650 1326 est:

859 1334 882 1360 si
905 1334 973 1360 nibil
997 1335 1030 1360 ab
1054 1344 1084 1361 eo
1107 1335 1219 1369 periculi
1238 1336 1315 1362 nobis
1334 1335 1455 1363 futurum
1470 1337 1613 1368 videbitur,
1630 1339 1651 1363 si

860 1380 922 1398 eum
941 1372 1055 1398 missum
1075 1372 1231 1405 fecerimus;
1255 1374 1278 1399 si
1297 1373 1370 1400 nulla
1389 1379 1434 1400 aut
1447 1383 1461 1400 a
1476 1376 1572 1401 nostris
1586 1375 1653 1401 civi-

860 1409 920 1439 bus,
937 1414 982 1435 aut
996 1410 1028 1435 ab
1043 1409 1132 1445 aliqua
1147 1411 1253 1436 civitate
1269 1412 1428 1446 vituperatio
1441 1421 1475 1438 ex
1488 1421 1517 1438 ea
1529 1421 1556 1438 re
1565 1413 1653 1438 susci-

860 1447 958 1480 pietur.
984 1448 1025 1473 25.
1042 1448 1103 1473 Loci
1117 1456 1282 1478 communes,
1299 1448 1332 1474 de
1347 1449 1519 1480 humanitate,
1536 1449 1649 1478 fortuna.

860 1484 1048 1515 misericordia,
1070 1493 1158 1511 rerum
1172 1486 1387 1512 commutatione.
1428 1487 1474 1513 His
1489 1487 1552 1513 locis
1566 1488 1652 1513 omni-

860 1521 910 1547 bus
924 1530 958 1547 ex
971 1522 1101 1548 contrario
1115 1526 1204 1548 utetur
1218 1523 1248 1553 is,
1265 1523 1313 1557 qui
1327 1528 1415 1549 contra
1425 1524 1503 1554 dicet,
1520 1533 1580 1550 cum
1596 1533 1652 1550 am-

859 1558 1019 1592 plificatione
1033 1564 1058 1584 et
1068 1560 1267 1586 enumeratione
1279 1565 1455 1594 peccatorum.
1480 1562 1548 1588 Haec
1557 1571 1650 1587 caussa

859 1596 992 1622 iudicialis
1011 1596 1067 1622 fieri
1087 1605 1138 1622 non
1153 1602 1252 1631 potest,
1269 1602 1298 1623 ut
1311 1598 1338 1623 in
1353 1599 1439 1632 primo
1455 1598 1522 1625 libro
1534 1600 1652 1625 ostendi-

859 1642 933 1659 mus:
954 1634 1001 1660 sed
1014 1634 1086 1669 quod
1102 1639 1186 1668 potest
1202 1635 1242 1660 vel
1257 1635 1289 1661 ad
1304 1640 1425 1662 senatum
1441 1636 1482 1662 vel
1497 1636 1529 1662 ad
1543 1637 1652 1663 consili-

859 1680 904 1697 um
919 1672 1018 1701 venire,
1035 1680 1086 1697 non
1101 1672 1158 1697 visa
1172 1677 1212 1698 est
1225 1673 1433 1706 supersedenda.
1473 1673 1562 1705 Quum
1577 1683 1590 1700 a
1605 1683 1652 1700 no-

858 1708 900 1734 bis
914 1709 1013 1735 crimen
1028 1717 1163 1735 removere
1179 1709 1308 1740 volemus,
1334 1715 1379 1736 aut
1393 1711 1419 1736 in
1434 1720 1488 1736 reni
1503 1717 1548 1737 aut
1563 1712 1589 1738 in
1604 1712 1652 1738 lio-

859 1746 958 1772 minem
974 1747 1055 1772 nostri
1071 1747 1170 1780 peccati
1184 1756 1307 1773 caussam
1321 1747 1498 1774 conferemus.
1515 1749 1543 1775 Si
1557 1757 1650 1775 caussa

858 1784 885 1810 in
909 1784 1043 1810 bominem
1065 1783 1223 1815 conferetur,
1248 1785 1430 1819 quaerendum
1454 1787 1502 1812 crit
1523 1787 1648 1821 primum.

859 1822 1007 1855 potueritne
1031 1825 1142 1851 tantum,
1165 1827 1295 1856 quantum
1315 1831 1377 1848 reus
1395 1823 1595 1852 demonstrabit,
1617 1826 1648 1853 is,

858 1860 884 1885 in
903 1867 984 1893 quem
998 1867 1091 1884 caussa
1106 1859 1264 1890 conseretur,
1285 1864 1310 1886 et
1323 1868 1439 1894 quonam
1455 1862 1532 1887 modo
1545 1867 1589 1887 aut
1605 1862 1652 1888 lio—

858 1901 932 1922 neste
946 1901 991 1922 aut
1005 1897 1062 1922 sine
1076 1896 1195 1931 periculo
1206 1897 1321 1931 potuerit
1331 1897 1473 1926 obsistere:
1502 1899 1524 1924 si
1536 1900 1651 1925 maxime

858 1934 892 1959 ita
907 1934 949 1963 sit,
967 1943 1031 1960 num
1046 1942 1075 1959 ca
1091 1942 1117 1959 re
1131 1934 1239 1960 concedi
1254 1943 1298 1960 reo
1311 1936 1458 1964 conveniat,
1479 1936 1552 1970 quod
1566 1937 1652 1963 alieno

858 1971 968 1997 inductu
981 1971 1080 1997 fecerit.
1096 1971 1195 1997 Deinde
1207 1972 1233 1998 in
1244 1972 1448 1998 coniecturalem
1461 1974 1578 2000 trahetur
1589 1982 1651 2000 con-

859 2009 1013 2035 troversiam
1044 2014 1069 2035 ct
1082 2009 1251 2040 edisseretur,
1273 2018 1338 2035 num
1356 2009 1478 2036 consulto
1492 2010 1590 2037 factum
1605 2012 1649 2037 sit.

858 2046 886 2072 Si
901 2055 995 2072 caussa
1010 2047 1037 2072 in
1052 2055 1107 2072 rem
1121 2047 1266 2081 quamdam
1279 2046 1437 2078 conferetur,
1450 2053 1475 2073 et
1486 2048 1549 2074 baec
1559 2048 1649 2074 eadem

859 2083 912 2110 sere
934 2089 960 2110 et
981 2084 1078 2115 omnia,
1104 2092 1172 2118 quae
1185 2084 1218 2110 de
1239 2084 1436 2111 necessitudine
1455 2087 1648 2120 praecepimus,

857 2121 1047 2147 consideranda
1062 2125 1150 2147 erunt.

914 2159 1006 2185 XVIII.
1019 2159 1060 2185 27.
1072 2158 1203 2190 Quoniam
1217 2159 1281 2184 satis
1291 2158 1439 2185 ostendisse
1450 2159 1580 2189 videmur,
1589 2161 1635 2195 qui

858 2196 909 2222 bus
923 2196 1199 2232 argumentationibus
1214 2196 1240 2222 in
1256 2204 1309 2222 uno
1318 2205 1426 2231 quoque
1435 2205 1531 2231 genere
1541 2206 1650 2223 caussae

834 2243 835 2247 ¹
858 2233 992 2260 iudicialis
1011 2234 1049 2259 uti
1067 2234 1229 2263 conveniret,
1249 2234 1377 2268 consequi
1392 2233 1504 2264 videtur,
1526 2240 1554 2260 ut
1572 2235 1650 2261 doce-

858 2279 944 2301 amus,
964 2270 1192 2305 quemadmodum
1212 2271 1285 2305 ipsas
1303 2272 1544 2306 argumentationes
1561 2278 1650 2298 ornate

834 2323 835 2334 l
857 2312 884 2334 et
897 2308 1018 2334 absolute
1032 2312 1141 2334 tractare
1156 2308 1301 2343 possimus.
1326 2309 1391 2334 Nam
1408 2307 1460 2334 sere
1475 2317 1525 2334 non
1540 2309 1649 2335 ‹listicilc

857 2350 898 2371 est
914 2346 1044 2376 invenire,
1065 2345 1131 2380 quid
1150 2346 1186 2371 sit
1202 2353 1312 2371 caussae
1326 2345 1492 2372 adiumento:
1521 2346 1650 2372 distis-illi-

858 2391 932 2409 muni
955 2391 1018 2408 vero
1039 2387 1087 2413 est,
1112 2383 1251 2408 inventum
1270 2382 1388 2417 expolire
1406 2387 1430 2408 ct
1449 2383 1570 2417 expediti·
1590 2393 1649 2418 pro-

858 2421 990 2446 nuntiare.
1031 2420 1098 2446 Ilaec
1120 2420 1191 2445 enim
1218 2428 1259 2445 res
1285 2419 1354 2447 sarit.
1380 2424 1408 2445 ut
1430 2428 1516 2454 neque
1534 2420 1646 2450 diutius.

857 2465 938 2491 quam
957 2457 1020 2483 satis
1039 2457 1082 2487 sit,
1103 2457 1130 2482 in
1149 2456 1250 2482 eisdem
1266 2456 1329 2482 locis
1342 2465 1545 2488 commoremur,
1563 2467 1648 2493 neque

857 2494 949 2520 eodem
968 2494 1113 2520 identidem
1133 2493 1314 2524 revolvamur,
1336 2502 1422 2528 nequo
1440 2494 1588 2521 inchoatam
1608 2505 1648 2522 ur-

856 2532 1083 2566 gumeutatiouem
1107 2531 1301 2565 relinquamus,
1327 2539 1413 2565 nequo
1432 2532 1598 2559 incommode
1616 2534 1647 2559 ml

857 2566 934 2595 aliani
949 2568 1074 2603 deinceps
1089 2573 1262 2594 transeamus.
1279 2569 1369 2603 ltaque
1384 2568 1432 2594 hac
1447 2570 1544 2596 ratione
1559 2576 1583 2596 ct
1597 2571 1647 2605 ipsi

858 2607 1013 2632 meminisse
1032 2606 1187 2640 poterimus,
1207 2605 1274 2640 quid
1292 2614 1400 2640 quoque
1420 2606 1475 2632 loco
1488 2607 1645 2636 dixerimus.

857 2648 882 2669 ct
899 2643 1003 2670 auditor
1016 2651 1100 2677 quum
1117 2643 1196 2668 totius
1210 2651 1328 2674 caussae,
1349 2648 1405 2669 tum
1421 2644 1502 2670 unius
1515 2645 1648 2680 cuiusque

857 2680 1093 2716 argumentationis
1115 2680 1330 2707 distributionem
1355 2681 1489 2715 percipere
1511 2687 1536 2708 et
1554 2684 1647 2708 memi-

1401 2731 1413 2744 .,
1432 2729 1440 2737 .
