1941 3052
18 2635 19 2638 ¹
58 2621 111 2649 bnt.

610 130 813 157 BRUTUS.
848 130 944 157 CAP.
980 131 1128 156 62—69.

55 203 107 228 iam
123 201 156 228 ad
170 202 284 228 minores
299 201 377 227 etiam
392 202 566 235 pervenerim.
599 203 737 236 Interpone
751 201 842 237 igitur,

55 240 151 274 inquit,
168 240 189 265 si
204 247 272 274 quos
286 238 404 269 videtur.
426 239 522 265 deinde
535 239 675 265 redeamus
689 239 722 265 ad
736 243 760 264 te
774 243 799 264 et
813 238 845 264 ad

54 277 234 303 Hortensium.
268 276 352 301 Immo
374 284 448 306 vero,
465 277 588 310 inquam,
609 276 642 302 ad
659 276 842 307 Hortensium,

55 314 88 340 de
101 322 144 340 me
157 313 202 339 alii
215 313 312 343 dicent,
328 313 351 338 si
365 314 413 347 qui
426 313 524 339 volent.
540 314 649 339 Minime
660 322 730 344 vero,
742 314 843 347 inquit3

56 360 116 378 nam
135 351 185 377 etsi
198 359 240 376 me
254 349 331 376 facile
344 350 417 376 omni
431 354 477 376 tuo
490 359 610 377 sermone
625 351 742 381 tenuisti,
758 355 845 376 tamen

56 389 79 414 is
102 388 169 414 mihi
188 387 290 423 longior
307 387 422 418 videtur,
443 388 515 422 quod
533 396 644 422 propero
658 388 749 414 audire
763 387 795 413 (le
810 391 843 412 te.

56 426 110 452 Nee
127 433 189 451 vero
207 429 259 451 tam
273 424 306 450 de
320 425 466 451 virtutibus
480 425 586 451 dicendi
600 426 662 456 tuis,
678 434 746 459 quae
760 433 845 459 quum

55 463 194 493 omnibus,
218 466 276 488 tum
298 466 367 488 certe
390 462 456 488 mihi
482 463 636 488 notissimae
661 466 736 492 sunt,
765 470 845 496 quam

58 498 149 536 [quod]
164 499 263 535 gradus
278 503 337 525 tuos
351 503 376 525 et
390 500 467 542 quasi
481 508 622 534 processus
636 499 741 525 dicendi
752 498 846 524 studeo
868 500 869 513 ³

868 546 876 567 ¹}
898 536 944 561 Hic
963 536 1012 561 etsi
1030 537 1109 561 etiam
1122 536 1150 561 in
1164 536 1280 569 publicis
1296 536 1398 561 caussis
1413 536 1586 570 probabatur,
1603 541 1690 562 tamen

56 545 223 573 cognoscere
245 538 303 563 233.
319 536 440 568 Geretur,
452 537 572 571 inquam,
587 537 634 562 tibi
645 545 710 566 mos,
719 536 844 570 quoniam

56 583 98 601 me
120 583 172 600 non
194 574 295 610 ingenii
318 574 523 608 praedicatorem
545 582 603 599 esse
618 574 667 604 vis,
688 573 734 598 sed
750 573 846 598 laboris

56 612 118 639 mei.
148 612 247 638 Verum
269 612 447 646 interponam
472 615 502 637 ut
523 610 616 645 placet,
643 610 716 641 alios,
739 614 763 635 et
777 618 790 635 a
810 609 844 635 M

57 649 158 679 Crasso,
175 649 221 683 qui
236 648 287 675 fuit
302 648 420 683 aequalis
434 648 574 678 Hortensii
591 647 720 673 exordiar

112 686 202 713 LXVI.
218 687 242 712 Is
256 686 338 721 igitur
352 686 518 711 mediocriter
532 694 545 711 a
559 685 676 711 doctrina
688 685 843 714 instructus,

56 724 198 759 angustius
212 724 290 749 etiam
305 732 318 748 a
332 727 432 753 natura,
450 722 538 748 labore
551 726 577 748 et
590 722 720 748 industria
736 726 760 748 et
774 723 845 757 quod

56 761 199 787 adhibebat
212 760 245 786 ad
257 759 414 786 obtinendas
428 768 536 785 caussas
550 768 641 785 curam
656 760 734 785 etiam
749 764 774 785 et
787 769 847 795 gra-

56 799 128 829 tiam,
148 799 176 824 10
195 797 362 832 principibus
380 798 498 831 patronis
512 796 613 831 aliquot
627 806 709 822 annos
725 796 783 822 fuit.

56 835 138 862 huius
151 835 267 861 oratione
281 843 368 860 sermo
381 834 492 860 Latinus
506 838 568 865 erat,
578 834 657 860 verba
673 842 723 860 non
735 834 844 864 abiecta,

56 881 98 899 res
120 872 280 906 compositae
301 872 454 907 diligentem
478 871 570 898 nullus
588 870 635 897 ssos
654 876 741 897 tamen
761 880 846 906 neque
868 879 869 884 1

58 909 147 936 lumen
167 909 266 942 ullum;
292 910 374 935 animi
392 917 496 944 magna,
518 909 590 935 vocis
610 917 690 943 parva
705 910 844 940 0001011110,

56 947 144 973 omnia
167 946 220 972 fere
242 950 272 973 ut
293 946 416 972 similiter
433 951 512 981 atque
526 955 580 972 uno
594 946 672 972 modo
685 946 844 972 dicerentur.

56 985 122 1011 Nam
137 984 218 1010 huius
232 983 351 1018 aequalis
365 989 390 1010 et
402 984 538 1014 iuimicus,
559 984 587 1010 C.
604 984 729 1015 Fimbria,
746 993 797 1010 non
812 985 847 1010 ita

56 1021 103 1048 diu
117 1022 212 1048 iactare
225 1030 254 1047 se
267 1022 367 1056 potuit;
394 1022 441 1056 qui
455 1022 543 1048 omnia
557 1030 652 1056 magna
667 1030 730 1047 voce
744 1021 844 1053 dicens,

57 1059 198 1086 verborum
219 1067 282 1085 sane
304 1059 433 1085 bonorum
451 1068 531 1085 cursu
550 1058 665 1094 quodam
680 1059 795 1090 incitato,
812 1060 847 1085 ita

58 1095 161 1123 furebat
174 1100 271 1127 tamen,
287 1100 317 1122 ut
330 1097 454 1122 mirarere
468 1101 521 1122 tam
536 1096 600 1122 alias
614 1105 656 1122 res
671 1105 746 1131 agere
761 1105 847 1131 popu-

58 1133 123 1165 lum,
147 1138 177 1160 ut
199 1138 269 1160 esset
286 1134 379 1160 insano
396 1134 464 1160 inter
477 1134 589 1160 disertos
604 1133 688 1160 locus.
722 1135 780 1160 ¹234.
797 1134 845 1161 Cn.

57 1175 145 1197 autem
167 1171 297 1198 Lentulus
319 1171 404 1197 multo
426 1172 552 1198 maiorem
574 1171 725 1206 opinionem
741 1171 846 1198 dicendi

57 1209 158 1235 actione
171 1208 292 1240 faciebat,
300 1217 381 1243 quam
395 1213 494 1243 quanta
507 1209 534 1234 in
549 1217 579 1235 eo
593 1208 705 1235 facultas
715 1213 782 1235 erat:
799 1210 846 1244 qui

56 1255 142 1281 quum
160 1250 230 1272 esset
246 1254 295 1272 nec
312 1250 463 1280 peracutus,
479 1255 643 1281 quamquam
657 1250 683 1272 et
696 1255 729 1272 ex
743 1246 808 1272 facie
823 1252 847 1273 et

57 1292 91 1310 ex
103 1283 180 1310 vultu
194 1283 342 1315 videbatur,
359 1292 406 1309 nec
420 1283 559 1310 abundans
570 1283 668 1315 verbis,
680 1284 728 1309 etsi
741 1283 848 1310 fallebat

56 1321 84 1347 in
98 1329 128 1347 eo
142 1321 209 1355 ipso,
222 1320 261 1346 sic
271 1320 427 1351 intervallis,
441 1321 687 1351 exclamationibus,
697 1330 759 1347 voce
770 1323 846 1347 suavi

56 1362 82 1384 et
94 1367 197 1389 canora,
213 1357 368 1384 admirando
381 1357 515 1389 irridebat,
536 1358 637 1384 calebat
649 1359 677 1384 in
692 1358 801 1393 agendo,
819 1363 847 1384 ut
868 1364 877 1385 ,¹¹

869 1398 877 1417 ¹.
898 1395 1186 1429 exercitationibusque
1217 1395 1384 1421 coniunctus.

869 1445 877 1465 1,
898 1433 963 1458 satis
977 1432 1178 1458 commendabat
1193 1433 1350 1461 orationem:
1372 1433 1399 1458 in
1414 1431 1463 1458 bac
1477 1432 1547 1457 0111111
1563 1432 1626 1457 satis
1639 1436 1691 1457 erat

876 1474 877 1479 ¹
898 1470 1002 1503 copiae,
1023 1469 1050 1495 in
1070 1469 1114 1495 illa
1129 1474 1216 1496 autem
1232 1469 1328 1504 leporis
1344 1478 1448 1503 parum.

57 1404 95 1426 ea,
111 1404 180 1430 quae
193 1395 309 1426 deerant,
326 1404 378 1421 nou
392 1395 614 1421 desiderarentur.
648 1396 693 1426 lta,
711 1400 846 1430 tamquam

56 1432 136 1460 Curio
154 1433 229 1467 copia
247 1432 374 1459 nonnulla
391 1433 542 1463 verborum,
563 1432 637 1458 nullo
651 1432 702 1458 alio
717 1433 792 1463 bono,
810 1437 849 1459 te-

57 1471 116 1496 nuit
133 1474 266 1496 oratorum
285 1469 386 1496 locum:
415 1471 473 1497 235.
490 1471 528 1496 sic
542 1470 589 1496 Cn.
605 1470 735 1496 Lentulus
749 1475 848 1496 cetera-

818 798 846 823 111
868 807 869 815 ¹

57 1516 116 1534 rum
131 1508 261 1534 virtutum
274 1507 379 1533 dicendi
394 1507 601 1533 mediocritatem
617 1508 718 1533 actione
732 1508 848 1533 occulta·
869 1506 877 1540 ζ,

58 1546 104 1576 vit,
120 1545 147 1571 in
161 1553 214 1579 qua
228 1544 360 1570 excellens
375 1544 434 1570 suit.
451 1545 542 1579 Neque
557 1544 641 1570 multo
655 1553 732 1570 secus
743 1545 771 1570 P.
781 1545 848 1571 Len-
869 1542 877 1557 '¹

57 1582 139 1613 tulus,
155 1582 233 1608 euius
247 1585 272 1607 et
285 1581 452 1617 excogitandi
467 1586 491 1607 et
507 1582 631 1616 loquendi
647 1581 794 1608 tarditatem
810 1587 848 1608 te-

57 1619 135 1655 gebat
149 1618 247 1646 formae
261 1618 385 1654 dignitas,
401 1619 518 1653 corporis
533 1623 620 1645 motus
635 1618 731 1653 plenus
746 1625 770 1645 et
784 1620 847 1645 artis

57 1661 82 1683 et
105 1656 261 1687 venustatis,
285 1657 358 1682 vocis
377 1660 402 1682 et
415 1657 533 1682 suavitas
547 1661 573 1682 et
586 1656 751 1691 magnitudo,
768 1657 806 1682 sic
820 1657 846 1683 in

58 1694 106 1720 hoc
120 1693 186 1720 nihil
201 1697 303 1728 praeter
317 1694 445 1720 actionem
461 1693 520 1722 fuit.
542 1698 625 1719 cetera
640 1694 718 1720 etiam
734 1694 844 1723 minora,

57 1739 137 1766 quam
161 1731 189 1757 in
211 1731 357 1765 superiore.
391 1730 494 1757 LXVII.
514 1732 572 1757 236.
588 1731 623 1757 M.
639 1731 700 1757 Piso
713 1731 847 1766 quidquid

57 1767 159 1799 habuit,
175 1767 269 1794 habuit
281 1776 315 1794 ex
328 1768 478 1802 disciplina,
487 1769 656 1803 maximeque
667 1777 701 1794 ex
710 1769 845 1800 omnibus,
870 1771 871 1791 I

57 1806 103 1840 qui
118 1809 177 1831 ante
191 1804 306 1836 fuerunt,
324 1805 431 1832 Graecis
445 1805 571 1832 doctrinis
585 1805 707 1832 eruditus
722 1805 781 1832 suit.
797 1806 848 1832 1111-
870 1804 871 1834 i

57 1842 115 1869 buit
133 1851 147 1868 a
165 1846 256 1869 natura
274 1851 360 1878 genus
373 1843 507 1877 quoddam
522 1843 662 1874 acuminis,
682 1843 754 1878 quod
769 1844 846 1869 etiam
870 1865 871 1882 ,

57 1884 111 1906 arte
134 1879 278 1911 limaverat,
304 1879 375 1914 quod
398 1884 453 1906 erat
471 1881 498 1906 in
517 1880 744 1914 reprehendendis
759 1881 848 1906 verbis

59 1921 195 1943 versutum
219 1921 244 1943 et
267 1916 369 1948 sollers,
395 1917 441 1943 sed
461 1926 539 1952 saepe
557 1917 764 1948 stomachosum,
782 1927 848 1944 non-

57 1962 205 1989 numquam
219 1954 356 1990 frigidum,
372 1954 506 1980 interdum
521 1955 598 1981 etiam
614 1954 737 1981 facetum.
772 1955 796 1981 Is
813 1955 849 1980 la—

58 1991 156 2023 borem,
182 1992 259 2026 quasi
282 2000 390 2018 cursum
415 1991 554 2022 sorensem,
580 1991 682 2018 diutius
706 2001 757 2018 non
777 1992 846 2023 tulit,

56 2028 128 2064 quod
143 2032 168 2055 et
181 2037 288 2063 corpore
302 2033 356 2054 erat
369 2028 482 2059 infirmo,
499 2033 524 2055 et
538 2029 677 2055 bominum
692 2029 805 2064 ineptias
820 2038 848 2055 ac

57 2065 192 2097 stultitias,
217 2074 285 2100 quae
307 2065 472 2092 devorandae
496 2066 572 2092 nobis
590 2071 662 2096 sunt,
683 2075 734 2093 non
749 2066 849 2092 serebat

57 2102 266 2138 iracundiusque
284 2103 426 2137 respuebat
443 2104 500 2129 sive
519 2112 634 2134 morose,
651 2107 680 2129 ut
695 2104 846 2138 putabatur,

57 2141 114 2166 sive
132 2140 249 2175 ingenuo
268 2139 405 2174 liberoque
423 2139 538 2166 fastidio.
573 2141 597 2166 Is
615 2149 699 2175 quum
719 2141 783 2167 satis
804 2140 849 2167 tlo-

57 2177 155 2204 ruisset
173 2177 339 2208 adolescens,
361 2177 446 2204 minor
465 2177 555 2204 baberi
569 2182 609 2204 est
622 2182 732 2212 coeptus
747 2182 846 2212 postea.

56 2214 156 2241 Deinde
169 2222 203 2240 ex
217 2214 351 2250 virginum
366 2214 464 2240 iudicio
479 2223 600 2250 magnam
617 2214 721 2241 laudem
737 2220 776 2242 est
787 2215 849 2241 ade—
871 2228 872 2234 =

58 2255 132 2286 ptus,
157 2256 183 2278 et
204 2259 238 2278 ex
255 2260 285 2278 eo
304 2256 421 2286 tempore
439 2253 516 2286 quasi
534 2256 671 2278 revocatus
698 2253 724 2278 in
739 2261 847 2278 cursum

57 2289 142 2315 tenuit
164 2288 251 2316 locum
271 2293 323 2315 tam
343 2289 403 2319 diu,
424 2297 505 2323 quam
525 2288 592 2315 ferre
611 2289 696 2324 potuit
716 2289 846 2316 laborem:

57 2330 155 2361 postea,
171 2330 301 2361 quantum
315 2326 427 2352 detraxit
441 2335 474 2352 ex
488 2326 584 2357 studio,
602 2331 703 2352 tantum
717 2327 806 2353 amisit
817 2336 849 2353 cx

57 2362 149 2399 gloria.

57 2399 146 2427 studio
159 2409 201 2426 181
203 2409 248 2427 um
262 2401 556 2431 veterun1,litte1arun1
570 2405 595 2426 et
610 2400 747 2427 studiosus
758 2406 782 2427 et
797 2410 848 2427 non

57 2436 210 2472 imperitus,
236 2437 335 2464 multae
353 2438 499 2464 industriae
518 2442 542 2463 et
561 2447 621 2473 magi
614 2438 650 2463 ni
671 2437 768 2464 laboris
788 2438 847 2464 suit.

57 2473 87 2501 C.
103 2474 263 2502 Censorinus
278 2475 385 2501 Graecis
400 2475 494 2502 litteris
509 2475 573 2501 satis
587 2459 689 2505 affictus,
706 2475 778 2509 quod
789 2484 848 2510 pro-
871 2493 873 2510 ÷

58 2516 193 2546 posuerat,
213 2511 349 2555 explicans
367 2512 503 2547 expedite,
524 2521 574 2538 non
595 2512 754 2538 invenustus
768 2517 846 2554 actor,
871 2515 873 2548 ξ

479 2550 507 2575 L.
524 2549 621 2575 Τ1111115
636 2558 716 2583 parvo
730 2549 846 2585 ingenio,
871 2554 872 2557 ’

58 2547 124 2575 sed'
117 2557 188 2575 iners
202 2553 227 2575 et
240 2549 366 2576 iuimicus
381 2549 439 2576 sori.

57 2585 104 2612 sed
124 2585 208 2613 multo
226 2586 327 2617 labore,
343 2595 452 2622 quoquo
467 2587 545 2612 modo
560 2590 667 2621 poterat,
684 2595 763 2621 saepe
777 2586 848 2612 (1100-

60 2657 165 2687 fuerunt
202 2662 259 2687 238.
276 2659 304 2687 C.
321 2661 407 2688 Macer
420 2661 573 2687 auctoritate
588 2669 693 2695 semper
707 2661 788 2696 eguit,
802 2660 846 2686 sed

182 2364 240 2390 237.
262 2363 288 2389 P.
304 2364 411 2389 Murena
427 2363 573 2389 mediocri
567 2363 681 2399 ingenio.
694 2363 741 2390 sed
754 2373 803 2390 ma
796 2373 849 2400 vno
871 2377 872 2382 =

144 2623 235 2658 Itaque
253 2623 276 2649 ei
296 2632 393 2658 paucae
411 2625 545 2650 centuriae
564 2623 595 2649 ad
614 2623 782 2649 consulatum
802 2623 848 2649 de—
878 2631 879 2649 1

871 2614 872 2617 ’
877 2616 879 2627 t

876 1042 877 1047 1
899 1021 1082 1046 abstraxisset.

1642 133 1688 157 ⁴53

898 200 947 227 fuit
960 205 1087 235 patronus
1101 200 1295 235 propemodum
1309 200 1542 236 diligentissimus.
1569 201 1654 227 Huius
1665 203 1689 228 si

897 239 962 270 vita,
983 239 1006 264 si
1026 246 1124 269 010185,
1145 239 1169 264 51
1187 238 1278 264 vultus
1297 238 1412 272 denique
1431 247 1483 264 non
1497 246 1602 264 omnem
1617 247 1689 265 com-

897 275 1094 301 mendationem
1107 276 1209 310 ingenii
1227 279 1363 306 everteret,
1385 275 1471 301 maius
1490 284 1586 301 nomen
1601 276 1628 302 in
1643 284 1690 310 pa-

897 314 979 339 tronis
995 312 1098 339 fuisset.
1129 313 1186 339 Non
1200 317 1254 338 erat
1267 312 1415 343 abundans,
1432 321 1483 338 non
1497 313 1574 347 inops
1587 317 1687 346 tamen3

898 359 949 376 non
977 350 1054 376 valde
1082 350 1181 380 nitens,
1208 358 1259 376 non
1280 349 1358 384 plane
1382 349 1486 376 horrida
1509 350 1604 375 oratio:
1627 359 1687 381 vox,

897 392 989 423 gestus
1013 392 1037 413 et
1055 388 1141 413 omnis
1160 388 1227 413 actio
1245 387 1302 413 5108
1316 386 1417 421 lepore:
1440 392 1465 412 at
1480 387 1506 412 in
1521 387 1689 413 inveniendis

897 424 1142 459 componendisque
1162 425 1241 450 rebus
1259 425 1325 450 mira
1344 424 1487 455 accuratio,
1504 428 1533 450 ut
1547 433 1598 450 1100
1614 424 1690 450 facile

897 462 924 487 in
948 461 1002 488 ullo
1024 461 1219 497 diligentiorem
1242 462 1422 496 maioremque
1440 462 1622 496 cognoverim,
1644 461 1689 487 sed

897 507 968 529 eam,
986 503 1014 524 ut
1028 499 1107 524 citius
1122 500 1313 529 veteratoriam,
1330 507 1410 533 quam
1424 499 1562 524 oratoriam
1577 498 1688 525 diceres.

898 574 924 599 in
939 573 1049 607 privatis
1064 572 1236 598 illustriorem
1250 573 1385 598 obtinebat
1401 573 1498 599 locum.

952 610 1066 636 LXVIII.
1082 611 1140 636 239.
1156 609 1186 636 C.
1202 610 1297 635 deinde
1311 610 1372 636 Piso
1386 611 1510 636 statarius
1524 615 1549 636 et
1559 611 1690 637 sermonis

898 647 994 681 plenus
1016 651 1114 678 orator,
1128 647 1238 673 minime
1252 647 1297 673 ille
1311 647 1420 681 quidem
1435 648 1526 673 tardus
1540 648 1567 673 in
1582 648 1691 683 excogi-

898 684 985 715 tando,
1002 688 1187 710 verumtamen
1201 684 1278 710 vultu
1293 689 1318 710 et
1332 684 1502 710 simulatione
1517 685 1600 711 multo
1611 686 1689 711 etiam

898 722 1010 751 acutior,
1031 730 1113 755 quam
1131 725 1198 752 erat,
1215 721 1365 747 videbatur.
1400 722 1465 747 Nam
1480 723 1538 747 eius
1552 722 1689 757 aequalem

898 759 931 785 Μ’
951 759 1137 790 Glabrionem,
1154 759 1221 784 bene
1239 759 1393 784 institutum
1412 759 1453 784 avi
1473 759 1614 785 Scaevolae
1628 759 1690 785 dili-

897 797 994 830 gentia,
1016 805 1104 822 socors
1118 796 1204 830 ipsius
1220 801 1311 822 natura
1326 796 1517 831 negligensque
1532 796 1688 822 tardaverat.

898 834 985 860 Etiam
1003 834 1032 859 L.
1053 834 1216 868 Torquatus,
1238 833 1345 869 elegans
1364 834 1391 859 10
1410 833 1535 863 dicendo,
1556 834 1583 859 10
1598 834 1691 859 existi-

898 871 995 897 mando
1013 870 1157 897 admodum
1176 871 1306 905 prudens,
1327 875 1381 897 toto
1398 879 1494 906 genere
1512 871 1688 905 perurbanus.

898 908 974 934 Meus
997 912 1085 934 autem
1108 908 1227 943 aequalis
1251 908 1298 934 Cn.
1322 908 1478 942 Pompeius,
1501 909 1542 934 vir
1556 908 1589 934 ad
1603 908 1691 934 omnia

898 954 1003 971 summa
1028 950 1118 976 natus,
1144 947 1271 972 maiorem
1289 945 1395 971 dicendi
1413 945 1524 981 gloriam
1543 945 1688 976 habuisset,

899 983 950 1009 nisi
969 992 1031 1009 eum
1050 983 1157 1009 maioris
1171 983 1270 1018 gloriae
1285 983 1417 1017 cupiditas
1432 982 1464 1009 ad
1475 982 1583 1008 bellicas
1599 982 1690 1008 laudes

1122 1021 1183 1046 Erat
1206 1021 1321 1046 oratione
1335 1021 1399 1046 satis
1414 1020 1533 1054 amplus,
1554 1029 1608 1046 rem
1628 1029 1692 1054 pru-

898 1058 991 1084 denter
1015 1058 1135 1089 videbat;
1166 1059 1233 1084 actio
1251 1066 1313 1084 vero
1331 1058 1389 1083 eius
1408 1057 1521 1083 babebat
1539 1062 1564 1083 et
1582 1058 1609 1083 in
1628 1066 1692 1084 voce

899 1104 1026 1131 magnum
1041 1095 1210 1130 splendorem
1225 1100 1250 1121 et
1260 1096 1287 1121 in
1299 1099 1370 1121 motu
1381 1104 1515 1120 summam
1526 1095 1691 1130 dignitatem.

898 1134 957 1159 240.
978 1134 1072 1159 Noster
1090 1133 1153 1159 item
1173 1132 1292 1168 aequalis
1311 1133 1341 1158 D.
1358 1132 1474 1163 Silanus,
1492 1133 1603 1158 vitricus
1618 1137 1689 1162 tuus,

898 1170 981 1196 studii
999 1170 1045 1196 ille
1059 1170 1169 1205 quidem
1184 1170 1277 1196 habuit
1292 1179 1343 1196 000
1358 1170 1483 1201 multum,
1499 1170 1546 1195 sed
1560 1170 1691 1195 acuminis

899 1212 924 1233 et
937 1208 1062 1234 orationis
1077 1208 1150 1234 satis.
1171 1208 1201 1240 Q.
1218 1208 1361 1242 Pompeius
1376 1208 1405 1233 Α.
1420 1208 1457 1238 Ε,
1474 1208 1520 1242 (1111
1534 1207 1692 1243 Bithynicus

898 1245 985 1271 dictus
1005 1250 1057 1276 est,
1074 1245 1182 1271 biennio
1195 1254 1275 1280 quam
1291 1254 1338 1271 nos
1353 1244 1463 1271 sortasse
1478 1244 1568 1275 maior,
1586 1253 1692 1270 summo

875 1288 877 1309 1
898 1282 987 1308 studio
1006 1282 1113 1309 dicendi
1131 1282 1269 1318 multaque
1287 1282 1418 1313 doctrina,
1434 1282 1584 1308 incredibili
1605 1282 1691 1308 labore

898 1324 977 1355 atque
995 1320 1140 1352 industria,
1167 1320 1239 1355 quod
1258 1321 1325 1346 scire
1342 1328 1467 1354 possum:
1491 1319 1541 1345 fuit
1555 1320 1693 1345 0011111110-

898 1366 959 1383 cum
979 1361 1004 1383 et
1020 1366 1082 1383 cum
1101 1358 1136 1383 M.
1156 1358 1251 1384 Pisone
1269 1366 1354 1392 quum
1373 1357 1497 1388 amicitia,
1519 1362 1575 1383 tum
1594 1356 1691 1382 studiis

1425 1394 1511 1421 11111115
1542 1395 1608 1420 actio
1641 1403 1692 1420 non

1483 1470 1542 1495 ⁶24¹.
1558 1469 1618 1494 Erat
1634 1469 1691 1493 01115

899 1506 1017 1541 aequalis
1036 1507 1065 1532 P.
1085 1506 1244 1537 Autronius,
1267 1515 1329 1532 voce
1349 1511 1471 1541 peracuta
1492 1511 1571 1540 atque
1586 1514 1689 1540 magua,

899 1552 947 1570 nec
964 1543 1013 1569 alia
1032 1552 1059 1569 re
1078 1543 1132 1569 ulla
1152 1544 1311 1578 probabilis,
1328 1548 1353 1569 et
1369 1544 1396 1569 L.
1413 1543 1538 1569 Octavius
1553 1543 1689 1571 Reatinus,

898 1581 1049 1616 qui,quum
1061 1580 1158 1607 multas
1173 1582 1225 1607 iam
1239 1590 1347 1607 caussas
1362 1581 1468 1611 diceret,
1484 1580 1638 1606 adolescens
1653 1585 1691 1606 est

898 1623 1030 1644 0101111115.
1072 1619 1095 1644 15
1123 1623 1210 1644 tamen
1236 1618 1269 1644 ad
1296 1618 1438 1644 dicendum
1463 1618 1584 1643 veniebat
1608 1617 1692 1652 magis

899 1655 1035 1686 audacter,
1056 1664 1137 1690 quam
1157 1661 1255 1690 parate.
1289 1656 1322 1682 Et
1341 1656 1369 1682 C.
1386 1656 1518 1686 Staienus,
1532 1656 1578 1690 qui
1593 1664 1621 1680 se
1635 1655 1692 1688 ipse

899 1692 1068 1727 adoptaverat
1094 1698 1119 1719 ct
1141 1693 1173 1719 de
1197 1693 1304 1719 Staieno
1326 1692 1431 1719 Aelium
1457 1692 1564 1722 fecerat,
1592 1691 1692 1718 fervido

898 1730 1015 1765 quodam
1030 1735 1056 1756 et
1071 1730 1200 1764 petulanti
1212 1735 1237 1757 et
1252 1730 1353 1757 furioso
1366 1738 1463 1765 genere
1477 1729 1598 1761 dicendi,
1619 1729 1691 1763 quod

898 1768 961 1802 quia
981 1767 1073 1794 multis
1096 1772 1201 1803 gratum
1220 1773 1274 1794 erat
1293 1772 1317 1794 et
1336 1768 1508 1802 probabatur,
1530 1767 1691 1792 ascendisset

899 1805 931 1830 ad
956 1805 1081 1836 honores,
1103 1805 1154 1831 nisi
1173 1805 1199 1831 in
1220 1804 1333 1831 facinore
1352 1804 1492 1830 manifesto
1510 1804 1692 1838 deprehensus

900 1851 997 1877 poenas
1009 1842 1113 1877 legibus
1128 1842 1261 1869 etiudicio
1271 1842 1397 1868 dedisset.
1419 1842 1579 1868 Lxlxsssffl.
1594 1841 1691 1867 Eodem

900 1884 1018 1914 tempore
1036 1880 1065 1905 C.
1085 1884 1111 1905 01
1125 1880 1154 1905 L.
1171 1880 1290 1914 Caepasii
1307 1879 1399 1905 tratres
1415 1879 1530 1909 fuerunt,
1547 1879 1593 1913 qui
1609 1878 1691 1904 multa

899 1925 986 1951 opera,
1004 1917 1086 1951 ignoti
1102 1917 1223 1943 1101111005
1238 1921 1263 1943 ct
1277 1917 1416 1951 repentini,
1433 1921 1587 1951 quaestores
1601 1916 1693 1942 eeleri-

900 1958 939 1980 ter
958 1953 1018 1980 sacti
1037 1959 1108 1984 suut,
1130 1954 1263 1988 oppidano
1280 1954 1396 1989 quodam
1411 1958 1435 1980 et
1451 1953 1584 1980 incondito
1597 1962 1692 1987 genere

896 1991 1015 2017 uicendi.
1051 1991 1188 2017 Addamus
1211 1991 1264 2018 buo
1290 1992 1382 2022 etiam,
1412 2000 1444 2017 ue
1470 2000 1550 2026 quem
1575 1990 1691 2016 vocalem

901 2028 1068 2063 praeteriisse
1093 2029 1244 2060 videamur,
1275 2028 1304 2055 C.
1331 2029 1489 2055 Cosconium
1513 2028 1690 2056 Calidianum,

900 2066 956 2100 qui,
974 2065 1048 2091 nullo
1062 2067 1193 2097 acumine,
1210 2074 1267 2092 eam
1282 2070 1370 2092 tamen
1385 2066 1526 2092 verborum
1541 2065 1653 2100 copiam,
1670 2066 1691 2090 si

900 2112 981 2138 quam
997 2103 1118 2133 habebat,
1140 2103 1281 2138 praebebat
1296 2103 1395 2138 populo
1408 2112 1470 2129 cum
1486 2102 1567 2128 multa
1582 2111 1693 2128 coneur-

901 2141 1001 2166 satione
1020 2149 1170 2176 magnoque
1188 2140 1312 2167 clamore.
1347 2140 1423 2173 Quod
1442 2140 1512 2166 idem
1532 2139 1641 2165 faciebat
1660 2139 1690 2171 Q.

901 2177 1003 2208 Arrius,
1029 2178 1074 2212 qui
1100 2177 1151 2204 suit
1174 2178 1209 2204 M.
1233 2178 1321 2205 Crassi
1345 2178 1422 2213 quasi
1445 2177 1633 2203 secundarum.
1670 2177 1692 2202 ls

899 2215 1026 2241 omuibus
1044 2215 1167 2249 exemplo
1184 2215 1263 2241 debet
1280 2224 1347 2246 esse,
1368 2219 1497 2249 quantum
1517 2215 1543 2240 111
1566 2214 1613 2239 bac
1628 2214 1692 2239 urbe

901 2251 997 2286 polleat
1016 2252 1160 2278 multoriun
1179 2252 1286 2279 obedire
1307 2253 1417 2287 tempori
1436 2251 1636 2286 multorumque
1652 2251 1692 2276 vel

871 2319 872 2324 ¹
901 2289 993 2315 honori
1009 2289 1049 2315 vel
1065 2289 1184 2323 periculo
1197 2290 1306 2316 servire.
1328 2291 1386 2316 ⁴253.
1403 2290 1448 2315 llis
1463 2289 1533 2314 enim
1546 2288 1634 2315 rebus.
1652 2289 1693 2314 in-

901 2326 963 2352 timo
987 2325 1043 2352 loco
1065 2331 1142 2352 natus
1165 2331 1191 2352 et
1209 2327 1321 2353 bonores
1340 2331 1363 2352 et
1384 2327 1524 2361 pecuniam
1543 2330 1567 2351 et
1581 2327 1691 2359 gratiam

900 2367 1068 2393 consecutus,
1089 2364 1167 2389 etiam
1183 2364 1209 2390 111
1225 2369 1404 2398 patronorum,
1420 2364 1478 2389 sine
1493 2363 1618 2391 (1001111111,
1636 2363 1693 2388 51110

901 2400 1016 2435 ingenio,
1032 2400 1149 2435 aliquem
1165 2409 1306 2427 numerum
1322 2405 1484 2435 pervenerat.
1508 2399 1560 2425 Sed
1576 2401 1694 2434 1111111μί-

902 2437 939 2463 105
959 2437 1135 2468 inexercitati,
1157 2438 1260 2464 etiamsi
1280 2446 1384 2473 pugnos
1402 2442 1426 2463 et
1446 2437 1536 2473 plagas
1555 2436 1694 2472 Olympio-

900 2483 959 2500 rum
982 2474 1073 2509 eupidi
1094 2474 1160 2501 serre
1179 2484 1230 2501 non
1250 2479 1370 2509 possunt.
1387 2475 1425 2501 sic
1439 2474 1492 2505 1110,
1509 2483 1603 2509 (1111101,
1620 2475 1692 2500 (1111111

900 2512 952 2537 iam
973 2510 1076 2537 fortuna
1096 2520 1220 2546 prospere
1240 2511 1356 2542 functus.
1374 2511 1475 2538 labores
1489 2512 1567 2538 etiam
1583 2520 1693 2547 magnos

900 2549 1056 2582 excepisset,
1083 2549 1157 2575 illius
1180 2548 1313 2575 iudicialis
1336 2549 1397 2576 11001
1417 2550 1594 2580 5ον01-111110111,
1615 2550 1692 2584 quasi

900 2585 992 2615 solem,
1009 2594 1060 2612 non
1076 2585 1145 2612 tulit.

955 2623 1013 2649 244.
1039 2623 1106 2649 Tum
1132 2623 1243 2654 Atticus,
1265 2624 1303 2649 Tu
1322 2623 1432 2658 quidem
1450 2623 1483 2650 de
1498 2623 1577 2655 faece,
1594 2624 1690 2659 iuquit

877 2659 1000 2690 baut-is.
1017 2659 1098 2695 idque
1113 2660 1284 2688 iamdudum:
1301 2661 1346 2687 sed
1362 2662 1493 2688 1101111111]
1510 2661 1559 2688 boc
1570 2670 1631 2688 xero
1643 2671 1692 2687 uon

1457 2711 1489 2734 2⁰
