1941 3052
217 140 276 163 tossts»
778 137 783 160 Ι
794 137 821 160 1Ῐὶ
866 135 899 160 M.
935 135 963 160 Τ,

212 217 343 243 ‹pineninn
355 209 390 233 nit
403 209 479 233 istius
493 207 602 235 veteris,
619 214 699 240 qui=m
711 213 918 234 commemoras,
936 205 1002 230 Aca·
1022 207 1025 217 '

212 245 316 271 ‹leniit-e
328 245 360 270 de
377 244 475 270 linibus
491 243 620 269 bonorum
639 243 926 276 l’eripntetirrorumquo
941 250 1003 268 sen·
1023 246 1025 255 '

213 284 302 309 tentiu.
343 283 489 307 Consanum
511 285 534 306 tc
554 285 641 305 nutem
665 278 790 304 facillime
813 279 838 304 id
859 278 1002 313 explanare

214 329 304 354 posse,
325 318 395 353 ‹pioil
411 323 436 344 et
452 318 570 343 Staseam
587 316 790 350 Neapolitanum
807 315 905 342 multos
921 324 1003 342 annos

214 357 339 382 habueris
354 354 424 389 apud
442 360 478 384 te,
501 359 526 380 et
541 353 694 388 complures
711 353 762 379 iam
776 361 881 379 menses
892 353 1003 379 Athenis

214 393 277 419 haec
295 394 350 427 ipsa
367 397 389 418 to
404 400 436 418 ex
449 391 577 417 Antiocho
590 390 713 416 videmus
725 391 876 425 exquirere.

213 430 315 459 ridens,
335 431 402 463 Age,
421 437 482 464 age,
502 429 602 463 inquit,
619 428 693 462 (satis
707 428 778 453 enim
791 429 856 454 scite
869 435 910 453 me
922 427 1003 453 nostri

212 467 342 493 sermonis
355 466 518 500 principium
530 474 588 491 esse
600 465 903 499 voluisti,)exponamus
915 464 1004 490 adole-

212 505 308 534 scenti,
325 504 348 529 si
363 512 432 538 quac
449 503 513 529 forto
530 511 684 537 possumus.
726 502 772 528 Dat
792 503 864 528 enim
884 501 910 528 id
926 502 1003 528 nohis

212 540 337 567 solitudo.

213 583 293 605 tarem
309 586 351 604 mo
368 578 393 604 in
407 577 559 607 Academia,
577 581 713 612 tamquam
725 576 932 612 philosophum,
948 576 1004 602 dis-

213 615 381 650 putaturum!
404 614 455 640 Sed
467 623 508 645 ne,
522 614 587 640 dum
598 614 661 641 huic
671 614 818 648 obsequor,
834 614 910 640 vobis
923 613 1005 639 molc-

212 657 268 679 stus
284 653 346 679 sim.
387 652 467 682 Mihi,
491 652 614 686 inquam,
637 652 684 686 qui
706 656 730 677 te
747 651 772 677 id
790 652 879 686 ipsum
896 650 1006 677 rorravi‘?

212 690 294 720 Tum,
310 689 426 721 Quintus
441 693 467 716 et
481 689 644 723 Pomponius
659 697 743 724 quum
762 688 832 714 idern
844 697 872 714 se
884 672 952 714 velTe
963 687 1005 713 di-

212 727 323 757 xissent,
337 727 397 753 Piso
408 734 520 753 exorsus
531 731 580 753 est.
607 726 690 753 Cuius
701 726 792 758 oratio,
805 725 910 752 attende
921 734 1005 760 quae-

212 772 255 794 so,
272 764 362 794 Brute.
385 764 485 790 satisne
506 763 628 790 videatur
642 763 765 790 Antiochi
786 763 925 798 complexa
946 771 1005 788 esse

211 801 384 828 sententiam:
401 809 482 836 quam
495 801 557 831 tibi,
573 801 620 835 qui
634 800 739 826 fratrem
751 801 810 827 eius
822 801 940 826 Aristum
953 799 1005 826 tre-

211 843 325 873 quenter
342 837 475 869 audieris,
499 838 616 864 maxime
632 837 770 873 probatam
786 837 921 864 existimo.
961 837 1004 863 Sic

211 880 251 902 est
263 876 346 910 igitur
357 875 470 902 locutus.

268 913 311 939 tv.
333 914 358 939 9.
379 912 501 945 Quantus
511 917 621 939 ornatus
632 913 658 938 in
671 912 907 946 Peripateticorum
922 911 1005 938 disci-

212 950 284 987 plina
296 951 344 981 sit,
362 951 427 977 satis
438 954 478 976 est
488 958 501 976 a
514 958 569 980 mc,
588 955 616 976 ut
626 949 786 976 brevissime
798 950 897 984 potuit,
915 948 1005 984 paullo

212 994 272 1015 ante
287 987 400 1014 dictum.
440 987 493 1013 Sed
509 992 549 1013 est
565 986 647 1013 forma
663 988 722 1013 eius
739 986 914 1021 disciplinae,
935 987 1006 1012 sicut
1024 988 1026 997 ¹

212 1025 266 1053 fere
276 1030 433 1055 ceterarum,
447 1024 554 1059 triplex.
595 1025 650 1051 Una
663 1033 724 1059 pars
732 1029 772 1050 est
783 1029 905 1050 naturae:
919 1023 1006 1050 disse-

213 1062 289 1090 rendi
305 1062 398 1089 altera:
418 1061 528 1088 vivendi
545 1062 630 1088 tertia.
672 1063 770 1088 Natura
786 1062 825 1087 sic
839 1061 872 1087 ab
885 1062 918 1087 iis
930 1061 1007 1087 inve-

211 1101 307 1136 stigata
319 1104 367 1131 est,
381 1104 410 1125 ut
420 1099 492 1125 nulla
506 1107 567 1133 pars
577 1098 664 1129 caelo,
678 1099 758 1129 mari,
776 1103 842 1124 terra
854 1098 892 1132 (ut
904 1098 1006 1133 poetice

213 1137 316 1172 loquar)
331 1137 519 1171 praetermissa
534 1137 578 1162 sit.
619 1136 689 1168 Quin
706 1136 800 1166 etiam,
818 1144 903 1170 quum
920 1135 953 1161 de
965 1143 1007 1161 re-

212 1183 272 1201 rum
293 1174 378 1200 initiis
395 1174 523 1208 omnique
540 1172 640 1200 mundo
657 1172 737 1199 locuti
753 1177 856 1203 essent,
878 1177 908 1198 ut
923 1171 1005 1198 multa

212 1220 264 1239 non
276 1211 354 1238 modo
365 1211 498 1246 probabili
509 1211 748 1246 argumentatione,
761 1209 808 1236 sed
819 1210 899 1236 etiam
912 1217 1005 1236 neces-

211 1249 281 1275 saria
302 1248 550 1275 mathematicorum
571 1248 670 1274 ratione
690 1246 894 1274 concluderent:
917 1247 1004 1273 maxi-

211 1294 282 1313 mam
298 1286 436 1312 materiam
452 1294 485 1311 cx
499 1285 579 1311 rebus
592 1293 638 1319 per
649 1293 677 1310 se
689 1285 858 1320 investigatis
870 1283 902 1310 ad
914 1292 1003 1310 rerum

210 1322 375 1350 occultarum
391 1323 570 1358 cognitionem
586 1322 740 1348 attulerunt,
783 1323 823 1348 to.
844 1321 1003 1348 Persecutus

211 1365 252 1388 est
271 1360 426 1387 Aristoteles
446 1360 623 1386 animantium
644 1359 766 1385 omnium
786 1363 873 1389 ortus,
901 1359 1001 1389 victus,

211 1398 310 1434 figuras
325 1408 329 1424 :
375 1397 574 1432 Theophrastus
607 1401 696 1423 autem
728 1397 855 1430 stirpium
884 1401 1001 1427 naturas,

210 1435 386 1470 omniumque
411 1434 464 1461 sere
485 1443 587 1465 rerum,
608 1442 677 1469 quae
698 1441 712 1460 e
732 1438 799 1460 terra
817 1433 1001 1469 gignerentur,

210 1481 320 1499 caussas
331 1477 410 1507 atque
422 1472 550 1503 rationes;
573 1479 626 1506 qua
640 1479 673 1497 ex
684 1471 836 1506 cognitione
851 1470 954 1497 facilior
966 1470 1005 1497 fa-

210 1515 250 1536 cta
266 1514 306 1536 est
321 1509 492 1545 investigatio
510 1517 598 1535 rerum
619 1508 874 1535 occultissimarum.
914 1509 1005 1534 Disse-

210 1546 341 1581 rendique
357 1546 390 1572 ab
406 1546 508 1573 eisdem
524 1554 576 1573 non
592 1545 730 1572 dialectice
742 1545 843 1575 solum,
861 1545 909 1572 sed
923 1546 1003 1572 etiam

209 1585 321 1611 oratorie
333 1588 472 1618 praecepta
482 1588 545 1610 sunt
556 1583 664 1610 tradita:
678 1583 712 1609 ab
723 1582 918 1618 Aristoteleque
928 1583 1005 1618 prin-

210 1622 269 1656 cipe
286 1621 319 1647 de
335 1621 451 1657 singulis
468 1621 548 1647 rebus
564 1621 591 1647 in
610 1625 751 1655 utramque
772 1624 875 1655 partem
895 1619 1004 1646 dicendi

210 1659 365 1685 exercitatio
376 1663 417 1685 est
427 1658 560 1688 instituta,
579 1663 608 1684 ut
619 1666 671 1684 non
682 1662 772 1684 contra
786 1658 875 1683 omnia
886 1666 1001 1692 semper,

210 1696 281 1722 sicut
292 1695 437 1726 Arcesilas,
454 1695 567 1725 diceret,
583 1700 609 1721 et
624 1699 726 1725 tamen,
744 1699 774 1721 ut
785 1695 812 1720 in
823 1695 950 1721 omnibus
962 1703 1005 1721 re-

211 1732 276 1764 bus,
295 1732 430 1767 quidquid
446 1741 479 1759 ex
493 1736 606 1767 utraque
622 1736 695 1766 parte
711 1731 765 1758 dici
779 1736 882 1766 posset,
906 1740 1005 1767 expro-

211 1774 304 1796 meret.
347 1771 386 1796 tt.
408 1769 497 1802 Quum
518 1774 606 1796 autem
628 1769 703 1795 tertia
724 1777 786 1804 pars
806 1768 874 1795 bene
892 1769 1003 1795 vivendi

211 1811 350 1842 praecepta
361 1811 512 1842 quaereret,
530 1815 560 1833 ea
573 1814 682 1841 quoque
693 1811 733 1832 est
743 1806 776 1832 ab
788 1805 886 1832 iisdem
897 1815 949 1832 non
960 1814 1004 1832 so-

212 1844 267 1870 lum
283 1844 316 1870 ad
330 1845 450 1879 privatae
466 1845 536 1870 vitae
551 1844 694 1874 rationem,
711 1843 758 1869 sed
774 1843 854 1869 etiam
868 1843 902 1870 ad
913 1851 1001 1869 rerum

212 1880 382 1915 publicarum
398 1882 542 1907 rectionem
558 1880 648 1907 relata.
688 1880 817 1906 Omnium
834 1880 888 1907 fere
908 1881 1005 1907 civita-

211 1923 282 1949 tum,
300 1926 351 1944 non
368 1918 495 1944 Graeciae
509 1917 611 1948 solum,
632 1917 681 1943 sed
695 1918 775 1944 etiarn
793 1917 948 1948 Barbariae,
969 1917 1003 1944 ab

210 1954 351 1982 Aristotele
363 1964 458 1986 mores,
471 1955 601 1986 instituta,
614 1954 787 1989 disciplinas,
800 1955 1003 1990 aTheophrasto

211 1992 284 2027 leges
304 1993 384 2018 etiam
405 1993 596 2027 cognovimus:
618 2000 758 2026 quumque
779 1997 891 2027 uterque
910 2001 1003 2019 eorum

210 2029 353 2059 docuisset,
367 2029 474 2064 qualem
486 2030 514 2055 in
525 2028 662 2064 republica
674 2029 824 2064 principem
835 2037 894 2056 esse
905 2038 1004 2056 conve—

918 389 1003 416 sstine
1024 379 1025 399 ³

377 539 453 572 Quod
465 540 488 566 si
499 540 562 575 quis
576 539 644 566 deus
658 539 770 569 diceret,
789 548 937 574 numquam
954 547 1004 573 pu-
1024 558 1026 567 .

1023 265 1025 278 l

1030 300 1032 316 l

210 2067 292 2097 niret,
319 2066 444 2101 pluribus
468 2071 601 2101 praeterea
622 2067 839 2101 conscripsisset,
866 2067 913 2102 qui
934 2072 1004 2094 esset
1024 2081 1025 2089 κ

209 2104 328 2138 optimus
349 2103 513 2138 reipublicae
528 2108 626 2130 status:
647 2103 696 2130 hoc
715 2103 832 2138 amplius
848 2104 1003 2139 Theophra-

209 2145 280 2171 stuS,
298 2148 366 2175 quae
382 2145 470 2167 essent
486 2141 512 2167 in
529 2140 666 2176 republica
680 2140 866 2167 inclinationes
878 2149 967 2168 rerum
978 2146 1004 2168 et

210 2182 343 2204 momenta
359 2182 522 2212 temporum,
540 2178 641 2213 quibus
652 2177 941 2205 essetmoderandum.
958 2184 1004 2205 ut-

209 2223 326 2250 cumque
342 2223 383 2241 res
399 2215 554 2249 postularet.
595 2216 669 2241 Vitae
685 2220 773 2242 autem
788 2215 925 2251 degendae
936 2216 1002 2242 ratio

210 2253 327 2279 maxime
341 2252 451 2287 quidem
464 2252 518 2278 illis
530 2251 630 2287 placuit
640 2253 744 2287 quieta,
761 2253 789 2279 in
800 2252 1003 2287 contemplatio-

210 2298 241 2315 ne
253 2295 278 2316 et
288 2290 440 2324 cognitione
451 2291 536 2324 posita
549 2298 651 2316 rerum:
667 2298 737 2324 quae
748 2291 811 2325 quia
822 2289 934 2316 deorum
945 2295 1001 2317 erat

210 2327 279 2353 vitae
294 2326 449 2357 simillima,
469 2328 588 2362 sapiente
604 2327 662 2353 visa
677 2332 717 2353 est
730 2327 904 2362 dignissima,
920 2332 1000 2363 atque

210 2363 252 2389 his
268 2363 300 2390 de
312 2364 392 2390 rebus
404 2368 430 2390 et
439 2363 582 2398 splendida
592 2369 632 2390 est
642 2372 734 2390 eorum
745 2370 771 2391 et
781 2364 895 2391 illustris
905 2366 998 2391 oratio.

208 2400 240 2427 V.
255 2402 294 2427 ⁴2.
317 2401 351 2427 De
362 2410 469 2427 summo
478 2406 566 2428 autem
578 2401 656 2432 bon0,
670 2403 734 2436 quia
744 2402 798 2428 duo
808 2410 905 2437 genera
918 2402 1001 2429 libro-

210 2445 269 2463 rum
280 2443 354 2469 sunt,
370 2447 455 2464 unum
467 2439 632 2474 populariter
642 2439 786 2473 scriptum,
799 2439 873 2474 quod
883 2441 999 2475 ἐξωτερι-

1033 1931 1034 1951 i
1055 1927 1136 1954 quem
1147 1919 1174 1945 in
1185 1923 1291 1953 portum
1302 1926 1331 1944 se
1343 1917 1484 1952 recipiant,
1502 1917 1571 1943 scire
1582 1924 1634 1942 non
1645 1917 1758 1951 possint.

1033 1963 1034 1968 ¹
1055 1957 1138 1992 gnitis
1149 1961 1237 1982 autem
1250 1963 1339 1982 rerum
1355 1954 1469 1985 finibus,
1488 1962 1575 1989 quum
1590 1953 1764 1989 intelligitur,
1781 1952 1849 1988 quid

209 2473 255 2499 κόν
266 2474 447 2508 appellabant:
466 2476 579 2502 alterum
591 2475 725 2506 limatius,
741 2476 813 2511 quod
824 2477 852 2503 in
863 2485 1003 2504 commen-
1022 2490 1023 2495 =

210 2511 284 2536 tariis
295 2510 473 2546 reliquerunt:
495 2522 548 2540 non
558 2521 665 2548 semper
675 2513 747 2539 idem
758 2513 847 2540 dicere
858 2514 984 2540 videntur
992 2524 1000 2540 :
1022 2523 1023 2526 ¹

211 2554 259 2572 nec
273 2547 302 2573 in
310 2556 421 2589 *summa
435 2554 523 2577 tamen
539 2551 597 2586 ipsa
612 2555 658 2577 aut
669 2550 783 2577 varietas
793 2556 833 2577 est
843 2551 911 2582 ulla,
927 2550 1002 2586 apud

211 2583 259 2609 hos
270 2584 389 2618 quidem,
401 2594 468 2620 quos
480 2588 626 2618 nominavi,
635 2592 680 2614 aut
690 2588 759 2614 inter
769 2588 843 2622 ipsos
854 2588 1000 2615 dissensio.

211 2620 263 2662 Sed
273 2629 362 2663 quum·
370 2621 445 2648 beata
456 2624 510 2650 vita
521 2629 672 2659 quaeratur,
681 2624 764 2660 idque
774 2625 809 2651 sit
819 2633 913 2656 unum,
926 2625 1001 2661 quod

210 2657 380 2693 philosophia
392 2664 509 2694 spectare
521 2666 546 2688 et
556 2662 635 2698 sequi
645 2661 754 2690 debeat:
765 2663 834 2689 sitne
845 2671 875 2690 ea
886 2667 939 2691 tota
949 2663 1001 2690 sita

1021 2582 1024 2598 l

999 134 1273 160 ‹ltili-:ttoNtS

1056 206 1080 231 in
1094 209 1221 239 potestate
1232 205 1369 239 sapientis¹
1379 213 1410 230 an
1423 206 1507 239 possit
1519 210 1564 232 aut
1576 204 1725 232 labefactari
1738 211 1782 232 aut
1793 206 1844 233 eri-

1055 243 1080 276 pi
1095 241 1174 267 relius
1186 241 1315 270 advenis.
1332 242 1356 267 in
1369 250 1399 267 eo
1410 251 1610 277 nonnumquam
1625 244 1844 269 variariintereos

1055 285 1079 305 et
1093 279 1210 304 dubitari
1229 278 1342 304 videtur.
1383 278 1458 310 Quod
1471 288 1586 306 maxime
1598 279 1679 306 ellit-it
1691 280 1846 314 Theophra-

1055 316 1088 342 sti
1104 315 1136 341 de
1155 316 1229 342 beata
1244 317 1295 342 vita
1309 315 1388 341 liber:
1407 316 1498 350 inquo
1510 317 1624 343 multum
1636 317 1780 343 adnuutum
1795 316 1846 342 lor—

1057 359 1134 379 tunae
1150 352 1237 379 datur.
1278 352 1354 384 Quod
1370 353 1393 378 si
1411 354 1444 378 ita
1459 362 1487 379 ne
1499 353 1606 383 haheat,
1625 363 1675 380 non
1688 355 1771 389 possit
1784 354 1847 379 bea-

1057 395 1109 416 tam
1132 395 1264 424 praestare
1286 390 1367 415 vitam
1388 391 1529 424 sapientia.
1570 391 1637 417 llaec
1654 392 1720 417 mihi
1741 391 1847 417 videtur

1032 443 1033 452 l
1055 427 1201 457 delicatior.
1216 431 1244 453 ut
1256 427 1288 453 ita
1300 426 1397 456 dicam,
1412 427 1569 462 molliorque
1581 429 1655 458 ratio,
1668 437 1748 463 quam
1763 429 1847 454 virtu-

1057 466 1089 490 tis
1103 465 1143 490 vis·
1154 465 1326 499 gravitasque
1338 464 1462 498 postulat.
1497 465 1584 496 Quare
1596 470 1733 491 teneamus
1745 466 1847 491 Aristo·

1056 501 1133 528 telem
1146 507 1171 528 et
1181 501 1546 533 ciusfihumNicomachum,
1559 503 1638 528 cuius
1649 507 1769 528 accurate
1780 503 1847 528 scri-

1057 539 1093 573 pti
1111 538 1143 564 de
1160 538 1280 564 moribus
1293 538 1355 564 libri
1365 538 1492 565 dicuntur
1503 538 1542 565 illi
1554 539 1663 574 quidem
1675 547 1734 565 esse
1745 540 1847 565 Aristo-

1057 576 1130 602 telis:
1144 576 1191 602 sed
1203 584 1253 602 non
1267 575 1353 605 video,
1369 584 1417 601 cur
1428 585 1478 602 non
1491 577 1605 611 potuerit
1617 577 1684 610 patri
1695 576 1793 602 similis
1804 585 1847 602 es-

1055 622 1084 639 se
1101 612 1181 639 lilius.
1222 613 1434 647 Theophrastum
1453 618 1539 640 tamen
1555 613 1732 640 adhibeamus
1746 613 1778 639 ad
1790 613 1847 648 ple-

1057 659 1147 685 raque,
1161 650 1307 676 dummodo
1318 650 1379 684 plus
1393 651 1418 676 in
1432 651 1528 677 virtute
1540 655 1691 680 teneamus.
1707 659 1788 685 quam
1803 650 1847 676 ille

1057 689 1150 718 tenuit,
1165 688 1297 713 firmitatis
1308 692 1333 713 et
1345 687 1456 714 roboris.
1490 689 1529 714 43.
1542 687 1634 714 Simus
1647 688 1728 723 igitur
1737 692 1846 714 conten-

1057 726 1074 751 ti
1088 725 1139 751 his.
1175 725 1294 760 Namque
1307 725 1402 751 horum
1415 726 1521 759 posteri,
1536 725 1658 751 meliores
1672 724 1710 751 illi
1723 725 1844 759 quidem,

1057 771 1113 788 mea
1125 763 1268 791 sententia.
1286 771 1367 797 quam
1383 762 1546 797 reliquarum
1559 761 1713 797 philosophi
1724 762 1847 796 discipli·

1057 808 1164 826 narum:
1183 799 1229 825 sed
1244 800 1277 825 ita
1289 799 1464 835 degenerant.
1483 806 1510 826 ut
1523 801 1574 835 ipsi
1586 809 1620 827 ex
1630 808 1658 825 se
1671 801 1723 826 nati
1735 808 1796 825 esse
1806 799 1847 825 vi-

1056 836 1178 863 deantur.
1219 837 1338 863 Primum
1355 837 1532 871 Theophrasti
1551 838 1636 864 Strato
1656 836 1799 872 physicum
1818 844 1847 862 se

1057 874 1150 900 voluit.
1177 874 1205 900 ln
1216 882 1270 908 quo
1281 875 1331 900 etsi
1342 879 1382 900 est
1394 883 1516 910 magnus,
1530 879 1618 901 tamen
1630 883 1696 901 nova
1709 874 1845 909 pleraque,

1055 916 1081 937 et
1096 920 1226 946 perpauca
1243 911 1276 937 de
1292 911 1422 938 moribus.
1463 912 1548 938 lluius
1559 912 1629 947 Lyco
1644 916 1670 938 et
1681 912 1798 937 oratione
1810 910 1848 937 lo-

1055 950 1163 984 cuples,
1186 949 1266 975 rebus
1288 949 1355 983 ipsis
1376 950 1499 975 ieiunior.
1538 949 1692 975 Concinnus
1709 948 1807 975 deinde
1822 952 1849 973 et

1055 986 1164 1023 elegans
1176 985 1258 1012 huius
1269 987 1370 1012 Aristo:
1393 986 1440 1012 sed
1452 995 1495 1015 ea,
1508 994 1576 1021 quae
1587 985 1755 1012 desideratur
1765 994 1778 1011 a
1791 994 1848 1011 ma-

1055 1033 1108 1059 gno
1118 1023 1287 1059 philosopho,
1301 1024 1418 1059 gravitas
1430 1024 1456 1050 in
1467 1032 1498 1049 eo
1507 1032 1558 1049 non
1572 1023 1631 1049 tuit.
1667 1023 1770 1057 Scripta
1783 1031 1847 1048 sane

1055 1067 1081 1088 et
1092 1061 1174 1088 multa
1189 1066 1214 1087 et
1230 1060 1324 1095 polita:
1341 1060 1388 1087 sed
1405 1062 1494 1087 nescio
1509 1069 1563 1095 quo
1578 1065 1654 1095 pacto
1665 1061 1847 1086 auctoritatem

1055 1099 1137 1125 oratio
1153 1107 1204 1125 non
1225 1098 1314 1124 habet.
1357 1099 1395 1124 it.
1418 1098 1554 1124 Praetereo
1569 1097 1681 1127 multos,
1698 1099 1724 1123 in
1742 1097 1784 1123 his
1800 1097 1848 1123 ‹lo-

1054 1141 1127 1162 ctum
1143 1136 1278 1162 hominem
1293 1140 1319 1161 et
1333 1143 1458 1165 suavem,
1477 1135 1681 1171 Hieronymum:
1699 1143 1780 1169 quem
1795 1135 1847 1160 iam

1055 1182 1102 1199 cur
1112 1173 1318 1208 Peripateticum
1330 1172 1472 1207 appellem,
1486 1173 1586 1198 nescio.
1621 1171 1763 1198 Summum
1775 1173 1847 1198 enim

1056 1211 1156 1237 bonum
1173 1210 1297 1245 exposuit
1312 1210 1472 1236 vacuitatem
1489 1209 1598 1235 doloris.
1637 1208 1689 1241 Qui
1708 1214 1795 1235 autem
1814 1209 1847 1235 de

1054 1256 1162 1274 summo
1177 1247 1245 1274 bono
1261 1247 1399 1277 dissentit,
1422 1246 1455 1273 dc
1475 1251 1525 1273 tota
1542 1245 1728 1281 philosophiae
1748 1247 1848 1272 ratione

1054 1285 1189 1311 dissentit.
1229 1283 1361 1311 Critolaus
1376 1284 1474 1310 imitari
1490 1285 1614 1319 antiquos
1631 1283 1728 1310 voluit:
1751 1284 1849 1318 etqui-

1055 1322 1116 1349 dem
1128 1327 1168 1348 est
1177 1322 1308 1358 gravitate
1320 1322 1473 1356 proximus,
1492 1326 1516 1347 et
1528 1320 1658 1347 redundat
1669 1321 1761 1347 oratio.
1802 1321 1848 1347 At-

1055 1365 1142 1386 tamen
1159 1360 1182 1385 is
1197 1359 1309 1393 quidem
1325 1360 1352 1384 in
1364 1359 1458 1393 patriis
1470 1358 1599 1385 institutis
1614 1363 1711 1384 manet.
1751 1357 1849 1384 Diodo-

1056 1406 1114 1427 rus,
1128 1398 1187 1423 eius
1198 1395 1315 1426 auditor,
1333 1396 1457 1431 adiungit
1467 1395 1500 1421 ad
1511 1396 1676 1422 honestatem
1688 1395 1848 1421 vacuitatem

1056 1434 1165 1461 doloris.
1206 1434 1254 1459 Hic
1269 1441 1377 1468 quoque
1392 1441 1460 1459 suus
1475 1437 1528 1460 est:
1551 1432 1584 1459 de
1598 1440 1759 1467 summoque
1779 1432 1849 1458 bono

1055 1472 1232 1502 dissentiens,
1250 1470 1304 1497 dici
1320 1479 1380 1497 vere
1391 1471 1583 1505 Peripateticus
1595 1478 1646 1496 non
1658 1474 1753 1505 potest.
1793 1470 1850 1496 An-

1056 1510 1192 1544 tiquorum
1204 1512 1292 1535 autem
1304 1508 1463 1534 sententiam
1469 1507 1617 1534 Antiochus
1628 1511 1718 1534 noster
1728 1506 1795 1533 mihi
1807 1507 1849 1533 vi-

1055 1546 1134 1573 detur
1143 1546 1270 1581 persequi
1281 1545 1504 1580 diligentissime:
1519 1553 1601 1580 quam
1613 1544 1735 1571 eamdem
1747 1544 1849 1570 Aristo-

1055 1583 1116 1610 telis
1128 1583 1212 1610 fuisse
1223 1588 1249 1609 et
1258 1582 1410 1609 Polemonis
1423 1582 1509 1609 docet.
1549 1582 1592 1608 vt.
1617 1583 1656 1608 ⁴5.
1678 1581 1751 1608 Facit
1767 1581 1850 1616 igitur

1057 1621 1156 1648 Lucius
1172 1625 1261 1647 noster
1275 1619 1433 1654 prudenter,
1450 1621 1498 1654 qui
1513 1618 1606 1645 audire
1616 1618 1650 1645 de
1661 1626 1768 1645 summo
1779 1618 1849 1644 hono

1055 1659 1227 1693 potissimum
1244 1657 1318 1684 velit.
1358 1657 1411 1684 Hoc
1433 1657 1506 1683 enim
1526 1657 1670 1682 constituto
1686 1656 1713 1682 in
1728 1655 1850 1690 philoso-

1055 1696 1132 1730 phia,
1155 1694 1298 1722 constituta
1311 1699 1374 1721 sunt
1388 1694 1488 1721 omnia.
1527 1694 1595 1719 Nam
1612 1693 1707 1719 ceteris
1722 1693 1749 1719 in
1767 1692 1848 1718 rebus

1054 1733 1113 1759 sive
1131 1732 1364 1767 praetermissum,
1387 1731 1445 1757 sive
1466 1731 1617 1766 ignoratum
1638 1735 1678 1756 est
1695 1730 1846 1765 quippiam,

1055 1778 1107 1796 non
1119 1769 1181 1804 plus
1193 1768 1356 1796 incommodi
1367 1773 1415 1798 est,
1423 1776 1505 1803 quam
1515 1768 1609 1803 quanti
1620 1775 1744 1802 quaeque
1755 1775 1848 1793 earum

1055 1815 1144 1833 rerum
1155 1811 1203 1837 est,
1213 1807 1240 1833 in
1249 1806 1352 1841 quibus
1363 1805 1514 1841 neglectum
1525 1810 1565 1831 est
1575 1804 1688 1839 aliquid.
1704 1804 1849 1831 Summum

1055 1848 1145 1870 autem
1156 1844 1256 1870 bonum
1268 1844 1291 1869 si
1303 1844 1452 1879 ignoretur,
1467 1842 1578 1869 vivendi
1589 1842 1717 1868 rationem
1731 1841 1848 1877 ignorari

1055 1889 1164 1908 necesse
1181 1886 1231 1907 est.
1271 1881 1312 1907 Ex
1331 1889 1385 1915 quo
1405 1884 1494 1906 tantus
1512 1887 1584 1906 error
1598 1879 1785 1914 consequitur,
1798 1883 1846 1942 (pt,

1819 1924 1849 1942 ⁰-

1055 1994 1090 2020 sit
1101 1998 1126 2020 et
1138 1993 1268 2019 bonorum
1279 1997 1430 2019 extremum
1440 1996 1466 2018 et
1480 1990 1627 2022 malorum,
1644 1991 1751 2017 inventa
1767 1995 1793 2017 et
1806 1990 1848 2017 vi—

1056 2036 1096 2057 tae
1108 2031 1151 2057 via
1163 2035 1203 2057 est
1213 2029 1441 2064 conformatioque
1451 2029 1574 2055 omnium
1584 2027 1746 2055 officiorum.

1114 2069 1152 2094 16,
1174 2068 1221 2094 Est
1232 2068 1323 2103 igitur,
1339 2075 1393 2102 quo
1403 2066 1530 2101 quodque
1542 2065 1684 2092 referatur:
1700 2073 1734 2091 ex
1743 2072 1806 2100 quo,
1819 2063 1847 2090 id

1055 2104 1128 2140 quod
1138 2113 1231 2131 omnes
1245 2109 1387 2139 expetunt,
1409 2104 1485 2130 beate
1496 2103 1608 2129 vivendi
1619 2103 1685 2129 ratio
1696 2102 1811 2128 inveniri
1822 2106 1849 2127 et

1055 2143 1203 2177 comparari
1217 2146 1312 2176 potest.
1351 2141 1428 2174 Quod
1443 2141 1572 2176 quoniam
1583 2140 1611 2166 in
1621 2148 1675 2175 quo
1685 2140 1733 2170 sit,
1751 2146 1847 2174 magna

1055 2179 1190 2206 dissensio
1204 2184 1256 2211 est3
1275 2178 1421 2206 Carneadia
1433 2178 1511 2205 nobis
1521 2177 1674 2204 adhibenda
1685 2176 1785 2203 divisio
1795 2180 1844 2206 est,

1054 2225 1107 2252 qua
1129 2221 1218 2243 noster
1231 2216 1380 2243 Antiochus
1397 2215 1511 2242 libenter
1530 2215 1570 2241 uti
1585 2214 1661 2241 solet.
1702 2213 1748 2239 llle
1763 2213 1847 2249 igitur

1055 2254 1136 2285 vidit,
1160 2262 1212 2280 non
1228 2253 1306 2280 modo
1321 2258 1385 2288 quot
1400 2252 1515 2279 fuissent
1525 2252 1614 2278 adhuc
1624 2250 1846 2286 philosophorum

1054 2291 1087 2317 de
1098 2299 1204 2318 summo
1215 2291 1293 2321 bono,
1301 2290 1349 2317 sed
1358 2295 1423 2325 quot
1432 2291 1541 2317 omnino
1551 2297 1610 2315 esse
1620 2292 1729 2324 possent
1738 2291 1846 2313 senten—

1054 2329 1116 2354 tiae.
1149 2328 1270 2364 Negabat
1281 2328 1364 2364 igitur
1373 2327 1457 2354 ullam
1469 2335 1528 2353 esse
1538 2331 1630 2356 artem,
1643 2333 1712 2360 quae
1722 2325 1781 2359 ipsa
1792 2333 1806 2350 a
1816 2332 1845 2350 se

1054 2365 1276 2400 proficisceretur.
1314 2365 1420 2391 Etenim
1430 2372 1537 2399 semper
1546 2362 1614 2389 illud
1625 2367 1698 2389 extra
1708 2366 1756 2391 est,
1772 2360 1846 2396 quod

1054 2407 1108 2429 arte
1127 2402 1372 2441 comprehenditur.
1412 2401 1486 2428 Nihil
1504 2409 1573 2435 opus
1593 2404 1633 2426 est
1647 2398 1780 2433 exemplis
1796 2398 1846 2424 hoc

1054 2439 1139 2467 facere
1152 2440 1269 2476 longius.
1308 2440 1357 2466 Est
1365 2439 1438 2465 enim
1448 2438 1632 2473 perspicuum,
1648 2435 1750 2462 nullam
1762 2440 1845 2462 artem

1053 2478 1141 2512 ipsam
1153 2479 1179 2504 in
1190 2485 1218 2503 se
1231 2476 1396 2507 versari,sed
1406 2484 1464 2502 esse
1475 2474 1549 2501 aliud
1559 2478 1642 2501 artem
1652 2473 1750 2508 ipsam,
1758 2471 1842 2503 aliud,

1052 2515 1125 2549 quod
1135 2514 1303 2550 propositum
1313 2515 1350 2540 sit
1359 2513 1419 2539 arti.
1444 2512 1576 2544 Quoniam
1587 2511 1678 2546 igitur,
1692 2514 1722 2536 ut
1732 2509 1846 2536 medici-

1053 2560 1086 2578 na
1101 2551 1278 2582 valetudinis,
1296 2550 1476 2586 navigationis
1489 2548 1662 2585 gubernatio,
1678 2547 1718 2572 sic
1733 2545 1845 2573 vivendi

1052 2597 1094 2615 ars
1105 2594 1146 2615 est
1160 2588 1316 2624 prudentia:
1333 2595 1442 2614 necesse
1456 2591 1496 2613 est
1510 2594 1569 2612 eam
1583 2592 1691 2620 quoque
1705 2584 1739 2610 ab
1753 2583 1844 2618 aliqua

1052 2634 1079 2652 re
1090 2634 1150 2652 esse
1160 2625 1331 2652 constitutam
1342 2629 1369 2651 et
1377 2623 1533 2659 profectam.
1566 2623 1605 2648 Π.
1620 2622 1745 2649 Constitit
1754 2625 1843 2647 autem

1052 2662 1107 2690 fere
1118 2663 1187 2690 inter
1196 2670 1303 2694 omnes,
1320 2661 1362 2694 id,
1379 2661 1407 2688 in
1420 2669 1474 2696 quo
1484 2659 1627 2697 prudentia
1638 2662 1801 2689 versaretur,
1818 2661 1846 2684 et
