1941 3052
212 116 273 141 ¹⁰⁸3
777 114 831 138 119.
865 112 899 138 M.

207 194 235 209 sn
247 193 297 210 nnn
312 184 380 209 iila-m
395 183 480 209 vida-nt
492 182 998 217 runnu-cuturn,qnmlalium,antulium
1018 183 1028 191 '¹

209 221 288 248 idem,
298 221 368 255 qnod
378 231 417 244 ,ιν
432 226 530 245 nictum
540 229 600 245 vero
612 220 634 244 si
646 221 708 253 quis
719 218 997 249 aristiilisse1.‹mun·m

209 259 276 284 vitiu·
288 258 453 290 diligentium
467 256 598 282 sublatam
613 256 678 287 [ιιι-υς
693 265 761 291 qua(-
773 265 878 282 summa
890 262 959 283 esset
973 258 997 284 in
1019 275 1020 278 =

207 296 255 323 νὴ,
269 297 315 330 qni
329 295 413 326 lege-⁴,
427 295 472 327 qni
486 294 669 325 riizigistrzitiis,
685 294 732 327 qui
745 298 937 328 paupertatem,
951 295 998 329 qui

208 332 446 368 igrmrnininiu.qui
459 330 763 365 111‹‚ri«··n,‹pii‹tolon-m
776 331 908 357 timerent.
931 332 999 357 nac-c

208 374 293 394 tuine-n
309 368 689 401 itn‹lisputarit‚111resecanda
703 377 761 393 esse
773 367 912 398 tati-antur.
925 368 999 394 evel-

209 406 224 431 li
238 407 344 440 penitus
355 405 443 430 ‹lit-ant
456 414 502 430 net·
515 413 592 439 possi·
604 414 652 430 ιιι-ο
662 413 731 439 opus
742 413 814 430 csse:
833 410 860 431 ut
875 406 899 431 in
911 406 999 432 omni-
1020 405 1027 415 '¹

208 443 257 468 hus
279 442 331 468 feri·
354 442 433 467 relius
455 442 664 468 mediocritatem
683 451 742 467 esse
760 443 888 476 optimam
905 443 999 469 existi-

208 484 286 505 nwnt.
327 480 400 510 Quae
415 487 499 514 quum
516 484 666 513 exponunt,
685 479 788 505 nihilne
801 479 849 505 tihi
864 480 997 511 videntur,

205 527 236 542 nn
249 516 351 550 aliquid
364 515 471 542 ‹lim-re?
482 517 511 542 A.
527 516 591 542 Mitti
605 526 666 543 vcro
677 516 766 542 dicere
778 516 895 552 uliquid;
911 518 999 552 itaque

205 558 337 587 exspes-tn.
351 554 416 587 qnid
430 554 461 579 ad
475 555 534 580 ista.

260 590 331 616 ΧΧΙ.
355 591 395 616 Π.
419 591 453 617 Μ,
473 591 609 625 ltepcriam
628 590 751 617 sortasse:
775 591 821 617 sed
845 591 910 617 illud
927 596 996 618 ante.

205 627 332 657 videsne,
347 632 445 662 quanm
459 627 537 654 sin-rit
549 628 620 662 apud
634 628 806 654 Academicos
819 628 1000 654 verecundia?

205 665 283 690 l'lane
297 665 369 690 enini
381 665 483 695 dicunt,
497 665 569 700 qnod
581 665 613 691 ud
626 675 680 691 rem
694 666 832 700 pertineat.
865 666 999 701 Peripate-

205 703 263 728 ticis
276 702 452 737 respondetur
465 712 479 728 a
491 702 598 729 Stoicis.
640 703 824 738 Diglmlientur
840 703 879 729 illi
896 712 942 738 per
957 712 998 729 me

205 739 278 765 lit-ct:
295 740 339 765 cui
352 740 418 766 nihil
432 745 471 766 cst
484 749 600 770 neeesse,
611 741 672 769 nisi,
683 740 769 766 ubisit
781 740 938 775 illud,quod
953 749 999 767 ve-

203 778 224 802 ri
237 777 408 803 simillimum
421 777 556 808 videatur,
575 778 726 812 anquirere.

202 888 229 914 di
242 898 292 915 non
306 889 408 923 potest?
428 890 551 915 Detinitio
563 889 783 924 perturbationis:
806 898 858 924 qua
872 894 940 915 recte
951 890 999 915 Ze-

203 935 299 952 nonem
316 935 395 952 usum
411 932 483 962 puto.
526 927 560 953 lta
576 927 647 953 enim
663 927 770 956 definit.
789 932 817 952 ut
835 926 998 961 perturbatio

202 964 237 989 sit
252 973 344 989 aversa
360 973 373 990 u
392 965 490 990 ratione
505 969 594 990 contra
613 968 733 990 naturam
748 964 832 990 animi
844 965 996 995 commotio.

203 1000 244 1026 vel
257 1001 376 1032 brevius,
391 1007 418 1027 ut
432 1001 594 1036 perturbatio
606 1002 640 1027 sit
651 1001 786 1036 appetitus
798 1001 995 1028 veliementior:

203 1038 387 1065 vehementior
397 1044 485 1065 autem
498 1038 663 1074 intelligatur
679 1039 714 1067 is.
732 1039 779 1073 qni
795 1038 886 1072 procul
904 1039 997 1065 absita

203 1081 311 1102 naturae
322 1077 479 1102 constantia.
507 1077 546 1102 ta.
568 1075 639 1108 Quid
651 1075 683 1101 ad
697 1076 744 1101 has
755 1075 924 1102 ‹lotiniiiones
936 1084 998 1111 pos-
1026 1084 1027 1091 ¹

201 1113 253 1138 sim
265 1113 372 1139 dicere?
392 1114 473 1148 Atqui
489 1113 554 1140 haec
566 1113 692 1148 pleraque
704 1118 767 1139 sunt
778 1113 924 1147 prudenter
934 1122 998 1139 acu-

202 1155 282 1185 teque
297 1150 499 1177 disserentium.

201 1195 243 1221 pn,
257 1190 364 1214 ardores
374 1190 516 1214 animorum
529 1193 643 1221 cotesque
659 1190 789 1214 virtutum.
830 1188 870 1214 An
883 1196 946 1214 vero
958 1188 998 1213 vir

201 1224 285 1256 fortis.
299 1226 351 1251 nisi
363 1225 522 1251 stomachari
535 1225 660 1260 coeperit,
674 1233 726 1250 non
738 1229 824 1259 potest
836 1224 910 1252 sortis
921 1223 999 1251 esse‘?

201 1262 385 1289 Gladiatorum
400 1262 427 1288 id
442 1262 563 1297 quidem.
604 1262 774 1296 Quamquam
786 1263 812 1288 in
824 1263 864 1288 eis
877 1263 943 1297 ipsis
955 1262 998 1288 vi-

200 1299 296 1325 demus
319 1308 398 1334 saepe
423 1300 609 1326 constantiam.

200 1375 233 1403 ti,
247 1382 328 1409 quam
344 1375 403 1400 irati
415 1382 473 1400 esse
486 1374 636 1400 videantur.
677 1373 730 1400 Sed
745 1374 772 1400 in
788 1374 834 1401 illo
849 1383 946 1410 genere
963 1375 998 1400 sit

199 1420 263 1437 sane
281 1411 455 1438 Pacideianus
467 1411 567 1447 aliquis
582 1411 632 1438 hoc
647 1411 751 1442 animo,
770 1416 799 1438 ut
815 1417 903 1439 narrat
916 1412 998 1439 Luci-

201 1447 262 1479 lius,

238 1486 360 1513 Occidam
370 1487 443 1512 illum
453 1488 568 1520 equidem
578 1490 600 1512 el
611 1488 725 1516 vincam,
737 1488 761 1512 si
772 1488 798 1512 id
809 1489 942 1520 qnaeritis,
955 1489 997 1513 ιἰι-

608 1525 673 1557 quit.

242 1560 331 1586 Verum
340 1561 406 1586 illud
416 1562 491 1586 credo
499 1563 554 1594 {ore
561 1570 569 1585 .·
584 1563 610 1587 in
621 1569 648 1586 os
657 1562 732 1593 prius
741 1563 868 1594 accipiam
878 1563 940 1594 ipse,

236 1606 312 1630 quum
323 1599 437 1630 qladium
448 1600 474 1623 in
484 1599 621 1628 stomacho,
633 1606 706 1628 sura,
720 1606 751 1624 ac
760 1599 915 1631 pulmonibu'
926 1600 996 1624 sisto.

237 1635 287 1659 Odi
297 1637 434 1661 hominem:
447 1638 530 1661 iratus
539 1644 639 1669 puqno:
650 1643 695 1661 nec
706 1636 800 1669 lonqiu'
810 1637 951 1669 quidquam

237 1673 316 1699 nobis.
330 1680 406 1705 quam
417 1674 525 1698 dertrac
535 1674 649 1705 qladium
659 1674 719 1698 dum
730 1675 899 1699 accommodet
908 1674 988 1699 alter:

238 1717 315 1742 usqne
325 1711 388 1735 adeo
398 1711 483 1735 studio
493 1714 569 1743 alque
580 1711 638 1735 odIo
648 1711 720 1735 illius
730 1712 828 1743 ecferor
841 1712 890 1735 iru.

200 1745 285 1771 XXll.
308 1747 349 1772 49.
371 1748 404 1772 At
417 1747 476 1772 sine
487 1746 537 1772 hac
547 1746 706 1781 gladiatoria
717 1747 857 1773 iracundia
871 1746 997 1773 videmus
1018 1776 1019 1784 ἵ

200 1782 413 1818 progredientem
425 1783 496 1818 apud
507 1784 652 1810 Homerum
663 1784 772 1810 Aiacem
787 1784 870 1810 multa
879 1792 943 1810 cum
955 1783 998 1809 hi·
1018 1810 1019 1819 ,

201 1819 316 1850 laritate,
334 1829 419 1855 quum
435 1821 639 1856 depugnaturus
653 1826 724 1847 esset
733 1829 796 1847 cum
809 1822 931 1847 Hectore:
949 1829 998 1847 cu-

200 1857 252 1887 ius,
262 1861 290 1883 ut
300 1866 372 1883 arma
383 1858 509 1892 sumpsit,
523 1858 655 1893 ingressio
667 1857 794 1884 laetitiam
805 1858 894 1884 attulit
904 1858 995 1888 sociis,

200 1898 325 1920 terrorem
337 1899 426 1921 antem
437 1895 576 1921 hostibus:
593 1899 622 1921 ut
633 1895 723 1929 ipsum
736 1896 872 1921 llectorem
882 1916 888 1926 ‚
901 1903 998 1930 quem-

200 1930 346 1957 admodum
357 1936 396 1958 est
407 1931 479 1966 apud
493 1932 645 1961 uomerum.
659 1936 712 1958 toto
723 1937 828 1967 pectore
840 1937 997 1958 trementem

200 1976 359 2001 provocasse
371 1968 403 1994 ad
420 1977 538 2004 pugnam
554 1969 710 2003 poeniteret.

200 2005 255 2031 cuti
268 2005 336 2031 inter
346 2014 374 2031 se
383 2026 389 2036 ,
406 2006 565 2040 priusquam
581 2014 690 2032 manum
701 2011 884 2036 consererent.
903 2006 997 2033 leniter

200 2046 226 2068 et
237 2042 340 2076 quiete,
355 2042 423 2068 nihil
435 2051 468 2069 ne
480 2043 507 2069 in
519 2043 577 2077 ipsa
589 2043 700 2078 quidem
712 2052 802 2079 pugna
814 2044 942 2071 iracunde
954 2054 997 2072 ra-

200 2079 310 2105 bioseve
323 2079 451 2106 fecerunt.
492 2080 548 2115 Ego
559 2089 592 2106 ne
603 2081 767 2115 Torquatum
779 2081 890 2116 quidem
905 2081 993 2114 illum,

200 2117 248 2151 qui
261 2116 309 2143 hoc
320 2125 467 2152 cognomen
478 2117 594 2147 invenit.
609 2118 705 2144 iratum
717 2119 843 2145 existimo
855 2119 931 2145 Gallo
943 2124 997 2147 tor-

199 2161 281 2188 quem
288 2153 450 2180 detraxisse:
465 2154 673 2181 necMarcellum
684 2156 756 2190 apud
763 2156 923 2183 Clastidium
936 2157 996 2184 ideo

200 2190 294 2217 sortem
317 2190 414 2222 tuisse,
436 2192 500 2226 quia
521 2191 601 2218 suerit
621 2193 715 2220 iratus.
755 2195 796 2220 50.
819 2194 854 2220 De
870 2193 995 2221 Africano

199 2228 325 2263 quidem,
342 2229 406 2263 quia
422 2229 507 2255 notior
521 2234 561 2255 est
576 2229 653 2256 nobis
668 2235 776 2265 propter
791 2236 925 2258 recentem
939 2240 996 2258 me-

200 2265 326 2296 moriam,
340 2265 381 2291 vel
395 2266 482 2292 iurare
493 2275 618 2300 possum,
632 2275 684 2294 non
696 2267 774 2294 illum
786 2268 925 2295 iracundia
938 2274 994 2296 tum

200 2301 393 2329 inflammatum
406 2302 503 2333 fuisse,
519 2311 605 2338 quum
620 2304 646 2330 in
658 2306 714 2331 acie
726 2305 761 2331 M.
775 2305 910 2332 Allienum
925 2306 996 2333 Peli—

198 2347 283 2374 gnum
294 2345 370 2366 scuto
381 2341 526 2374 protexerit
536 2340 714 2377 gladiumque
726 2342 796 2369 hosti
808 2343 835 2369 in
846 2348 941 2378 pectus
952 2344 996 2370 in—
1016 2351 1025 2363 ι’

338 2378 373 2403 De
391 2378 419 2403 L.
436 2377 516 2403 Bruto
533 2378 642 2405 tortasse
658 2379 819 2411 dubitarim,
837 2389 870 2406 an
886 2386 995 2416 propter
1016 2378 1017 2382 ¹

200 2376 297 2403 fixerit.

200 2413 334 2440 infinitum
350 2414 443 2440 odium
454 2416 559 2450 tyranni
571 2415 724 2442 effrenatius
736 2417 762 2442 in
774 2417 904 2444 Aruntem
917 2419 995 2444 inva-

199 2451 272 2476 serit.
313 2451 396 2478 Video
412 2453 485 2478 enim
501 2457 647 2487 utrumque
662 2454 786 2480 cominus
798 2455 851 2480 ictu
862 2455 994 2481 cecidisse

199 2488 338 2513 contrario.
379 2488 450 2520 Quid
462 2489 545 2524 igitur
556 2489 609 2515 huo
620 2489 755 2517 adhibetis
767 2491 852 2517 iram‘?
866 2492 907 2518 An
918 2491 995 2519 forti-

200 2523 272 2553 tudo,
287 2525 338 2550 nisi
351 2525 468 2552 insanire
481 2527 611 2561 coeperit,
625 2527 743 2562 impetus
755 2536 818 2554 suos
832 2537 885 2555 non
897 2529 995 2556 habet‘?

199 2559 289 2591 Quid?
300 2561 448 2594 Herculem,
461 2571 542 2598 quem
554 2564 582 2590 in
593 2563 698 2591 caelum
710 2565 759 2590 ista
771 2566 838 2600 ipsa,
852 2575 934 2600 quam
945 2575 994 2593 vos

200 2597 366 2624 iracundiam
381 2607 440 2625 esse
454 2600 551 2631 vultis,
569 2601 679 2628 sustulit
696 2601 836 2633 fortitudo,
859 2603 994 2630 iratumne

199 2641 293 2660 censes
302 2634 455 2662 conflixisse
465 2645 527 2664 cum
537 2638 712 2673 Erymanthio
723 2648 787 2675 apro
798 2644 844 2666 aut
854 2639 929 2667 leone
940 2641 994 2667 Ne-

766 777 837 810 Quid
853 783 894 804 est
906 778 996 813 igitur,
1019 798 1021 808 ,

203 814 274 849 quud
291 819 411 840 occurrat
427 815 452 841 in
469 815 517 840 hac
533 816 702 849 quaestione,
726 823 780 849 quo
799 816 884 849 possit
904 815 998 850 attingi
1019 839 1021 848 ,

202 851 306 887 aliquid
319 852 475 882 verisimile,
488 860 542 886 quo
555 851 660 885 longius
673 861 748 878 mens
762 852 877 878 humana
891 861 999 887 progrc-
1018 880 1020 890 ⁴

541 1151 586 1176 Illa
603 1150 714 1185 quidem
727 1158 760 1176 ex
772 1150 907 1177 rhetorum
920 1159 998 1185 pom-
1019 1182 1020 1185 Ἴ

650 1298 859 1334 Colloquuntur,
884 1308 998 1335 congre-
1018 1321 1020 1329 .

200 1336 320 1367 (liuntur,
334 1336 605 1372 queruntur-,aliquid
616 1335 798 1371 postulant,ut
809 1337 896 1373 magis
907 1337 998 1372 placa-
1018 1342 1020 1347 '

753 1971 838 2004 Atque
854 1970 897 2001 hi,
915 1969 998 1996 collo·
1018 1973 1026 1990 l*

934 112 964 138 Τ.
995 112 1269 140 Ct(:t·:1«‘)NtS

1051 184 1159 210 mem-0?
1179 184 1217 210 An
1238 185 1317 210 etiarn
1338 184 1457 210 These-un
1478 186 1634 212 Marnttmnii
1656 187 1723 212 tauri
1744 195 1842 213 cornua

1049 221 1252 255 cmnprehendit
1270 221 1370 247 iratus?
1391 222 1469 252 Vide.
1487 232 1520 249 nc
1535 223 1662 249 fortitu-10
1681 224 1792 250 minime
1810 226 1844 250 sit

1051 259 1168 287 rabiosa,
1187 259 1275 292 sitque
1289 259 1424 285 iracundia
1437 264 1488 286 tota
1501 260 1625 286 levitatis.
1668 261 1759 296 Neque
1770 262 1842 287 enim

1050 300 1090 321 est
1103 295 1146 321 illa
1159 294 1293 321 fortitudo,
1307 304 1376 330 qnae
1389 297 1498 322 rationis
1509 303 1548 323 cst
1559 306 1665 332 expers.

1108 332 1202 358 xxm.
1222 334 1263 358 ljt,
1285 333 1500 359 ‹:‹mu·mn··n‹tae
1512 343 1553 360 res
1565 340 1626 361 sunt
1638 335 1784 361 humanae:
1798 343 1845 360 ne-

1051 369 1177 404 gligenda
1195 378 1264 395 innrs
1279 375 1332 396 est:
1353 370 1479 405 patibiles
1488 376 1513 397 et
1524 371 1628 398 dolores
1639 377 1664 398 ct
1676 372 1779 398 labores
1795 380 1845 406 pu-

1052 406 1134 433 tandi.
1176 407 1244 432 llaec
1255 415 1339 441 quum
1351 408 1492 434 constituta
1505 414 1567 434 sunt
1579 408 1679 435 indicio
1690 414 1769 444 atquc
1784 417 1846 435 sen-

1026 437 1027 474 ]
1051 445 1145 474 tentia.
1164 449 1219 470 tum
1237 449 1276 470 cst
1291 444 1398 470 robusta
1416 444 1461 470 illa
1476 450 1501 471 et
1512 445 1617 472 stabilis
1629 445 1768 472 fortitudo:
1793 446 1845 472 nisi

1026 510 1027 515 ¹
1052 480 1125 510 sorte,
1139 489 1207 515 quae
1221 481 1400 510 vehementer„
1410 483 1641 512 a‹·riter.aniinusc
1653 483 1728 512 tiunt.
1739 483 1845 509 iracun-

1026 533 1027 542 l
1050 518 1083 543 ‹le
1096 519 1152 544 tieri
1164 519 1345 553 suspicamur.
1367 519 1433 545 Mihi
1446 520 1573 554 ncScipio
1585 519 1695 554 quidem
1709 520 1762 549 itte,
1779 529 1846 555 pon-

1018 561 1027 603 ι
1051 555 1116 581 tifex
1129 557 1277 585 maximus.
1295 557 1342 590 qni
1359 556 1407 582 hoc
1418 556 1566 583 Stoicorum
1583 566 1675 583 verum
1686 566 1745 583 esse
1755 557 1846 583 decla-

1051 593 1132 622 ravit.
1152 602 1299 628 numquam
1313 594 1446 627 privatum
1458 602 1516 620 esse
1528 594 1690 629 sapientem.
1710 595 1792 620 iratus
1805 594 1846 620 vi·

1026 631 1027 668 l
1050 629 1128 655 detur
1145 630 1228 656 l'uisse
1244 631 1284 656 Ti.
1299 631 1432 660 Graccho.
1450 636 1520 661 tum,
1535 640 1620 666 quum
1635 631 1773 657 consulem
1789 630 1846 657 lan-

1026 686 1027 691 .
1050 673 1175 700 guentcm
1191 667 1299 702 reliquit
1311 673 1391 703 atque
1403 669 1460 702 ipse
1471 669 1606 703 privatus.
1623 673 1652 695 ut
1663 669 1685 694 si
1697 668 1790 695 consul
1802 677 1846 694 es·

1026 715 1027 722 ι
1050 709 1098 734 set,
1111 705 1157 739 qui
1171 705 1366 740 rempublicam
1378 705 1480 731 salvam
1491 714 1550 732 esse
1562 705 1687 735 vellet,se
1699 706 1776 741 sequi
1789 706 1846 732 ius-

1050 742 1094 767 sit.
1129 743 1167 768 532.
1191 742 1299 772 Nescio.
1315 742 1412 777 ecquid
1429 743 1481 777 ipsi
1494 752 1541 769 nos
1555 742 1657 769 fortiter
1668 744 1694 769 in
1707 742 1844 777 republica

1018 761 1028 825 ‘i
1052 778 1205 806 fecerimus.
1245 780 1351 815 Siquid
1366 779 1488 809 fet-imus.
1502 785 1572 807 certe
1585 781 1642 806 irati
1655 789 1706 806 non
1720 779 1843 806 fecimus.

1051 816 1089 842 An
1102 822 1141 842 est
1152 816 1301 851 quidquam
1314 817 1432 843 similius
1445 818 1576 847 insaniae,
1594 825 1676 852 quam
1689 816 1744 843 ira‘?
1763 825 1844 852 quam

1052 853 1118 879 bene
1133 854 1236 880 Ennius
1248 857 1348 880 initium
1360 854 1429 880 dixit
1441 858 1566 881 insaniae.
1589 854 1674 881 Color.
1689 863 1749 884 vox.
1762 853 1843 881 oculi.

1026 889 1027 894 ¹
1050 891 1175 925 spiritus.
1200 892 1354 926 impotentia
1372 891 1504 918 dictorum
1519 897 1598 927 atque
1615 891 1742 918 sactorum
1763 899 1845 927 quam

1051 933 1151 962 partem
1169 928 1267 955 hahent
1283 928 1423 955 sanitatis?
1443 929 1512 961 Quid
1525 928 1628 955 Achille
1641 929 1779 955 llomerico
1791 928 1846 954 foe-

1050 965 1130 991 dius‘?
1140 966 1206 1000 quid
1219 966 1418 1001 Agamemnone
1430 967 1456 992 in
1470 966 1575 1002 iurgio‘?
1586 967 1652 992 Nam
1665 967 1772 992 Aiacem
1783 966 1847 1000 qui·

1026 1014 1027 1018 ¹
1049 1002 1110 1028 dem
1124 1003 1160 1029 ira
1172 1003 1204 1028 ad
1218 1003 1333 1029 furorem
1346 1008 1511 1038 mortemque
1526 1003 1662 1038 perduxit.
1694 1004 1750 1029 Non
1765 1004 1847 1038 igitur

1026 1063 1027 1069 ,
1050 1039 1185 1066 desiderat
1202 1039 1328 1067 tortitudo
1339 1040 1494 1067 advocatam
1506 1040 1684 1067 iracundiam.
1725 1040 1795 1066 Satis
1806 1044 1847 1066 est

1051 1077 1193 1107 instructa,
1213 1083 1316 1112 parata,
1334 1083 1432 1104 armata
1450 1087 1498 1112 per
1511 1087 1581 1104 sese.
1622 1078 1688 1104 Nam
1702 1078 1752 1103 isto
1768 1077 1846 1103 modo

1026 1114 1027 1155 l
1049 1115 1160 1148 quidem
1174 1114 1347 1145 licetdicere,
1366 1115 1459 1141 utilem
1475 1115 1649 1142 vinolentiam
1665 1114 1697 1140 ad
1711 1113 1847 1141 fortitudi-

1051 1160 1121 1182 nem.
1139 1151 1231 1178 utilem
1243 1153 1322 1178 etiam
1335 1151 1507 1183 dementiam,
1521 1152 1593 1187 quod
1605 1157 1630 1178 et
1641 1152 1729 1178 insani
1740 1156 1766 1178 et
1777 1151 1846 1178 ebrii

1019 1219 1021 1223 y
1051 1189 1133 1216 multa
1150 1189 1250 1216 faciunt
1261 1198 1341 1224 saepe
1353 1189 1552 1216 vehementius.
1592 1189 1703 1224 Semper
1714 1189 1781 1216 Aiax
1793 1188 1846 1215 sor—

1026 293 1028 318 l

1026 323 1028 349 l

1026 356 1027 370 l

1026 384 1028 404 l

1026 419 1027 435 l

1026 448 1027 463 l

1026 479 1028 493 i

1051 1227 1092 1257 tis,
1107 1226 1270 1253 fortissimus
1282 1232 1369 1253 tamen
1382 1227 1408 1253 in
1422 1226 1523 1253 furore:

1087 1265 1152 1290 Num
1162 1266 1265 1298 facinus
1274 1267 1333 1298 fecit
1345 1266 1500 1296 mdsimum,
1515 1273 1584 1295 cum,
1601 1264 1702 1290 Danais
1716 1264 1846 1290 inclinan-

1451 1303 1525 1332 tibus,

1085 1341 1209 1364 summam
1220 1347 1271 1364 rem
1284 1341 1389 1371 perfecit
1400 1347 1499 1369 manus,
1511 1347 1564 1365 rem
1575 1341 1684 1365 restituit
1697 1340 1837 1365 insontem.

1049 1375 1146 1402 XXIV.
1167 1377 1209 1401 53.
1233 1376 1359 1401 Dicamus
1371 1377 1454 1412 igitur
1463 1376 1558 1403 utilem
1571 1377 1714 1402 insaniam.
1754 1375 1846 1401 Tracta

1049 1412 1233 1439 definitionem
1256 1412 1435 1440 fortitudinis:
1457 1413 1607 1450 intelliges.
1630 1421 1688 1439 eam
1709 1412 1846 1439 stomacho

1050 1459 1101 1476 non
1125 1458 1213 1485 egere.
1258 1451 1396 1477 Fortitudo
1416 1456 1456 1478 est
1474 1451 1557 1487 igitur
1575 1450 1678 1477 affectio
1692 1450 1776 1476 animi
1793 1449 1846 1484 legi

1025 1478 1027 1507 ⁴«
1049 1495 1172 1514 summae
1184 1488 1210 1513 in
1223 1488 1406 1523 perpetiendis
1418 1489 1499 1515 rebus
1512 1488 1714 1523 obtemperans,
1729 1486 1770 1513 vel
1781 1495 1847 1513 con-

1026 1524 1027 1564 }
1049 1525 1164 1551 servatio
1175 1525 1281 1552 stabilis
1294 1525 1388 1552 iudicii
1400 1526 1427 1552 in
1439 1527 1479 1552 eis
1490 1526 1586 1557 rebus,
1608 1534 1678 1560 quae
1692 1523 1846 1551 formidolo-

1049 1570 1093 1588 sae
1110 1562 1250 1593 videntur,
1269 1562 1420 1589 subeundis
1435 1568 1461 1590 et
1476 1563 1653 1598 repellendis:
1677 1561 1719 1588 vet
1734 1561 1846 1588 scientia

1049 1608 1139 1626 rerum
1157 1599 1389 1627 formidolosarum
1404 1601 1653 1635 contrariarumque
1674 1598 1846 1634 perferenda—

1025 1852 1027 1867 Ι

1049 1646 1108 1663 rum
1125 1643 1170 1664 aut
1185 1638 1294 1664 omnino
1311 1637 1549 1673 negligendarum,
1571 1645 1734 1664 conservans
1753 1643 1845 1662 earum

1049 1683 1138 1701 rerum
1149 1675 1246 1702 stabile
1257 1674 1404 1706 iudicium
1424 1675 1465 1701 vel
1479 1675 1603 1704 brevius.
1621 1679 1650 1700 ut
1664 1673 1844 1708 Chrysippus.

1049 1712 1116 1738 Nam
1131 1712 1285 1747 superiores
1303 1711 1473 1738 definitiones
1488 1717 1563 1738 eraut
1576 1711 1704 1746 Sphaeri,
1729 1710 1846 1736 hominis

1049 1749 1076 1775 in
1088 1749 1184 1784 primis
1195 1749 1263 1776 bene
1275 1748 1439 1779 definientis,
1451 1754 1480 1775 ut
1490 1748 1684 1784 putantStoici:
1698 1751 1762 1774 sunt
1773 1747 1845 1773 euim

1048 1787 1158 1813 omnino
1169 1795 1262 1813 omnes
1277 1785 1330 1812 iere
1345 1786 1463 1819 similes,
1480 1786 1528 1812 sed
1541 1785 1677 1812 declarant
1687 1792 1846 1811 communes

1049 1824 1183 1854 notiones.
1200 1823 1251 1850 alia
1263 1823 1350 1859 magis
1361 1823 1422 1850 alia.
1462 1823 1521 1856 Quo
1532 1822 1611 1850 modo
1622 1823 1706 1858 igitur
1715 1821 1847 1858 Chrysip-

1025 1880 1027 1888 ,
1049 1859 1118 1895 pus‘?
1129 1861 1266 1887 Fortitudo
1277 1866 1326 1891 est,
1335 1861 1432 1896 inquit,
1448 1862 1561 1887 scientia
1572 1868 1661 1886 rerum
1673 1857 1847 1894 perferenda-

1049 1906 1122 1928 rum,
1145 1898 1187 1924 vel
1213 1898 1316 1924 affectio
1337 1899 1421 1924 animi
1442 1898 1469 1924 in
1489 1897 1616 1933 patiendo
1631 1906 1661 1924 ac
1676 1895 1843 1931 perferendo,

1048 1943 1171 1961 summae
1183 1935 1236 1971 legi
1247 1943 1344 1970 parens
1355 1936 1415 1962 sine
1426 1936 1531 1962 timore.
1557 1935 1689 1968 Quamvis
1701 1934 1762 1960 licet
1773 1934 1847 1960 inse-

1047 1977 1152 1998 ctemur
1161 1973 1235 2004 istos,
1244 1972 1428 1999 utCarneades
1440 1972 1555 1999 solebat:
1569 1978 1668 2003 metuo,
1677 1979 1710 1998 ne
1721 1970 1771 1997 soli
1781 1969 1846 2005 phi-

1018 2028 1019 2040 ,
1050 2009 1154 2044 losophi
1169 2011 1233 2036 sint.
1273 2009 1347 2042 Quae
1362 2010 1435 2036 enim
1451 2010 1564 2036 istarum
1584 2009 1773 2036 definitionum
1792 2015 1845 2034 uon

1048 2047 1133 2081 aperit
1149 2048 1283 2074 notionem
1300 2052 1432 2078 nostram,
1452 2055 1535 2082 quam
1551 2047 1684 2073 habemus
1702 2053 1796 2072 omnes
1811 2043 1845 2071 de

1049 2083 1214 2115 fortitudine,
1228 2089 1323 2111 tectam
1335 2089 1414 2120 atque
1426 2083 1595 2111 involutam?
1604 2092 1657 2120 qua
1669 2087 1769 2118 aperta,
1782 2082 1845 2117 quis

1018 2144 1019 2147 ,
1047 2126 1095 2149 est.
1104 2122 1153 2156 qui
1163 2126 1209 2148 aut
1220 2121 1341 2148 bellatori
1353 2126 1398 2148 aut
1409 2122 1563 2157 imperatori
1574 2126 1619 2148 aut
1628 2121 1725 2148 oratori
1735 2123 1846 2155 quaerat

1018 2144 1026 2187 l
1047 2158 1161 2194 aliquid,
1175 2167 1263 2194 neque
1274 2167 1319 2185 eos
1330 2159 1466 2185 existimet
1477 2159 1535 2185 sine
1546 2159 1620 2185 rabie
1629 2157 1780 2194 quidquam
1791 2155 1845 2182 for—

1017 2187 1025 2232 l
1048 2197 1108 2223 titer
1119 2196 1205 2222 facere
1216 2195 1314 2231 posse?
1343 2197 1385 2223 54.
1402 2195 1492 2228 Quid?
1503 2195 1599 2226 Stoici,
1612 2196 1661 2231 qui
1671 2202 1765 2222 omnes
1776 2193 1844 2220 insi-

1047 2234 1151 2268 pientes
1162 2234 1271 2260 insanos
1282 2241 1340 2259 esse
1352 2232 1456 2264 dicunt,
1469 2241 1557 2260 nonne
1568 2234 1618 2259 ista
1629 2229 1779 2267 colligunt?
1792 2230 1844 2256 Re-

1048 2279 1125 2297 move
1140 2270 1369 2306 perturbationes,
1392 2271 1565 2305 maximeque
1585 2269 1767 2296 iracundiam:
1789 2267 1843 2294 iam

1047 2307 1214 2334 videbuntur
1231 2312 1349 2334 monstra
1369 2306 1468 2334 dicere.
1507 2308 1586 2333 Nunc
1600 2311 1688 2333 autem
1705 2306 1740 2332 ita
1755 2303 1844 2330 disse-

1048 2350 1123 2376 runt,
1139 2346 1179 2371 sic
1193 2353 1222 2371 se
1237 2344 1340 2375 dicere,
1360 2353 1454 2371 omnes
1469 2343 1564 2370 stultos
1580 2343 1711 2373 insanire.
1729 2346 1758 2368 ut
1774 2340 1842 2368 male

1046 2382 1116 2408 olere
1137 2390 1216 2409 omne
1236 2390 1360 2408 coenum.
1401 2382 1434 2408 At
1454 2390 1506 2408 nou
1525 2389 1642 2415 semper.
1681 2379 1840 2406 Commove:

1016 2417 1025 2455 l*
1046 2420 1156 2446 senties.
1197 2419 1241 2445 Sic
1253 2418 1399 2445 iracundus
1410 2427 1462 2445 non
1473 2426 1580 2452 semper
1590 2418 1674 2443 iratus
1685 2421 1739 2443 est:
1757 2416 1843 2442 laces-

1016 2457 1024 2496 ll
1045 2465 1088 2482 se:
1106 2458 1160 2483 iam
1176 2456 1283 2483 videbis
1299 2455 1441 2482 furentem.
1481 2453 1571 2488 Quid?
1585 2454 1635 2480 ista
1651 2453 1778 2480 bellatrix
1788 2453 1843 2479 ira-

1016 2501 1024 2532 μ
1045 2493 1157 2525 cundia,
1179 2502 1266 2529 quum
1281 2492 1393 2520 domum
1407 2491 1500 2523 rediit,
1517 2490 1607 2527 quatis
1617 2495 1658 2517 est
1667 2499 1730 2517 cum
1741 2489 1843 2517 uxore?

1015 2517 1024 2579 ll
1045 2539 1107 2557 cum
1120 2529 1231 2557 liberis?
1245 2539 1308 2557 cum
1320 2528 1440 2557 familia?
1454 2529 1495 2555 An
1508 2533 1565 2555 tum
1575 2536 1684 2563 quoque
1697 2533 1738 2554 est
1748 2525 1843 2554 utilis?

1044 2568 1092 2595 Est
1104 2569 1188 2603 igitur
1197 2567 1302 2602 aliquid
1310 2588 1316 2598 ,
1334 2566 1406 2602 quod
1417 2565 1571 2601 perturbata
1583 2573 1658 2591 mens
1669 2564 1768 2591 melius
1778 2573 1842 2599 pos-

1014 2583 1017 2644 Ι
1045 2605 1079 2631 sit
1091 2604 1190 2635 facere,
1208 2613 1290 2640 quam
1305 2602 1449 2631 constans?
1467 2603 1508 2629 An
1523 2603 1670 2638 quisquam
1685 2607 1773 2638 potest
1782 2602 1841 2628 sine

1015 2633 1024 2665 {l
1043 2641 1244 2677 perturbatione
1255 2642 1354 2668 mentis
1364 2639 1462 2667 irasci?
1474 2640 1545 2667 Bene
1555 2640 1640 2676 igitur
1649 2640 1742 2671 nostri,
1754 2647 1840 2675 quum
