1941 3052
349 128 680 156 EPISTOLARUM
711 129 763 155 AD

95 202 198 232 dubito,
211 201 278 235 quin
291 199 364 226 fratri
377 200 457 227 fuerit
469 200 581 236 legatus,
598 209 650 227 non
663 201 689 226 in
700 200 803 226 decem.
843 200 891 226 At-

95 247 149 275 que
160 239 209 265 hoc
220 238 300 264 etiam
311 238 416 272 accepi,
434 247 486 264 non
502 238 593 264 solitos
608 238 721 264 maiores
737 242 840 264 nostros
854 237 891 263 le-

95 285 158 312 gare
169 277 196 302 in
207 275 310 305 decem,
327 275 374 309 qui
385 280 475 301 essent
486 275 679 309 imperatorum
694 276 848 306 necessarii,
862 280 891 301 ut

95 322 157 344 nos,
175 313 262 348 ignari
273 312 518 347 pulcherrimorum
530 313 728 343 institutorum,
744 317 789 339 aut
804 312 891 348 negli-

95 355 189 387 gentes
200 350 299 385 potius,
316 350 351 376 M.
369 349 513 376 Lucullum
525 354 551 376 et
561 350 591 376 L.
604 350 743 376 Murenam
754 354 780 376 et
790 354 890 376 ceteros

95 387 332 414 coniunctissimos
346 386 379 413 ad
390 387 420 413 L.
434 386 577 413 Lucullum
588 388 725 414 misimus.
765 387 890 422 llludque

95 423 371 461 efiioyoirawmillum
382 423 456 450 fratri
471 425 499 450 in
510 424 606 459 primis
617 425 676 450 eius
688 424 782 460 legatis
795 424 888 450 fuisse.

95 462 210 497 Operam
222 466 295 488 tuam
308 461 433 488 multam!
452 462 500 496 qui
515 466 540 487 et
552 461 616 487 haec
627 470 719 492 cures,
737 466 763 488 et
773 470 832 488 mea
844 470 892 488 ex-

95 499 202 535 pedias,
222 504 247 526 et
261 500 299 525 sis
316 499 342 525 in
354 500 408 526 tuis
420 498 504 525 multo
515 499 606 525 minus
620 498 751 534 diligens,
769 507 850 534 quam
864 500 890 525 in

95 546 173 564 mels.

151 622 199 643 Yll.
229 624 260 647 (ln
270 623 385 644 Tusculano,
396 624 474 641 Caesare
484 624 516 641 IV.
527 631 564 641 cos.
575 630 590 642 s.
602 623 645 642 coll.
657 625 712 645 70⁹.)

283 666 450 694 CICERO
478 666 645 693 ATTICO
674 667 702 693 S.

154 715 176 740 l.
199 709 309 740 Sestius
323 712 395 747 apud
407 721 449 738 me
461 712 524 744 suit,
542 717 568 739 et
585 713 775 747 Theopompus
787 711 888 747 pridie:

96 752 204 777 venisse
215 759 229 776 a
239 750 350 777 Caesare
363 750 486 776 narrabat
498 750 610 782 litteras,
628 750 678 776 hoc
691 749 823 780 scribere,
837 749 890 775 sibi

94 793 198 815 certum
209 796 281 819 esse,
299 788 397 814 Romae
411 795 530 819 manere,
548 795 727 822 caussamque
738 795 796 812 eam
808 787 892 812 aseri-

96 826 172 857 bere,
185 833 254 861 quae
266 829 321 851 erat
332 825 358 850 in
371 824 483 859 epistola
494 829 595 855 nostra,
613 833 645 850 ne
657 833 685 850 se
697 824 807 850 absente
818 824 891 859 leges

94 871 160 889 suae
175 862 388 898 negligerentur,
406 862 477 888 sicut
492 866 562 888 esset
575 861 695 897 neglecta
706 862 888 895 sumptuaria:

94 904 135 927 est
149 900 271 935 εὔλογον
294 899 377 933 idque
398 907 469 924 eram
486 899 650 933 suspicatus.
690 898 742 925 Sed
758 899 817 925 istis
834 907 891 924 mos

94 936 230 973 gerendus
246 940 298 969 est,
316 936 369 962 nisi
385 935 473 971 placet
488 936 557 962 hanc
572 937 659 971 ipsam
671 936 831 962 sententiam
843 944 891 962 nos

94 974 232 1010 persequi.
272 974 305 1000 Et
316 972 459 1000 Lentulum
471 982 533 999 eum
544 973 649 1000 Metella
659 978 730 1000 certe
741 973 838 999 fecisse
848 973 891 999 di-

94 1012 223 1039 vortium.
263 1012 332 1037 Haec
343 1011 433 1037 omnia
449 1015 478 1037 tu
494 1010 602 1038 melius.
642 1011 785 1037 Rescribes
797 1011 888 1047 igitur,

93 1048 230 1085 quidquid
246 1048 333 1079 voles,
349 1047 415 1074 dum
427 1048 506 1075 modo
517 1048 594 1084 quid.
634 1049 689 1075 Iam
701 1048 774 1075 enim
786 1057 838 1076 non
850 1057 892 1075 re-

94 1088 181 1122 perio,
199 1085 265 1121 quid
280 1090 305 1112 te
316 1086 510 1120 rescripturum
522 1091 614 1121 putem
623 1107 629 1117 ,
647 1086 700 1112 nisi
713 1086 778 1113 forte
789 1086 822 1113 de
832 1087 892 1113 Mu—

94 1123 174 1154 stela,
188 1128 234 1150 aut
244 1124 267 1150 si
280 1123 379 1149 Silium
391 1123 503 1150 videris.
544 1125 569 1151 2.
591 1124 689 1150 Brutus
704 1123 762 1150 heri
774 1129 849 1151 vemt
864 1125 891 1151 in

94 1161 278 1188 Tusculanum
294 1165 355 1195 post
370 1160 462 1187 horam
476 1161 620 1187 decimam.
659 1161 744 1187 Hodie
754 1162 838 1197 igitur
849 1171 891 1188 me

94 1199 211 1231 videbit,
225 1207 255 1225 ac
266 1197 377 1229 vellem,
391 1206 477 1232 quum
488 1203 516 1225 tu
527 1198 643 1225 adesses.
682 1199 752 1225 Iussi
763 1199 890 1233 equidem

93 1237 118 1263 ei
130 1236 258 1267 nuntiari,
272 1240 310 1267 te,
327 1235 416 1270 quoad
430 1236 578 1270 potuisses,
591 1240 762 1270 exspectasse
773 1237 832 1263 eius
844 1237 892 1263 ad-

94 1278 219 1304 ventum,
233 1277 446 1307 venturumque,
460 1274 483 1299 si
495 1273 633 1299 audisses:
648 1282 757 1308 meque,
771 1278 801 1301 ut
811 1273 888 1306 facio,

93 1312 221 1338 continuo
232 1315 256 1337 te
267 1310 406 1337 certiorem
418 1319 476 1337 esse
489 1310 632 1337 facturum.

149 1380 208 1402 VIII.
237 1382 266 1404 (In
276 1382 392 1403 Tusculano,
403 1382 481 1399 (tat-anre
492 1382 524 1399 lv.
536 1389 573 1400 cos.
583 1389 598 1400 a.
610 1383 653 1400 coll.
665 1384 720 1404 709.)

278 1420 444 1447 CICERO
474 1420 643 1448 ATTICO
674 1421 701 1448 S.

148 1455 233 1485 Plane
254 1458 323 1484 nihil
344 1463 412 1490 erat,
434 1458 506 1493 quod
523 1459 555 1485 ad
573 1463 597 1485 te
612 1459 768 1486 scriberem.
812 1460 891 1487 Modo

92 1497 166 1523 enim
181 1496 358 1527 discesseras,
380 1501 406 1522 et
421 1495 511 1530 paullo
526 1500 586 1530 post
601 1496 721 1531 triplices
736 1498 888 1524 remiseras.

93 1534 180 1561 Velim
197 1541 275 1559 cures
291 1532 452 1559 fasciculum
469 1533 501 1559 ad
514 1534 665 1560 Vestorium
676 1533 852 1561 deferendum
866 1540 891 1562 et

93 1571 175 1598 alicui
187 1571 234 1597 des
245 1571 398 1605 negotium,
415 1571 464 1605 qui
479 1576 603 1605 quaerat,
621 1571 652 1603 Q.
670 1571 777 1598 Faberii
788 1571 890 1599 fundus

93 1618 159 1635 num
170 1609 232 1643 quis
244 1608 271 1634 in
284 1608 445 1642 Pompeiano
456 1608 592 1635 Nolanove
604 1608 707 1635 venalis
718 1609 762 1636 sit.
796 1610 891 1644 Epito-

93 1655 154 1672 men
170 1645 244 1672 Bruti
260 1644 447 1671 Caelianorum
464 1645 546 1672 velim
559 1645 626 1672 mihi
643 1646 746 1677 mittas,
764 1651 789 1673 ct
800 1655 813 1673 a
826 1647 891 1673 Phi-

93 1683 189 1710 loxeno
199 1683 346 1710 Παναιτίου
356 1682 418 1719 περὶ
427 1684 560 1719 προνοίας.
587 1683 624 1710 Te
635 1683 705 1710 Idib.
717 1683 817 1711 videbo
827 1693 889 1711 cum

92 1726 156 1748 tuis.

146 1790 187 1811 Ιχ.
212 1793 241 1815 (Ιιι
251 1791 367 1812 Tusculano,
378 1790 456 1808 Caesare
466 1790 499 1809 iv.
511 1798 547 1809 cos.
559 1798 575 1810 s.
586 1791 631 1809 coll.
643 1794 700 1812 70⁴3.)

275 1832 442 1861 CICERO
471 1834 641 1862 ATTICO
672 1835 700 1862 S.

148 1880 172 1905 Ι,
194 1873 378 1906 Commodum
389 1879 553 1906 discesseras
565 1880 637 1912 heri,
650 1889 736 1915 quum
748 1881 890 1908 Trebatius

93 1915 180 1946 venit,
198 1914 289 1950 paullo
300 1921 360 1951 post
369 1916 491 1949 Curtius;
511 1917 555 1943 hie
569 1917 705 1944 salutandi
715 1927 824 1945 caussa:
842 1918 889 1945 sed

93 1952 192 1979 mansit
216 1952 356 1980 invitatus.
396 1954 551 1980 Trebatium
576 1955 719 1981 nobiscum
745 1955 888 1982 habemus.

92 1990 177 2017 Hodie
198 1998 275 2016 manc
296 1990 441 2017 Dolabella.
482 1990 583 2018 Multus
607 2000 695 2019 sermo
718 1992 750 2018 ad
774 1993 889 2019 multum

92 2028 175 2055 diem.
217 2027 290 2054 Nihil
303 2036 414 2063 possum
426 2027 515 2054 dicere
526 2029 717 2064 ἐκτενέστερον,
735 2029 803 2056 nihil
815 2031 889 2063 φιλο-

92 2064 279 2110 στοργόῑεςον.
320 2065 436 2092 Ventum
447 2069 585 2092 esttamen
598 2066 631 2091 ad
642 2066 784 2098 Quintum.
806 2066 889 2094 Multa

92 2102 197 2137 ἄφατα,
219 2101 359 2139 αὸιήγηταῑ
381 2102 429 2129 sed
449 2111 534 2128 uuum
555 2103 690 2129 eiusmodi
699 2124 705 2134 ,
727 2103 813 2138 quod,
837 2105 890 2130 nisi

92 2139 227 2166 exercitus
238 2139 332 2171 sciret,
346 2148 396 2166 non
409 2139 488 2167 modo
498 2139 589 2166 Tironi
600 2140 714 2172 dictare,
728 2140 775 2167 sed
788 2149 819 2167 ne
831 2141 890 2176 ipse

92 2176 204 2212 quidem
215 2176 343 2203 auderem
355 2177 482 2203 scribere.
520 2177 572 2203 Sed
584 2177 723 2204 haetenus.
758 2177 891 2214 Εὐκαίρως

92 2214 125 2241 ad
139 2222 181 2240 me
193 2215 279 2245 venit,
294 2222 380 2249 quum
392 2214 519 2240 haberem
531 2213 709 2246 Dolabellam,
723 2215 887 2250 Torquatus3

93 2251 345 2286 humanissimeque
352 2251 496 2282 Dolabella,
504 2251 606 2286 quibus
617 2252 707 2278 verbis
713 2261 805 2279 seeum
817 2253 891 2288 egis-

92 2297 159 2320 sem,
172 2289 308 2324 exposuit.
343 2288 521 2315 Commodum
533 2289 605 2315 enim
617 2298 724 2324 egeram
735 2289 890 2326 diligentis-

92 2327 175 2352 sime:
193 2334 263 2361 quae
278 2325 419 2362 diligentia
433 2330 507 2362 grata
518 2330 558 2352 est
569 2326 627 2353 visa
638 2327 780 2362 Torquato.
820 2329 845 2354 2.
869 2327 889 2354 A

91 2368 116 2390 te
128 2367 263 2398 exspecto,
276 2364 299 2390 si
310 2363 376 2398 quid
388 2363 421 2389 de
433 2364 522 2390 Bruto.
543 2363 713 2398 Quamquam
725 2364 815 2391 Nicias
825 2373 890 2391 con-

93 2399 193 2428 fectum
215 2401 341 2436 putabat:
365 2401 413 2427 sed
433 2400 581 2427 divortium
601 2409 652 2427 non
674 2401 791 2436 probari.
831 2402 890 2434 Quo

92 2438 173 2465 etiam
184 2439 271 2474 magis
283 2437 373 2465 laboro
385 2437 466 2468 idem.
483 2437 555 2472 quod
568 2442 605 2464 tu.
648 2438 675 2464 Si
687 2438 754 2473 quid
766 2443 807 2465 est
817 2440 889 2465 enim

92 2474 261 2506 offensionis,
280 2475 345 2502 haee
362 2484 403 2502 res
420 2475 521 2502 mederi
537 2479 633 2510 potest.
674 2475 740 2502 Mihi
756 2475 888 2510 Arpinum

93 2511 214 2539 eundum
225 2517 274 2539 est.
315 2513 382 2539 Nam
396 2517 500 2548 etopus
513 2516 566 2542 est,
589 2513 716 2539 constitui
728 2522 741 2538 a
755 2513 832 2539 nobis
844 2513 888 2540 illa

92 2548 242 2584 praediola;
255 2553 282 2576 et
292 2558 394 2581 vereor,
403 2559 435 2576 ne
441 2549 558 2576 exeundi
566 2554 682 2584 potestas
688 2559 739 2576 non
751 2550 794 2580 sit,
803 2559 889 2584 quum

92 2586 189 2613 Caesar
201 2587 316 2621 venerit3
335 2587 369 2614 de
383 2588 463 2614 cuius
474 2586 591 2614 adventu
603 2596 661 2613 eam
672 2587 826 2621 opinionem
840 2588 890 2614 Do-

93 2623 285 2656 labellahabet,
294 2633 376 2659 quam
389 2629 416 2651 tu
427 2625 608 2651 coniecturam
621 2624 738 2651 faciebas
748 2633 783 2651 ex
796 2624 889 2651 litteris

93 2660 242 2688 Messallae.
282 2662 372 2694 Quum
384 2661 449 2689 illuc
461 2670 572 2694 venero,
589 2661 809 2698 intellexeroque.
822 2662 887 2698 quid

793 128 996 155 ATTICUM
1027 129 1107 155 LIB.
1140 129 1222 155 XIII.

1257 129 1276 155 E
1290 130 1317 155 P.
1344 132 1351 155 l
1376 145 1411 149 —
1435 131 1473 156 ⁴2.
1688 134 1733 157 92¹

942 200 1042 262 nggotii
1054 200 1100 231 sit,
1118 204 1184 230 tum,
1199 199 1231 226 ad
1243 209 1310 235 quos
1322 200 1380 227 dies
1395 200 1531 228 rediturus
1543 201 1604 232 sim,
1621 202 1738 229 scribam

942 245 955 262 a
986 241 1019 263 te.

995 306 1025 326 X.
1054 308 1083 329 (In
1094 307 1210 328 Tusculano,
1221 307 1299 325 cat-sare
1310 308 1342 325 lv.
1354 315 1392 326 cos.
1402 315 1417 326 ³.
1428 310 1472 326 coll.
1484 310 1537 330 709.)

1129 350 1295 377 CICERO
1327 351 1495 378 ATTICO
1524 352 1551 378 S.

1001 389 1023 413 l.
1045 382 1164 413 Minime
1181 388 1262 414 miror
1276 393 1300 414 te
1316 393 1341 415 et
1351 390 1469 424 graviter
1480 389 1548 415 ferre
1560 389 1592 416 de
1604 390 1738 421 Marcello,

942 429 968 450 et
979 424 1056 459 plura
1068 426 1153 451 vereri
1165 425 1279 459 periculi
1290 434 1397 461 genera.
1437 426 1504 458 Quis
1516 427 1588 453 enim
1601 427 1650 454 hoc
1662 428 1740 454 tinie-

943 466 990 492 ret,
1004 462 1076 496 quod
1089 470 1176 497 neque
1188 462 1320 489 acciderat
1331 468 1416 494 antea,
1430 472 1479 490 nec
1490 464 1633 491 videbatur
1647 470 1739 491 natura

943 498 1025 529 serre,
1048 503 1078 524 ut
1096 499 1215 525 accidere
1231 499 1340 534 posset‘?
1363 500 1459 527 Omnia
1480 502 1564 536 igitur
1585 502 1738 528 metuenda.

943 535 996 561 Sed
1012 535 1081 562 illud
1095 536 1168 572 παρὰ
1183 537 1228 570 τὴν
1245 537 1374 571 ἱστορίαν,
1392 542 1420 564 tu
1436 539 1607 572 praesertim:
1626 548 1663 565 me
1678 541 1741 565 reli-

942 582 1020 606 quum
1036 575 1203 599 consularem.
1244 573 1333 606 Quid‘?
1347 574 1396 601 tibi
1407 575 1518 601 Servius
1533 576 1599 610 quid
1617 576 1741 603 videtur?

943 609 1113 645 Quamquam
1125 610 1176 637 hoc
1187 610 1289 637 nullam
1302 611 1334 638 ad
1346 617 1448 646 partem
1460 613 1530 639 valet
1542 613 1657 643 scilicet,
1672 613 1740 640 mihi

943 648 1113 681 praesertim,
1130 648 1178 682 qui
1194 657 1246 674 non
1262 649 1353 675 minus
1368 649 1435 676 bene
1447 655 1536 676 actum
1548 659 1610 676 cum
1623 650 1677 677 illis
1688 659 1741 685 pu—

943 690 1006 710 tem.
1047 684 1119 716 Quid
1140 685 1212 711 enim
1231 685 1344 712 sumus‘?
1363 691 1408 713 aut
1423 687 1489 721 quid
1505 696 1563 714 esse
1578 687 1741 722 possumus?

943 722 1063 752 Domine,
1072 730 1105 748 an
1113 721 1194 748 foris?
1205 722 1281 754 Quod
1290 724 1342 749 nisi
1354 724 1422 750 mihi
1434 724 1483 750 hoc
1495 726 1613 751 venisset
1625 726 1652 751 in
1665 734 1741 751 men—

943 763 1006 789 tem,
1020 759 1137 785 scribere
1150 760 1199 785 ista
1211 761 1302 786 nescio
1313 769 1395 795 quae,
1413 770 1467 796 quo
1478 767 1609 788 verterem
1621 771 1673 793 me,
1687 771 1739 789 non

943 795 1081 822 haberem.
1122 798 1147 823 2.
1169 796 1210 822 Ad
1223 797 1396 829 Dolabellam,
1410 803 1439 824 ut
1450 799 1561 829 scribis,
1578 799 1613 825 ita
1624 804 1689 833 puto
1702 799 1741 825 fa—

942 833 1084 864 ciendum,
1102 833 1237 869 κοινότερα
1250 834 1397 869 quaedam,
1420 840 1445 862 et
1459 836 1650 871 πολιτικώτερα.
1691 837 1741 862 Fa·

943 870 1070 896 ciendum
1082 875 1151 896 certe
1163 870 1268 905 aliquid
1280 877 1333 898 est:
1357 872 1435 898 valde
1447 874 1520 898 enim
1532 872 1676 899 desiderat.
1714 876 1738 899 3.

942 908 1040 934 Brutus
1052 909 1075 933 si
1086 907 1167 942 quid,
1185 909 1294 935 curabis
1311 914 1340 936 ut
1357 910 1454 941 sciam;
1478 911 1522 936 cui
1535 910 1647 944 quidem
1658 919 1740 945 quam

942 945 1062 980 primum
1077 945 1212 980 agendum
1228 951 1306 980 puto,
1325 948 1481 981 praesertim
1497 948 1520 973 si
1536 948 1638 974 statuit.
1679 947 1742 974 Ser-

943 982 1103 1008 munculum
1119 983 1192 1008 enim
1208 991 1315 1009 omnem
1331 989 1376 1010 aut
1396 985 1551 1011 restinxerit
1566 990 1611 1011 aut
1631 985 1739 1011 sedarit.

942 1019 1011 1046 Sunt
1025 1020 1111 1050 enim,
1133 1020 1182 1055 qui
1198 1019 1342 1055 loquantur
1356 1023 1436 1048 etiam
1452 1030 1568 1048 mecum.
1610 1022 1661 1048 Sed
1677 1022 1742 1049 haee

943 1058 1001 1093 ipse
1012 1058 1123 1093 optime,
1137 1059 1295 1092 pracsertim
1306 1059 1329 1085 si
1341 1059 1421 1085 etiam
1434 1064 1522 1086 tecum
1536 1059 1669 1094 loquetur.
1690 1060 1742 1086 Μι-

944 1096 971 1122 hi
983 1097 1061 1122 estin
1072 1096 1162 1122 animo
1173 1095 1306 1130 proficisci
1317 1105 1356 1123 xx.
1370 1096 1429 1122 Kal.
1469 1097 1518 1122 Hic
1529 1098 1600 1123 enim
1614 1096 1681 1123 nihil
1694 1097 1742 1123 ha-

943 1133 992 1159 beo
1003 1133 1076 1168 quod
1087 1142 1174 1168 agam,
1188 1142 1220 1159 ne
1232 1133 1341 1160 hercule
1353 1133 1410 1160 illie
1421 1134 1542 1168 quidem,
1551 1143 1599 1160 nec
1610 1143 1738 1169 usquam,

943 1170 990 1196 sed
1002 1175 1090 1197 tamen
1102 1170 1207 1205 aliquid
1219 1170 1285 1197 illic.
1326 1171 1409 1197 Hodie
1419 1171 1591 1206 Spintherem
1603 1177 1740 1206 exspecto.

942 1208 1016 1234 Misit
1026 1208 1202 1234 enimBrutus
1213 1207 1246 1234 ad
1259 1216 1314 1234 me:
1328 1217 1376 1243 per
1387 1208 1487 1235 litteras
1499 1210 1741 1244 purgatCaesarem

943 1245 976 1271 de
991 1246 1100 1272 interitu
1112 1245 1245 1272 Marcelli.-
1265 1247 1291 1272 in
1308 1254 1403 1280 quem,
1423 1255 1455 1272 ne
1471 1247 1493 1272 si
1506 1246 1614 1273 insidiis
1629 1246 1740 1281 quidem

943 1282 988 1309 ille
1000 1282 1156 1309 interfectus
1168 1288 1246 1314 esset,
1260 1283 1366 1310 caderet
1378 1283 1431 1310 ulla
1443 1284 1573 1318 suspicio.
1606 1284 1683 1310 Nunc
1695 1293 1742 1310 ve-

943 1328 980 1351 ro,
993 1329 1079 1355 quum
1091 1320 1123 1346 de
1134 1320 1221 1354 Magio
1232 1325 1347 1351 constet,
1365 1329 1451 1347 nonne
1463 1320 1536 1347 furor
1547 1322 1606 1347 eius
1617 1329 1741 1347 caussam

942 1366 1050 1384 omnem
1062 1357 1195 1384 sustinet?
1211 1357 1299 1388 Plane,
1313 1358 1380 1392 quid
1391 1360 1435 1389 sit,
1450 1367 1501 1384 non
1515 1358 1645 1393 intelligo.
1687 1359 1741 1384 Ex-

942 1394 1067 1430 plauabis
1079 1395 1172 1430 igitur.
1204 1394 1373 1429 Quamquam
1386 1394 1454 1422 nihil
1467 1395 1561 1426 habeo,
1575 1395 1647 1430 quod
1659 1395 1742 1422 dubi-

943 1437 1005 1463 tem,
1020 1433 1082 1462 nisi,
1096 1433 1147 1466 ipsi
1157 1432 1244 1467 Magio
1254 1441 1323 1468 quae
1336 1432 1415 1459 suerit
1426 1441 1520 1459 caussa
1532 1433 1676 1464 amentiam
1694 1441 1741 1467 pro

942 1478 996 1505 quo
1007 1469 1119 1504 quidem
1130 1470 1210 1496 etiam
1225 1478 1338 1505 sponsor
1347 1470 1425 1496 Sunii
1439 1470 1524 1497 factus
1535 1475 1584 1496 est.
1616 1470 1647 1496 Et
1659 1471 1741 1496 nimi-

943 1516 1003 1533 rum
1020 1507 1047 1533 id
1064 1506 1124 1533 suit.
1165 1506 1300 1534 Solvendo
1316 1508 1387 1534 enim
1406 1516 1456 1533 non
1473 1513 1538 1534 erat.
1579 1507 1664 1533 Credo
1678 1515 1740 1533 eum

943 1545 1053 1579 petiisse
1065 1553 1078 1570 a
1091 1544 1215 1571 Marcello
1226 1545 1340 1580 aliquid,
1358 1550 1383 1571 et
1395 1544 1486 1575 illum,
1499 1549 1529 1571 ut
1540 1549 1603 1575 erat,
1616 1550 1742 1572 constan-

943 1582 996 1608 tius
1008 1581 1190 1616 respondisse.

1000 1668 1040 1689 ΧΙ.
1070 1671 1099 1690 (Ιιι
1110 1670 1203 1693 Arpinati,
1216 1671 1293 1687 (Ru-surr
1306 1670 1336 1688 tv.

1127 1721 1296 1748 CICERO
1326 1722 1495 1748 ATTICO
1525 1721 1552 1747 S.

1001 1769 1024 1793 l.
1041 1761 1090 1798 Οὐ
1102 1767 1197 1795 ταύτὸν
1208 1765 1277 1798 εἶδος
1287 1767 1430 1793 credebam
1443 1776 1501 1793 csse
1515 1766 1601 1793 facile.
1644 1767 1740 1794 Totum

943 1809 984 1830 est
995 1804 1078 1835 aliud,
1093 1809 1267 1840 posteaquam
1282 1814 1343 1831 sum
1355 1814 1368 1831 a
1381 1809 1404 1831 te
1416 1804 1586 1830 disiunctior.
1623 1804 1675 1831 Sed
1691 1804 1742 1831 suit

943 1841 1112 1873 faciendum,
1136 1847 1165 1869 ut
1182 1847 1208 1868 et
1223 1843 1412 1869 constituerem
1434 1841 1601 1868 mercedulas
1618 1841 1741 1876 praedio-

1347 1677 1383 1687 ιω.
1394 1679 1408 1687 ³.
1420 1670 1464 1687 culi.
1478 1671 1533 1690 709.)

943 1888 1016 1911 ι·ιιιιι;
1037 1884 1063 1905 et
1078 1888 1110 1906 ne
1127 1888 1255 1915 magnum
1271 1889 1340 1906 onus
1355 1879 1542 1906 observantiae
1557 1880 1636 1905 Bruto
1652 1884 1742 1906 nostro

942 1917 1120 1951 imponerem.
1161 1917 1273 1943 Posthac
1300 1918 1371 1943 enim
1397 1917 1544 1951 poterimus
1571 1917 1740 1942 commodius

942 1953 1029 1980 colere
1044 1955 1113 1980 iuter
1129 1964 1176 1981 nos
1193 1955 1219 1980 in
1236 1954 1398 1980 Tusculano.
1440 1955 1492 1980 lloc
1508 1959 1596 1980 autem
1612 1959 1737 1988 tetiipore.

941 2000 1027 2026 quum
1040 1991 1085 2017 ille
1097 2000 1139 2018 me
1150 1991 1271 2026 quotidie
1283 1991 1376 2017 videre
1392 1991 1484 2021 vellet,
1503 2000 1552 2026 ego
1568 1991 1599 2016 ad
1615 1991 1690 2017 illum
1704 1992 1740 2017 ire

943 2037 994 2054 non
1008 2037 1128 2063 possem,
1142 2029 1301 2064 privabatur
1310 2029 1383 2055 omni
1395 2028 1570 2055 delectatione
1582 2028 1738 2054 Tusculani.

942 2067 968 2092 ⁶2.
981 2066 1021 2092 Tu
1033 2066 1124 2102 igitur,
1139 2067 1162 2092 si
1174 2066 1289 2093 Servilia
1302 2067 1414 2096 venerit,
1428 2066 1556 2092 siBrutus
1566 2065 1633 2100 quid
1645 2067 1738 2100 egerit,

941 2103 1047 2129 etiamsi
1059 2104 1237 2134 constituerit,
1253 2103 1361 2138 quando
1371 2103 1494 2129 obviam:
1512 2103 1648 2138 quidquid
1663 2103 1740 2129 deui-

942 2148 994 2174 que
1006 2141 1068 2170 erit,
1082 2140 1155 2175 quod
1166 2141 1235 2167 scire
1247 2149 1289 2166 me
1300 2145 1431 2174 oporteat,
1450 2140 1563 2166 scribes.
1605 2141 1737 2168 Pisonem.

941 2177 964 2203 si
976 2178 1085 2211 poteris,
1098 2178 1254 2204 convenies.
1277 2178 1368 2205 Vides.
1382 2186 1462 2212 quam
1476 2182 1610 2204 maturum
1622 2178 1665 2203 sit.
1689 2177 1739 2203 Sed

942 2218 1040 2245 tamen,
1054 2214 1126 2249 quod
1138 2214 1279 2241 commodo
1291 2219 1336 2240 tuo
1347 2215 1400 2240 liat.

996 2283 1048 2303 ΧΙΙ.
1077 2285 1107 2307 (Ιιι
1117 2285 1213 2308 Arpina-ii,
1225 2286 1303 2302 (at-:nn-
1315 2286 1346 2303 tv.
1357 2293 1395 2302 mx.
1407 2292 1420 2302 ι,
1432 2286 1474 2303 null.
1487 2286 1542 2307 70¹¹.)

1126 2328 1295 2354 CICERO
1325 2328 1492 2354 ATTICO
1521 2328 1549 2353 S.

1000 2366 1023 2390 l.
1049 2360 1137 2391 Valde
1150 2374 1191 2390 mc
1204 2364 1405 2391 momorderunt
1415 2364 1543 2399 epistolae
1556 2370 1615 2391 tuae
1627 2365 1659 2390 de
1672 2366 1739 2392 Atti—

941 2410 971 2428 ca
984 2407 1087 2428 nostra.-
1106 2402 1214 2428 eaedem
1228 2408 1314 2428 tamen
1327 2407 1499 2428 sanaverunt.
1539 2402 1615 2434 Quod
1630 2403 1702 2428 cuim
1715 2408 1739 2428 te

943 2439 1000 2473 ipse
1011 2438 1183 2465 consolabare
1195 2439 1298 2466 eisdem
1312 2439 1415 2469 litteris,
1433 2439 1458 2465 id
1473 2439 1539 2465 mihi
1551 2445 1605 2465 erat
1617 2440 1682 2465 satis
1695 2440 1739 2466 tir-

942 2485 1016 2502 mum
1038 2476 1070 2502 ad
1093 2476 1244 2503 leniendam
1265 2476 1472 2511 aegritudinem.
1518 2478 1542 2502 τὶ.
1571 2477 1739 2510 Liyurianum

942 2513 1076 2548 praeclare
1099 2514 1256 2540 vendidisti.
1303 2514 1413 2540 Posthac
1434 2513 1570 2548 quidquid
1594 2515 1736 2548 scripsero,

942 2550 990 2577 tibi
1004 2551 1175 2585 praeconium
1188 2551 1316 2577 deserum.
1351 2554 1374 2576 Il.
1391 2550 1467 2582 Quod
1480 2551 1511 2576 ad
1526 2550 1610 2577 mede
1623 2552 1738 2577 Varrone

940 2588 1053 2619 scribis,
1067 2588 1121 2614 scis
1133 2597 1175 2615 me
1186 2594 1261 2616 auten
1275 2589 1421 2618 orationes.
1438 2593 1483 2614 aut
1496 2587 1600 2623 aliquid
1614 2588 1639 2614 id
1651 2597 1738 2624 genus

941 2625 1050 2652 solitum
1063 2625 1194 2656 scribere,
1209 2631 1236 2652 ut
1250 2627 1390 2652 Varronem
1403 2633 1537 2660 nusquam
1549 2634 1656 2660 possem
1670 2627 1738 2653 inte-

942 2671 1013 2690 xero.
1056 2663 1146 2690 Postea
1162 2668 1250 2691 nutem
1267 2672 1348 2699 (piam
1366 2663 1430 2690 haec
1445 2663 1521 2698 coepi
1533 2663 1738 2700 φιλολυγώιορα,

1486 2713 1532 2738 116
