1941 3052
259 149 285 172 t'·
794 149 808 172 ‘2
854 147 1061 172 ttx'tztitt‘t't

256 221 299 242 aut
315 217 363 243 hoc
378 216 513 247 fecissern3
531 217 576 243 sed
592 226 633 242 ine
649 222 703 242 tum
721 217 783 242 lim-c
798 217 863 243 ratio
878 216 955 248 fugit,
984 217 1047 242 ltein
1070 216 1072 248 l

257 255 382 280 vitiosum
402 259 450 284 cst,
471 263 555 289 quum
576 254 611 284 id,
632 253 703 288 quod
723 255 748 279 in
763 259 853 288 apt-rto
867 254 964 279 delicto
977 254 1049 287 posi·
1070 249 1071 273 l

256 297 312 317 111111
336 296 383 321 cst,
410 296 495 317 tamen
519 292 608 326 nliquu
629 291 679 317 levi
700 292 797 325 tegitur
815 291 978 320 defensione,
1001 290 1049 316 hoc
1070 300 1071 314 1

256 329 347 355 modo:

332 368 413 397 Quum
429 371 451 391 [ι’
464 367 612 398 atr-petebant
627 368 717 393 ornnes,
734 367 912 396 florentissimo

330 407 406 435 refluo
420 405 526 436 r¹¹liqui;
554 406 621 428 nunc
635 405 759 427 ‹tesan-lum
774 403 806 427 ub
820 404 934 427 munibus

329 450 425 465 summu
438 442 534 472 ywricln
547 442 601 465 sn'In
616 444 642 464 u!
658 441 790 464 restituam
804 448 876 471 puro.

259 478 352 503 XXVI.
374 478 436 503 {tt-in
456 478 583 502 vitiosum
602 481 650 507 est,
671 476 742 510 quod
758 476 835 502 aliam
851 476 878 501 in
894 480 1003 510 partem,
1020 486 1048 501 ai:
1070 502 1071 505 ,

257 515 356 540 (lictum
381 515 423 544 sit,
450 519 534 548 potest
556 514 649 548 accipi.
685 513 711 539 ld
739 518 778 539 est
793 513 957 543 huiusmodi,
984 518 1011 539 ut
1026 514 1047 539 si
1070 527 1071 544 1

256 553 318 586 quis
337 557 430 586 potens
449 561 478 577 ac
497 551 623 577 factiosus
642 551 668 576 in
687 552 813 577 concione
827 551 937 576 dixerit:
960 552 1049 575 Satius
1070 546 1071 581 l

256 594 291 614 vs!
303 593 339 614 uli
353 591 545 622 rvyt'!›11s‚qiuiiii
561 591 635 614 mulis
650 590 751 621 leuibus.
769 589 832 614 Nam
849 593 873 613 vt
885 588 941 617 hoe,
956 593 1049 613 tamvt-
1070 607 1078 625 1

257 627 277 651 si
294 627 329 652 rei
345 625 481 661 augendae
495 634 588 651 caussa
604 630 689 660 potest
703 627 761 651 sine
776 625 874 652 malitia
885 626 947 655 «livi,
961 630 1047 651 tamen

257 668 361 697 propter
385 663 527 697 potentiam
551 663 618 691 eius,
643 664 689 697 qui
709 663 780 693 dicit,
807 672 856 689 non
877 663 974 688 dicitur
991 663 1048 688 sine
1070 679 1071 689 l

256 701 334 726 atroci
354 701 516 734 suspicione.
553 702 592 726 bl.
615 701 678 726 ttoni
699 701 823 726 vitiosum
844 705 883 726 est
903 700 976 725 falsis
1003 705 1048 725 aut

258 738 414 773 vulgaribus
427 738 628 764 delinitionibus
640 738 688 764 uti.
705 737 796 764 falsae
807 742 869 763 sunt
881 737 1045 767 huiusmodi.
1070 740 1071 759 ἶ

258 780 285 801 ut
303 776 324 801 si
344 775 406 810 quis
425 775 503 806 (licat,
523 775 648 801 iniuriam
666 784 724 800 esse
739 775 848 805 nuttam,
867 774 917 800 nisi
932 783 1001 809 quae
1015 783 1048 800 vx
1070 780 1077 793 '1

257 813 405 847 pulsatione
419 817 464 838 aut
477 813 598 839 convicio
611 817 720 838 constet.
750 812 877 847 ungares
891 817 962 842 sunt,
979 820 1048 846 quae

257 850 340 876 nihilo
358 851 448 876 minus
466 850 493 876 in
513 849 590 876 aliam
605 858 660 875 rem
676 849 810 876 transferri
827 853 952 884 possunt:
982 853 1010 875 ut
1024 850 1046 875 si
1070 867 1071 883 3

255 888 317 922 quis
332 887 413 913 dicat:
439 887 639 922 quadruplator,
658 892 685 912 nt
700 887 816 913 breviter
829 887 987 916 ‹lesi-ribam,
1005 895 1048 912 ca-

256 925 344 959 pitalis
359 929 410 955 est;
427 929 467 950 est
480 925 550 950 enim
566 924 704 958 improbus
719 929 744 950 et
758 924 867 959 pestifer
877 924 953 950 civis.
981 924 1046 950 Nam
1069 938 1071 955 ἢ

256 962 340 988 nihilo
354 962 439 997 magis
453 961 678 996 quadruplatoriffi
695 970 775 996 quain
791 961 867 993 furis,
884 970 964 996 quam
980 961 1048 987 sica-

256 1000 286 1025 rii
301 1004 346 1025 aut
360 999 500 1033 proditoris
515 999 631 1025 attulerit
641 999 832 1025 deffinitionem.
848 1000 912 1026 Item
921 999 1046 1024 vitiosum
1070 1030 1071 1038 ἵ

255 1042 293 1063 est
308 1045 354 1071 pro
368 1041 524 1072 argumento
538 1045 652 1067 sumere,
669 1037 741 1070 quod
764 1037 790 1062 in
801 1037 989 1072 disquisitione
1002 1045 1048 1070 po·-
1070 1053 1071 1074 3

255 1076 336 1100 situm
351 1078 403 1104 est,
421 1078 449 1100 ut
463 1074 485 1100 si
499 1074 561 1108 quis
575 1082 655 1108 quem
672 1074 735 1100 furti
746 1079 846 1109 arguat,
863 1078 888 1100 et
902 1074 972 1100 dicat
986 1082 1046 1099 eum
1070 1104 1071 1113 ἵ

219 1115 223 1122 “
255 1121 312 1137 esse
327 1111 461 1137 hominem
476 1111 638 1146 improbum,
655 1120 774 1141 avarum,
792 1111 1007 1143 fraudulentum,
1024 1112 1046 1137 ei
1070 1131 1071 1135 ,

255 1150 291 1175 rei
306 1149 488 1175 testimonium
503 1157 570 1179 esse,
586 1148 658 1183 quod
672 1149 724 1175 sibi
740 1148 841 1175 furtum
857 1148 956 1175 fecerit.
983 1149 1046 1175 Item
1069 1160 1071 1167 ι

255 1187 380 1213 vitiosum
399 1190 448 1218 est,
468 1186 674 1212 controversiain
693 1187 871 1212 controversia
889 1186 1044 1216 dissolvere,
1070 1210 1071 1213 ,

256 1225 303 1250 lioc
322 1223 412 1250 modo:
441 1224 498 1250 Non
517 1224 648 1254 convenit,
669 1232 800 1254 censores,
817 1224 898 1249 istum
915 1223 991 1249 vobis
1005 1232 1048 1249 sa-

256 1261 374 1287 tisfacere
393 1269 426 1287 ex
443 1269 482 1292 eo,
503 1260 574 1295 quod
589 1261 633 1291 ait,
650 1269 678 1287 se
693 1269 744 1287 non
760 1261 879 1295 potuisse
893 1261 986 1287 adosse
1000 1261 1044 1292 ita,

256 1304 283 1324 111
301 1299 403 1325 iuratus
420 1297 512 1324 fuerat.
535 1297 624 1330 Quid?
641 1298 664 1324 si
683 1297 715 1324 ad
729 1299 875 1324 exercitum
891 1307 941 1324 non
957 1299 1047 1324 venis—

254 1341 301 1367 set,
318 1336 379 1362 idne
395 1336 501 1362 tribuno
516 1335 631 1361 militum
647 1334 764 1361 diceret‘.>
776 1351 813 1355 —-
827 1336 880 1362 Hoc
894 1335 954 1361 ideo
969 1336 1047 1362 vitio-

253 1382 314 1399 sum
333 1378 381 1404 cst,
398 1373 460 1408 quia
476 1381 525 1399 non
542 1372 664 1407 expedita
679 1378 723 1398 aut
738 1372 852 1399 iudicata
867 1381 917 1403 res,
934 1372 982 1399 sed
995 1373 1047 1399 im-

255 1411 342 1445 pedita
360 1415 385 1436 et
403 1411 429 1436 in
448 1410 530 1436 simili
548 1411 726 1436 controversia
744 1410 828 1444 posita
847 1410 963 1444 exempli
992 1409 1047 1437 loco

253 1448 394 1482 profertur.
430 1448 470 1474 42.
490 1448 555 1474 Item
579 1448 706 1474 vitiosum
729 1452 777 1477 est,
794 1456 878 1482 quum
895 1448 929 1477 id,
947 1447 980 1473 de
994 1456 1047 1482 quo

253 1494 358 1511 summa
376 1485 553 1511 controversia
572 1489 620 1514 cst,
642 1493 736 1519 parum
755 1484 897 1519 expeditur
915 1490 948 1515 et,
969 1486 1046 1519 quasi

254 1527 414 1549 transactum
429 1523 472 1553 sit,
489 1522 658 1557 relinquitur,
676 1521 724 1548 hoc
739 1522 831 1548 modo:

327 1561 435 1593 Aperlae
447 1562 519 1593 satur
532 1562 617 1590 dictio,
632 1562 656 1585 si
668 1561 804 1592 intelliqas.

330 1598 387 1624 Tali
398 1599 458 1623 dari
471 1606 554 1627 arma,
571 1598 665 1630 qualis.
681 1599 726 1630 qui
739 1599 824 1630 yesslt,
838 1599 897 1630 fuit'

328 1636 400 1664 nibet,
414 1639 493 1667 poclm
507 1643 529 1660 Sl
543 1636 689 1660 Slmleamus
703 1634 837 1667 Pergamo’
1069 1644 1078 1686 ll
1099 1672 1150 1694 tata
1164 1667 1307 1699 voluntate,
1323 1677 1409 1703 quum
1423 1669 1544 1695 eamdem
1559 1669 1644 1706 legem
1659 1670 1746 1702 ferret,
1758 1670 1836 1697 aliam
1847 1679 1890 1697 se-

327 1681 399 1705 quem
413 1671 456 1705 e‘qo
468 1673 590 1705 profiteor
603 1675 655 1697 e'sse
668 1680 720 1697 me:
734 1679 772 1696 me
784 1679 893 1704 aequum
907 1675 942 1697 e'st
956 1673 1010 1704 frui

325 1711 450 1742 fraternis
463 1711 551 1739 armis,
567 1710 678 1742 mihique
691 1710 878 1738 adiudicdrier,

327 1748 366 1772 vel
379 1748 445 1780 quod
458 1749 626 1779 propinquus,
642 1747 681 1772 ve'l
694 1748 761 1778 quod
773 1748 868 1771 virtute
882 1747 1004 1771 aemulus.

254 1786 316 1811 {tem
333 1784 460 1810 vitiosum
476 1787 524 1814 est,
540 1784 631 1817 ipsum
645 1783 697 1809 sibi
712 1783 739 1808 in
753 1791 802 1809 sua
816 1783 932 1809 oratione
942 1782 1048 1809 dissen-

254 1823 301 1848 tire
317 1825 343 1847 et
360 1825 449 1847 contra
468 1829 506 1851 ea,
527 1829 596 1855 quae
610 1825 669 1847 ante
685 1820 790 1851 dixerit,
813 1819 909 1851 dicere,
928 1820 976 1846 hoc
991 1829 1048 1846 mo-

252 1859 299 1886 do:

292 1896 378 1928 Quare
391 1898 507 1922 accusem
520 1897 594 1925 himo,
612 1903 706 1929 nequeo
719 1896 867 1928 exputando
880 1896 999 1920 evoli-ere.

290 1934 357 1960 Nam
369 1935 394 1959 si
405 1937 521 1959 voretur:
542 1935 604 1966 quid
617 1941 673 1958 eum
686 1940 811 1962 accusem,
826 1934 871 1965 qui
885 1935 919 1958 e'st
932 1931 1047 1965 probus?

290 1970 337 1997 Sin
350 1972 548 1996 inverecundum
560 1972 642 1996 &ninii
655 1972 783 2003 inqenium
795 1971 915 2002 possidet,

290 2009 352 2041 quid
365 2016 420 2033 eum
433 2010 558 2037 accusem,
574 2010 619 2040 qui
630 2010 707 2040 parvi
720 2009 747 2032 id
760 2009 877 2032 auditum
890 2005 1024 2032 aestimet?

254 2045 362 2072 XXVII.
387 2045 444 2071 Non
462 2044 630 2071 incommoda
649 2044 748 2070 ratione
767 2043 874 2070 videtur
891 2043 943 2069 sibi
957 2047 1047 2070 osten-

253 2082 333 2113 disse,
349 2090 433 2116 quare
447 2090 498 2108 non
512 2085 656 2108 accusaret.
683 2080 772 2113 Quid‘?
785 2085 875 2115 postea
889 2080 956 2115 quid
970 2080 1024 2107 ait‘?

290 2119 365 2146 Nunc
379 2122 422 2152 e'qo
437 2123 459 2145 te
472 2121 504 2145 ab
517 2126 614 2145 summo
626 2121 680 2145 idm
692 2121 810 2144 detexam
824 2120 940 2144 exordio.

254 2159 294 2183 43.
310 2157 375 2183 Item
389 2156 516 2182 vitiosum
530 2160 578 2187 est,
595 2155 667 2191 quod
681 2155 779 2182 dicitur
792 2160 881 2181 contra
891 2155 989 2182 iudicis
999 2164 1046 2181 vo-

255 2195 383 2220 luntatem
396 2197 442 2219 aut
454 2201 556 2224 eorum,
577 2194 624 2228 qui
638 2193 759 2223 audiunt,
775 2193 799 2218 si
813 2197 858 2219 aut
871 2197 968 2227 partes,
984 2193 1047 2228 qui-

255 2232 304 2258 bus
318 2230 358 2257 illi
372 2229 489 2261 student,
505 2234 551 2256 aut
564 2229 695 2261 homines,
711 2238 779 2264 quos
793 2229 834 2256 illi
847 2238 922 2256 caros
937 2229 1043 2261 habent,

255 2268 399 2300 laedantur,
420 2272 466 2294 aut
483 2267 574 2302 aliquo
587 2267 743 2294 huiusmodi
757 2267 822 2293 vitio
836 2266 955 2293 laedatur
969 2267 1047 2293 audi—

254 2306 317 2332 toris
331 2305 463 2332 voluntas⁴
497 2305 561 2331 Item
575 2305 703 2331 vitiosum
717 2308 819 2330 estnon
829 2312 921 2330 omnes
931 2313 973 2330 res
983 2313 1046 2330 con-

255 2344 366 2374 firmare,
382 2351 450 2377 quas
465 2341 601 2377 pollicitus
615 2343 652 2368 sis
666 2342 694 2368 in
708 2342 884 2376 expositione.
920 2342 985 2367 Item
1000 2350 1046 2367 ve-

254 2380 366 2406 rendum
384 2384 432 2411 est,
454 2388 487 2406 ne
504 2379 538 2405 de
555 2379 606 2406 alia
623 2388 652 2406 re
669 2379 782 2409 dicatur,
802 2387 888 2413 quum
906 2378 957 2404 alia
971 2378 1004 2405 de
1018 2388 1046 2405 re

253 2418 430 2443 controversia
448 2417 496 2449 sit3
521 2417 604 2452 inque
622 2416 779 2443 huiusmodi
794 2417 859 2442 vitio
875 2415 1046 2442 consideran-

253 2454 318 2480 dum
337 2457 385 2484 est,
408 2463 440 2480 ne
454 2458 499 2480 aut
513 2453 546 2480 ad
559 2463 615 2480 rem
629 2453 742 2480 addatur
754 2453 830 2488 quid,
846 2457 892 2479 aut
905 2453 1045 2488 quippiam

253 2491 286 2518 de
308 2499 335 2517 re
357 2490 518 2522 detrahatur,
542 2495 588 2517 aut
602 2495 653 2518 tota
676 2499 771 2517 caussa
793 2495 892 2517 mutata
914 2491 942 2516 in
966 2490 1045 2516 aliam

253 2537 375 2555 caussam
393 2528 541 2561 derivetur3
566 2529 605 2555 uti
624 2528 696 2563 apud
709 2528 857 2554 Pacuvium
871 2527 969 2554 Zethus
983 2536 1045 2554 cum

253 2566 413 2601 Amphione,
429 2574 544 2600 quorum
557 2566 735 2592 controversia
748 2574 834 2600 quum
848 2565 881 2591 de
891 2565 993 2591 musica
1003 2566 1046 2591 in-

253 2603 331 2630 ducta
345 2603 387 2634 sit,
404 2602 550 2637 disputatio
562 2603 591 2629 in
604 2603 750 2638 sapientiae
764 2603 892 2628 rationem
903 2606 928 2628 et
937 2603 1045 2628 virtutis

254 2640 394 2667 utilitatem
416 2644 598 2666 consumatur.
628 2641 694 2666 Item
711 2639 934 2666 considerandum
948 2643 996 2669 est,
1012 2647 1045 2665 ne

253 2678 326 2704 aliud
337 2678 496 2704 accusatoris
510 2677 660 2704 criminatio
672 2677 813 2707 contineat,
835 2676 908 2703 aliud
921 2675 1045 2702 defenso-

1096 146 1348 172 AutssTotttS

1076 237 1079 250 ·,
1101 217 1136 241 ris
1155 217 1220 241 ratio
1238 223 1345 251 purget:
1369 217 1440 252 quod
1459 226 1536 252 saepe
1559 219 1680 244 consulto
1698 219 1775 246 multi
1795 220 1827 246 ab
1845 230 1888 246 reu

1077 253 1079 262 '
1102 252 1208 281 faciunt,
1230 255 1361 285 anuustiis
1375 264 1484 280 caussae
1498 256 1592 281 conc-ti:
1628 256 1664 281 uti
1679 257 1701 282 si
1715 257 1786 290 quis.
1802 265 1887 292 quum

1101 295 1239 316 avc-nsvtur
1253 292 1353 317 ainbitn
1370 293 1552 324 magistratum
1568 293 1684 327 petiisse,
1701 294 1734 319 ab
1748 294 1888 328 imperato-

1070 349 1079 358 ,
1101 327 1175 353 ribus
1195 337 1386 362 saepenumero
1404 339 1432 354 se
1446 330 1515 363 apud
1531 331 1674 356 exercitum
1689 330 1816 357 donatum
1830 340 1888 356 esse

1077 363 1079 410 l
1100 364 1178 390 dicat.
1197 365 1248 390 110«,-
1262 366 1284 391 si
1299 365 1440 398 diliget-ntor
1455 368 1479 392 in
1495 367 1706 393 adversariorum
1716 368 1832 394 oratione
1841 368 1889 394 ol»-

1070 407 1079 442 ἸῚ
1100 402 1305 432 serva-erimus,
1322 404 1648 437 saepe‹l‹·prelw11‹le¹11us,
1670 404 1701 430 'et
1713 406 1738 431 in
1751 406 1888 431 huiusmo-

1100 438 1126 464 di
1146 438 1356 472 deprehensione
1375 440 1567 475 ostendemus]
1588 450 1641 471 eos,
1661 439 1693 467 de
1715 442 1751 467 'va
1783 451 1809 468 re
1823 443 1887 476 quid

1077 487 1079 512 ⁴¹
1100 475 1196 504 dicant,
1214 485 1264 502 non
1281 477 1385 502 habere.
1409 479 1448 503 tt
1466 478 1529 503 nrm
1546 479 1670 504 vitiosum
1685 486 1732 507 est.
1750 475 1830 505 artem
1845 486 1888 506 aut

1078 513 1079 518 ¹
1100 513 1236 539 scientiam
1255 519 1300 539 aut
1318 515 1437 540 studium
1456 516 1602 549 quodpiam
1623 516 1770 550 vituperare
1785 522 1890 551 propter

1100 558 1190 576 eorum
1207 551 1278 580 vitia,
1294 552 1341 585 qui
1358 553 1383 577 111
1398 561 1429 577 eo
1442 552 1532 578 ,studio
1545 557 1621 578 sunt:
1638 553 1729 581 veluti.
1742 555 1789 588 qui
1802 554 1888 580 riu-to-

1101 587 1180 613 rivam
1196 588 1347 622 vituperant
1367 595 1471 623 propter
1485 589 1598 615 alicuius
1612 591 1722 616 oratoris
1738 592 1888 626 vituperan-

1100 623 1159 650 dam
1176 625 1266 650 vitam.
1289 626 1352 651 luem
1369 627 1493 652 vitiosum
1508 632 1556 655 est,
1572 636 1604 653 cx
1619 636 1657 655 eo.
1666 628 1736 661 quod
1753 637 1888 662 perperam

1101 661 1197 687 sactum
1209 671 1267 688 esse
1281 668 1390 693 constet,
1408 669 1499 697 putare
1513 664 1625 693 ostendi.
1642 673 1655 690 a
1669 673 1724 699 quo
1734 665 1840 691 homine
1851 665 1889 691 sa·

1070 698 1077 736 J¹
1099 702 1171 724 ctum
1190 700 1232 729 sit.
1254 699 1302 725 lioc
1317 700 1408 726 inodo:
1437 701 1569 727 Mortuum
1584 701 1770 732 deformatum,
1787 708 1888 728 tumore

1100 736 1257 770 praeditum,
1279 737 1456 763 dvi-oloratum
1473 738 1556 764 fnisse
1569 743 1684 765 constat:
1712 748 1774 774 ergo
1789 748 1890 766 veneno

1100 778 1207 799 necatus
1221 778 1270 799 est.
1305 774 1412 805 Deinde,
1429 776 1450 800 si
1465 776 1500 801 sit
1514 784 1600 810 usque
1614 777 1640 802 in
1655 785 1686 802 eo
1698 782 1851 811 ψει-1111111115,
1861 782 1889 803 ut

1100 810 1176 836 multi
1201 810 1309 841 faciunt,
1336 821 1468 838 venenum
1491 812 1592 843 datum,
1615 814 1678 839 vitio
1697 823 1747 840 nnn
1763 814 1887 840 mediocri

1099 847 1270 874 conflictetur.
1306 849 1363 874 Non
1377 849 1457 877 enim.
1475 849 1608 876 factumne
1622 851 1664 879 sit,
1680 852 1825 885 ‹linat-titur,
1842 851 1888 877 sed

1099 894 1112 910 a
1130 893 1185 919 quo
1203 885 1301 911 sactum
1316 886 1359 911 sit.
1398 886 1516 912 xxviii.
1534 888 1574 913 45.
1590 888 1653 913 ltem
1670 889 1795 915 vitiosum
1808 889 1889 915 estin

1099 922 1284 957 comparandis
1303 923 1382 949 rebus
1401 923 1508 950 alteram
1528 933 1583 950 rem
1603 924 1701 952 efferre.
1721 926 1755 951 de
1769 934 1796 952 re
1809 925 1888 952 altera

1100 961 1259 986 mentionem
1275 969 1326 986 non
1341 960 1425 987 tacere
1439 966 1484 987 aut
1495 961 1674 997 negligentius
1684 962 1833 997 disputare,
1849 967 1887 993 ut.

1099 997 1121 1022 si
1135 1002 1310 1031 comparetur,
1328 1002 1417 1024 utrum
1432 999 1516 1024 satius
1529 1000 1571 1029 sit.
1584 999 1714 1034 populum
1726 1000 1888 1026 frumentum

1099 1035 1216 1068 accipere
1231 1044 1263 1060 an
1278 1044 1339 1065 non,
1355 1044 1424 1070 quae
1437 1036 1575 1062 commoda
1589 1037 1641 1063 sint
1656 1038 1682 1063 in
1697 1036 1776 1063 altera
1787 1046 1822 1068 re,
1842 1046 1890 1063 cu-

1099 1076 1137 1097 ret
1155 1080 1318 1103 enumerare.
1340 1081 1408 1107 quae
1423 1073 1449 1099 in
1464 1073 1543 1099 altera
1558 1074 1724 1101 incommoda
1738 1075 1800 1105 sint,
1817 1074 1890 1100 velut

1098 1109 1223 1143 depressa
1239 1114 1390 1143 praetereat,
1407 1115 1452 1136 aut
1465 1119 1503 1141 ea,
1525 1119 1593 1145 quae
1607 1112 1716 1138 minima
1730 1112 1793 1143 sint,
1808 1111 1887 1138 dicat.

1099 1148 1162 1172 ltcm
1178 1147 1304 1172 vitiosum
1319 1152 1367 1178 est,
1384 1148 1409 1173 in
1425 1148 1505 1174 rebus
1518 1148 1703 1183 comparandis
1718 1157 1825 1175 necesse
1839 1157 1890 1183 pu-

1100 1188 1161 1214 tare,
1178 1183 1286 1209 alteram
1301 1193 1356 1210 rem
1372 1185 1530 1219 vituperari,
1550 1194 1636 1220 quum
1654 1185 1762 1212 alteram
1782 1185 1886 1212 laudes:

1077 1238 1078 1243 ,
1098 1220 1170 1255 quod
1189 1229 1284 1255 genus,
1304 1221 1326 1247 si
1346 1227 1497 1256 quaeratur,
1514 1223 1580 1249 utris
1596 1224 1678 1249 maior
1692 1223 1776 1250 honor
1789 1223 1890 1250 haben-

1100 1258 1151 1284 dus
1169 1259 1212 1288 sit,
1232 1258 1405 1289 Albensibus,
1426 1268 1458 1285 an
1473 1260 1588 1286 Vestinis
1608 1261 1796 1291 Pinnensibus,
1817 1262 1889 1295 quod

1100 1295 1262 1329 reipublicae
1277 1296 1369 1330 populi
1384 1296 1493 1323 Romani
1509 1297 1664 1331 profuerint,
1680 1303 1705 1324 et
1718 1298 1750 1328 15,
1763 1299 1810 1333 qui
1820 1298 1889 1324 dicat

1077 1345 1078 1369 3
1100 1332 1198 1363 alteris,
1215 1332 1310 1359 alteros
1325 1332 1419 1359 laedat.
1446 1334 1502 1360 Nou
1517 1335 1587 1360 enim
1603 1343 1710 1361 necesse
1724 1339 1771 1365 est,
1788 1336 1811 1361 si
1825 1335 1890 1361 alte-

1100 1378 1142 1395 ros
1160 1378 1315 1404 praeponas,
1335 1370 1430 1397 alteros
1449 1372 1613 1405 vituperare;
1638 1372 1694 1398 fieri
1708 1373 1779 1398 enim
1793 1377 1886 1407 potest,

1077 1402 1078 1424 l
1100 1411 1137 1437 ut,
1154 1415 1239 1441 quum
1254 1406 1348 1433 alteros
1364 1409 1448 1443 magis
1463 1408 1587 1439 laudaris.
1604 1408 1722 1444 aliquam
1732 1409 1822 1436 alteris
1831 1409 1890 1436 lau-

1099 1444 1141 1470 dis
1164 1449 1264 1478 partem
1287 1445 1424 1475 attribuas,
1447 1453 1479 1471 ne
1501 1446 1626 1480 cupidius
1648 1455 1783 1482 pugnasse
1800 1451 1889 1474 contra

1077 1484 1079 1491 ‘
1100 1482 1237 1507 veritatem
1256 1483 1367 1516 puteris.
1401 1483 1465 1508 Item
1485 1484 1610 1510 vitiosum
1629 1489 1678 1515 est,
1698 1484 1731 1510 de
1745 1485 1852 1511 nomine
1865 1489 1891 1510 et

1077 1516 1078 1541 l
1100 1518 1229 1545 vocabulo
1251 1519 1310 1545 eius
1333 1520 1369 1545 rei
1387 1521 1594 1546 controversiam
1612 1525 1722 1552 struere,
1738 1530 1820 1556 quam
1833 1530 1889 1548 rem

1076 1555 1078 1603 ’ἱ
1099 1555 1265 1582 consuetudo
1281 1561 1367 1591 potest
1385 1557 1484 1591 optime
1502 1558 1632 1587 iudicare:
1653 1558 1726 1584 velut
1740 1558 1887 1593 Sulpicius,

1076 1612 1078 1626 J
1099 1594 1147 1628 qui
1160 1594 1352 1624 intercesserat,
1370 1602 1401 1620 ne
1415 1594 1531 1625 exsules,
1549 1595 1650 1629 quibus
1664 1604 1786 1622 caussam
1801 1596 1890 1622 dicere

1099 1639 1151 1657 non
1171 1630 1298 1662 licuisset,
1319 1631 1517 1663 reducerentur,
1537 1632 1608 1658 idem
1628 1634 1769 1667 posterius,
1790 1634 1890 1660 immu-

1098 1713 1126 1731 se
1145 1704 1212 1731 ferre
1230 1705 1342 1737 dicebat,
1363 1711 1470 1740 propter
1487 1707 1626 1733 nominum
1640 1709 1886 1734 commutationem:

1099 1752 1159 1769 nam
1180 1751 1230 1769 non
1250 1743 1367 1773 exsules,
1389 1743 1436 1769 sed
1455 1744 1482 1770 vi
1496 1745 1592 1771 eiectos
1606 1754 1634 1771 se
1649 1745 1774 1771 reducere
1787 1745 1886 1777 aiebat,

1076 1784 1078 1803 ἐ
1098 1779 1209 1814 perinde
1227 1781 1306 1815 quasi
1323 1780 1351 1806 id
1365 1780 1461 1807 suisset
1478 1782 1505 1807 in
1519 1783 1706 1813 controversia,
1721 1791 1776 1817 quo
1789 1782 1829 1809 illi
1841 1791 1890 1809 no-

1099 1818 1170 1843 mine
1192 1817 1390 1852 appellarentur
1412 1826 1426 1843 a
1448 1818 1548 1853 populo
1566 1820 1691 1850 Romano,
1713 1825 1758 1846 aut
1779 1819 1889 1855 perinde

1098 1855 1176 1890 quasi
1199 1863 1252 1881 uon
1273 1863 1375 1886 omnes,
1397 1856 1499 1890 quibus
1521 1865 1589 1891 aqua
1607 1862 1632 1883 et
1649 1857 1706 1892 igni
1719 1857 1888 1884 interdictum

1098 1896 1146 1923 est,
1154 1891 1263 1918 exsules
1273 1892 1479 1927 appellarentur.
1495 1893 1593 1920 Verum
1603 1893 1643 1920 illi
1653 1894 1763 1921 fortasse
1773 1895 1889 1930 ignosci-

1075 1950 1078 2075 !
1099 1938 1168 1961 mus,
1190 1930 1212 1956 si
1231 1938 1293 1955 cuni
1311 1938 1405 1956 caussa
1420 1930 1494 1963 fecit3
1523 1939 1571 1957 nos
1590 1936 1677 1957 tamen
1695 1931 1885 1967 intelligamuS,

1099 1967 1226 1993 vitiosum
1240 1976 1298 1994 esse
1312 1967 1449 1994 intendere
1461 1969 1667 1995 controversiam
1681 1974 1789 2004 propter
1802 1970 1889 1996 nomi—

1098 2013 1163 2030 num
1178 2005 1422 2031 commutationem.

1153 2042 1255 2068 XXIX.
1276 2042 1317 2068 46.
1337 2041 1468 2074 Quoniam
1482 2043 1618 2069 exornatio
1630 2047 1732 2069 constat
1745 2052 1777 2070 ex
1792 2043 1888 2070 simili-

1076 2077 1077 2116 l
1098 2079 1150 2105 bus
1164 2083 1189 2105 et
1203 2079 1334 2114 exemplis
1348 2083 1374 2105 et
1386 2079 1638 2114 amplificationibus
1652 2085 1677 2106 et
1691 2081 1772 2107 rebus
1786 2081 1889 2107 iudica-

1076 2130 1077 2146 1
1099 2117 1131 2142 115
1146 2121 1171 2142 et
1184 2117 1278 2142 ceteris
1296 2117 1386 2147 rebus,
1402 2125 1471 2151 quae
1485 2117 1616 2151 pertinent
1629 2117 1663 2144 ad
1676 2118 1887 2154 exaggerandam

1068 2147 1077 2170 ‘³
1097 2158 1122 2180 et
1139 2153 1395 2188 collocupletandam
1413 2155 1676 2189 argumentationem,
1696 2163 1765 2190 quae
1778 2156 1833 2182 sint
1845 2155 1888 2182 his

1076 2188 1077 2201 ¹
1098 2191 1178 2217 rebus
1193 2191 1265 2221 vitia.
1281 2190 1491 2217 consideremus.
1513 2190 1607 2218 Simile
1618 2192 1745 2218 vitiosum
1755 2197 1803 2223 est,
1815 2193 1888 2228 quod

1068 2214 1077 2267 ‚l
1097 2237 1131 2254 ex
1148 2228 1237 2263 aliqua
1251 2233 1324 2262 parte
1337 2228 1469 2254 dissimile
1483 2233 1530 2259 est,
1547 2237 1595 2255 nec
1613 2229 1693 2255 habet
1705 2237 1795 2264 parem
1809 2231 1889 2256 ratio-

1075 2269 1077 2292 1
1097 2274 1158 2292 nem
1172 2266 1384 2300 comparationis
1401 2269 1447 2291 aut
1460 2266 1512 2300 ipsi
1527 2265 1610 2297 obest,
1626 2267 1675 2301 qui
1687 2266 1770 2293 affert.
1789 2267 1889 2294 Exem-

1075 2295 1077 2308 ⁴
1096 2303 1172 2338 plum
1188 2303 1315 2329 vitiosum
1328 2307 1376 2333 est,
1392 2303 1415 2329 si
1430 2308 1475 2329 aut
1489 2302 1587 2329 salsum
1601 2308 1648 2334 est,
1667 2308 1696 2329 ut
1710 2304 1888 2338 reprebenda-

1097 2345 1153 2372 turg
1173 2344 1218 2366 aut
1231 2340 1254 2366 si
1268 2340 1431 2374 improbum,
1448 2344 1477 2366 ut
1490 2349 1543 2366 non
1556 2341 1592 2366 sit
1603 2340 1777 2367 imitandum:
1805 2346 1851 2368 aut
1863 2343 1887 2368 si

1097 2378 1184 2403 maius
1202 2382 1248 2403 aut
1261 2377 1362 2408 minus,
1381 2386 1463 2412 quam
1477 2386 1519 2403 res
1531 2376 1686 2412 postulabit.
1708 2378 1760 2404 Res
1772 2378 1887 2405 iudicata

1096 2415 1192 2441 vitiose
1205 2413 1346 2449 profertur,
1362 2415 1386 2441 si
1399 2419 1445 2441 aut
1457 2414 1584 2440 dissimili
1593 2414 1627 2440 de
1637 2423 1664 2441 re
1674 2414 1830 2450 proferatur,
1842 2421 1888 2442 aut

1096 2451 1129 2478 de
1143 2461 1173 2478 ea
1187 2461 1223 2483 re,
1243 2460 1297 2486 qua
1311 2451 1344 2478 de
1357 2452 1535 2478 controversia
1548 2459 1600 2477 non
1615 2456 1667 2484 est;
1691 2457 1738 2478 aut
1750 2453 1774 2478 si
1787 2453 1888 2488 impro—

1096 2489 1138 2520 ba,
1154 2494 1200 2515 aut
1213 2489 1355 2520 eiusmodi,
1371 2493 1401 2515 ut
1413 2493 1460 2515 aut
1472 2488 1562 2523 plures
1576 2493 1621 2515 3111
1631 2490 1717 2525 magis
1726 2489 1836 2516 idoneae
1845 2499 1887 2517 res

1095 2526 1226 2553 iudicatae
1236 2526 1270 2552 ab
1279 2526 1438 2552 adversariis
1444 2525 1554 2560 proferri
1564 2526 1677 2560 possint.
1687 2527 1753 2553 Item
1760 2527 1886 2554 vitiosum

1096 2569 1136 2590 est
1145 2564 1181 2595 id,
1190 2563 1263 2598 quod
1276 2563 1421 2590 adversarii
1434 2563 1533 2589 factum
1547 2571 1607 2589 esse
1619 2563 1802 2595 confiteantur,
1813 2563 1847 2590 de
1856 2573 1887 2591 eo

1075 2608 1076 2612 ¹
1096 2601 1275 2637 argumentari
1294 2605 1319 2626 et
1337 2600 1448 2635 planum
1465 2599 1551 2626 facere
1564 2599 1664 2627 factum
1683 2609 1755 2633 esse;
1783 2610 1844 2628 nam
1857 2601 1886 2628 id

1096 2643 1199 2664 tantum
1213 2638 1306 2673 augeri
1318 2642 1430 2672 oportet.
1455 2638 1519 2664 ltem
1531 2638 1659 2664 w'tiosum
1672 2643 1720 2668 est.
1736 2638 1764 2664 id
1777 2647 1883 2674 augere,

1095 2675 1168 2710 quod
1182 2676 1305 2702 convenit
1318 2674 1414 2705 doceri,
1432 2674 1481 2701 hoc
1494 2674 1586 2701 modo:
1602 2680 1632 2701 ut
1645 2676 1668 2702 si
1681 2675 1744 2710 quis
1753 2683 1834 2710 quem
1844 2684 1886 2702 ar-
