1941 3052
774 760 808 789 M.
844 760 1022 790 TULLll
1058 761 1349 792 ClCERONlS

523 929 579 977 M.

294 1207 311 1227 A
319 1207 370 1228 ΚΘ.
386 1207 484 1229 Antonio
496 1208 521 1229 nd
532 1208 638 1230 Mutinam
648 1208 715 1233 victo,
727 1209 756 1230 Μ.
768 1209 888 1234 cornutus.
899 1213 989 1237 praetor
998 1217 1034 1231 ur-

241 1243 322 1266 hanun.
338 1243 451 1263 consulum
466 1246 487 1263 et
501 1244 605 1264 Caesari·
619 1244 706 1265 litteras
719 1244 743 1264 in
759 1248 837 1266 senatu
852 1245 931 1266 recitat
941 1248 963 1266 et
973 1248 1035 1271 rogat

239 1277 369 1297 tententiae.
399 1277 424 1298 ln
434 1285 476 1304 quo
486 1281 607 1299 ceterorum
617 1286 674 1300 unua
682 1295 687 1303 ,
701 1283 726 1300 ut
734 1279 834 1304 videtur,
846 1280 906 1306 sagis
916 1281 1033 1308 depositis,

239 1312 266 1332 ud
281 1315 343 1337 togas
353 1313 486 1333 redeundum
496 1317 517 1334 et
528 1314 713 1342 supplicationem
723 1315 853 1336 consulibus
864 1319 885 1336 et
896 1316 987 1336 Caes-ri
997 1317 1034 1336 de-

237 1348 367 1368 cernendam
377 1351 499 1368 censuerat.
519 1349 577 1369 Tum
589 1356 639 1370 vero
646 1349 724 1370 Cicero
735 1350 838 1371 vestitum
849 1351 974 1371 mutandum
985 1357 1035 1371 ense

238 1386 310 1407 negat,
323 1382 368 1403 nisi
379 1383 406 1403 D.
418 1383 485 1403 Bruto
497 1382 602 1404 liberato:
613 1384 732 1405 Antonium
740 1401 746 1409 ,
757 1385 838 1412 quique
847 1392 891 1406 una
901 1389 984 1410 esseut,
995 1385 1033 1406 bo-

238 1420 283 1437 stea
293 1417 434 1438 iudicandus:
455 1418 640 1445 supplicationem
651 1419 810 1446 quinquaginta
820 1421 903 1441 dierum
914 1420 1033 1441 communi-

237 1455 271 1473 ter
280 1452 351 1473 tribue
362 1453 455 1473 ducibus
465 1453 633 1474 decernendam:
649 1455 732 1475 mihtes
747 1462 796 1480 eos,
812 1455 850 1482 qui
865 1463 904 1483 pru
920 1455 1033 1483 republica

236 1491 359 1514 pugnantes
370 1488 505 1512 interierint,
516 1492 654 1509 monumento
666 1497 729 1517 quarn
739 1490 877 1517 amplissimo
887 1491 1032 1512 cohonestan-

235 1523 283 1546 «los,
294 1522 403 1549 promissa
413 1523 443 1543 iis
454 1523 552 1550 praemia
561 1524 690 1550 parentibus
701 1532 782 1551 eorum,
793 1525 880 1551 liberis,
892 1525 1031 1551 coniugibus,

236 1557 343 1578 fratribus
353 1557 506 1584 persolvenda*

291 1595 311 1620 Ι.
336 1596 359 1620 l.
382 1590 428 1626 Si,
442 1599 472 1621 ut
482 1604 515 1621 ex
526 1595 633 1627 litteris,
647 1604 716 1631 quae
727 1597 848 1624 recitatae
859 1601 930 1628 sunt,
944 1602 1032 1632 patres

235 1632 391 1666 conscripti,
409 1632 675 1660 sceleratissimorum
687 1634 804 1660 hostium
815 1635 961 1661 exercitum
973 1643 1033 1661 cae-

235 1677 297 1695 sum
310 1669 455 1704 susumque
465 1671 634 1705 cognovi,sic
648 1670 765 1706 id,quod
776 1676 802 1698 et
812 1680 904 1698 omnes
916 1672 1032 1698 maxime

233 1711 358 1740 optamus
370 1711 395 1733 et
406 1715 438 1733 ex
450 1715 478 1733 ea
491 1708 613 1738 victoria,
630 1716 699 1743 quae
711 1713 783 1743 parta
795 1714 844 1740 est,
857 1713 1031 1735 consecutum

235 1743 408 1775 arbitramur,
426 1744 455 1770 D.
468 1745 580 1771 Brutum
592 1753 729 1781 egressum
742 1746 795 1772 iam
806 1746 907 1772 Mutina
919 1754 977 1772 esse
988 1754 1033 1772 co-

233 1781 402 1815 gnovissem:
416 1786 523 1816 propter
534 1782 612 1808 cuius
623 1782 773 1816 periculum
785 1783 818 1809 ad
829 1792 892 1819 saga
903 1784 1029 1814 issemus,

234 1822 341 1852 propter
351 1818 471 1844 eiusdem
483 1818 597 1845 salutem
609 1819 776 1846 redeundum
790 1820 823 1846 ad
834 1821 978 1855 pristinum
986 1829 1031 1846 ve-

233 1855 327 1881 stitum
349 1855 407 1881 sine
427 1855 482 1882 ulla
503 1855 669 1883 dubitatione
688 1865 834 1884 censerem.
875 1858 942 1884 Ante
958 1866 1028 1888 vero,

233 1900 315 1926 quam
331 1893 365 1918 sit
380 1901 409 1919 ea
424 1902 480 1924 res,
502 1901 584 1928 quam
599 1893 755 1921 avidissime
771 1895 865 1921 civitas
885 1899 1028 1930 exspectat,

233 1929 323 1960 allata,
348 1929 444 1956 laetitia
457 1929 508 1956 frui
520 1931 584 1957 satis
596 1935 635 1957 est
646 1931 778 1958 maximae
789 1931 1031 1967 praeclarissimae-

233 1974 286 2001 que
301 1975 421 2002 pugnae:
443 1967 559 1993 reditum
575 1967 608 1994 ad
623 1969 749 1995 vestitum
761 1969 894 1996 confectae
906 1970 1030 1996 victoriae

233 2009 375 2030 reservate.
421 2003 555 2031 Confectio
572 2010 661 2032 autem
678 2006 760 2033 huius
775 2006 838 2033 belli
854 2012 894 2033 est
909 2007 939 2033 D.
956 2007 1030 2033 Bruti

232 2039 316 2067 salus.
357 2042 382 2067 2.
398 2040 471 2073 Quae
482 2046 570 2068 autem
582 2047 622 2068 est
632 2043 681 2069 ista
693 2044 832 2075 sententia,
847 2044 913 2070 utin
925 2044 1030 2070 hodier-

232 2086 297 2104 num
314 2077 386 2104 diem
402 2079 515 2105 vestitus
531 2084 662 2111 mutetur,
685 2080 782 2107 deinde
797 2090 854 2108 cras
870 2082 954 2117 sagati
968 2090 1031 2116 pro-

232 2114 362 2141 deamus?
382 2116 435 2142 Nos
451 2124 514 2143 vero
527 2125 613 2151 quum
631 2117 713 2144 semel
726 2118 758 2144 ad
768 2127 844 2150 eum,
861 2127 942 2154 quem
952 2119 1030 2154 cupi-

231 2161 292 2178 mus
304 2157 491 2188 optamusque,
505 2155 632 2180 vestitum
644 2154 812 2187 redierimus,
826 2156 854 2182 id
864 2164 986 2192 agamus.
1000 2161 1030 2183 ut

231 2197 293 2216 eum
314 2190 341 2216 in
361 2195 521 2225 perpetuum
542 2192 713 2218 retineamus.
755 2193 822 2219 Nam
846 2193 896 2220 hoc
918 2193 1028 2228 quidem

230 2235 316 2262 quum
336 2231 413 2262 turpe
433 2233 485 2259 est,
508 2233 565 2254 tum
588 2238 621 2255 ne
637 2229 689 2255 diis
705 2230 816 2264 quidem
832 2230 1028 2257 immortalibus

229 2269 349 2300 gratum,
368 2265 402 2291 ab
413 2273 505 2292 eorum
516 2267 582 2297 aris,
601 2266 634 2292 ad
644 2275 712 2301 quas
724 2268 805 2303 togati
816 2268 977 2299 adierimus,
995 2268 1027 2294 ad

230 2310 293 2337 saga
304 2301 436 2328 sumenda
446 2303 593 2329 discedere.
630 2305 654 2330 3.
676 2305 764 2339 Atque
775 2305 967 2336 animadverto,
980 2314 1028 2340 pa-

230 2343 282 2365 tres
293 2340 451 2374 conscripti,
463 2340 595 2375 quosdam
607 2340 671 2367 huic
682 2341 771 2368 favere
782 2343 943 2373 sententiae,
960 2351 1028 2377 quo-

230 2384 289 2402 rum
300 2385 330 2403 ea
341 2385 417 2403 mens
429 2376 511 2412 idque
521 2377 664 2404 eonsilium
676 2383 728 2409 est,
747 2383 789 2411 ut,
807 2388 893 2415 quum
909 2379 1024 2411 videant,

229 2412 453 2447 gloriosissimum
465 2414 543 2441 illum
557 2415 587 2441 D.
600 2415 681 2442 Bruto
692 2415 813 2443 futurum
824 2417 905 2448 diem,
919 2425 973 2452 quo
984 2417 1027 2443 die

230 2455 336 2484 propter
355 2452 414 2477 eius
434 2451 548 2478 salutem
569 2452 728 2479 redierimus
742 2453 775 2480 ad
791 2454 918 2480 vestitum
926 2475 932 2485 ,
954 2454 1027 2480 hunc

231 2490 333 2513 tantum
344 2489 368 2514 ei
379 2487 496 2515 fructum
507 2489 609 2523 eripere
619 2490 737 2524 cupiant,
745 2499 778 2516 ne
784 2491 927 2517 memoriae
938 2496 1028 2525 poste-

231 2522 355 2557 ritatique
365 2525 503 2558 prodatur,
523 2531 630 2560 propter
645 2527 726 2553 unius
737 2528 805 2553 civis
818 2528 967 2562 periculum
979 2537 1027 2563 po-

231 2558 326 2592 pulum
338 2560 485 2589 Romanum
498 2563 531 2589 ad
542 2572 605 2598 saga
615 2564 710 2594 ivisse,
733 2570 840 2598 propter
851 2565 971 2591 eiusdem
983 2574 1027 2591 sa-

233 2596 315 2622 lutem
335 2597 436 2624 redisse
456 2599 489 2625 ad
509 2604 593 2636 togas.
635 2600 730 2626 Tollite
751 2601 831 2632 hauc,
853 2601 955 2628 nullam
972 2606 1025 2628 tam

231 2641 327 2666 pravae
342 2636 488 2662 sententiae
503 2645 625 2663 caussam
637 2638 784 2672 reperietis.
825 2639 878 2665 Vos
889 2647 964 2670 vero,
978 2647 1026 2674 pa-

231 2674 284 2696 tres
294 2671 451 2706 conscripti,
468 2679 621 2701 conservate
631 2675 812 2702 auctoritatem
824 2680 939 2703 vestram
947 2696 953 2707 ,
969 2684 1024 2702 ma-

1042 681 1082 706 70.

1039 854 1081 874 IN⁷

707 930 742 977 A
828 930 867 978 N
956 931 994 979 T
1081 931 1116 980 Ο
1204 931 1242 980 Ν

695 1039 986 1078 pfflmppch
1013 1040 1426 1085 QUARTADECIMA.

1330 931 1598 998 [Uol

1087 1216 1146 1238 nete
1161 1213 1188 1238 in
1205 1213 1349 1243 sententia,
1368 1217 1454 1239 tenete
1465 1217 1550 1239 vestra
1563 1213 1703 1242 memoria,
1719 1212 1791 1248 quod
1802 1221 1880 1248 saepe
1918 1228 1925 1246 ς

1087 1249 1256 1281 ostendistis,
1274 1250 1356 1276 huius
1371 1251 1452 1276 totius
1468 1250 1531 1276 belli
1547 1251 1574 1276 in
1587 1251 1668 1277 unius
1679 1251 1729 1277 viri
1742 1250 1880 1277 fortissimi
1916 1274 1922 1294 1

1087 1292 1112 1313 et
1123 1287 1233 1313 maximi
1246 1288 1297 1313 vita
1310 1288 1428 1322 positum
1439 1296 1498 1314 esse
1509 1287 1664 1314 discrimen.
1704 1288 1735 1314 ll.
1752 1289 1776 1314 4.
1797 1287 1838 1314 Ad
1850 1288 1878 1314 D.
1917 1299 1924 1338 1

1086 1325 1197 1350 Brutum
1215 1324 1381 1351 liberandum
1399 1325 1477 1361 legati
1493 1326 1582 1355 missi,
1606 1325 1741 1360 principes
1754 1325 1878 1355 civitatis,
1912 1351 1922 1367 ι

1086 1363 1132 1396 qui
1148 1361 1188 1388 illi
1205 1362 1273 1388 hosti
1289 1371 1318 1388 ac
1333 1362 1479 1397 parricidae
1494 1362 1693 1391 denuntiarent.
1711 1368 1741 1389 ut
1753 1371 1768 1388 a
1779 1363 1880 1389 Mutina
1916 1371 1922 1398 ¹:

1085 1399 1247 1425 discederet:
1265 1400 1386 1426 eiusdem
1398 1400 1428 1426 D.
1440 1400 1514 1426 Bruti
1529 1400 1704 1426 conservandi
1720 1400 1803 1436 gratia
1817 1408 1882 1426 con-
1916 1404 1923 1432 J

1085 1436 1126 1462 sul
1144 1437 1237 1463 sortitu
1253 1436 1286 1463 ad
1301 1437 1403 1463 bellum
1419 1437 1553 1472 profectus
1565 1438 1595 1463 A.
1608 1438 1723 1463 Hirtius:
1739 1438 1818 1464 cuius
1829 1438 1881 1463 im·
1919 1439 1921 1443 ¹

1085 1474 1255 1500 becillitatem
1273 1474 1435 1501 valetudinis
1450 1475 1531 1501 animi
1548 1475 1633 1501 virtus
1647 1480 1672 1501 et
1683 1483 1744 1509 spes
1756 1475 1881 1501 victoriae
1918 1485 1922 1499 .·

1084 1511 1263 1538 confirmavit:
1286 1511 1394 1542 Caesar,
1407 1521 1506 1547 quum,
1519 1513 1636 1538 exercitu
1649 1520 1696 1546 per
1705 1520 1734 1538 se
1744 1520 1881 1546 compara·
1915 1516 1920 1524 '

1085 1553 1123 1579 to,
1136 1557 1149 1574 a
1161 1549 1254 1583 primis
1266 1549 1388 1583 pestibus
1399 1549 1592 1584 rempublicam
1605 1549 1756 1577 liberasset,
1770 1557 1802 1575 ne
1813 1548 1880 1583 quid

1085 1590 1174 1620 postea
1186 1586 1293 1612 sceleris
1304 1587 1424 1617 oriretur,
1439 1586 1573 1621 profectus
1583 1591 1623 1612 est
1633 1586 1666 1612 ad
1677 1586 1801 1613 eumdem
1813 1586 1880 1612 Bru-

1084 1628 1141 1649 tum
1159 1622 1341 1653 liberandum,
1360 1625 1476 1659 vicitque
1491 1624 1608 1650 dolorem
1623 1624 1740 1658 aliquem
1751 1623 1880 1649 domesti-

1083 1669 1145 1686 cum
1157 1661 1256 1694 patriae
1267 1661 1383 1687 caritate.
1418 1662 1443 1687 5.
1465 1660 1536 1693 Quid
1547 1660 1575 1687 C.
1589 1661 1673 1687 Pansa
1683 1661 1737 1696 egit
1748 1659 1822 1686 aliud
1833 1660 1880 1686 de-

1085 1697 1197 1723 lectibus
1209 1697 1352 1727 habendis,
1366 1698 1487 1732 pecuniis
1498 1697 1692 1732 comparandis,
1706 1702 1880 1724 senatuscon-

1083 1734 1162 1760 sultis
1174 1734 1302 1761 faciendis
1313 1735 1481 1770 gravissimis
1491 1735 1518 1761 in
1530 1735 1684 1765 Antonium,
1697 1734 1774 1760 nobis
1785 1735 1879 1761 cohor-

1083 1772 1179 1801 tandis,
1197 1771 1419 1806 populoRomano
1429 1772 1463 1798 ad
1473 1780 1596 1798 caussam
1610 1772 1738 1798 libertatis
1749 1771 1877 1802 vocando,
1914 1770 1915 1773 ’

1083 1809 1135 1835 nisi
1149 1814 1176 1835 ut
1187 1809 1215 1835 D.
1227 1809 1324 1835 Brutus
1337 1809 1510 1835 liberaretur‘.¹
1520 1818 1534 1835 a
1548 1818 1602 1844 quo
1613 1808 1729 1844 populus
1743 1809 1879 1835 Romanus
1907 1810 1913 1826 ‘¹

1083 1845 1209 1881 frequens
1225 1847 1260 1872 ita
1276 1846 1388 1872 salutem
1401 1847 1430 1872 D.
1443 1847 1516 1872 Bruti
1529 1855 1581 1873 una
1593 1855 1656 1872 voce
1667 1846 1836 1881 depoposcit,
1850 1850 1880 1872 ut
1910 1845 1913 1858 ²

1082 1891 1140 1909 eam
1157 1892 1209 1910 non
1221 1883 1309 1910 solum
1321 1884 1468 1910 commodis
1479 1884 1550 1914 suis,
1573 1884 1620 1910 sed
1635 1884 1715 1909 etiam
1727 1884 1890 1912 necessitati,
1905 1873 1917 1912 l

1083 1921 1170 1947 victus
1181 1920 1330 1947 anteferret.
1352 1921 1427 1953 Quod
1439 1929 1545 1956 sperare
1557 1930 1604 1947 nos
1615 1920 1725 1956 quidem
1736 1921 1876 1952 debemus,
1895 1940 1897 1942 -

1082 1963 1170 1993 patres
1185 1958 1342 1992 conscripti,
1360 1963 1405 1984 aut
1419 1959 1487 1984 inibi
1503 1966 1574 1989 esse,
1592 1963 1637 1984 aut
1651 1958 1704 1984 iam
1719 1966 1778 1984 esse
1788 1957 1879 1985 confe-

1081 2000 1168 2022 ctum:
1186 1995 1234 2022 sed
1249 1996 1307 2030 spei
1324 1995 1439 2022 fructum
1451 1996 1488 2022 rei
1499 1996 1624 2022 convenit
1634 2000 1659 2021 et
1670 1996 1777 2021 eventui
1793 2003 1879 2021 reser-

1082 2033 1151 2064 vari,
1173 2041 1205 2059 ne
1216 2037 1261 2059 aut
1272 2032 1382 2059 deorum
1394 2033 1586 2059 immortalium
1597 2032 1757 2059 beneficium
1768 2031 1879 2059 festina·
1895 2034 1898 2038 '

1081 2071 1151 2097 tione
1166 2070 1359 2105 praeripuisse,
1377 2075 1423 2097 aut
1437 2071 1493 2097 vim
1505 2070 1625 2097 fortunae
1635 2069 1748 2096 stultitia
1758 2074 1878 2096 oontem-

1081 2108 1169 2143 psisse
1180 2107 1330 2134 videamur.

1137 2158 1161 2183 6.
1183 2155 1235 2182 Sed
1249 2156 1377 2191 quoniam
1392 2155 1552 2191 significatio
1566 2158 1654 2181 vestra
1668 2154 1733 2180 satis
1751 2153 1874 2185 declarat,

1080 2193 1147 2228 quid
1158 2193 1207 2220 hac
1217 2193 1250 2219 de
1261 2201 1289 2219 re
1300 2193 1430 2223 sentiatis,
1449 2192 1482 2219 ad
1494 2192 1594 2219 litteras
1604 2192 1719 2222 veniam,
1733 2199 1802 2226 quae
1811 2195 1877 2218 sunt

1080 2240 1094 2257 a
1109 2230 1266 2258 consulibus
1281 2235 1307 2256 et
1321 2239 1335 2256 a
1351 2234 1518 2265 propraetore
1534 2230 1645 2259 missae,
1667 2229 1691 2254 si
1706 2236 1789 2263 pauca
1805 2233 1874 2260 ante,

1079 2277 1148 2303 quae
1160 2267 1193 2294 ad
1205 2267 1277 2302 ipsas
1289 2267 1388 2294 litteras
1400 2267 1556 2302 pertineant,
1569 2266 1671 2292 dixero.
1710 2265 1754 2292 111.
1776 2265 1876 2292 lmbuti

1079 2306 1210 2341 sanguine
1224 2304 1320 2340 gladii,
1343 2309 1430 2339 patres
1445 2304 1602 2338 conscripti,
1621 2302 1755 2338 legionum
1773 2303 1876 2329 exerci-

1079 2347 1211 2378 tuumque
1222 2347 1381 2373 nostrorum,
1391 2341 1431 2367 vel
1444 2340 1583 2367 madefacti
1595 2340 1683 2374 potius
1694 2339 1801 2366 duobus
1811 2339 1895 2366 oon-U

1078 2379 1183 2411 sulum,
1207 2380 1283 2405 tertio
1298 2378 1418 2406 Caesaris
1436 2378 1544 2413 praelio.
1585 2376 1613 2403 Si
1630 2377 1747 2403 hostium
1763 2376 1813 2403 fuit
1827 2374 1907 2415 illeffl'

1078 2418 1203 2453 sanguis,
1221 2424 1327 2442 summa
1339 2416 1456 2442 militum
1468 2416 1566 2450 pietas:
1586 2413 1718 2440 nefarium
1729 2413 1831 2445 scelus,
1848 2413 1874 2441 si
1884 2418 1897 2443 'n

1077 2455 1188 2480 civium.
1214 2453 1361 2488 Quousque
1372 2453 1454 2488 igitur
1464 2453 1497 2483 is,
1510 2452 1558 2486 qui
1567 2459 1661 2478 omnes
1672 2451 1762 2477 hostes
1773 2450 1874 2477 scelere
1886 2460 1898 2488 5

1077 2491 1222 2526 superavit,
1236 2491 1342 2517 nomine
1354 2490 1438 2516 hostis
1448 2487 1566 2515 carebit?
1578 2489 1630 2514 nisi
1642 2496 1782 2514 mucrones
1793 2488 1873 2514 etiam

1078 2533 1228 2555 nostrorum
1240 2527 1358 2554 militum
1369 2531 1481 2553 tremere
1492 2525 1587 2556 vultis,
1601 2525 1767 2556 dubitantes,
1781 2529 1873 2551 utrum

1078 2565 1105 2591 iu
1115 2566 1187 2596 cive,
1205 2573 1238 2591 an
1250 2565 1277 2591 in
1289 2564 1364 2591 hoste
1375 2563 1498 2599 figantur.
1537 2563 1563 2588 7.
1586 2562 1814 2597 Supplicationem
1825 2561 1872 2588 de-

1076 2603 1198 2628 cernitis:
1221 2602 1324 2628 hostem
1336 2609 1388 2628 non
1399 2600 1548 2635 appellatis.
1589 2600 1684 2626 Gratae
1695 2607 1757 2626 vero
1767 2603 1872 2625 nostrae

1076 2639 1129 2665 diis
1149 2638 1346 2665 immortalibus
1366 2637 1557 2673 gratulationes
1577 2641 1668 2667 erunt,
1689 2641 1779 2672 gratae
1794 2635 1871 2662 victi-

1077 2684 1143 2707 mae,
1156 2684 1242 2711 quum
1252 2674 1388 2702 interfecta
1398 2675 1433 2701 sit
1443 2675 1545 2700 civium
1556 2673 1714 2701 multitudo!
1726 2674 1764 2700 De
1774 2675 1870 2706 impro-

1903 1971 1915 1997 l
