1941 3052
229 126 278 151 υτικ
797 123 853 146 4002.
886 120 919 145 ιι.
951 120 981 145 τ.

230 199 368 230 parentum
386 193 483 218 scelera
500 192 614 217 liliorum
628 192 720 225 poenis
733 190 779 216 lui.

821 190 871 215 Sed
885 190 933 215 lmc
945 199 1021 224 prae·
1042 189 1045 210 ἶ

228 232 298 258 clare
316 231 420 263 legibus
436 233 617 263 comparatum
634 233 686 257 cst.
709 232 736 253 ut
757 228 852 253 varinus
876 227 1020 253 liberorum
1044 254 1045 262 ἵ

229 269 368 295 nmis-iores
386 271 506 301 pura-um
522 265 685 299 reipublicae
698 264 828 290 redderet.
870 265 960 299 ltaque
974 265 1022 290 Le-

230 306 309 340 pidus
319 304 436 330 crudi-lis
450 303 474 328 iu
488 303 598 332 libe-roffi
613 310 663 327 non
677 302 707 331 is,
717 302 763 336 qui
773 301 903 335 Lepidum
919 302 1021 327 bostem

231 343 339 369 iudicat.
381 342 465 374 Atque
479 340 523 365 ill«-
535 339 780 373 si.ar1nisp‹›sitis,
797 339 829 364 de
843 339 866 364 vi
880 339 1022 364 damnatus

229 385 310 408 esset,
333 386 386 412 quo
405 378 429 402 in
448 376 547 402 iudicio
556 381 626 402 certo
637 375 820 402 defensionem
834 385 884 401 non
899 376 1019 401 liaberet:

228 416 349 442 eamdem
361 414 538 440 calamitatem
551 413 673 439 subirent
685 413 771 443 liberi,
782 413 1020 447 lmnispubluatis.

228 456 396 486 Quamquam
407 472 412 481 ,
432 451 503 486 quod
521 455 563 477 tua
580 456 663 476 matt-r
678 455 703 476 et
719 459 792 476 soror
807 450 965 484 deprecatur
976 458 1023 484 pro

230 490 320 525 pueris
329 509 334 519 ‚
353 489 379 514 id
392 489 480 523 ipsum
493 493 518 514 et
530 488 611 514 multa
623 488 673 513 alia
685 487 833 513 crudeliora
847 488 924 513 nobis
935 487 1023 513 omni-

230 528 280 553 bus
293 526 410 560 Lepidus
422 530 447 551 et
459 526 589 551 Antonius
601 530 626 551 et
638 525 734 559 reliqui
748 525 837 551 hostes
852 525 1021 551 denuntiant.
1044 530 1045 545 1

229 565 320 598 ltaque
332 563 478 589 maximam
490 572 564 597 spem
578 563 625 588 boc
638 567 754 597 tempore
767 562 898 588 babemus
911 563 936 588 in
949 567 972 588 te
984 566 1023 588 at-

229 610 281 637 que
300 601 419 627 exercitu
437 605 492 626 tuo.
532 601 621 632 Quum
642 599 674 625 ad
692 599 856 634 reipublicae
876 608 1020 629 summam.

230 644 285 665 tum
297 637 330 664 ad
342 638 454 672 gloriam
469 642 494 664 et
504 637 662 672 (lignitatem
674 642 745 663 tuam
759 637 930 663 vehementer
941 637 1023 671 perti-

230 681 285 706 net,
305 680 328 702 te
345 676 371 701 in
389 674 502 705 ltaliam,
526 679 554 701 ut
569 679 628 700 ante
644 675 754 708 scripsi,
776 675 867 700 venire
883 674 1023 708 quampri-

230 721 314 739 mum.
355 712 421 747 Eget
442 712 513 738 enim
535 711 707 738 veliementer
726 720 810 746 quum
832 711 937 737 viribus
959 712 1020 741 tuis.

229 756 285 777 tum
301 750 381 776 etiam
393 749 506 775 consilio
518 749 679 783 respublica.
721 751 745 775 3.
768 749 889 774 Veterem
906 757 952 782 pro
963 749 1022 774 eius

229 796 290 822 erga
307 792 331 813 te
351 785 535 813 benevolentia
551 786 737 821 singularique
753 785 841 812 ol'licio
859 785 972 812 libenter
989 794 1023 812 ex

229 825 283 851 tuis
300 824 394 850 litteris
409 823 567 858 complexus
578 832 652 849 sum:
670 831 787 857 eumque
798 831 883 857 quum
896 823 948 853 tui,
966 827 1022 849 tum

229 861 393 896 reipublicae
405 860 636 887 studiosissimum
648 861 918 895 amantissimumque
925 868 1024 895 cogno-

230 899 267 925 vi.
290 899 443 924 Ciceronem
465 907 554 924 meum
570 898 741 932 propediem,
759 902 789 924 ut
804 906 895 931 spero,
915 897 1022 923 videbo.

228 936 328 962 Tecum
340 936 412 962 enim
428 934 514 966 illum,
531 940 555 962 ct
568 941 591 962 te
605 936 630 961 in
643 935 744 962 ltaliam
756 934 877 961 celeriter
887 943 946 961 esse
960 943 1024 961 ven-

229 978 320 1000 turum
334 972 448 1000 conlido.

284 1052 347 1072 xnt.
364 1052 381 1072 A
388 1052 407 1072 R
414 1052 440 1072 G.
460 1052 542 1072 Auctor
556 1051 639 1072 libero·
656 1051 734 1078 Lepiili
749 1052 896 1076 commendat,
911 1056 1024 1079 rogatque·

229 1094 256 1107 ne
267 1086 353 1111 exlege
363 1094 409 1107 eum
421 1087 450 1107 ii·
461 1091 544 1111 agutur.
568 1087 627 1107 Haec
637 1086 733 1113 epistola
744 1086 810 1106 Bruto
821 1094 864 1107 non
874 1094 940 1114 posse
950 1091 1024 1108 aucto-

231 1160 253 1177 tn
264 1160 310 1180 ut,
326 1163 376 1180 nee,
394 1156 497 1182 trepidum
509 1163 521 1176 a
532 1160 609 1176 serintu
619 1156 704 1176 hostem
715 1156 835 1176 iudicatum
846 1164 907 1181 esse,
919 1157 976 1177 nire
986 1165 1024 1184 pn-

230 1234 257 1247 e«
269 1234 345 1247 surore
356 1234 395 1247 suu
406 1226 496 1246 liberos.

383 1271 559 1298 BRUTUS
592 1271 814 1299 CICERONI
843 1273 870 1299 S.

288 1311 310 1335 t.
334 1304 377 1335 De
394 1309 429 1335 M.
447 1308 547 1343 Lepido
566 1310 651 1335 vereri
668 1318 710 1335 me
726 1311 797 1345 cogit
813 1310 980 1345 reliquorum
992 1311 1026 1337 ti-

230 1354 302 1372 mor:
315 1346 398 1381 quisi
412 1347 541 1380 eripuerit
552 1355 580 1372 se
591 1346 678 1378 nobis,
687 1347 768 1382 (quod
783 1347 864 1373 velim
876 1353 975 1374 temere
986 1353 1025 1374 at-

228 1384 417 1418 queiniuriose
429 1383 462 1409 de
476 1383 520 1410 illo
531 1384 662 1418 suspicati
673 1385 727 1410 sint
739 1384 934 1419 homines‚)or0
945 1390 1025 1420 atque

228 1421 388 1452 obsecrate,
405 1420 510 1451 Cicero,
527 1421 755 1448 necessitudinem
767 1427 884 1448 nostram
897 1427 1024 1458 tuamque

229 1459 256 1484 in
270 1466 311 1484 me
323 1457 537 1484 benevolentiam
553 1458 702 1489 obtestans,
721 1460 818 1485 sororis
835 1468 909 1486 meae
926 1459 1025 1486 liberos

228 1494 399 1521 obliviscaris
411 1503 470 1521 esse
482 1495 577 1529 Lepidi
590 1495 672 1527 filios,
689 1504 786 1531 meque
798 1497 879 1523 bisin
891 1499 974 1531 patris
987 1497 1026 1523 lo·-

228 1540 290 1558 cum
305 1532 469 1558 successisse
485 1533 635 1559 existimes.
675 1533 729 1559 Hoc
740 1534 764 1559 si
775 1542 788 1559 a
800 1539 824 1560 te
837 1534 964 1569 impetro,
983 1535 1026 1560 ni-

229 1569 267 1595 bil
284 1569 401 1604 profecto
416 1569 555 1596 dubitabis
571 1578 618 1604 pro
634 1570 677 1596 his
693 1571 840 1605 suscipere.

228 1644 301 1670 beris
313 1643 408 1674 facere,
424 1652 477 1678 quo
492 1645 577 1678 possit
587 1644 691 1679 expleri
703 1645 827 1671 voluntas
839 1654 898 1672 mea
909 1651 954 1672 aut
964 1645 1025 1672 offi-

228 1682 312 1707 cium.
352 1680 423 1713 Quid
440 1690 501 1707 vero
517 1687 562 1708 aut
573 1682 641 1708 mihi
652 1682 770 1708 tribuere
783 1682 846 1709 boni
857 1688 983 1717 possunt,
1001 1684 1024 1709 si

228 1718 308 1745 modo
319 1718 395 1754 digni
406 1727 511 1749 sumus,
525 1719 627 1753 quibus
637 1718 741 1754 aliquid
755 1720 900 1746 tribuatur:
919 1725 964 1747 aut
975 1729 1025 1756 ego

228 1756 307 1782 matri
323 1764 352 1782 ae
368 1756 451 1782 sorori
466 1757 612 1791 puerisque
629 1756 683 1782 illis
699 1761 882 1791 praestaturus
901 1766 976 1788 sum,
1001 1757 1024 1783 si

229 1793 298 1819 nihil
315 1793 430 1819 valuerit
444 1792 516 1827 apud
536 1797 560 1819 te
581 1793 771 1828 reliquumque
791 1798 914 1820 senatum
934 1799 1024 1821 contra

228 1835 331 1865 patrem
344 1829 476 1864 Lepidum
486 1830 583 1856 Brutus
595 1830 766 1856 avunculus?
783 1832 808 1856 ἱ).
820 1831 941 1857 Scribere
954 1831 1026 1857 mul-

228 1872 253 1893 ta
265 1867 298 1893 ad
310 1872 334 1893 te
346 1875 432 1901 neque
444 1875 555 1901 possum
568 1875 630 1902 prae
641 1867 824 1894 sollicitudine
835 1877 865 1894 ac
876 1869 1022 1900 stomacho,
1054 1878 1056 1886 ¹

466 1905 532 1930 Nam
549 1905 571 1930 si
587 1905 613 1930 in
631 1909 701 1930 tanta
716 1913 743 1930 re
755 1909 862 1939 tamque
874 1907 1025 1932 necessaria
1054 1922 1055 1927 =

229 1941 320 1967 verbis
336 1941 405 1967 mihi
419 1949 487 1975 opus
502 1946 542 1967 est
556 1941 589 1968 ad
605 1946 628 1967 te
643 1941 816 1968 excitandum
827 1946 853 1968 et
863 1943 1025 1969 confirman—
1054 1971 1055 1980 ἵ

228 1912 316 1938 neque
330 1904 425 1930 debeo.

228 1979 308 2005 dum:
326 1977 399 2004 nulla
414 1986 476 2012 spes
489 1983 542 2008 est,
562 1978 694 2005 facturum
706 1983 744 2009 te,
760 1979 833 2013 quod
845 1979 905 2006 volo
916 1985 941 2006 et
951 1980 1024 2015 quod

228 2020 340 2050 oportet.
381 2014 468 2047 Quare
484 2015 538 2041 noli
554 2020 708 2050 exspectare
727 2015 820 2051 longas
836 2025 939 2051 preces.
980 2019 1023 2044 In-

228 2058 303 2080 tuere
318 2053 467 2087 meipsum,
484 2053 532 2087 qui
549 2052 597 2078 boc
611 2062 624 2079 a
637 2057 660 2079 te
673 2052 714 2079 vel
726 2061 739 2079 a
752 2053 892 2085 Cicerone,
910 2055 1024 2081 coniun-

228 2091 349 2117 ctissimo
365 2090 486 2119 bomine,
505 2090 645 2124 privatim,
663 2090 706 2116 vel
723 2099 736 2116 a
750 2091 885 2117 consulari
897 2091 943 2118 tali
955 2093 1022 2123 viro,

229 2133 328 2154 remota
340 2126 540 2153 necessitudine
551 2128 663 2162 privata,
678 2128 820 2162 impetrare
831 2128 926 2156 debeo.
953 2129 1025 2162 Quid

228 2166 266 2191 sis
278 2164 405 2194 facturus,
420 2164 501 2190 velim
512 2165 580 2191 mihi
591 2166 793 2200 quamprimum
805 2166 947 2193 rescribas.
973 2167 1026 2193 Ka-

229 2202 300 2229 lend.
313 2202 405 2234 Quint.
418 2210 452 2228 ex
462 2202 565 2228 castris.

280 2275 344 2295 XIV.
367 2275 443 2295 ARG.
463 2275 546 2294 Auctor
559 2274 692 2301 paucitatem
708 2278 729 2296 et
739 2276 867 2296 brevitatem
879 2275 1024 2303 epistolarum

229 2311 288 2331 Bruti
300 2314 399 2331 accusat:
411 2312 480 2334 rugat,
492 2313 515 2329 ut
526 2309 654 2330 Ciceronem
665 2317 737 2331 secum
748 2310 856 2335 retinent3
871 2310 925 2330 etin
937 2310 1023 2331 ltaliam
1054 2318 1055 2323 ¹

228 2353 290 2372 quum
301 2345 394 2372 primum
405 2348 429 2365 ut
438 2344 520 2368 veniat,
531 2343 638 2364 bortatur.
659 2344 683 2364 ln
694 2344 733 2365 hac
744 2345 840 2372 epistula
849 2345 906 2365 illud
917 2345 1023 2366 offensio-

228 2380 252 2400 ni
262 2383 306 2404 est,
322 2380 391 2407 quod,
407 2386 461 2406 quae
476 2386 510 2406 ep.
522 2383 544 2399 V.
555 2383 646 2406 propter
659 2379 760 2406 auspicia
773 2379 844 2400 dilata
853 2387 902 2401 esse
912 2380 1023 2405 dicuntur,

228 2415 317 2435 coniitia
328 2415 465 2435 sacerdotum
474 2421 557 2435 summa
563 2413 704 2434 contentione
714 2413 808 2435 alterum
817 2414 842 2435 in
852 2421 931 2435 annum
941 2414 1024 2436 reiecta

229 2455 278 2470 esse
288 2450 411 2470 traduntur.

358 2495 393 2520 M.
421 2494 588 2521 CICERO
617 2494 645 2520 S.
671 2494 701 2520 D.
728 2494 886 2521 BRUTO.

287 2540 308 2564 l.
322 2534 425 2565 Breves
436 2544 496 2566 tuae
507 2539 622 2565 litterae:
635 2539 732 2565 breves
743 2539 821 2565 dico?
832 2539 1021 2567 immonullae.

229 2574 360 2601 Tribusne
372 2576 513 2602 versiculis
526 2576 568 2602 his
579 2576 746 2611 temporibus
752 2577 849 2603 Brutus
860 2577 893 2603 ad
904 2577 964 2603 me‘?
975 2577 1024 2603 Ni-

229 2611 267 2637 hil
279 2612 448 2646 scripsissem
460 2614 558 2647 potius.
592 2614 631 2650 vEt
642 2613 758 2648 requiris
769 2622 852 2640 meas.
882 2613 950 2646 Quis
961 2623 1023 2640 um-

228 2656 309 2683 quam
321 2648 354 2675 ad
366 2654 389 2675 te
400 2654 505 2676 tuorum
517 2651 575 2676 sine
587 2651 655 2676 meis
665 2650 756 2677 venit‘?
775 2650 848 2683 Quae
864 2656 953 2677 autem
963 2652 1023 2686 epi-

1051 481 1053 483 >
1075 455 1122 476 ret.

1046 1086 1055 1109 ’1
1076 1091 1149 1112 ctum
1162 1085 1303 1111 babemus.

230 1121 249 1142 ri
259 1121 341 1142 ascribi
352 1125 468 1149 propterea
478 1122 600 1146 iudicatur,
612 1121 668 1148 quod
679 1121 719 1141 ille
728 1128 752 1141 eo
765 1125 868 1148 tempore,
880 1129 922 1148 quo
932 1122 978 1142 istu
987 1123 1024 1142 dn-
1046 1132 1048 1140 t

881 1571 966 1598 Aliter
979 1571 1025 1598 alii
1054 1591 1055 1594 ¹

228 1615 290 1632 cum
302 1607 360 1633 suis
371 1607 482 1633 vivunt:
496 1607 564 1633 nibil
575 1616 624 1642 ego
635 1616 746 1642 possum
757 1609 784 1634 in
796 1609 894 1634 sororis
905 1617 980 1635 meae
993 1608 1026 1635 li—
1054 1621 1055 1643 ;

1052 2580 1054 2587 '
1075 2577 1082 2602 i

1052 2589 1053 2642 i
1073 2613 1149 2643 dem,
1167 2613 1322 2648 praesertim
1339 2612 1372 2638 ad
1386 2612 1511 2641 Brutum,
1529 2611 1574 2636 cui
1590 2615 1615 2636 et
1630 2611 1716 2637 virtus
1728 2610 1802 2636 illius
1815 2618 1865 2636 non

1052 2666 1053 2673 .
1074 2651 1173 2680 minus,
1187 2658 1268 2685 quam
1280 2649 1357 2678 mihi,
1369 2653 1429 2675 nota
1441 2652 1489 2674 est.
1505 2647 1605 2674 ethaeo
1616 2648 1673 2682 ipsa
1685 2647 1784 2677 studia,
1797 2655 1866 2682 quae

1016 120 1288 146 ClCEltONlS

1073 189 1138 216 stola
1154 199 1204 216 non
1221 189 1327 224 pondus
1344 190 1456 217 habuit?
1472 191 1545 223 Quae
1560 193 1583 219 ui
1598 192 1629 218 ad
1642 199 1666 219 tc
1683 192 1797 227 perlutae
1812 200 1862 218 nou

1074 232 1149 256 sunt,
1173 236 1204 253 ne
1220 226 1380 253 domesticas
1395 228 1506 262 quidem
1525 235 1583 255 tuan
1605 230 1718 264 perlatas
1739 230 1862 256 arbitror.

1050 268 1051 298 1
1073 265 1194 290 Ciceroni
1206 265 1303 290 scribis
1316 270 1339 290 tc
1352 265 1496 299 longiorem
1508 266 1632 293 daturum
1644 267 1794 302 epintolam.
1815 268 1865 293 lte-

1074 306 1114 327 rte
1128 301 1153 327 id
1165 301 1290 336 quidem:
1308 303 1354 327 sed
1372 302 1435 327 baec
1450 311 1558 337 quoque
1573 304 1667 330 debuit
1680 313 1739 330 ense
1750 304 1862 338 plenior.

1075 340 1130 372 ligo
1142 344 1244 369 autern,
1261 348 1345 374 quum
1358 339 1389 365 ad
1403 348 1445 365 me
1458 340 1491 365 de
1503 342 1637 367 ciceroni„
1648 342 1695 367 aba
1707 348 1731 368 te
1743 341 1864 367 dim-sau

1074 377 1246 410 scripsisses,
1264 377 1352 402 statim
1365 378 1466 403 extrusi
1480 377 1645 407 tabellarios.
1664 379 1818 413 litterasque
1833 377 1866 404 nd

1074 414 1243 444 cicerum-rm
1259 418 1295 442 ut.
1309 414 1413 440 etiamsi
1428 415 1454 440 in
1467 414 1567 441 ltaliam
1581 416 1746 444 »enisu-had
1759 422 1782 442 te
1795 416 1867 441 redi-

1164 451 1236 476 Nibil
1249 451 1321 476 enim
1334 451 1400 477 milii
1414 452 1568 481 iucundius,
1585 453 1652 479 nibil
1666 452 1704 479 illi
1717 453 1864 479 honestius.

1074 490 1243 522 Quamquam
1255 488 1397 523 aliquoties
1408 489 1432 514 ei
1447 490 1620 523 scripseram.
1639 490 1806 516 sacerdotum
1822 497 1867 516 co-

1075 526 1149 551 mitia
1164 534 1220 551 mea
1237 534 1342 551 summa
1355 527 1522 552 contentione
1535 527 1561 553 in
1573 527 1685 553 alterum
1697 535 1796 553 annum
1808 535 1867 552 ense

1075 563 1184 588 reiecta:
1207 562 1278 597 quod
1297 572 1346 597 ego
1360 572 1444 598 quum
1461 564 1596 590 Ciceronis
1611 573 1704 590 caussa
1721 564 1865 593 elaboravi.

1075 605 1130 626 tum
1144 600 1259 629 Domitii.
1273 601 1388 630 Catonis.
1403 601 1519 631 Lentuli,
1534 601 1703 627 Bibulorum:
1717 601 1788 636 quod
1800 601 1832 627 ad
1843 607 1867 627 te

1075 638 1154 663 etiam
1171 638 1341 671 scripseram.
1382 637 1433 664 Sed
1451 638 1576 665 videlicet
1590 647 1674 674 quum
1692 638 1764 664 illam
1781 638 1867 673 pusil-

1076 674 1126 700 lam
1139 674 1278 709 epistolam
1291 680 1363 701 tuam
1375 675 1407 701 ad
1420 684 1462 701 me
1472 675 1568 706 dabas,
1585 676 1704 702 nondum
1716 680 1771 702 erat
1781 676 1830 702 tibi
1841 675 1867 702 id

1075 717 1177 738 notum.
1217 714 1239 738 Ξ.
1255 713 1342 744 Quare
1353 714 1425 739 omni
1437 713 1527 739 studio
1538 722 1550 739 a
1563 718 1596 743 te.
1611 714 1646 739 mi
1660 714 1746 740 Brute.
1759 717 1868 739 conten-

1074 749 1121 780 do,
1140 754 1168 775 ut
1179 750 1333 775 Ciceronem
1351 758 1440 776 meum
1456 759 1487 776 ne
1499 750 1618 776 dimum.-
1629 756 1772 785 tecumque
1781 749 1869 776 dedu-

1075 795 1132 812 cas:
1150 786 1221 821 quod
1238 787 1340 821 ipsum.
1358 788 1381 813 si
1394 787 1602 822 rempublicam,
1620 789 1664 814 cui
1676 793 1817 823 susceptus
1828 795 1866 817 es,

1075 824 1201 858 respici5‚
1220 824 1267 850 tibi
1285 825 1336 850 iam
1354 825 1462 859 iamque
1478 824 1630 851 faciendum
1647 830 1696 851 cst.
1738 825 1867 851 nonatum

1075 862 1147 887 enim
1168 861 1268 887 bellum
1289 866 1342 887 est:
1369 861 1450 897 idque
1471 871 1522 888 non
1545 871 1627 897 parvo
1647 862 1746 889 scelere
1764 861 1867 896 Lepidi.

1075 899 1215 924 Exercitus
1226 903 1314 924 autem
1322 899 1452 929 Caesaris,
1467 901 1514 934 qui
1527 905 1582 926 erat
1591 901 1718 934 optimus,
1728 908 1779 926 non
1791 898 1870 925 modo

1076 936 1143 962 nihil
1157 936 1272 970 prodest,
1289 936 1335 962 sed
1347 937 1426 962 etiam
1437 938 1509 973 cogit
1519 938 1666 963 exercitum
1679 942 1755 963 tuum
1767 936 1870 972 [lagita-

1077 974 1112 999 ri:
1126 974 1207 1008 quisi
1220 972 1321 999 ltaliam
1334 974 1459 1009 attigerit,
1468 975 1518 1001 erit
1528 975 1597 1000 civis
1609 983 1696 1004 nemo,
1705 975 1796 1010 (quem
1807 974 1869 1008 qui-

1076 1011 1137 1037 dem
1152 1011 1238 1037 civem
1256 1011 1385 1045 appellari
1402 1011 1440 1037 l'as
1456 1012 1511 1045 sit,)
1527 1013 1574 1046 qui
1586 1020 1614 1037 se
1627 1020 1678 1038 non
1691 1013 1717 1038 in
1730 1018 1774 1038 tua
1785 1016 1868 1037 castra

1054 1054 1055 1084 j
1076 1048 1202 1075 conserat.
1239 1048 1295 1074 Etsi
1308 1049 1417 1074 Brutum
1430 1049 1564 1083 praeclare
1575 1057 1637 1075 cum
1650 1049 1746 1075 Planco
1757 1050 1871 1075 coniun-

1344 1085 1395 1111 Sed
1412 1095 1463 1112 non
1481 1087 1600 1121 ignoras.
1617 1095 1699 1121 quam
1711 1087 1764 1112 sint
1776 1086 1870 1112 incerti

1076 1123 1160 1149 animi
1173 1123 1312 1149 bominum
1329 1128 1354 1149 et
1368 1122 1459 1150 infecti
1475 1123 1597 1158 partibus
1612 1128 1637 1149 et
1651 1124 1740 1150 exitus
1756 1122 1870 1158 praelio-

663 1191 668 1195 ·
1047 1163 1048 1184 1
1077 1169 1147 1186 rum.
1187 1160 1259 1193 Quin
1275 1161 1369 1190 etiam.
1388 1160 1424 1190 si,
1443 1165 1471 1186 ut
1485 1169 1576 1195 spero,
1599 1162 1758 1191 vicerimus,
1781 1165 1869 1186 tamen

229 1192 304 1215 tuerit.
316 1198 386 1218 neque
396 1191 464 1215 igitur
473 1191 608 1212 stunraclmse
618 1191 718 1216 flagitare
729 1191 902 1212 misericordiam
911 1191 935 1213 iu
946 1192 1024 1221 Lepidi
1054 1202 1055 1208 ¹

1077 1206 1202 1233 magnam
1219 1197 1440 1233 gubernationem
1458 1198 1496 1223 tui
1510 1197 1617 1223 consilii
1629 1202 1745 1232 tuaeque
1756 1198 1871 1223 auctori-

1054 1258 1056 1280 »
1077 1236 1137 1262 tatis
1149 1235 1302 1270 respublica
1313 1235 1488 1262 desiderabit.
1507 1235 1628 1261 Subveni
1641 1235 1731 1271 igitur,
1740 1243 1787 1270 per
1795 1234 1868 1263 deos,

1054 1281 1056 1312 1
1079 1273 1159 1308 idque
1170 1273 1386 1308 quamprimum,
1404 1273 1508 1308 tibique
1520 1272 1665 1307 persuade,
1679 1281 1730 1298 non
1742 1277 1766 1298 te
1778 1271 1871 1298 {dibus

1054 1314 1055 1336 1
1077 1311 1191 1340 Martiis,
1214 1310 1317 1345 quibus
1335 1311 1493 1337 servitutem
1509 1319 1523 1336 a
1539 1311 1592 1336 tuis
1607 1309 1715 1336 civibus
1730 1308 1868 1344 depulisti,

1077 1348 1138 1382 plus
1150 1347 1283 1383 profuisse
1295 1348 1404 1381 patriae,
1416 1356 1511 1383 quam,
1524 1348 1548 1374 si
1560 1352 1662 1374 mature
1675 1347 1794 1377 veneris,
1810 1354 1872 1382 pro·

1077 1386 1209 1412 futurum.
1251 1393 1278 1411 u.
1294 1384 1357 1411 Idus
1369 1384 1461 1417 Quint.

1054 1572 1055 1585 1

1054 1599 1055 1614 1

1130 1463 1180 1484 XV.
1201 1463 1276 1483 ARG.
1297 1463 1380 1483 Auctor
1389 1461 1516 1483 Messnllnm
1527 1461 1619 1482 mirifice
1628 1461 1711 1485 laudat,
1723 1465 1745 1481 et
1755 1460 1870 1488 reprehen-

1077 1498 1161 1519 sionem
1172 1497 1254 1518 nimine
1263 1497 1286 1517 in
1298 1497 1423 1517 tribuendi·
1433 1497 1554 1517 hunc-ritm-
1566 1496 1696 1520 facilit-ti..
1714 1495 1737 1516 in
1748 1495 1826 1523 poenis
1834 1502 1871 1516 nu—

1077 1537 1118 1554 tem
1130 1532 1274 1554 decernendis
1284 1531 1411 1553 severitati·
1422 1536 1524 1553 accurate
1533 1532 1608 1552 diluit.
1636 1532 1704 1556 Urget
1715 1535 1829 1558 praetere·
1839 1537 1872 1551 re·

1077 1569 1147 1589 ditum
1161 1568 1184 1588 in
1193 1567 1294 1591 ltaliam,
1311 1572 1332 1588 et
1346 1568 1373 1587 de
1383 1567 1462 1595 Lepidi
1477 1566 1556 1587 tiberin
1566 1566 1662 1587 studium
1673 1573 1734 1587 nuum
1746 1565 1870 1593 pufflcetus.

1077 1604 1140 1628 (Quod
1156 1607 1227 1624 nutem
1242 1602 1351 1630 epistolae
1364 1602 1432 1622 istiu·
1447 1606 1525 1622 auctor
1536 1601 1652 1622 Cicer-unis
1666 1608 1701 1622 res
1715 1605 1789 1627 gei-tn
1798 1600 1850 1621 inde
1860 1608 1872 1621 ι

1077 1638 1180 1659 Caesaris
1190 1638 1283 1658 interitu
1293 1637 1398 1664 ‹leinceps
1407 1644 1482 1657 omnen
1493 1636 1584 1663 cupio-e
1599 1640 1708 1663 expuunt.
1724 1636 1791 1657 Bruto
1806 1636 1871 1657 facile

1076 1673 1188 1699 cognitas.
1205 1676 1226 1693 et
1236 1672 1363 1693 Messallam
1378 1671 1462 1692 scribat.
1475 1678 1499 1691 ιε
1513 1678 1616 1691 exercere
1624 1671 1648 1691 in
1659 1670 1774 1691 reris-imo
1784 1671 1871 1692 ‘licendi

1076 1715 1167 1733 genere,
1183 1708 1210 1728 tle
1223 1707 1287 1729 cuiun
1302 1707 1372 1727 forma
1382 1706 1465 1733 optimu
1476 1706 1543 1726 Bruto
1554 1712 1566 1726 ι
1577 1706 1684 1726 Cicerone
1693 1713 1736 1726 nun
1747 1706 1815 1727 fuerit
1823 1713 1870 1734 per—

1077 1750 1165 1763 suasum
1181 1743 1216 1764 sud
1227 1743 1274 1763 An.
1285 1745 1340 1766 ΧΠ,
1351 1744 1391 1764 20.,
1400 1757 1406 1765 ,
1421 1741 1516 1767 denique
1531 1740 1587 1767 quud
1598 1744 1685 1767 praeter
1695 1741 1810 1762 Ciceronis
1821 1749 1871 1762 ton-

1077 1778 1215 1798 suetudinem
1229 1777 1266 1803 (ιΙε
1277 1777 1342 1802 Legg.
1355 1779 1380 1801 Η,
1395 1778 1426 1796 Η.
1435 1775 1502 1796 And.
1515 1779 1542 1799 11,
1552 1778 1597 1801 37.)
1612 1775 1715 1795 Solonem
1731 1775 1870 1802 snpientini-

1055 1818 1056 1821 ¹
1078 1820 1130 1833 nium
1147 1820 1175 1833 ex
1190 1816 1272 1839 septem
1289 1811 1411 1838 praedicet,
1428 1810 1480 1831 haec
1495 1809 1592 1837 epistota
1606 1817 1648 1830 non
1664 1817 1713 1831 esse
1723 1810 1871 1831 Ciceroniana.

1055 1866 1056 1869 .
1077 1847 1208 1869 Markland«,
1218 1847 1312 1867 uidetur.

1245 1899 1281 1925 M.
1303 1897 1447 1924 CICERO
1467 1897 1495 1923 S.
1517 1897 1547 1923 D.
1568 1895 1708 1923 BRUTO.

1135 1946 1157 1970 t.
1179 1939 1339 1970 Messallam
1356 1942 1450 1969 habes.
1491 1941 1597 1974 Quibus
1613 1942 1696 1977 igitur
1712 1941 1807 1968 litteris
1818 1947 1870 1968 tam

1077 1985 1198 2008 accurate
1214 1981 1322 2015 scriptis
1339 1980 1448 2014 assequi
1461 1987 1586 2014 possum,
1604 1978 1734 2005 subtilius
1745 1984 1773 2005 ut
1783 1979 1870 2014 expli—

1076 2027 1148 2048 cem,
1162 2027 1231 2053 quae
1242 2022 1370 2054 gerantur
1380 2024 1504 2052 quaeque
1515 2016 1607 2042 sintin
1619 2015 1772 2050 republica,
1789 2024 1870 2051 quam

1077 2055 1126 2082 tibi
1139 2056 1161 2082 is
1172 2060 1300 2090 exponet,
1319 2055 1366 2090 qui
1378 2059 1402 2080 et
1413 2054 1514 2088 optime
1524 2053 1614 2080 omnia
1625 2054 1713 2083 novit,
1727 2058 1752 2080 et
1763 2053 1871 2089 elegan—

1076 2093 1181 2119 tissime
1197 2092 1324 2127 expedire
1339 2096 1365 2118 et
1379 2090 1482 2117 deferre
1498 2090 1531 2117 ad
1546 2095 1571 2117 te
1587 2090 1690 2124 potest?
1708 2090 1778 2117 Cave
1798 2091 1869 2117 enim

1077 2131 1230 2159 existimes,
1244 2131 1336 2159 Brute,
1350 2130 1524 2164 (quamquam
1537 2136 1589 2154 non
1600 2132 1640 2154 est
1651 2136 1773 2158 necesse,
1786 2135 1816 2154 ea
1828 2136 1870 2153 me

1076 2168 1109 2193 ad
1121 2173 1154 2198 te,
1168 2175 1238 2202 quae
1249 2167 1298 2193 tibi
1311 2171 1369 2193 nota
1381 2170 1452 2196 sunt,
1465 2165 1597 2192 scribere:
1613 2165 1661 2192 sed
1672 2169 1760 2191 tamen
1771 2169 1869 2191 tantam

1076 2205 1198 2231 omnium
1213 2204 1324 2230 laudum
1336 2202 1521 2229 excellentiam
1534 2211 1584 2229 non
1596 2211 1666 2238 queo
1676 2202 1783 2228 silentio
1793 2210 1870 2236 prae-

1077 2242 1173 2275 terire),
1187 2250 1251 2268 cave
1262 2246 1349 2276 putes,
1363 2240 1503 2275 probitate,
1517 2241 1674 2270 constantia,
1687 2247 1764 2269 cura,
1780 2238 1870 2265 studio

1054 2285 1055 2288 ’
1076 2279 1241 2314 reipublicae
1252 2278 1403 2313 quidquam
1415 2277 1457 2304 illi
1467 2286 1526 2303 esse
1537 2277 1640 2303 simile:
1662 2281 1691 2303 ut
1705 2275 1866 2310 eloquentia.

1075 2325 1129 2351 qua
1145 2316 1305 2342 mirabiliter
1319 2314 1440 2346 excellit,
1462 2315 1510 2341 vix
1525 2315 1553 2341 in
1568 2323 1599 2341 eo
1614 2314 1701 2341 locum
1712 2312 1744 2339 ad
1758 2313 1869 2339 laudan—

1054 2348 1055 2361 *
1075 2353 1141 2379 dum
1152 2353 1251 2379 habere
1263 2352 1400 2379 videatur:
1413 2360 1578 2387 quamquam
1589 2352 1617 2378 in
1629 2351 1678 2377 hac
1688 2351 1746 2385 ipsa
1760 2344 1869 2384 sapieti-

1053 2399 1055 2428 1
1076 2391 1112 2417 tia
1126 2390 1188 2426 plus
1204 2395 1327 2425 apparet:
1350 2390 1386 2416 ita
1400 2390 1477 2425 gravi
1492 2389 1605 2419 iudicio,
1625 2387 1763 2422 multaque
1775 2392 1828 2414 arte
1839 2396 1869 2413 se

1075 2429 1195 2454 exercuit
1210 2428 1238 2454 in
1253 2428 1396 2454 verissimo
1411 2434 1508 2462 genere
1523 2425 1640 2452 dicendi.
1681 2425 1763 2451 Tanta
1779 2430 1867 2451 autern

1076 2465 1209 2491 industria
1228 2469 1280 2495 est,
1300 2469 1459 2499 tantumque
1478 2462 1588 2498 evigilat
1602 2463 1630 2488 in
1645 2461 1747 2488 studio.
1771 2466 1799 2488 ut
1815 2470 1867 2488 non

1075 2503 1193 2528 maxima
1209 2502 1318 2537 ingenio
1333 2500 1415 2536 (quod
1430 2501 1459 2527 in
1473 2508 1503 2526 eo
1515 2508 1653 2525 summum
1665 2500 1713 2530 est)
1724 2499 1808 2534 gratia
1819 2499 1868 2525 ha-

1074 2539 1161 2565 benda
1173 2539 1306 2565 videatur.
1346 2540 1371 2565 2.
1394 2537 1446 2564 Sed
1457 2536 1590 2571 provehor
1600 2545 1703 2562 amore:
1726 2545 1778 2562 non
1794 2537 1866 2562 enim

1085 2576 1102 2602 d
1118 2576 1285 2611 propositum
1301 2580 1341 2602 est
1356 2575 1420 2601 huic
1435 2573 1575 2608 epistolae,
1595 2573 1747 2599 Messallam
1763 2577 1793 2599 ut
1809 2572 1867 2598 lau—
