1941 3052
290 117 617 145 EPISTOLARUM
645 116 699 143 AD
727 113 958 142 DIVERSOS
988 114 1069 141 LIB.
1090 114 1174 140 XIII.
1204 113 1265 140 ΕΡ.
1288 115 1319 139 23
1339 128 1375 132 -—
1406 114 1447 139 29.

51 191 120 219 troni
135 191 189 217 sui.
223 189 254 217 Id
269 189 337 215 mihi
351 197 437 224 quum
452 188 603 215 iucundum
614 193 654 215 est
664 195 757 214 eorum
767 195 847 213 caus-

50 238 88 261 sa,
102 236 170 264 quos
181 227 231 254 tibi
242 235 291 262 ego
303 235 408 252 summa
420 225 619 252 necessitudine
630 230 656 251 et
665 233 771 251 summa
783 233 847 250 con-

51 266 188 293 iunctione
200 264 333 291 adductus
344 263 606 293 commendaveram,
619 262 692 298 quod
703 262 738 288 M.
755 261 848 288 Aemi-

52 303 104 330 lius
124 311 196 328 unus
213 306 253 328 est
268 310 302 327 ex
317 302 385 327 meis
401 300 622 327 familiarissimis
637 305 716 334 atque
732 299 845 329 intimis,

52 340 169 366 maxime
187 339 356 365 necessarius
373 338 451 364 homo
467 342 493 364 et
508 338 613 373 magnis
629 338 697 363 meis
708 336 848 363 beneficiis

51 377 207 408 devinctus,
220 380 245 402 et
256 384 338 410 prope
349 376 485 406 omnium,
497 376 545 410 qui
557 375 625 401 mihi
636 374 733 400 debere
743 372 848 408 aliquid

53 414 192 444 videntur.
206 414 391 449 gratissimus3
415 418 474 439 tum
485 412 570 438 multo
581 411 738 442 iucundius,
752 415 777 437 te
788 418 848 436 esse

52 453 81 479 in
91 460 134 478 me
146 450 192 477 tali
204 451 349 481 voluntate,
363 449 465 485 utplus
476 450 563 484 prosis
574 450 669 475 amicis
680 449 757 479 meis,
766 456 847 483 quam

52 498 102 525 ego
117 497 244 523 praesens
260 487 371 514 fortasse
383 487 552 522 prodessem;
575 486 664 517 credo,
677 485 750 521 quod
762 485 848 520 magis

53 535 102 562 ego
117 526 284 557 dubitarem,
302 525 369 560 quid
386 525 493 551 illorum
508 532 604 551 caussa
620 523 748 554 facerem,
766 531 848 557 quam

53 568 96 595 tu,
113 563 182 599 quid
200 571 268 590 mea.
309 564 334 589 3.
350 562 403 589 Sed
419 562 469 588 hoc
484 570 536 588 non
548 561 656 592 dubito,
674 561 741 595 quin
753 560 849 586 existi-

53 610 111 628 mes
124 601 191 627 mihi
203 609 261 627 esse
272 604 388 636 gratum.
418 599 488 626 Illud
500 603 524 626 te
536 607 612 634 rogo,
626 603 656 624 ut
667 597 727 624 illos
741 605 849 632 quoque

53 643 142 674 gratos
154 638 277 664 homines
288 646 346 663 esse
357 641 449 671 putes:
472 636 545 671 quod
557 637 593 662 ita
604 644 662 662 esse
673 635 723 661 tibi
737 635 850 669 promit-

54 681 80 703 to
92 681 171 711 atque
182 675 321 702 confirmo.
351 674 438 706 Quare
449 673 541 704 velim,
555 672 690 708 quidquid
697 672 850 698 habentne-

54 714 130 749 gotii‚
144 712 191 739 des
201 721 320 747 operam,
333 711 406 746 quod
417 710 558 738 commodo
569 715 614 737 tuo
625 710 678 741 fiat,
692 714 730 740 ut,
743 714 767 736 te
778 709 850 735 obti-

55 755 134 777 nente
144 750 282 780 Achaiam,
295 748 446 776 conficiant.
471 750 496 776 4.
511 749 568 784 Ego
577 756 640 774 cum
651 752 697 773 tuo
706 746 800 773 Servio
807 747 851 772 iu-

55 787 224 814 cundissimo
243 786 465 813 coniunctissime
484 786 548 812 vivo
568 793 748 820 magnamque
764 792 849 819 quum

55 834 90 851 ex
101 825 209 860 ingenio
219 824 278 850 eius
290 823 477 859 singularique
488 822 588 854 studio,
601 827 660 850 tum
670 830 705 849 ex
715 822 814 849 virtute
825 825 851 847 et

56 862 187 897 probitate
198 860 361 897 voluptatem
372 861 458 896 capio.

110 931 211 952 xxvnl
222 937 241 951 a.
258 930 334 951 Atto.
354 930 408 956 Agit
423 930 518 955 gratias,
530 929 586 956 quod
595 928 704 950 Mescinio
715 927 851 949 commenda-

57 967 88 987 tin
99 973 139 987 sna
148 965 266 993 profuerit,
276 968 389 992 rogatque.
400 969 425 985 ut
436 968 512 992 pergat
522 964 543 984 ei
553 965 608 984 hene
618 964 698 985 fucere.

221 1003 308 1027 (Rom-e,
327 1003 405 1021 Caesare
422 1002 457 1020 ΙΙΙ.
475 1001 550 1025 Lepido
569 1008 615 1019 coss.
635 1003 690 1023 708.)

279 1045 424 1073 CICERO
444 1044 584 1072 SERVIO
604 1044 638 1072 S.

115 1085 138 1110 l.
159 1079 222 1110 Etsi
232 1083 347 1110 libenter
356 1088 445 1118 petere
456 1092 470 1109 a
482 1087 507 1109 te
518 1082 590 1109 soleo
598 1103 604 1114 ,
621 1083 645 1109 si
656 1081 724 1117 quid
734 1089 802 1116 opus
813 1084 854 1108 est

57 1130 178 1148 meorum
195 1121 329 1156 cuipiam:
355 1125 444 1148 tamen
456 1120 540 1147 multo
552 1119 682 1147 libentius
692 1120 792 1155 gratias
803 1118 853 1145 tibi

57 1167 116 1195 ago,
129 1167 215 1194 quum
229 1158 317 1185 fecisti
327 1157 432 1193 aliquid
442 1157 672 1184 commendatione
684 1165 756 1188 mea;
780 1155 853 1191 quod

57 1204 166 1232 semper
181 1195 258 1223 facis.
287 1195 449 1222 Incredibile
465 1200 506 1222 est
520 1195 607 1226 enim,
624 1203 692 1230 quas
708 1193 777 1220 mihi
791 1202 854 1229 gra-

58 1235 110 1261 tias
124 1242 218 1260 omnes
234 1238 326 1270 agant,
344 1234 425 1260 etiam
440 1233 612 1259 mediocriter
627 1241 641 1259 a
657 1240 699 1258 me
715 1231 765 1258 tibi
780 1240 854 1257 com-

58 1271 191 1298 mendati:
213 1279 282 1306 quae
294 1270 362 1297 mihi
373 1271 463 1297 onmia
473 1275 560 1306 grata.
579 1269 626 1296 sed
638 1269 671 1296 de
683 1270 712 1296 L.
725 1268 854 1295 Mescinio

59 1354 132 1373 meas
150 1345 250 1372 litteras
265 1345 376 1381 legeris,
394 1346 484 1372 statim
495 1344 715 1380 procuratoribus
726 1344 785 1370 suis
795 1341 855 1378 pol-

60 1383 165 1410 licitum
176 1391 235 1409 esse
245 1383 349 1416 omnia3
372 1382 457 1409 multo
469 1391 531 1409 vero
542 1382 620 1417 plura
631 1386 657 1409 et
668 1382 767 1408 maiora
775 1380 855 1407 fecis-

59 1429 98 1447 se.
129 1420 158 1447 Id
175 1421 258 1456 igitur
272 1420 347 1455 (puto
363 1421 435 1447 enim
451 1421 532 1446 etiam
547 1424 627 1455 atque
642 1419 722 1446 etiam
733 1418 801 1444 mihi
812 1417 855 1443 di-

59 1457 176 1485 cendum
191 1458 261 1493 esse)
276 1457 359 1484 velim
375 1458 514 1485 existimes
531 1457 598 1483 mihi
613 1462 637 1484 te
650 1456 746 1483 fecisse
757 1455 856 1491 gratis-

59 1496 171 1522 simum.
210 1497 236 1522 2.
258 1494 335 1527 Quod
351 1495 462 1530 quidem
483 1495 533 1521 hoc
554 1494 742 1521 vehementius
764 1493 854 1523 laetor,

59 1532 132 1568 quod
143 1541 178 1559 ex
188 1533 247 1568 ipso
253 1533 382 1559 Mescinio
394 1537 418 1559 te
428 1532 508 1559 video
519 1541 644 1568 magnam
655 1536 797 1566 capturum
809 1538 857 1556 vo·—

60 1569 200 1605 luptatem.
240 1570 288 1597 Est
302 1571 375 1596 enim
391 1570 418 1596 in
429 1578 460 1596 eo
471 1578 556 1605 quum
568 1570 654 1596 virtus
665 1574 691 1595 et
702 1568 820 1604 probitas
831 1571 857 1593 et

59 1616 198 1634 summum
213 1607 334 1634 officium
349 1615 510 1642 summaque
525 1607 709 1637 observantia,
727 1610 784 1632 tum
798 1610 857 1631 stu-

59 1644 104 1671 dia
116 1644 162 1671 illa
173 1649 270 1676 nostra,
278 1644 381 1680 quibus
392 1649 468 1672 antea
479 1644 689 1675 delectabamur,
698 1643 856 1670 nuncetiam

59 1682 190 1709 vivimus.
231 1681 308 1715 Quod
323 1682 460 1717 reliquum
475 1686 528 1713 est,
550 1681 632 1708 velim
647 1690 746 1717 augeas
766 1685 811 1707 tua
828 1679 857 1706 in

59 1727 123 1746 eum
134 1719 264 1746 beneficia
274 1719 401 1746 omnibus
413 1719 508 1751 rebus,
527 1728 596 1755 quae
612 1724 636 1746 te
652 1723 731 1745 erunt
741 1718 854 1754 dignae3

59 1756 108 1784 sed
121 1757 175 1784 duo
186 1757 297 1792 quidem
313 1762 338 1784 te
353 1757 512 1784 nominatim
528 1765 604 1793 rogo:
621 1757 755 1792 primum,
773 1760 816 1787 ut,
833 1755 857 1781 si

59 1794 128 1830 quid
139 1794 326 1821 satisdandum
338 1795 397 1826 erit,
415 1804 540 1822 Αιινιιυε
561 1804 595 1821 so
616 1803 725 1820 somna
742 1803 795 1820 nos
811 1801 858 1819 rs-

59 1840 101 1863 ·ri,
117 1840 209 1863 cures,
227 1836 256 1858 ut
266 1831 411 1858 satisdetur
423 1831 474 1858 fide
486 1840 558 1865 mea;
577 1831 689 1862 deinde,
705 1839 791 1866 quum
804 1829 858 1857 fere

59 1869 189 1896 consistat
204 1868 338 1896 hereditas
354 1869 381 1896 in
397 1869 431 1896 iis
447 1869 542 1901 rebus,
565 1878 633 1904 quas
649 1869 745 1896 avertit
758 1867 856 1903 Oppia,

60 1914 131 1941 quae
149 1914 217 1933 uxor
231 1906 328 1933 Mindii
344 1905 408 1938 fuit,
426 1906 554 1938 adiuves,
571 1907 700 1941 ineasque
717 1906 856 1936 rationem.

61 1942 292 1978 quemadmodum
302 1951 332 1969 ea
344 1943 442 1970 mulier
451 1944 561 1970 Romam
573 1943 745 1979 perducatur.
781 1942 859 1976 Quod

61 1981 86 2007 si
97 1981 197 2015 putarit
208 1979 253 2007 illa
266 1980 329 2012 fore,
342 1985 372 2007 ut
381 1981 473 2016 opinio
484 1986 572 2008 nostra
584 1985 632 2012 est,
647 1981 784 2016 negotium
795 1989 860 2007 con-

62 2017 195 2044 ficiemus.
235 2017 289 2044 Hoc
305 2022 334 2044 ut
347 2026 538 2053 assequamur,
559 2023 583 2045 te
595 2018 769 2044 vehementer
778 2019 859 2044 etiam

61 2059 142 2090 atque
158 2055 238 2081 etiam
254 2063 328 2091 rogo.
368 2057 394 2082 3.
415 2055 498 2087 Illud.
516 2055 589 2090 quod
605 2064 687 2090 supra
702 2055 814 2090 scripsi,
832 2054 859 2081 id

62 2092 91 2119 in
106 2100 149 2118 me
165 2092 279 2127 recipio,
303 2097 327 2118 te
346 2100 391 2123 ea,
413 2101 483 2127 quae
504 2091 592 2119 fecisti
607 2093 731 2119 Mescinii
751 2101 858 2123 caussa,

61 2137 186 2165 quaeque
203 2129 311 2161 feceris,
330 2129 365 2156 ita
376 2129 444 2156 bene
455 2129 662 2162 collocaturum,
678 2135 708 2156 ut
719 2130 776 2165 ipse
787 2129 860 2156 iudi-

62 2174 121 2198 ces,
139 2166 243 2194 homini
255 2171 279 2193 te
294 2167 462 2203 gratissimo,
480 2167 680 2194 iucundissimo
691 2167 753 2194 beni
776 2175 808 2194 nc
820 2166 860 2194 fe-

62 2204 142 2231 cisse.
183 2203 248 2231 Volo
263 2205 349 2235 enim.
367 2204 401 2231 ad
416 2204 458 2236 id,
480 2204 554 2240 quod
570 2213 628 2232 mea
647 2213 744 2232 caussa
770 2205 858 2237 ecisti,

64 2240 114 2268 hoc
123 2241 204 2269 etiam
215 2241 351 2268 accedere.

116 2316 218 2337 xxvnt
229 2316 249 2336 Ιι.
261 2315 315 2342 (nie
325 2319 414 2336 auctore
425 2315 524 2336 Munuiiu
535 2315 624 2336 initium
635 2321 704 2336 nuvae
714 2315 824 2343 cpi-tolno
833 2316 860 2337 nd

64 2351 161 2372 eumdem
172 2350 272 2371 Senium
283 2351 380 2378 scriptae
390 2358 428 2378 pru
440 2350 640 2377 t.m-e·tne·=n1==it-).

241 2395 411 2423 CICERO
445 2395 613 2422 SERVlO
647 2395 676 2422 S.

67 2469 73 2476 ·
111 2433 144 2476 ,4.
165 2427 227 2460 Nec
247 2433 472 2460 Lacedaemonios
493 2432 617 2459 dubitare
638 2433 765 2464 arbitror,
792 2433 860 2468 quin

65 2476 119 2505 ιρει
132 2478 181 2498 sua
197 2471 384 2506 maiorumque
400 2479 511 2497 suorum
531 2470 686 2497 auctoritate
706 2470 772 2497 satis
787 2479 861 2496 com-

65 2506 183 2534 mendati
194 2508 249 2534 sint
259 2507 322 2535 fidei
333 2513 359 2535 et
369 2508 487 2535 iustitiae
500 2512 574 2537 tnnc:
588 2512 614 2534 et
624 2516 682 2543 ego,
696 2507 744 2542 qni
756 2512 780 2534 te
791 2507 862 2542 opti-

66 2551 108 2570 me
119 2545 265 2576 novissem,
279 2554 330 2573 non
342 2545 475 2575 dubitavi.
489 2545 556 2580 quin
569 2544 618 2571 tibi
631 2545 770 2571 notissima
782 2549 808 2571 et
819 2545 862 2571 iu-

66 2589 94 2608 ra
109 2585 135 2608 et
149 2581 243 2608 merita
258 2582 420 2618 populorum
436 2587 536 2609 essent.
577 2582 667 2617 ltaque
683 2590 769 2616 quum
785 2590 799 2607 a
819 2590 861 2608 me

65 2622 166 2653 peteret
180 2618 323 2654 Philippus
339 2619 580 2650 Lacedaemonius.
604 2624 634 2646 ut
653 2618 703 2646 tibi
723 2619 861 2645 civitatem

66 2655 291 2689 commendarem.
303 2658 354 2685 etsi
365 2658 550 2688 memineram,
567 2664 609 2684 me
620 2657 645 2684 ei
656 2656 760 2683 civitati
771 2656 861 2684 onmia

58 1309 255 1345 gratissimum.
294 1307 340 1335 Sic
359 1308 432 1335 enim
453 1313 493 1334 est
508 1316 615 1334 mecum
632 1307 751 1337 locutus,
768 1310 807 1337 te,
825 1309 855 1332 ut
875 1311 877 1320 ³

1641 112 1690 138 769

898 185 1004 215 debere,
1019 189 1107 211 tamen
1119 184 1255 218 respondi,
1271 183 1502 210 commendatione
1514 181 1692 209 Lacedaemo-

898 223 957 248 nios
969 222 1040 257 apud
1052 227 1076 248 te
1089 230 1140 248 non
1152 230 1240 257 egere.
1256 223 1281 247 2.
1294 222 1386 256 Itaque
1397 221 1436 247 sic
1447 220 1530 246 velim
1541 220 1691 250 existimes,

899 269 941 285 me
950 268 1044 286 omnes
1055 259 1171 285 Achaiae
1183 259 1305 285 civitates
1316 258 1449 288 arbitrari,
1458 266 1506 293 pro
1517 257 1613 283 horum
1625 262 1694 283 tem-

899 306 994 332 porum
1015 296 1228 331 perturbatione,
1251 296 1356 326 felices,
1379 295 1452 330 quod
1473 295 1516 321 his
1532 299 1560 321 tu
1574 295 1691 329 praesis;

899 334 1080 369 eumdemque
1096 342 1138 359 me
1156 334 1191 360 ita
1208 333 1340 363 iudicare,
1358 337 1396 363 te,
1418 332 1491 368 quod
1508 341 1578 358 unus
1593 332 1695 367 optime

899 380 992 398 nosses
1008 380 1060 398 non
1076 376 1165 397 nostra
1182 370 1284 401 solum,
1302 370 1350 397 sed
1364 371 1444 396 etiam
1456 370 1583 396 Graeciae
1598 377 1696 395 monu—

899 414 988 435 menta
1003 409 1107 439 omnia,
1130 413 1175 434 tua
1191 412 1285 442 sponte
1301 408 1419 434 amicum
1435 406 1655 433 Lacedaemoniis
1670 410 1697 432 et

899 454 958 472 esse
970 450 995 472 et
1006 445 1071 472 fore.
1106 444 1193 477 Quare
1205 450 1308 471 tantum
1320 455 1333 471 a
1345 450 1369 471 te
1382 449 1452 479 peto,
1466 449 1503 475 ut,
1517 453 1603 479 quum
1615 452 1644 469 ea
1657 442 1696 469 fa-

899 484 955 510 cies
966 483 1239 509 Lacedaemoniorum
1250 491 1359 513 caussa,
1372 491 1441 517 quae
1453 487 1497 508 tua
1510 481 1585 512 fides,
1598 480 1697 515 ampli-

900 520 974 551 tudo,
988 521 1090 546 iustitia
1101 519 1226 554 postulat,
1241 524 1269 546 ut
1281 520 1337 551 his,
1354 520 1376 546 si
1389 519 1438 545 tibi
1451 518 1596 549 videbitur,
1610 518 1698 554 signi-

902 558 978 589 ficas,
996 562 1020 584 te
1037 566 1089 584 non
1105 556 1215 583 moleste
1233 556 1313 588 ferre,
1332 556 1404 592 quod
1419 556 1554 592 intelligas
1565 564 1609 586 ea,
1627 563 1698 590 quae

901 594 993 626 facias,
1007 595 1075 621 mihi
1086 603 1194 629 quoque
1206 599 1280 629 grata
1292 603 1360 620 esse.
1402 594 1518 620 Pertinet
1529 594 1601 620 enim
1613 592 1646 619 ad
1657 591 1698 619 of-

902 632 994 659 ficium
1006 640 1106 662 meum,
1123 640 1167 658 eos
1178 632 1343 662 existimare,
1357 640 1435 658 curae
1448 631 1516 657 mihi
1527 639 1590 656 suas
1602 639 1644 657 res
1655 638 1698 656 es—

901 678 940 697 se.
980 670 1034 696 Hoc
1045 674 1070 696 te
1081 668 1255 695 vehementer
1264 670 1345 695 etiam
1357 674 1436 704 atque
1447 669 1527 695 etiam
1539 677 1613 704 rogo.

955 759 1045 780 XXIX.
1058 759 1134 780 ARG.
1144 760 1224 785 Rogat,
1235 762 1259 780 ut
1270 759 1375 786 Capitoni
1386 759 1529 780 hereditatem
1540 759 1637 779 Antistii
1647 766 1698 780 con—

903 794 1020 815 cedendam
1031 798 1099 815 cui-et.
1134 797 1221 818 (ntum,
1233 797 1310 813 cmm
1320 797 1353 814 ιιι,
1365 797 1439 819 Lepido
1447 804 1492 813 «Μ,
1505 798 1560 816 ros.)

1060 849 1097 876 M.
1118 849 1149 876 T.
1171 848 1200 875 C.
1222 848 1250 875 S.
1271 849 1302 875 D.
1324 848 1354 875 L.
1377 847 1541 875 PLANCO.

961 896 985 921 l.
1006 889 1071 921 Non
1083 894 1191 925 dubito,
1204 895 1272 929 quin
1283 895 1366 924 scias.
1383 894 1411 920 in
1423 894 1457 920 iis
1468 893 1638 924 necessariis,
1652 894 1700 928 qui

903 932 954 960 tibi
965 941 979 958 a
990 937 1064 967 patre
1076 931 1163 959 relicti
1173 936 1249 962 sunt,
1271 941 1313 957 me
1324 931 1374 958 tibi
1386 940 1445 957 esse
1456 931 1498 957 vel
1510 931 1701 957 coniunctissi-

903 978 993 1001 mum,
1009 978 1062 996 non
1078 969 1121 996 his
1137 969 1216 996 modo
1231 970 1350 1000 caussis,
1367 977 1437 1003 quae
1453 970 1571 1003 speciem
1587 968 1703 994 habeant

904 1016 1017 1043 magnae
1027 1007 1236 1037 coniunctionis,
1250 1006 1298 1032 sed
1310 1007 1343 1032 iis
1355 1007 1444 1036 etiam,
1453 1015 1522 1041 quae
1534 1005 1702 1032 familiarita-

903 1049 929 1072 te
940 1049 966 1071 et
980 1044 1175 1071 consuetudine
1191 1049 1344 1070 teneantur:
1366 1052 1448 1078 quam
1459 1044 1513 1070 scis
1526 1044 1592 1069 mihi
1605 1044 1703 1069 iucun-

903 1082 1047 1109 dissimam
1058 1091 1120 1108 cum
1132 1086 1205 1117 patre
1217 1086 1262 1108 tuo
1277 1086 1303 1108 et
1316 1090 1451 1107 summam
1469 1080 1563 1107 fuisse.
1604 1081 1644 1107 Ab
1660 1081 1703 1107 his

904 1120 990 1146 initiis
1002 1124 1091 1146 noster
1103 1120 1129 1146 in
1142 1124 1166 1146 te
1177 1128 1251 1146 amor
1262 1118 1406 1154 profectus.
1420 1119 1495 1145 auxit
1506 1123 1644 1153 paternam
1656 1127 1703 1144 ne-

904 1156 1109 1187 cessitudinem,
1123 1161 1149 1183 et
1159 1165 1189 1183 eo
1201 1157 1297 1192 magis,
1310 1156 1383 1191 quod
1394 1155 1529 1185 intellexi,
1543 1161 1572 1182 ut
1584 1156 1703 1190 primum

905 1203 953 1230 per
964 1199 1076 1221 aetatem
1088 1194 1221 1221 iudicium
1234 1193 1319 1220 facere
1330 1194 1462 1228 potueris,
1480 1194 1574 1228 quanti
1585 1194 1704 1228 quisque

906 1232 956 1259 tibi
972 1231 1112 1258 faciendus
1128 1237 1211 1263 esset,
1232 1240 1275 1257 me
1290 1240 1304 1257 a
1320 1236 1344 1258 te
1360 1232 1388 1257 in
1403 1231 1499 1266 primis
1509 1236 1633 1265 coeptum
1645 1239 1704 1257 esse

905 1269 1054 1301 observari,
1067 1269 1128 1300 coli,
1141 1269 1231 1305 diligi.
1271 1268 1423 1295 Accedebat
1434 1277 1485 1294 non
1497 1268 1631 1294 mediocre
1643 1269 1704 1294 vin—

906 1306 998 1333 culum
1009 1315 1095 1342 quum
1107 1307 1268 1337 studiorum,
1277 1306 1350 1341 quod
1361 1306 1450 1340 ipsum
1463 1311 1502 1332 est
1513 1314 1561 1340 per
1571 1314 1600 1331 se
1611 1314 1702 1341 grave,

907 1349 964 1371 tum
975 1353 1069 1371 eorum
1080 1344 1232 1370 studiorum
1247 1352 1394 1378 earumque
1409 1344 1520 1373 artium,
1537 1351 1606 1378 quae
1618 1352 1665 1377 per
1675 1352 1704 1369 se

907 1382 982 1417 ipsae
993 1390 1052 1413 eos,
1065 1382 1114 1416 qui
1126 1381 1262 1408 voluntate
1273 1381 1366 1407 eadem
1378 1385 1454 1411 sunt,
1471 1382 1551 1407 etiam
1563 1380 1705 1406 familiari—

907 1424 958 1446 tate
969 1419 1139 1445 devinciunt.
1180 1420 1204 1445 2.
1226 1419 1387 1453 Exspectare
1399 1423 1424 1444 te
1435 1418 1556 1448 arbitror,
1575 1418 1639 1443 haec
1651 1423 1704 1444 tam

908 1456 986 1492 longe
998 1457 1108 1491 repetita
1121 1456 1254 1491 principia
1266 1464 1319 1490 quo
1330 1460 1460 1490 spectent.
1493 1455 1520 1481 ld
1532 1455 1651 1490 primum
1662 1464 1705 1481 er-

907 1503 941 1530 go
953 1494 1058 1525 habeto,
1073 1502 1124 1520 non
1136 1494 1195 1520 sine
1207 1502 1303 1529 magna
1316 1493 1439 1528 iustaque
1451 1501 1545 1519 caussa
1558 1492 1626 1519 hanc
1637 1501 1651 1519 a
1663 1501 1705 1518 me

908 1531 1188 1558 commemorationem
1211 1539 1270 1557 esse
1291 1530 1398 1557 factam.
1438 1530 1467 1557 C.
1486 1531 1562 1556 Ateio
1578 1530 1705 1565 Capitone

908 1574 968 1595 utor
979 1568 1200 1595 familiarissime.
1241 1569 1322 1594 Notae
1339 1568 1388 1594 tibi
1405 1572 1468 1594 sunt
1479 1568 1620 1594 varietates
1633 1576 1706 1594 meo-

908 1615 969 1633 rum
981 1611 1142 1641 temporum.
1183 1607 1212 1632 In
1223 1606 1297 1632 omni
1307 1614 1404 1641 genere
1416 1610 1441 1631 et
1453 1605 1584 1631 honorum
1596 1609 1621 1631 et
1633 1605 1707 1631 labo-

908 1652 968 1671 rum
984 1652 1105 1670 meorum
1121 1648 1147 1670 et
1162 1644 1270 1669 animus
1285 1648 1311 1669 et
1324 1651 1404 1678 opera
1420 1647 1445 1669 et
1456 1643 1598 1669 auctoritas
1609 1647 1635 1669 et
1645 1651 1706 1678 gra-

908 1682 954 1713 tia,
967 1682 1048 1708 etiam
1059 1690 1101 1707 res
1113 1680 1290 1707 familiarisC.
1298 1680 1436 1715 Capitonis
1447 1685 1551 1715 praesto
1564 1680 1614 1706 fuit
1624 1685 1649 1706 et
1660 1688 1707 1714 pa-

909 1719 961 1746 tuit
974 1724 1001 1746 et
1015 1719 1183 1753 temporibus
1199 1723 1225 1745 et
1241 1718 1360 1745 fortunae
1376 1726 1460 1744 meae.
1501 1720 1525 1744 3.
1548 1718 1634 1744 Huius
1646 1726 1708 1752 pro-

909 1757 1030 1792 pinquus
1046 1756 1097 1783 fuit
1111 1757 1141 1783 T.
1157 1757 1304 1783 Antistius:
1327 1756 1375 1791 qui
1391 1764 1476 1790 quum
1492 1760 1561 1782 sorte
1582 1759 1709 1790 quaestor

909 1794 1093 1821 Macedoniam
1117 1794 1263 1824 obtineret,
1290 1802 1378 1828 neque
1403 1793 1428 1819 ei
1448 1801 1605 1819 successum
1626 1797 1706 1821 esset,

910 1833 1054 1867 Pompeius
1076 1833 1104 1859 in
1125 1841 1184 1859 eam
1205 1832 1373 1866 provinciam
1394 1839 1456 1856 cum
1478 1831 1598 1856 exercitu
1623 1830 1706 1856 venit.

911 1871 1007 1897 Facere
1019 1870 1152 1897 Antistius
1164 1869 1232 1896 nihil
1244 1869 1340 1904 potuit.
1381 1868 1458 1898 Nam,
1472 1869 1495 1894 si
1508 1868 1651 1903 potuisset,
1667 1868 1709 1893 ni-

911 1907 986 1934 hilei
998 1907 1094 1934 fuisset
1106 1907 1255 1942 antiquius,
1268 1915 1350 1941 quam
1362 1906 1394 1932 ad
1407 1906 1573 1940 Capitonem,
1587 1913 1668 1940 quem
1680 1910 1710 1931 ιιι

910 1950 1048 1980 parentem
1059 1945 1204 1981 diligebat,
1217 1945 1328 1976 reverti;
1347 1943 1504 1978 praesertim
1520 1951 1606 1978 quum
1617 1943 1706 1971 sciret.

910 1983 1005 2018 quanti
1021 1983 1043 2010 is
1055 1983 1195 2010 Caesarem
1212 1982 1310 2008 faceret
1324 1990 1485 2016 semperque
1498 1980 1614 2007 fecisset.
1656 1979 1710 2005 Sed

910 2029 1057 2055 oppressus
1077 2025 1180 2047 tantum
1196 2020 1284 2055 attigit
1304 2019 1418 2054 negotii.
1438 2023 1570 2054 quantum
1586 2025 1709 2043 recusare

911 2067 963 2084 non
979 2058 1075 2093 potuit.
1117 2059 1140 2084 ai.
1163 2058 1253 2090 Quum
1271 2057 1424 2092 signaretur
1444 2060 1584 2091 argentum
1601 2054 1709 2089 Apollo-

911 2096 985 2126 niae,
1004 2104 1055 2122 non
1067 2103 1178 2130 possum
1190 2095 1279 2121 dicere
1290 2103 1353 2120 eum
1365 2092 1528 2128 praefuisse,
1544 2100 1632 2127 neque
1647 2100 1708 2126 pos-

911 2141 973 2158 sum
988 2141 1086 2168 negare
1101 2132 1236 2163 adfuisse,
1252 2131 1300 2157 sed
1316 2140 1368 2157 non
1384 2130 1446 2165 plus
1460 2130 1567 2156 duobus
1578 2138 1611 2155 an
1623 2129 1709 2155 tribus

912 2169 1064 2196 mensibuS.
1099 2169 1200 2196 Deinde
1210 2168 1297 2195 abfuit
1309 2177 1322 2195 a
1333 2168 1442 2199 castris;
1457 2167 1526 2202 fugit
1536 2175 1615 2193 omne
1627 2174 1709 2201 nego—

912 2208 991 2234 tium.
1032 2207 1085 2233 lloc
1101 2207 1169 2233 milii
1186 2211 1214 2232 ut
1230 2206 1290 2232 testi
1307 2205 1389 2231 velini
1403 2204 1510 2231 credas:
1534 2212 1621 2230 meam
1636 2204 1708 2229 enini

913 2244 958 2270 ille
980 2245 1141 2270 maestitiam
1157 2244 1184 2270 in
1202 2243 1248 2269 illo
1264 2242 1335 2268 bello
1352 2242 1473 2271 videbat.
1497 2250 1603 2267 meeum
1619 2240 1708 2267 onmia

911 2281 1138 2308 communicabat.
1179 2281 1270 2314 ltaque
1286 2279 1391 2305 abdidit
1406 2288 1435 2305 se
1451 2279 1478 2305 in
1490 2279 1611 2305 intimam
1624 2278 1708 2303 Mace-

912 2319 1030 2348 doniam.
1043 2327 1098 2353 quo
1109 2318 1195 2353 potuit
1208 2317 1364 2352 longissime
1375 2325 1388 2342 a
1399 2316 1509 2346 castris,
1528 2324 1579 2341 non
1591 2314 1669 2341 niodo
1681 2319 1710 2341 ut

914 2365 964 2382 non
978 2360 1111 2390 praet-&set
1126 2355 1174 2381 ulli
1187 2355 1306 2389 negotio,
1323 2353 1371 2380 sed
1386 2354 1466 2380 etiam
1479 2358 1507 2379 nt
1526 2361 1558 2379 ne
1571 2353 1711 2378 interesset

912 2393 1035 2428 quidem.
1077 2394 1100 2419 ls
1117 2397 1176 2427 post
1191 2391 1324 2426 praelium
1339 2400 1367 2417 se
1383 2390 1416 2417 ad
1433 2391 1568 2416 hominem
1586 2397 1710 2415 neeessa—

913 2432 998 2461 rinin,
1015 2431 1046 2457 A.
1060 2430 1208 2460 Plautium,
1227 2430 1253 2455 in
1266 2429 1418 2464 Bithyniam
1433 2427 1555 2453 contulit.
1597 2426 1636 2453 lbi
1647 2435 1709 2452 eum

912 2469 1009 2495 Caesar
1019 2476 1104 2502 quum
1117 2467 1239 2497 vidisset,
1249 2466 1316 2492 nihil
1329 2474 1431 2500 aspere.
1446 2464 1513 2491 nihil
1526 2464 1620 2490 acerbe
1631 2463 1709 2490 dixit.

913 2507 1023 2532 Romani
1037 2506 1115 2531 iussit
1127 2505 1229 2531 venire.
1271 2503 1316 2530 Ille
1329 2505 1355 2530 in
1368 2503 1492 2529 morbum
1503 2503 1630 2528 continuo
1642 2501 1711 2527 inci-

912 2543 966 2569 dit:
989 2551 1023 2569 ex
1038 2551 1093 2577 qno
1109 2551 1160 2569 non
1176 2540 1324 2568 convaluit.
1364 2541 1451 2575 Aeger
1461 2540 1603 2575 Corcyram
1620 2539 1707 2565 venit:

914 2581 950 2606 ibi
963 2584 1004 2606 cst
1015 2585 1146 2606 mortuns.
1188 2580 1370 2608 Testamento.
1387 2577 1460 2612 qnod
1473 2577 1569 2603 {tonino
1581 2575 1673 2602 l‘nnllo
1684 2581 1711 2601 et

914 2616 1038 2643 Marcello
1048 2616 1208 2643 consulibus
1221 2616 1326 2645 fecerat.
1342 2615 1418 2641 lieres
1429 2623 1463 2641 ex
1475 2619 1547 2649 parte
1559 2613 1672 2640 dimidia
1684 2618 1710 2639 et

914 2656 989 2682 tertia
999 2659 1040 2682 est
1051 2655 1157 2690 Capito:
1173 2655 1199 2681 in
1211 2658 1332 2680 sextante
1343 2657 1406 2680 sunt
1418 2653 1445 2683 ii.
1459 2660 1575 2687 quorum
1586 2660 1658 2687 pars,
1671 2651 1709 2676 si-

1472 2702 1504 2726 97
