1941 3052
741 158 1058 185 FRAGMENTA.

75 234 101 257 et
111 229 208 256 habere
218 237 324 264 posses,
341 230 469 264 exposui:
492 238 563 256 nunc
579 229 612 255 de
624 229 811 265 magnitudine
825 238 873 264 pe-

76 267 178 294 titionis
193 266 339 292 dicendum
359 267 476 293 videtur.
517 266 691 293 Consulatum
712 268 795 302 petis:
818 276 872 302 quo

75 304 185 335 honore,
194 304 402 339 nemoest,quin
415 309 438 330 te
450 304 564 339 dignum
577 305 732 336 arbitretur,
747 304 793 330 sed
801 304 873 330 mul-

75 341 109 373 ti,
127 341 175 376 qui
186 341 334 368 invideant.
375 342 446 368 Petis
460 343 533 368 enim
548 342 627 368 homo
641 350 674 368 ex
685 343 803 376 equestri
816 341 872 368 loco

75 387 214 405 summum
227 378 314 405 locum
325 379 452 408 civitatis,
466 383 545 413 atque
557 380 591 405 ita
603 388 755 410 summum,
769 383 798 405 ut
811 378 871 405 forti

76 415 189 446 homini,
202 415 314 446 diserto,
328 416 463 442 innocenti
479 416 562 442 multo
574 416 619 442 ille
631 416 702 442 idem
715 416 798 442 honos
810 415 872 450 plus

76 452 274 488 amplitudinis,
286 462 368 488 quam
380 453 476 479 ceteris
487 453 586 480 afferat.
627 453 688 480 Noli
699 459 801 488 putare,
815 462 869 484 eos,

75 491 123 525 qui
134 494 197 516 sunt
207 499 238 516 eo
250 490 348 516 bonore
360 492 412 521 usi,
428 499 480 517 non
492 490 593 522 videre,
610 495 639 517 tu
652 499 738 526 quum
751 490 822 517 idem
833 491 871 516 sis

74 528 201 562 adeptus,
219 528 285 562 quid
297 528 436 563 dignitatis
449 528 590 554 habiturus
602 529 654 560 sis;
673 536 718 554 eos
730 536 805 559 vero,
824 528 871 562 qui

74 564 263 592 consularibus
279 564 390 591 familiis
406 566 461 591 nati
478 565 565 591 locum
581 566 713 591 maiorum
733 565 871 591 consecuti

75 611 126 629 non
148 607 224 633 sunt,
247 604 384 637 suspicor,
405 603 468 633 tibi,
489 603 542 628 nisi
566 604 589 629 si
610 604 658 638 qui
679 602 825 629 admodum
846 607 870 628 te

75 644 178 671 amant,
201 639 334 666 invidere.
374 640 460 666 Etiam
482 649 565 666 novos
586 640 708 666 homines
724 640 870 675 praetorios

73 677 213 708 existimo,
227 677 280 703 nisi
292 677 340 712 qui
351 681 395 703 tuo
407 677 537 704 beneficio
548 678 631 704 vincti
643 682 718 709 sunt,
741 677 810 704 nolle
822 677 870 704 abs

74 719 99 742 te
110 723 138 740 se
150 714 249 741 honore
260 715 392 749 superari.

73 751 230 782 invidisint,
239 761 320 787 quam
333 752 411 778 multi
423 752 619 779 consuetudine
631 752 726 778 horum
739 760 868 778 annorum

73 789 107 816 ab
123 789 281 816 hominibus
297 790 375 816 novis
390 789 512 821 alienati,
536 791 627 816 venire
643 790 693 816 tibi
709 791 736 815 in
753 794 868 815 mentem

73 831 144 853 certo
166 828 232 854 scio.
273 827 339 853 Esse
359 827 439 853 etiam
459 827 602 854 nonnullos
623 827 672 853 tibi
689 827 768 853 iratos
784 835 817 853 ex
836 827 869 852 iis

72 865 191 895 caussis,
205 873 273 899 quas
284 865 377 900 egisti,
394 873 504 891 necesse
515 869 564 891 est.
604 865 659 891 Iam
671 864 739 890 illud
751 869 806 890 tute
818 864 871 890 cir-

73 902 249 937 cumspicito,
271 902 344 937 quod
356 901 389 929 ad
400 902 448 929 Cn.
461 902 583 937 Pompeii
594 902 707 938 gloriam
719 901 868 937 augendam

72 943 145 966 tanto
159 939 250 966 studio
265 944 290 966 te
305 939 417 971 dedisti,
441 948 506 966 num
521 948 589 974 quos
606 939 655 966 tibi
671 944 748 974 putes
763 939 797 965 ob
811 947 869 964 eam

72 985 196 1003 caussam
207 985 266 1003 esse
278 977 388 1003 amicos.
411 978 450 1003 ⁴5.
466 977 646 1009 Quamobrem
661 985 745 1011 quum
758 981 783 1002 et
794 985 870 1002 sum-

72 1022 148 1040 mum
161 1013 248 1040 locum
260 1015 376 1041 civitatis
389 1019 463 1049 petas
475 1019 500 1041 et
512 1014 604 1040 videas
615 1023 674 1040 esse
685 1014 784 1045 studia,
800 1022 869 1048 quae
892 1024 893 1036 1

72 1051 122 1078 tibi
137 1051 325 1083 adversentur,
342 1051 472 1078 adhibeas
488 1060 596 1078 necesse
612 1057 652 1078 est
665 1060 772 1078 omnem
789 1052 870 1078 ratio-

72 1097 134 1115 nem
145 1094 171 1115 et
181 1097 272 1115 curam
289 1094 315 1116 et
330 1089 447 1116 laborem
463 1094 489 1115 et
499 1089 680 1125 diligentiam.
721 1089 752 1115 V.
776 1091 815 1115 16.
837 1089 870 1115 Et

71 1127 165 1161 petitio
171 1127 376 1162 magistratuum
383 1127 470 1153 divisa
478 1127 551 1153 estin
559 1127 674 1153 duarum
680 1127 813 1153 rationum
825 1126 870 1152 di-

73 1164 225 1200 ligentiam,
238 1173 354 1199 quarum
366 1164 446 1191 altera
459 1165 486 1190 in
498 1165 646 1191 amicorum
658 1164 770 1195 studiis,
788 1163 869 1190 altera

71 1202 100 1228 in
111 1201 235 1236 populari
250 1201 385 1228 voluntate
394 1201 517 1237 ponenda
529 1206 578 1228 est.
614 1202 768 1228 Amicorum
781 1201 869 1228 studia

71 1238 211 1267 beneficiis
226 1244 252 1265 et
267 1239 364 1266 officiis
374 1244 401 1266 et
416 1244 546 1266 vetustate
557 1244 583 1266 et
594 1239 719 1266 facilitate
731 1248 761 1265 ac
772 1240 871 1265 iucun-

71 1276 152 1303 ditate
173 1281 282 1303 naturae
306 1281 380 1311 parta
400 1286 458 1303 esse
478 1281 590 1312 oportet.
630 1277 682 1303 Sed
702 1277 751 1303 hoc
773 1285 869 1303 nomen

71 1314 219 1340 amicorum
235 1315 261 1340 in
273 1315 400 1349 petitione
413 1314 492 1341 latius
504 1319 583 1349 patet,
596 1323 678 1349 quam
691 1316 717 1340 in
730 1319 815 1340 cetera
827 1314 870 1340 vi-
891 1346 892 1352 1

71 1356 106 1378 ta.
128 1351 260 1386 Quisquis
271 1356 311 1378 est
323 1353 410 1383 enim,
427 1353 476 1387 qui
491 1352 613 1378 ostendat
628 1352 732 1387 aliquid
747 1353 774 1378 in
787 1356 810 1378 te
823 1360 870 1378 vo-

71 1388 195 1420 luntatis,
209 1390 255 1424 qui
270 1389 351 1420 colat,
369 1390 417 1424 qui
429 1390 540 1416 domum
553 1390 677 1420 ventitet,
694 1390 757 1416 isin
768 1390 869 1416 amico—

69 1435 130 1453 rum
142 1435 254 1453 numero
264 1432 305 1453 est
316 1427 467 1453 habendus.
494 1427 545 1453 Sed
558 1432 655 1458 tamen,
668 1428 716 1462 qui
727 1432 790 1453 sunt
801 1427 870 1453 ami-

69 1464 95 1490 ci
110 1472 144 1490 ex
158 1472 253 1490 caussa
270 1465 394 1496 iustiore,
416 1465 583 1500 cognationis
602 1469 648 1491 aut
667 1464 804 1491 affinitatis
825 1469 870 1491 aut

70 1501 219 1528 sodalitatis
232 1507 278 1528 aut
289 1501 405 1528 alicuius
417 1502 636 1533 necessitudinis,
647 1503 777 1528 iiscarum
790 1507 815 1528 et
827 1503 870 1528 iu-
891 1506 892 1510 ’

69 1538 189 1565 cundum
206 1548 265 1565 esse
281 1540 398 1566 maxime
415 1539 532 1574 prodest.
576 1541 615 1566 17,
637 1539 738 1566 Deinde
753 1540 869 1574 utquis-

69 1584 122 1611 que
134 1582 174 1603 est
185 1577 297 1603 intimus
309 1586 338 1603 ac
351 1578 469 1603 maxime
481 1577 659 1608 domesticus,
677 1582 707 1603 ut
723 1578 745 1603 is
760 1582 831 1603 amet
844 1581 869 1603 et
891 1590 892 1598 1

69 1622 151 1649 quam
163 1614 364 1649 amplissimum
375 1623 433 1641 esse
446 1615 576 1649 tecupiat,
587 1614 664 1640 valde
675 1614 868 1641 elaborandum

68 1656 121 1684 θεὶς
139 1656 197 1678 ῑι1111
209 1656 238 1678 ut
249 1652 372 1683 tribules,
386 1657 415 1678 ut
427 1653 520 1683 vicini,
537 1657 566 1679 ut
577 1651 698 1683 clientes,
712 1657 741 1678 ut
752 1652 869 1687 denique

69 1688 173 1720 liberti,
187 1694 321 1724 postremo
333 1690 413 1716 etiam
425 1690 497 1716 servi
509 1690 560 1721 tui;
575 1698 636 1716 nam
650 1689 703 1716 sere
713 1690 802 1716 omnis
813 1698 870 1715 ser-

70 1734 113 1752 mo
129 1726 161 1752 ad
177 1725 310 1753 forensem
326 1726 425 1753 famam
441 1736 454 1754 a
470 1727 626 1754 domesticis
637 1732 742 1754 emanat
754 1727 870 1753 auctori-

68 1763 130 1790 bus.
174 1765 213 1790 ⁴8.
236 1765 356 1799 Denique
372 1764 530 1791 instituendi
541 1769 605 1791 sunt
616 1765 750 1799 cuiusque
760 1764 868 1800 generis

68 1801 163 1828 amici:
178 1801 211 1828 ad
222 1802 350 1836 speciem,
365 1802 488 1829 homines
500 1802 618 1829 illustres
631 1802 729 1828 honore
741 1811 770 1828 ac
782 1802 870 1828 nomi-

68 1847 124 1871 me;
138 1839 186 1874 qui
198 1839 277 1865 etiam
289 1839 313 1865 si
323 1839 489 1875 suffragandi
502 1839 591 1866 studia
604 1848 655 1866 non
663 1844 770 1870 navant,
780 1844 868 1866 tamen

68 1875 565 1913 afferuntpetitorialiquiddignitatis3
580 1877 612 1904 ad
626 1878 668 1903 ius
678 1877 867 1908 obtinendum,

69 1914 257 1949 magistratuS,
270 1922 304 1940 ex
315 1914 417 1949 quibus
429 1915 546 1941 maxime
557 1914 697 1945 consules,
711 1914 809 1940 deinde
821 1915 870 1941 tri-

68 1951 134 1977 buni
147 1951 249 1985 plebis;
273 1951 306 1977 ad
317 1951 498 1978 conficiendas
513 1953 662 1983 centurias,
682 1952 805 1979 homines
821 1960 869 1978 ex·
891 1963 892 1985 ᾗ

67 1988 175 2015 cellenti
187 1989 282 2024 gratia.
322 1989 374 2021 Qui
390 1989 438 2015 abs
453 1994 477 2016 te
489 1989 589 2016 tribum
605 1994 651 2016 aut
661 1990 809 2016 centuriam
823 1994 869 2015 aut

67 2025 178 2061 aliquod
195 2026 357 2053 beneficium
374 2031 419 2053 aut
435 2027 550 2053 habeant
566 2031 612 2053 aut
630 2027 728 2053 babere
749 2031 866 2061 sperent,

67 2071 113 2090 eos
133 2072 243 2098 prorsus
266 2073 362 2099 magno
386 2072 466 2099 opere
489 2069 515 2090 et
534 2073 659 2099 compara
680 2069 706 2091 et
728 2064 866 2090 confirma.

66 2100 135 2127 Nam
156 2109 203 2136 per
224 2101 272 2127 bos
293 2110 377 2128 annos
399 2102 522 2128 homines
542 2102 679 2128 ambitiosi
696 2101 869 2127 veliementer

66 2138 140 2165 omni
152 2138 242 2165 studio
253 2143 333 2174 atque
346 2147 426 2173 opera
438 2139 617 2170 elaborarunt,
635 2144 663 2165 ut
675 2144 783 2173 possent
795 2148 808 2164 a
822 2139 869 2164 tri-

67 2175 180 2202 bulibus
196 2177 254 2202 suis
269 2185 313 2207 ea,
330 2185 400 2211 quae
417 2181 550 2211 peterent.
574 2177 727 2211 impetrare.

66 2212 200 2244 homines,
209 2213 431 2248 quibuscumque
444 2215 543 2248 poteris
555 2213 716 2243 rationibus,
726 2218 754 2239 ut
765 2221 798 2239 cx
809 2213 868 2239 ani-

67 2258 111 2276 mo
131 2255 211 2285 atque
231 2259 264 2277 ex
280 2250 325 2277 illa
341 2260 447 2277 summa
463 2251 598 2277 voluntate
616 2252 654 2277 tui
671 2250 785 2277 studiosi
802 2251 864 2280 sint,

66 2287 211 2314 elaborato.
259 2289 298 2314 49.
325 2288 403 2320 Quod
418 2289 442 2314 si
461 2289 526 2315 satis
542 2288 611 2323 grati
629 2288 751 2314 homines
765 2292 864 2318 essent,

67 2324 134 2351 baec
147 2325 237 2351 omnia
249 2325 298 2351 tibi
310 2330 400 2360 parata
411 2334 469 2351 esse
480 2325 624 2356 debebant,
641 2326 711 2351 sicut
723 2330 811 2359 parata
823 2334 867 2350 es-

66 2370 95 2388 se
105 2362 224 2388 confido:
247 2371 308 2388 nam
326 2363 374 2389 boc
391 2363 501 2389 biennio
517 2367 642 2397 quattuor
657 2362 811 2389 sodalitates
827 2363 867 2388 ci-

66 2400 142 2426 vium
157 2399 190 2426 ad
206 2399 381 2426 ambitionem
396 2401 654 2435 gratiosissimorum
667 2400 715 2426 tibi
727 2400 864 2435 obligasti,

66 2436 102 2464 M.
116 2437 260 2467 Fundanii,
276 2438 308 2469 Q.
321 2437 412 2467 Gallii,
426 2438 455 2464 C.
468 2437 594 2468 Cornelii,
616 2438 644 2464 C.
657 2437 793 2464 Orcliivii:
818 2437 867 2463 bo-

66 2483 126 2501 rum
139 2475 166 2501 in
177 2475 281 2501 caussis
292 2474 325 2501 ad
338 2479 361 2501 te
373 2474 529 2500 defer-undis
541 2475 672 2509 quidnam
684 2483 775 2501 eorum
787 2474 867 2500 soda-

67 2511 105 2538 les
117 2512 167 2538 tibi
179 2512 328 2547 receperint
339 2517 364 2538 et
375 2513 571 2542 confirmarint,
585 2513 654 2538 scio:
672 2521 732 2538 num
745 2511 863 2538 interfui.

65 2550 152 2581 Quare
169 2549 217 2576 hoc
234 2550 282 2576 tibi
300 2549 452 2575 faciendum
470 2554 509 2576 est
525 2549 573 2575 boo
585 2554 717 2584 tempore,
735 2554 763 2575 ut
774 2549 807 2574 ab
821 2549 863 2579 iis,

65 2586 138 2621 quod
159 2586 271 2618 debent,
294 2587 388 2621 exigas
408 2595 487 2621 saepe
503 2586 712 2617 commonendo,
736 2586 863 2622 rogando,

65 2624 262 2656 confirnmndo,
275 2623 407 2654 curando,
422 2629 451 2650 ιιι
463 2624 627 2659 intelligant,
641 2623 747 2650 nullum
763 2632 792 2649 se
804 2632 866 2649 11111-

66 2669 146 2695 quam
159 2661 233 2687 aliud
246 2666 352 2696 tempus
367 2661 666 2687 babiturosreferendae
673 2661 787 2696 gratiae:
802 2669 865 2695 pro-

67 2697 134 2725 fecto
155 2698 277 2725 homines
292 2704 318 2726 et
331 2707 378 2734 spe
396 2699 562 2734 reliquorum
580 2703 686 2725 tuorum
702 2698 862 2730 osliciorum,

769 2176 820 2202 llos
841 2181 868 2202 tu
890 2186 891 2193 ¹

1654 164 1718 189 ⁴365

925 231 1005 256 etiam
1021 230 1174 256 recentibus
1191 230 1342 262 beneficiis,
1366 230 1398 257 ad
1419 231 1542 259 studium
1563 233 1718 260 navandum

924 267 1123 294 excitabuntur.
1163 269 1206 295 20.
1238 268 1270 294 Et
1292 269 1401 295 omnino
1421 270 1548 304 quoniam
1570 279 1600 297 eo
1620 279 1719 306 genere

924 305 1103 330 amicitiarum
1115 305 1208 339 petitio
1219 310 1263 332 tua
1276 307 1392 332 maxime
1403 308 1506 333 munita
1522 313 1574 338 est,
1596 308 1669 342 quod
1685 317 1718 334 ex

923 350 1081 368 caussarum
1091 341 1295 369 defensionibus
1307 343 1420 378 adeptus
1431 352 1473 370 es:
1492 344 1541 375 fac,
1555 350 1583 371 ut
1594 345 1673 380 plane
1684 346 1718 371 iis

923 379 1060 410 omnibus,
1074 388 1142 414 quos
1153 379 1292 406 devinctos
1305 386 1392 411 tenes,
1408 381 1573 416 descriptum
1585 391 1615 408 ac
1626 382 1719 417 dispo-

923 417 1006 442 situm
1027 425 1107 442 suum
1128 417 1226 451 cuique
1242 426 1341 443 munus
1357 419 1400 444 sit.
1440 419 1472 444 Et
1489 419 1718 453 quemadmodum

923 454 1025 480 nemini
1040 454 1148 480 illorum
1165 453 1293 481 molestus
1309 454 1382 480 nulla
1400 456 1426 481 in
1444 464 1470 481 re
1485 465 1614 491 umquam
1628 457 1716 483 suisti:

923 492 961 517 sic
972 499 1045 522 cura,
1058 495 1087 517 ut
1098 490 1257 526 intelligant,
1270 492 1359 518 omnia
1372 497 1405 522 te,
1419 501 1487 527 quae
1499 494 1532 519 ab
1545 494 1598 520 illis
1611 494 1659 520 tibi
1671 494 1719 520 de-

923 529 980 554 beri
993 529 1104 562 putaris,
1120 528 1152 554 ad
1165 529 1213 554 hoc
1225 534 1330 563 tempus
1343 538 1503 556 reservasse.
1544 532 1586 557 vt.
1604 533 1644 557 21.
1666 531 1718 557 Sed

922 566 1050 600 quoniam
1062 565 1149 592 tribus
1160 566 1240 592 rebus
1254 566 1375 592 homines
1387 568 1503 594 maxime
1515 568 1548 594 ad
1555 568 1718 595 benevolen-

899 630 900 635 ,
922 604 987 629 tiam
999 608 1077 637 atque
1090 603 1199 629 adhaec
1211 603 1375 639 suffragandi
1392 604 1480 631 studia
1498 605 1647 636 ducuntur,
1671 606 1717 631 be-

899 664 900 667 ,
922 640 1030 670 netieio,
1047 649 1109 674 spe,
1127 640 1298 667 adiunctione
1314 642 1396 667 animi
1430 642 1472 668 vel
1485 642 1633 669 voluntate:
1659 644 1719 669 ani-

898 674 899 699 Ῐ
922 677 1143 704 madvertendum
1155 682 1204 708 est,
1213 679 1442 712 quemadmodum
1453 680 1551 714 cuique
1564 681 1658 706 borum
1670 689 1718 716 ge-

430 716 468 741 tt.
481 715 575 741 lumin
587 714 686 750 populo
697 723 778 749 quam
791 714 869 740 multi
891 715 900 730 ³

891 746 899 769 l*
921 752 1106 783 adducuntur,
1128 757 1157 779 ut
1172 753 1236 779 satis
1251 762 1362 779 caussae
1377 759 1470 788 putent
1481 763 1539 780 esse
1551 755 1583 781 ad
1595 755 1715 781 studium

898 810 899 813 ,
921 790 1132 825 suffragationis3
1148 790 1247 816 nedum
1259 791 1286 820 ii,
1300 791 1401 825 quibus
1413 791 1493 817 saluti
1506 791 1594 823 suisti,
1608 801 1676 827 quos
1689 798 1717 818 tu

921 716 978 741 neri
994 715 1030 741 sit
1046 715 1260 741 inserviendum.
1302 717 1420 742 Minimis
1437 717 1574 743 beneficiis
1595 718 1717 744 homines

922 827 1005 853 habes
1021 827 1165 862 plurimos,
1189 836 1241 853 non
1258 828 1422 863 intelligant.
1444 830 1468 855 si
1483 829 1532 855 hoc
1544 835 1588 856 tuo
1599 835 1717 864 tempore

921 865 971 891 tibi
983 873 1035 891 non
1047 864 1234 894 satisfecerint.
1248 874 1276 891 se
1288 865 1411 899 probatos
1424 867 1525 892 nemini
1537 875 1665 901 umquam
1678 867 1717 893 so-

921 911 958 928 re.
999 902 1075 934 Quod
1096 911 1181 936 quum
1203 903 1238 928 ita
1259 903 1306 933 sit,
1330 907 1417 929 tamen
1434 903 1545 939 rogandi
1560 909 1623 930 sunt
1638 909 1717 938 atque

921 940 1001 966 etiam
1014 940 1040 965 in
1054 939 1121 965 lianc
1132 940 1288 974 opinionem
1301 940 1461 971 adducendi,
1471 946 1507 971 ut,
1521 942 1568 976 qui
1581 941 1658 967 nobis
1670 941 1718 967 ad-

922 977 975 1003 huc
989 976 1102 1012 obligati
1118 976 1230 1007 fuerint.
1255 978 1288 1003 iis
1305 978 1426 1004 vicissim
1444 987 1492 1004 nos
1507 978 1622 1014 obligari
1640 987 1716 1013 posse

922 1014 1073 1041 videamur.
1114 1015 1156 1040 22.
1172 1014 1223 1046 Qui
1238 1019 1327 1041 autem
1339 1024 1386 1049 spe
1398 1020 1528 1046 tenentur,
1538 1015 1619 1050 (quod
1631 1025 1718 1051 genus

922 1052 1063 1078 hominum
1080 1051 1164 1078 multo
1185 1052 1263 1077 etiam
1284 1057 1324 1078 est
1344 1052 1502 1087 diligentius
1521 1058 1600 1088 atque
1615 1053 1719 1079 officio-

921 1089 1006 1124 siusz)
1027 1089 1061 1115 iis
1090 1088 1131 1114 sac
1151 1093 1181 1115 ut
1202 1091 1368 1124 propositum
1389 1098 1419 1115 ae
1440 1095 1561 1124 paratum
1583 1090 1717 1117 auxilium

921 1132 998 1154 tunm
1009 1135 1068 1152 esse
1081 1126 1217 1158 videatur;
1231 1127 1349 1162 denique
1360 1132 1569 1162 utspectatorem
1578 1133 1718 1154 tesuorum

921 1164 1072 1191 officiorum
1093 1172 1152 1190 esse
1172 1164 1323 1199 intelligant
1346 1164 1518 1200 diligentem:
1542 1170 1570 1191 ut
1587 1165 1677 1191 videre
1695 1170 1719 1191 te

921 1202 1000 1237 plane
1011 1206 1091 1236 atque
1102 1201 1329 1232 animadvertere,
1347 1207 1478 1237 quantum
1490 1212 1503 1228 a
1515 1211 1623 1237 quoque
1638 1203 1719 1237 proti-

921 1240 1050 1269 ciscatur.
1063 1243 1199 1273 appareat.
1240 1241 1281 1265 213.
1304 1240 1422 1265 Tertium
1435 1239 1501 1265 illud
1514 1248 1600 1275 genus
1611 1245 1651 1266 est
1661 1245 1720 1266 stu-

920 1277 1027 1303 diorum
1040 1276 1232 1307 voluntarium,
1246 1276 1318 1311 quod
1330 1277 1441 1312 agendis
1452 1278 1555 1312 gratiis,
1569 1286 1720 1303 accommo-

920 1314 1018 1341 dandis
1029 1314 1201 1340 sermonibus
1212 1314 1244 1340 ad
1257 1323 1300 1339 eas
1313 1315 1436 1344 rationes,
1446 1319 1553 1349 propter
1563 1323 1631 1349 quas
1642 1315 1719 1349 quis-

921 1361 974 1387 que
986 1351 1125 1378 studiosus
1137 1360 1195 1377 esse
1210 1352 1248 1378 tui
1262 1351 1411 1380 videbitur,
1422 1352 1599 1387 significanda
1611 1361 1673 1386 erga
1686 1351 1720 1378 il-

922 1390 960 1416 los
972 1390 1029 1424 pari
1042 1388 1190 1419 voluntate,
1209 1389 1366 1415 adducenda
1383 1389 1500 1415 amicitia
1514 1390 1539 1415 in
1550 1398 1626 1423 spem
1640 1390 1720 1415 1111111-

922 1427 1045 1454 liaritatis
1061 1431 1087 1453 et
1101 1426 1306 1452 consuetudinis
1322 1426 1473 1452 confirmari
1488 1427 1630 1461 oportebit.
1672 1427 1719 1452 At-

920 1474 973 1500 que
989 1465 1016 1491 in
1033 1465 1065 1490 iis
1081 1464 1209 1490 omnibus
1225 1464 1370 1499 generibus
1383 1464 1500 1490 iudicato
1511 1469 1536 1490 et
1548 1463 1716 1498 perpendito,

920 1507 1051 1537 quantum
1063 1502 1288 1536 quisquepossit;
1314 1502 1435 1532 utscias,
1453 1506 1478 1528 ct
1489 1501 1719 1536 quemadmodum

920 1540 1019 1575 cuique
1032 1540 1173 1570 inservias,
1182 1544 1207 1565 ct
1218 1539 1284 1574 quid
1295 1548 1308 1565 a
1320 1548 1428 1573 qnoque
1440 1544 1579 1573 exspectes
1590 1544 1614 1564 et
1626 1543 1720 1573 postu-

922 1577 970 1603 les.
1006 1577 1045 1603 21.
1063 1577 1132 1602 Sunt
1143 1577 1215 1602 enim
1226 1576 1337 1611 quidam
1351 1576 1473 1602 homines
1486 1577 1511 1602 111
1524 1577 1581 1602 suis
1595 1577 1720 1602 vicinita-

921 1615 994 1641 tibus
1006 1618 1031 1640 et
1043 1614 1201 1648 miinieipiis
1213 1615 1336 1649 gratiosi;
1350 1613 1716 1649 suntdiligentesetcopiosi3

898 1664 899 1673 1
921 1653 1066 1687 qui,etiam
1078 1651 1101 1677 si
1113 1656 1188 1677 antea
1202 1660 1252 1677 non
1265 1651 1426 1677 studuerunt
1439 1651 1501 1677 huic
1512 1652 1621 1685 gratiae,
1631 1656 1719 1677 tamen

921 1699 955 1716 ex
967 1694 1085 1724 tempore
1097 1688 1233 1715 elaborare
1243 1689 1302 1714 eius
1313 1697 1422 1718 caussa,
1445 1689 1489 1714 cui
1506 1689 1603 1714 debent
1615 1693 1659 1714 aut
1673 1697 1720 1714 vo-

923 1726 989 1757 lunt,
1004 1726 1081 1753 facile
1094 1731 1216 1760 possunt.
1258 1727 1304 1752 llis
1317 1726 1456 1752 bominum
1468 1726 1614 1761 generibus
1626 1727 1665 1751 sie.
1678 1726 1720 1752 in-

921 1764 1095 1791 serviendum
1112 1768 1165 1794 est,
1191 1768 1219 1790 ut
1235 1764 1287 1798 ipsi
1306 1763 1456 1798 intelligant
1468 1769 1491 1789 te
1504 1764 1609 1792 videre.
1628 1762 1718 1798 quida

898 1811 899 1820 ³
921 1810 1029 1837 quoque
1040 1806 1192 1835 exspectes:
1206 1801 1314 1831 sentire,
1329 1800 1395 1835 quid
1407 1801 1536 1835 accipias:
1552 1801 1717 1830 meminisse.

920 1839 987 1874 quid
999 1839 1145 1873 acceperis.
1187 1838 1254 1864 Sunt
1270 1844 1357 1864 autem
1375 1838 1434 1868 alii.
1456 1839 1503 1872 qui
1520 1843 1565 1864 aut
1577 1837 1643 1864 1111111
1658 1846 1720 1872 pos-

921 1882 992 1906 sunt,
1007 1877 1145 1902 autetiam
1158 1875 1218 1902 odio
1229 1881 1291 1902 sunt
1304 1875 1450 1902 tribulibus
1465 1876 1536 1902 suis:
1561 1884 1608 1901 nee
1622 1875 1720 1901 liabent

922 1919 1024 1941 tantum
1038 1915 1121 1940 animi
1133 1919 1178 1940 aut
1191 1913 1337 1943 facultatis.
1355 1918 1383 1939 ut
1398 1913 1533 1939 enitantur
1544 1922 1577 1939 ex
1590 1918 1718 1947 tempore.

921 1953 972 1978 llos
986 1953 1149 1978 internoscas
1163 1950 1263 1983 videm
1279 1959 1319 1981 ne,
1334 1959 1381 1985 spe
1394 1951 1419 1976 111
1432 1950 1523 1985 aliquo
1535 1951 1633 1976 maiore
1646 1950 1720 1984 posi-

921 1995 954 2020 ta,
969 1989 1097 2024 praesidii
1111 1997 1205 2023 parum
1216 1993 1395 2022 comparetur.
1437 1988 1490 2014 vu.
1514 1989 1554 2014 ἐϋ,
1579 1988 1608 2013 Et
1622 1996 1720 2022 quam-

920 2036 1002 2062 quam
1019 2027 1101 2061 partis
1117 2035 1147 2052 ac
1164 2025 1282 2052 fundatis
1294 2026 1421 2051 amicitiis
1435 2024 1530 2051 fretum
1543 2033 1572 2050 ac
1584 2026 1719 2051 inunitam

920 2073 979 2090 esse
990 2069 1101 2098 oportet,
1111 2069 1198 2090 tamen
1213 2064 1238 2089 111
1252 2063 1308 2097 ipsa
1317 2063 1442 2097 petitione
1455 2063 1587 2088 amicitiae
1600 2062 1720 2097 permul-

921 2107 961 2128 tae
977 2110 1007 2127 ac
1022 2101 1152 2136 perutiles
1167 2106 1366 2135 comparantur.
1409 2101 1474 2126 Nam
1492 2101 1517 2126 in
1530 2101 1625 2126 ceteris
1637 2099 1720 2125 mole-

920 2139 980 2165 stiis
996 2139 1075 2164 babet
1088 2138 1136 2164 boc
1148 2143 1235 2164 tamen
1252 2138 1344 2172 petitio
1355 2137 1503 2167 conunodi.
1528 2142 1554 2163 ut
1571 2138 1658 2171 possis
1672 2137 1719 2162 bo-

921 2180 1003 2206 neste,
1020 2175 1092 2210 quod
1106 2176 1131 2201 111
1143 2180 1229 2200 cetera
1243 2175 1296 2200 vita
1309 2183 1359 2200 non
1371 2183 1660 2209 queas,quoscumque
1673 2182 1718 2199 ve—

921 2213 962 2244 lis,
975 2213 1122 2248 adiungere
1137 2212 1169 2238 ad
1186 2212 1346 2241 amicitiam
1365 2212 1530 2246 quibuscum
1547 2213 1568 2236 si
1584 2211 1635 2236 alio
1652 2217 1718 2236 teni-

919 2259 982 2285 porc
998 2259 1075 2285 agas,
1100 2254 1128 2275 ut
1144 2254 1167 2275 to
1180 2254 1302 2279 utantur,
1320 2249 1437 2275 absurde
1450 2249 1533 2274 faeere
1547 2248 1666 2273 videare:
1692 2250 1717 2273 in

919 2288 1046 2322 petitione
1059 2291 1147 2313 autem
1161 2287 1212 2312 nisi
1226 2286 1251 2311 id
1264 2295 1336 2321 agaS,
1350 2291 1447 2312 etcum
1462 2286 1552 2312 inultis
1565 2291 1588 2311 et
1600 2285 1718 2320 diligen-

920 2330 971 2355 ter,
990 2324 1082 2351 nullus
1099 2325 1195 2358 petitor
1205 2332 1264 2349 csse
1277 2323 1394 2349 videare.
1435 2325 1476 2349 213.
1500 2324 1554 2357 ligo
1569 2329 1655 2348 autem
1669 2322 1717 2348 tibi

920 2363 969 2388 1100
980 2362 1118 2390 conlirmo.
1132 2370 1190 2386 esse
1203 2361 1347 2389 neminem.
1361 2361 1424 2395 (nisi
1436 2360 1525 2395 aliqua
1540 2359 1717 2385 necessitudi-

919 2408 951 2426 ne
967 2399 1172 2434 competitorum
1191 2398 1271 2424 alii-ui
1289 2403 1395 2424 tuorum
1413 2399 1447 2423 sit
1463 2398 1627 2424 adiunctus*
1639 2406 1651 2422 a
1663 2406 1718 2432 quo

895 2443 896 2448 ¹
918 2446 969 2463 11011
984 2436 1070 2466 facile,
1084 2436 1106 2461 si
1118 2435 1297 2463 contenderis.
1312 2436 1452 2469 impetrare
1465 2435 1560 2469 possis.
1571 2440 1597 2459 111
1610 2443 1658 2459 sno
1671 2434 1717 2460 be—

919 2474 1013 2500 nelicio
1025 2479 1216 2508 promereatur,
1225 2481 1253 2497 sc
1267 2478 1293 2498 ιιι
1305 2482 1387 2498 ames.
1397 2472 1480 2498 etsiln
1495 2477 1521 2497 ιιι
1533 2471 1644 2497 debeas:
1660 2481 1717 2497 iiio—

917 2511 951 2537 110
963 2517 991 2538 ιιι
1004 2511 1147 2546 intelligat,
1162 2516 1186 2536 to
1199 2511 1289 2544 magni
1301 2510 1456 2538 aestimare,
1475 2518 1507 2535 ex
1523 2518 1612 2534 amum
1627 2518 1714 2544 agere,

919 2549 985 2574 bene
997 2558 1024 2575 se
1037 2557 1148 2583 ponere,
1173 2547 1226 2573 sure
1242 2557 1274 2573 ex
1290 2556 1321 2572 eo
1338 2556 1388 2572 non
1402 2546 1510 2571 brevem
1523 2551 1548 2572 et
1559 2546 1716 2580 stitl‘ragato-

918 2587 994 2616 riam,
1007 2586 1054 2612 sed
1068 2586 1171 2611 11111111111
1183 2590 1207 2610 et
1220 2589 1375 2618 piu-petuam
1387 2585 1543 2609 amicitiani.
1575 2584 1616 2609 2³7.
1635 2585 1716 2609 Nemo

916 2624 975 2652 erit.
990 2623 1057 2649 1111111
1069 2622 1161 2650 crede.
1177 2623 1202 2647 111
1214 2631 1268 2656 qno
1281 2621 1358 2647 modo
1370 2621 1474 2655 aliquid
1488 2621 1594 2646 virtutis
1606 2622 1653 2648 sit.
1667 2622 1714 2656 qui

918 2660 966 2686 lioc
978 2665 1084 2695 tempus
1100 2660 1153 2685 sibi
1169 2658 1288 2685 oblatum
1305 2659 1436 2684 amicitiam
1450 2663 1537 2684 tecum
1549 2660 1714 2684 constituen-

916 2697 965 2724 dae
981 2698 1186 2733 praetermittat:
1210 2698 1367 2731 praesertim
1389 2704 1474 2731 quum
1497 2695 1546 2722 tibi
1568 2695 1616 2722 boc
1636 2705 1714 2721 casim
