1941 3052
354 143 406 169 DE
440 143 765 171 HARUSPICUM
797 144 1089 171 RESPONSIS.
1125 145 1222 171 CAP.

62 212 172 249 putem?
191 222 252 240 nam
264 213 314 239 hoc
324 213 434 248 quidem
447 214 527 240 verbo
543 222 630 249 neque
640 215 669 240 P.
682 214 792 242 Clodius
810 224 856 241 ne-

61 260 114 286 que
133 251 278 285 quisquam
298 250 331 276 de
346 250 500 286 gregalibus
516 252 574 278 eius
590 256 635 278 aut
650 252 682 278 de
696 252 855 278 consiliariis

61 288 227 323 designatur.
268 287 370 313 Habent
381 288 486 314 Etrusci
499 288 560 314 libri
572 293 641 315 certa
653 290 773 320 nomina,
787 298 856 324 quae

61 326 88 352 in
99 325 127 351 id
137 333 224 361 genus
235 325 336 351 civium
347 325 441 351 cadere
452 330 574 360 possunt.
597 335 791 357 nereaiones,
807 335 857 353 RE·-

62 372 178 393 runsos,
195 362 331 397 quodiam
343 362 471 394 audietis,
489 363 537 389 hos
548 363 691 398 appellant,
704 372 819 398 quorum
830 368 856 390 et

61 404 163 426 mentes
174 403 199 425 et
210 408 251 425 res
263 404 327 425 sunt
337 400 455 434 perditae
467 400 598 436 longeque
609 409 623 426 a
634 401 769 427 communi
784 401 856 427 salu-

61 441 86 463 te
96 436 256 463 disiunctae.
278 436 372 468 Quare,
385 445 470 472 quum
482 437 519 464 dii
531 438 694 464 immortales
706 443 813 464 monent
823 438 856 464 de

60 475 230 509 optimatium
250 474 406 500 discordiis:
427 475 460 500 de
480 475 690 501 clarissimorum
711 480 738 501 et
757 476 856 510 optime

60 512 216 538 meritorum
239 511 340 537 civium
368 511 535 538 dissensione
563 512 732 547 praedicunt:
770 521 855 547 quum

61 549 230 584 principibus
246 548 397 583 periculum
409 549 571 584 caedemque
583 549 757 584 portendunt,
775 550 801 575 in
815 554 857 575 tu-

59 590 86 613 to
97 586 225 612 collocant
237 586 373 617 Clodium,
392 587 440 621 qui
452 591 554 613 tantum
566 587 641 612 abest
651 595 665 612 a
677 587 853 621 principibus,

59 628 191 658 quantum
203 633 216 650 a
229 625 317 658 puris,
331 628 462 659 quantum
473 632 487 650 a
499 624 641 659 religiosis.

60 661 202 687 clarissimi
215 666 293 696 atque
305 661 399 695 optimi
411 662 497 692 cives,
515 666 540 687 et
552 666 654 687 vestrae
666 661 745 687 saluti
756 669 856 687 consu-

60 698 169 724 lendum
182 703 207 725 et
217 698 436 733 prospiciendum
452 698 550 724 vident.
590 698 690 725 Caedes
702 699 854 733 principum

59 736 221 762 ostenditur:
244 736 270 761 id
279 756 285 767 ,
303 735 375 770 quod
390 736 527 761 interitum
539 736 707 770 optimatium
719 736 797 770 sequi
810 744 856 762 ne-

58 781 133 799 cesse
144 778 192 804 est,
206 773 371 808 adiungitur.
399 773 436 798 Ne
448 773 475 799 in
488 773 568 798 unius
580 773 724 807 imperium
735 781 777 799 res
789 773 855 799 reci-

58 810 111 840 dat,
125 810 309 836 admonemur.
331 810 370 835 Ad
385 818 465 844 quem
478 814 578 836 metum
590 810 613 836 si
624 810 733 836 deorum
746 811 853 836 monitis

58 855 110 873 non
122 847 288 877 duceremur,
297 851 384 873 tamen
397 847 448 881 ipsi
461 852 549 873 nostro
560 856 641 873 sensu
650 848 854 882 coniecturaque

58 892 221 919 raperemur.
253 885 346 919 Neque
357 884 428 910 enim
441 884 513 910 ullus
525 884 593 911 alius
605 885 798 911 discordiarum
811 893 855 910 so-

60 921 94 947 let
109 929 168 947 esse
183 922 272 948 exitus
286 922 355 947 inter
369 921 452 947 claros
468 926 493 947 et
508 926 628 956 potentes
643 923 727 953 viros,
746 922 798 948 nisi
810 927 854 948 aut

59 959 202 985 universus
218 959 355 989 interitus,
378 963 424 984 aut
439 959 547 985 victoris
563 959 729 990 dominatus,
752 964 798 985 aut
813 968 853 985 re-

57 1004 150 1032 gnum.
189 996 321 1022 Dissensit
332 1004 392 1022 cum
405 996 500 1026 Mario,
514 996 663 1022 clarissimo
674 997 745 1027 cive,
759 996 852 1022 consul

58 1033 244 1059 nobilissimus
255 1038 280 1059 et
292 1033 464 1063 fortissimus,
478 1033 507 1059 L.
522 1033 606 1059 Sulla.
629 1034 728 1060 Horum
741 1038 853 1068 uterque

57 1071 93 1096 ita
113 1071 209 1097 cecidit
230 1071 326 1102 victus,
350 1075 379 1097 ut
399 1071 482 1097 victor
496 1070 568 1096 idem
585 1071 744 1106 regnaverit.
785 1071 853 1097 Cum

57 1107 166 1134 Octavio
175 1108 277 1143 collega
288 1108 371 1134 Cinna
383 1107 505 1134 dissedit.
528 1108 638 1142 Utrique
650 1108 745 1134 horum
757 1116 853 1134 secun-

56 1144 89 1172 da
101 1144 205 1171 fortuna
218 1154 330 1181 regnum
342 1150 382 1171 est
394 1145 495 1180 largita,
509 1145 620 1171 adversa
633 1150 752 1172 mortem.
780 1145 852 1171 Idem

57 1183 152 1210 iterum
165 1182 240 1209 Sulla
255 1183 406 1218 superavit:
424 1187 481 1208 tum
496 1183 554 1209 sine
570 1183 653 1209 dubio
669 1183 762 1209 habuit
777 1191 853 1218 rega-

57 1219 109 1246 lem
117 1224 455 1255 potestatem,quamquam
468 1220 662 1254 rempublicam
674 1220 850 1255 recuperavit.

57 1258 99 1284 55.
112 1258 183 1284 Inest
194 1257 243 1284 hoc
255 1262 372 1292 tempore
385 1257 456 1283 haud
467 1258 612 1283 obscurum
624 1257 725 1289 odium,
734 1262 813 1292 atque
824 1258 852 1283 id

57 1294 167 1321 insitum
184 1295 291 1329 penitus
307 1299 332 1321 et
347 1295 469 1321 inustum
481 1295 578 1320 animis
590 1295 729 1321 hominum
741 1294 853 1330 amplis—

56 1332 202 1358 simorum:
216 1332 349 1358 dissident
359 1332 509 1366 principes.-
522 1337 642 1366 captatur
653 1332 765 1358 occasio.
800 1332 850 1364 Qui

55 1378 107 1396 non
120 1374 222 1395 tantum
234 1369 332 1404 opibus
344 1369 446 1400 valent,
470 1369 559 1395 nescio
574 1377 653 1403 quam
668 1368 799 1395 fortunam
812 1374 852 1395 ta—

56 1415 116 1433 men
129 1415 158 1433 ac
169 1411 276 1441 tempus
288 1411 451 1441 exspectant.
467 1405 518 1438 Qui
529 1407 587 1432 sine
598 1407 776 1433 controversia
788 1406 851 1441 plus

55 1448 181 1479 possunt,
200 1444 227 1470 hi
243 1444 354 1470 tortasse
366 1452 568 1478 nonnumquam
580 1443 690 1470 consilia
703 1453 732 1470 ac
743 1449 851 1470 senten—

54 1482 105 1508 tias
116 1482 287 1508 inimicorum
299 1489 409 1507 suorum
422 1481 609 1507 extimescunt.
631 1481 750 1507 Tollatur
762 1481 825 1507 haec
836 1489 850 1507 e

54 1519 161 1545 civitate
171 1518 314 1545 discordia.
355 1519 408 1544 Iam
419 1526 512 1544 omnes
524 1518 581 1550 isti,
595 1518 642 1553 qui
655 1518 851 1553 portenduntur

55 1560 151 1587 metus,
165 1556 383 1591 exstinguentur:
400 1556 452 1582 iam
465 1556 513 1581 ista
525 1564 645 1590 serpens,
659 1564 727 1591 quae
739 1560 795 1582 tum
808 1556 850 1582 liic

54 1593 200 1624 delitescit,
218 1597 275 1619 tum
291 1601 319 1619 se
335 1593 447 1628 emergit
462 1597 487 1618 et
503 1592 586 1619 fertur
602 1592 679 1624 illuc,
698 1601 850 1628 compressa

54 1635 134 1666 atque
145 1630 214 1656 illisa
226 1630 362 1656 morietur.
403 1630 499 1656 XXVI.
513 1631 620 1656 Monent
630 1631 701 1656 enim
713 1630 804 1662 iidem,
818 1639 850 1656 ne

54 1668 165 1695 occultis
175 1667 296 1694 consiliis
308 1668 459 1703 respublica
479 1667 605 1694 laedatur.
646 1668 719 1700 Quae
733 1672 796 1694 sunt
806 1676 851 1694 oc—

53 1705 178 1736 cultiora,
191 1713 272 1740 quam
284 1705 355 1736 eius,
372 1706 419 1740 qui
431 1705 457 1731 in
469 1706 595 1731 concione
606 1714 689 1731 ausus
700 1709 741 1731 cst
751 1705 848 1736 dicere,

53 1743 186 1770 iustitium
211 1742 279 1768 edici
304 1747 437 1777 oportere,
463 1742 675 1769 iurisdictionem
699 1743 848 1774 intermitti,

54 1779 142 1807 claudi
157 1780 303 1811 aerarium,
321 1780 420 1806 iudicia
437 1779 512 1806 tolli?
533 1780 583 1806 nisi
601 1779 666 1806 sorte
678 1780 847 1811 existimatis,

54 1817 121 1844 hanc
132 1821 230 1844 tantam
241 1816 421 1844 colluvionem
437 1817 490 1848 illi,
514 1822 668 1852 tantamque
683 1818 849 1844 eversionem

53 1854 168 1881 civitatis
184 1855 211 1881 in
227 1859 343 1881 mentem
355 1855 446 1881 subito
458 1855 483 1881 in
495 1855 595 1881 Rostris
608 1863 655 1881 nec
665 1855 791 1890 cogitanti
806 1863 850 1881 ve-

53 1892 110 1919 nire
121 1892 250 1927 potuisse.
272 1892 319 1918 Est
329 1892 439 1927 quidem
451 1892 496 1918 ille
509 1892 605 1926 plenus
618 1893 681 1923 vini¹
695 1893 791 1927 stupri,
805 1901 850 1919 so-

53 1929 109 1956 mni
126 1929 277 1963 plenusque
292 1929 580 1956 inconsideratissimae
591 1938 620 1955 ac
631 1929 849 1956 dementissimae

52 1966 217 1992 temeritatis.
237 1966 425 1993 Verumtamen
438 1967 573 1993 nocturnis
585 1966 695 2002 vigiliis,
704 1967 782 1993 etiam
794 1968 849 1993 coi-

53 2005 122 2030 tione
135 2003 289 2034 hominum,
302 2004 436 2030 iustitium
449 2003 517 2030 illud
528 2009 683 2030 concoctum
695 2013 725 2030 ac
736 2005 850 2031 medita-

52 2045 110 2067 tum
121 2044 170 2067 est.
206 2041 373 2072 Mementote,
388 2046 476 2076 putres
486 2041 639 2076 conscripti,
654 2042 734 2068 verbo
745 2042 791 2068 illo
803 2050 849 2068 ne-

52 2077 118 2104 fario
129 2081 241 2104 tentatas
252 2086 330 2104 aures
342 2083 456 2109 vestras,
474 2083 500 2104 et
511 2079 687 2113 perniciosam
700 2079 783 2110 viam,
800 2087 849 2105 au-

51 2114 142 2142 diendi
154 2115 358 2146 consuetudine,
372 2124 432 2141 esse
443 2116 585 2142 munitam.

106 2153 147 2179 56.
167 2152 389 2187 Sequiturillud,
406 2162 440 2179 iu:
456 2162 673 2180 permaneamus
688 2162 849 2180 RRPULSts-

51 2198 106 2220 ουκ
121 2199 212 2216 nosos
226 2199 392 2216 Auem-run.
418 2190 549 2225 Repulsos
561 2190 714 2217 videamus:
728 2199 790 2217 nam
801 2191 848 2217 de-

52 2227 161 2254 teriores
172 2228 219 2262 qui
231 2227 293 2258 sint,
308 2233 367 2262 post
378 2228 487 2254 docebo.
529 2227 580 2254 Sed
594 2232 680 2254 tamen
692 2229 719 2255 in
731 2236 793 2254 eum
804 2237 849 2255 ca-

51 2263 113 2291 dere
124 2264 174 2291 hoc
185 2264 298 2291 verbum
311 2265 440 2296 maxime,
457 2265 503 2300 qui
515 2266 632 2292 sitimus
643 2266 764 2292 omnium
777 2275 849 2292 mor·-

51 2301 144 2328 talium
156 2302 215 2328 sine
228 2301 280 2328 ullu
292 2302 458 2328 dubitatione
469 2302 845 2333 deterrimus.concedendum

51 2342 100 2365 est.
140 2339 192 2372 Qui
204 2343 268 2365 sunt
279 2340 362 2375 igitur
373 2340 494 2374 repulsi?
513 2340 583 2371 Non,
598 2345 627 2366 ut
637 2341 744 2375 opinor.
757 2341 785 2371 ii,
798 2341 846 2375 qui

51 2375 195 2411 aliquando
207 2377 347 2408 honorem,
362 2378 427 2403 vitio
437 2377 566 2408 civitatis.
581 2385 632 2403 non
644 2386 706 2408 suo,
721 2386 772 2404 non
784 2383 848 2404 sunt

52 2414 176 2440 assecuti.
217 2415 283 2440 Nam
300 2414 326 2440 id
342 2414 452 2449 quidem
466 2414 558 2440 multis
570 2423 648 2449 saepe
659 2415 768 2449 optimis
779 2415 847 2441 civi-

51 2449 104 2477 bus
114 2454 193 2485 atque
204 2451 402 2478 honestissimis
415 2452 479 2478 viris
491 2451 595 2478 accidit.
618 2452 729 2487 Repulsi
741 2457 804 2478 sunt
816 2453 844 2483 ii,

51 2494 119 2522 quos
130 2488 162 2514 ad
173 2489 261 2515 omnia
277 2489 489 2525 progredientes.
507 2498 575 2524 quos
587 2498 696 2515 munera
707 2494 796 2515 contra
809 2489 848 2515 le-

51 2531 98 2560 ges
108 2524 263 2561 gladiatoria
279 2530 416 2561 parantes,
434 2535 503 2561 quos
519 2527 686 2561 apertissime
703 2526 846 2562 largientes

51 2569 103 2588 non
114 2561 202 2589 solum
213 2563 302 2594 alieni,
315 2563 363 2590 sed
373 2565 452 2590 etiam
464 2564 517 2594 sui.
530 2564 621 2594 vicini,
635 2563 756 2594 tribulos.
765 2564 846 2590 urba-

52 2597 88 2630 ni,
101 2600 193 2626 rustici
205 2600 370 2635 repulerunt.
393 2601 424 2627 lli
437 2609 469 2627 ne
481 2601 578 2628 honore
590 2606 745 2637 augeantur,
754 2609 846 2627 mone-

51 2643 121 2662 mur.
141 2637 224 2663 Debet
233 2646 293 2664 esse
303 2642 418 2674 gratum,
431 2638 504 2674 quod
516 2639 685 2673 praedicunt:
698 2639 745 2665 sed
758 2644 844 2665 tamen

52 2671 114 2700 liuic
125 2674 194 2700 malo
209 2674 327 2710 populus
338 2675 472 2703 Romanus
489 2676 560 2711 ipse,
579 2676 653 2703 nullo
670 2676 843 2712 haruspicum

682 625 723 650 54.
738 624 827 654 Vobis,
840 632 856 650 o
877 646 878 651 ,

876 217 885 239 ἔ,

877 2169 879 2183 ;
900 2160 1020 2181 nostrum
1034 2155 1152 2182 humeris
1164 2157 1353 2183 cohaerebunt.

1258 147 1289 171 22
1310 161 1345 164 —
1368 148 1407 171 28.
1650 149 1698 173 499

907 215 1053 245 admonitu,
1067 224 1116 241 sua
1126 220 1220 250 sponte
1231 216 1378 251 prospexit.
1412 217 1453 242 57.
1467 217 1612 243 Deteriores
1623 226 1701 244 cave-

908 257 945 285 te3
968 261 1083 287 quorum
1098 252 1207 287 quidem
1224 262 1318 289 magna
1334 258 1373 280 est
1389 254 1473 280 natio:
1495 254 1543 280 sed
1558 259 1644 281 tamen
1656 263 1702 281 eo-

908 298 966 315 rum
978 290 1099 316 omnium
1112 290 1154 316 hic
1165 290 1222 317 dux
1232 295 1272 317 est
1283 296 1362 325 atque
1374 291 1508 326 princeps.
1549 292 1663 323 Etenim,
1677 293 1701 318 si

908 335 992 352 unum
1009 327 1145 353 hominem
1161 327 1334 354 deterrimum
1351 333 1425 363 poeta
1442 330 1585 363 praestanti
1602 329 1701 364 aliquis

907 364 1015 399 ingenio
1030 364 1098 390 lictis
1113 365 1325 400 conquisitisque
1341 366 1414 391 vitiis
1429 365 1605 392 deformatum
1622 366 1702 393 vellet

908 401 1046 427 inducere:
1070 401 1175 427 nullum
1196 402 1313 436 profecto
1332 403 1449 429 dedecus
1470 405 1585 438 reperire
1600 409 1698 438 posset,

907 438 979 473 quod
990 439 1017 464 in
1030 438 1078 465 hoc
1090 447 1141 465 non
1153 439 1264 469 inesset,
1283 440 1421 475 multaque
1435 441 1462 466 in
1475 449 1505 467 eo
1516 442 1623 475 penitus
1635 441 1702 467 defi·

908 484 938 501 xa
951 480 1030 510 atque
1041 476 1174 502 haerentia
1187 477 1347 510 praeteriret.
1382 478 1489 504 XXVII.
1507 479 1665 505 Parentibus
1676 483 1702 505 et

907 512 959 538 diis
974 513 1169 539 immortalibus
1185 518 1210 539 et
1225 515 1325 548 patriae
1341 523 1388 540 nos
1405 516 1522 549 primum
1534 521 1627 542 natura
1638 524 1702 542 con-

907 549 988 575 ciliat.
1028 550 1128 576 Eodem
1141 551 1211 576 enim
1224 556 1341 585 tempore
1353 557 1378 578 et
1389 553 1554 587 suscipimur
1569 554 1596 579 in
1613 553 1700 580 lucem

907 591 932 612 et
943 587 993 613 hoc
1003 587 1108 613 caelesti
1120 588 1216 622 spiritu
1228 597 1358 623 augemur
1369 595 1393 615 et
1404 595 1501 616 certam
1512 591 1539 616 in
1555 590 1646 616 sedem
1662 591 1701 617 ci-

907 624 996 650 vitatis
1008 633 1036 650 ac
1049 624 1177 651 libertatis
1188 626 1356 652 ascribimur.
1380 627 1430 653 lste
1441 632 1580 662 parentum
1593 637 1698 659 nomen,

907 669 993 692 sacra,
1012 662 1180 692 memoriam,
1198 667 1303 698 gentem
1321 664 1463 690 Fonteiano
1478 666 1585 691 nomine
1596 666 1698 691 obruit:

906 698 1016 724 deorum
1029 699 1112 733 ignes,
1127 699 1201 730 solia,
1214 708 1330 730 mensas,
1344 701 1448 727 abditos
1459 710 1488 727 ac
1500 703 1648 736 penetrales
1661 702 1700 729 so-

906 743 963 766 cos,
979 736 1096 767 occulta,
1114 741 1139 762 et
1150 737 1269 762 maribus
1282 746 1333 763 non
1345 738 1431 764 invisa
1443 739 1543 770 solum,
1562 740 1608 766 sed
1620 741 1699 766 etiam

908 773 1026 799 inaudita
1039 782 1111 799 sacra
1128 774 1285 808 inexpiabili
1301 775 1400 801 scelere
1416 777 1555 810 pervertit,
1573 777 1701 811 idemque

906 818 997 836 earum
1019 810 1149 844 templum
1170 810 1344 837 inflammavit
1365 812 1489 844 dearum,
1514 823 1628 848 quarum
1650 823 1699 848 ope

906 848 984 873 etiam
996 847 1055 873 aliis
1068 847 1198 874 incendiis
1214 849 1383 875 subvenitur.
1425 852 1466 876 58.
1489 850 1559 882 Quid
1571 851 1604 877 de
1615 852 1699 886 patria

907 884 1017 919 loquar?
1036 885 1083 919 qui
1096 886 1212 919 primum
1225 894 1286 912 eum
1298 887 1385 912 civem
1402 888 1442 918 vi,
1460 887 1541 919 ferro⁷
1560 888 1696 923 periculis,

906 922 987 952 Urbe.
1009 922 1135 948 omnibus
1147 923 1246 957 patriae
1258 924 1399 957 praesidiis
1415 924 1531 959 depulit,
1554 934 1635 960 quem
1652 935 1699 952 vos

906 960 1004 993 patriae
1018 965 1231 986 conservatorem
1247 969 1305 987 esse
1320 962 1478 996 saepissime
1494 962 1696 989 iudicaveratis:

904 996 1001 1022 deinde
1021 1005 1114 1023 everso
1134 1002 1251 1026 senatus.
1274 1003 1303 1024 ut
1318 1007 1367 1034 ego
1383 1008 1489 1034 semper
1503 1000 1568 1030 dixi,
1592 1001 1696 1031 comite,

904 1034 981 1063 duce,
995 1038 1024 1060 ut
1035 1034 1080 1059 ille
1091 1034 1204 1065 dicebat,
1218 1040 1339 1062 senatum
1352 1037 1451 1071 ipsum,
1467 1038 1613 1072 principem
1626 1038 1699 1064 salu-

905 1071 938 1097 tis
959 1071 1110 1105 mentisque
1126 1072 1262 1106 publicae,
1281 1073 1321 1104 vi,
1342 1073 1421 1099 caede
1438 1075 1623 1110 incendiisque
1639 1083 1700 1109 per-

904 1109 996 1134 vertit:
1009 1108 1120 1135 sustulit
1131 1109 1197 1135 duas
1210 1109 1291 1145 leges,
1306 1110 1407 1137 Aeliam
1419 1116 1444 1137 et
1456 1112 1567 1143 Fufiam,
1582 1113 1699 1138 maxime

904 1145 1066 1180 reipublicae
1082 1146 1224 1173 salutares:
1247 1156 1387 1174 censuram
1408 1149 1549 1176 exstinxit.-
1572 1150 1699 1176 interces-

903 1183 1006 1209 sionem
1019 1184 1143 1210 removit:
1167 1185 1285 1218 auspicia
1299 1185 1411 1212 delevit:
1434 1187 1571 1217 consules¹
1590 1187 1698 1213 sceleris

903 1229 946 1246 sui
957 1220 1052 1251 socios,
1061 1221 1168 1251 aerario,
1178 1222 1332 1255 provinciis,
1341 1224 1459 1250 exercitu
1471 1225 1595 1250 armavit:
1611 1233 1696 1259 reges,

903 1258 1052 1292 quierant,
1075 1258 1209 1290 vendidit;
1231 1260 1278 1293 qui
1294 1269 1345 1286 non
1361 1266 1443 1291 erant,
1467 1261 1624 1296 appellavit:
1648 1262 1696 1288 Cn.

905 1295 1060 1329 Pompeium
1073 1296 1113 1326 vi,
1135 1295 1204 1322 ferro
1219 1296 1328 1323 domum
1341 1298 1484 1332 compulit.-
1507 1300 1697 1333 imperatorum

903 1337 1074 1358 monumenta
1090 1333 1198 1359 evertit:
1220 1334 1391 1361 inimicorum
1407 1336 1499 1361 domos
1520 1337 1695 1363 disturbavit:

904 1370 999 1395 vestris
1011 1371 1192 1396 monumentis
1204 1380 1300 1398 nomen
1312 1381 1392 1398 suum
1405 1373 1552 1407 inscripsit.
1593 1374 1697 1400 lnlinita

903 1411 966 1433 sunt
976 1406 1085 1437 scelera,
1098 1416 1166 1441 quae
1178 1408 1210 1433 ab
1222 1408 1268 1435 illo
1279 1410 1305 1435 in
1317 1410 1428 1444 patriam
1440 1415 1502 1436 sunt
1514 1411 1592 1436 edita.
1615 1411 1695 1443 Quid.

903 1452 971 1479 quae
983 1444 1009 1470 in
1021 1444 1143 1480 singulos
1154 1445 1240 1476 cives,
1253 1455 1321 1481 quos
1333 1447 1454 1473 necavit?
1465 1448 1562 1478 socios.
1576 1457 1644 1483 quos
1655 1448 1698 1474 di-

903 1480 1004 1516 ripuit?
1023 1481 1205 1515 imperatores.
1226 1491 1294 1518 quos
1311 1484 1444 1519 prodidit?
1463 1486 1606 1516 exercitus,
1629 1495 1697 1521 quos

904 1519 1031 1545 tentavit?
1059 1520 1101 1545 59.
1123 1519 1193 1551 Quid
1216 1521 1295 1547 vero‘?
1314 1530 1343 1547 ea
1363 1526 1460 1556 quanta
1482 1527 1556 1553 sunt,
1580 1531 1648 1557 quae
1669 1524 1697 1549 in

902 1557 993 1591 ipsum
1014 1564 1042 1582 se
1063 1556 1170 1587 scelera.
1193 1565 1262 1592 quae
1281 1560 1308 1585 in
1324 1568 1386 1585 suos
1403 1559 1504 1585 edidit?
1524 1560 1590 1591 Quis
1607 1561 1697 1586 minus

903 1602 1031 1628 umquam
1043 1595 1161 1628 pepercit
1174 1594 1289 1622 hostium
1302 1597 1408 1627 casti-is,
1422 1605 1502 1632 quam
1515 1597 1559 1623 illc
1571 1598 1697 1623 omnibus

902 1631 1019 1665 corporis
1030 1631 1072 1657 sui
1085 1632 1224 1666 partibus?
1234 1633 1306 1665 Quae
1319 1635 1394 1660 navis
1407 1643 1534 1669 umquam
1548 1635 1573 1660 in
1587 1633 1697 1661 flumine

903 1668 1011 1703 publico
1023 1672 1075 1694 tam
1088 1668 1195 1704 vulgata
1206 1671 1346 1702 omnibus,
1363 1680 1444 1706 quam
1457 1672 1535 1698 istius
1547 1677 1617 1697 actas
1630 1671 1698 1698 suit‘?

902 1707 968 1738 Quis
981 1714 1110 1740 umquam
1122 1715 1204 1741 nepos
1217 1713 1269 1734 tam
1283 1708 1364 1734 libere
1375 1715 1414 1734 est
1425 1718 1486 1734 cum
1499 1710 1601 1739 scortis,
1615 1718 1696 1744 quam

903 1743 946 1769 liic
957 1751 1018 1769 cum
1031 1744 1166 1770 sororibus
1180 1745 1333 1772 volutatus?
1352 1746 1436 1778 Quam
1453 1747 1569 1781 denique
1580 1752 1632 1772 tam
1646 1748 1698 1772 im-

902 1789 1007 1806 manem
1020 1781 1182 1816 Charybdim
1201 1788 1291 1817 poetae
1307 1783 1431 1819 lingendo
1442 1785 1592 1818 exprimere
1604 1789 1698 1818 potue-

902 1823 976 1849 runt.
993 1826 1062 1853 quae
1074 1823 1159 1845 tantos
1171 1821 1312 1846 exhaurire
1327 1822 1446 1856 gurgites
1463 1826 1564 1855 posset,
1582 1827 1696 1856 quantas

902 1855 951 1882 iste
963 1856 1149 1891 Byzantiorum
1158 1857 1408 1893 Brogitarorumque
1421 1859 1530 1893 praedas
1542 1858 1698 1885 exsorbuit?

895 1898 946 1919 ‘aut
958 1898 1009 1919 tam
1022 1893 1203 1921 eminentibus
1214 1895 1459 1927 canibuschllam,
1468 1901 1575 1930 tamque
1587 1897 1694 1926 iciunis.

900 1939 995 1966 quam,
1014 1931 1114 1966 quibus
1127 1931 1208 1959 istum
1222 1932 1330 1964 videtis,
1349 1926 1457 1964 G'elliis,
1476 1933 1589 1965 Clodiis,
1607 1934 1694 1965 Titiis,

901 1968 992 1995 Rostra
1004 1969 1061 2003 ipsa
1074 1969 1243 1996 mandentem
1250 1970 1263 1996 ἵ)

956 2007 995 2032 60.
1017 2006 1117 2038 Quare,
1136 2007 1162 2033 id
1177 2007 1250 2042 quod
1266 2013 1414 2034 extremum
1431 2009 1508 2034 estin
1522 2008 1695 2043 haruspicum

900 2051 1050 2077 responsis,
1086 2053 1266 2076 rnovmers.
1299 2055 1333 2071 NE
1366 2055 1564 2072 neiruniicn:
1591 2055 1696 2072 suu-s

899 2089 1106 2107 counurerun.
1148 2083 1252 2109 Etenim
1270 2083 1315 2109 vix
1331 2083 1406 2113 hacc,
1429 2083 1452 2109 si
1470 2083 1590 2117 undique
1602 2082 1697 2108 [ulcia-

900 2126 973 2148 mus,
991 2119 1043 2144 iam
1057 2118 1196 2150 labefacta,
1214 2121 1273 2150 vix,
1292 2121 1414 2154 inquam.
1433 2121 1523 2146 innixa
1536 2121 1562 2146 in
1574 2121 1694 2146 omnium

1395 2157 1514 2183 xxvul.
1539 2157 1598 2183 Fuit
1609 2166 1695 2192 quon-

898 2192 958 2218 dam
971 2193 1006 2218 ita
1019 2193 1093 2219 lirma
1107 2194 1170 2219 haec
1185 2195 1280 2220 civitas
1296 2199 1321 2220 et
1338 2194 1441 2224 valens.
1460 2200 1489 2220 ut
1505 2194 1694 2229 negligentiam

899 2234 1020 2259 senatum,
1039 2230 1080 2256 vel
1093 2231 1171 2256 etiam
1184 2232 1296 2257 iniurias
1308 2232 1408 2257 civium
1422 2231 1488 2257 serre
1501 2237 1598 2266 posset.
1641 2232 1693 2257 lam

900 2275 950 2292 non
963 2271 1057 2301 potest.
1098 2268 1236 2294 Aerarium
1254 2268 1358 2294 nullum
1374 2274 1427 2295 est:
1451 2268 1627 2303 vectigalibus
1642 2277 1693 2294 non

899 2303 1037 2334 fruuntur,
1050 2305 1097 2338 qui
1110 2305 1293 2332 redemerunt:
1309 2306 1450 2331 auctoritas
1462 2307 1613 2340 principum
1625 2306 1695 2331 ceci-

898 2341 950 2367 dit:
973 2349 1119 2367 consensus
1136 2342 1260 2368 ordinum
1277 2348 1316 2369 est
1331 2343 1469 2368 divulsus:
1493 2343 1590 2368 iudicia
1608 2343 1694 2377 peri&

899 2382 972 2404 runt:
991 2378 1114 2414 suffragia
1129 2378 1261 2414 descripta
1275 2384 1397 2406 tenentur
1407 2388 1420 2405 a
1433 2381 1539 2414 pnuris:
1563 2380 1691 2406 bonorum

897 2416 1017 2446 animus,
1040 2415 1072 2441 ad
1090 2420 1184 2442 nutum
1202 2417 1282 2443 nostri
1295 2417 1396 2442 ordinis
1407 2417 1557 2451 expeditus,
1576 2417 1627 2442 inm
1641 2425 1691 2443 non

897 2452 959 2478 erit:
973 2453 1069 2483 civem,
1077 2454 1124 2488 qui
1135 2462 1164 2479 se
1176 2462 1223 2487 pro
1235 2454 1332 2488 putri-ic
1343 2454 1428 2480 salute
1439 2459 1553 2488 opponnt
1565 2454 1690 2484 invidiae,

899 2489 994 2516 trusa-u
1007 2490 1115 2525 postliac
1127 2491 1277 2525 requiretis.
1300 2493 1327 2517 fil
1336 2512 1340 2517 .
1349 2491 1434 2523 Quare
1447 2492 1517 2517 liunc
1529 2492 1691 2526 statuni.qui

898 2536 968 2553 nunc
979 2532 1026 2557 cst,
1040 2527 1247 2563 qualiscumque
1258 2534 1310 2558 est,
1325 2528 1397 2555 nulla
1409 2529 1458 2555 ulia
1471 2537 1506 2559 re,
1521 2529 1572 2554 nisi
1584 2537 1692 2555 concor-

895 2564 952 2595 dia,
967 2565 1078 2591 retinere
1091 2574 1250 2599 possumus:
1273 2575 1347 2596 nam.
1367 2571 1394 2592 ut
1406 2566 1514 2592 meliore
1525 2567 1612 2592 simus
1624 2565 1688 2596 loco,

897 2610 928 2627 ne
939 2602 1085 2636 optandum
1098 2602 1207 2637 quidem
1220 2607 1268 2633 est,
1282 2603 1328 2629 illo
1340 2604 1485 2638 impunito:
1503 2602 1631 2629 deteriore
1643 2612 1691 2629 au-

896 2644 948 2665 tem
959 2643 1029 2665 statu
1042 2644 1071 2666 ut
1081 2640 1180 2669 simus,
1199 2649 1269 2667 unus
1280 2645 1321 2666 est
1336 2640 1444 2667 inferior
1457 2641 1571 2676 gradus,
1589 2645 1633 2666 aut
1649 2641 1691 2667 in-

895 2677 998 2708 teritus.
1011 2682 1057 2703 aut
1067 2678 1216 2704 servitutis.
1256 2677 1314 2710 Quo
1325 2687 1357 2704 ne
1369 2678 1516 2709 trudamur,
1529 2678 1568 2704 dii
1579 2678 1690 2705 inimor-

1424 2727 1455 2751 (3³
1472 2725 1481 2736 ’
