<?xml version="1.0" encoding="UTF-8"?>
<!DOCTYPE html PUBLIC "-//W3C//DTD XHTML 1.0 Transitional//EN"
    "http://www.w3.org/TR/xhtml1/DTD/xhtml1-transitional.dtd">
<html xmlns="http://www.w3.org/1999/xhtml" xml:lang="en" lang="en">
 <head>
  <title>
</title>
<meta http-equiv="Content-Type" content="text/html;charset=utf-8" />
  <meta name='ocr-system' content='tesseract 3.04.00' />
  <meta name='ocr-capabilities' content='ocr_page ocr_carea ocr_par ocr_line ocrx_word'/>
</head>
<body>
  <div class='ocr_page' id='page_1' title='image "./operaomniaunovol00ciceuoft_0247.png"; bbox 0 0 1941 3052; ppageno 0'>
   <div class='ocr_carea' id='block_1_1' title="bbox 381 141 1711 173">
    <p class='ocr_par' dir='ltr' id='par_1_1' title="bbox 381 141 1711 173">
     <span class='ocr_line' id='line_1_1' title="bbox 381 141 1711 173; baseline 0.005 -6"><span class='ocrx_word' id='word_1_1' title='bbox 381 141 471 168; x_wconf 86' lang='lat' dir='ltr'>PRO</span> <span class='ocrx_word' id='word_1_2' title='bbox 504 141 605 168; x_wconf 87' lang='lat' dir='ltr'>SEX.</span> <span class='ocrx_word' id='word_1_3' title='bbox 639 141 824 169; x_wconf 86' lang='lat' dir='ltr'>ROSCIO</span> <span class='ocrx_word' id='word_1_4' title='bbox 857 142 1094 170; x_wconf 81' lang='lat' dir='ltr'>AMERINO.</span> <span class='ocrx_word' id='word_1_5' title='bbox 1130 142 1228 170; x_wconf 86' lang='lat' dir='ltr'>CAP.</span> <span class='ocrx_word' id='word_1_6' title='bbox 1263 145 1290 169; x_wconf 88' lang='grc'>31</span> <span class='ocrx_word' id='word_1_7' title='bbox 1315 146 1413 170; x_wconf 87' lang='grc'>-38.</span> <span class='ocrx_word' id='word_1_8' title='bbox 1663 149 1711 173; x_wconf 72' lang='lat'>‘223</span> 
     </span>
    </p>
   </div>
   <div class='ocr_carea' id='block_1_2' title="bbox 27 211 869 2710">
    <p class='ocr_par' dir='ltr' id='par_1_2' title="bbox 27 211 869 2710">
     <span class='ocr_line' id='line_1_2' title="bbox 78 211 868 247; baseline 0 -9"><span class='ocrx_word' id='word_1_9' title='bbox 78 213 227 239; x_wconf 82' lang='lat' dir='ltr'>societatem</span> <span class='ocrx_word' id='word_1_10' title='bbox 242 220 328 247; x_wconf 90' lang='lat' dir='ltr'>neque</span> <span class='ocrx_word' id='word_1_11' title='bbox 341 211 448 239; x_wconf 87' lang='lat' dir='ltr'>sceleris</span> <span class='ocrx_word' id='word_1_12' title='bbox 463 221 549 247; x_wconf 88' lang='lat' dir='ltr'>neque</span> <span class='ocrx_word' id='word_1_13' title='bbox 564 213 673 247; x_wconf 89' lang='lat' dir='ltr'>praemii</span> <span class='ocrx_word' id='word_1_14' title='bbox 684 221 746 239; x_wconf 89' lang='lat' dir='ltr'>cum</span> <span class='ocrx_word' id='word_1_15' title='bbox 761 212 868 239; x_wconf 88' lang='lat' dir='ltr'>homine</span> 
     </span>
     <span class='ocr_line' id='line_1_3' title="bbox 77 250 867 284; baseline 0 -8"><span class='ocrx_word' id='word_1_16' title='bbox 77 250 132 276; x_wconf 94' lang='lat' dir='ltr'>ullo</span> <span class='ocrx_word' id='word_1_17' title='bbox 145 250 257 280; x_wconf 88' lang='lat' dir='ltr'>coieras,</span> <span class='ocrx_word' id='word_1_18' title='bbox 278 250 311 276; x_wconf 91' lang='lat' dir='ltr'>ad</span> <span class='ocrx_word' id='word_1_19' title='bbox 324 254 350 276; x_wconf 91' lang='lat' dir='ltr'>te</span> <span class='ocrx_word' id='word_1_20' title='bbox 363 250 473 276; x_wconf 88' lang='lat' dir='ltr'>minime</span> <span class='ocrx_word' id='word_1_21' title='bbox 487 250 607 276; x_wconf 89' lang='lat' dir='ltr'>omnium</span> <span class='ocrx_word' id='word_1_22' title='bbox 626 250 791 284; x_wconf 80' lang='lat' dir='ltr'>pertinebat?</span> <span class='ocrx_word' id='word_1_23' title='bbox 814 250 867 276; x_wconf 86' lang='lat' dir='ltr'>Sua</span> 
     </span>
     <span class='ocr_line' id='line_1_4' title="bbox 77 287 869 322; baseline -0.001 -8"><span class='ocrx_word' id='word_1_24' title='bbox 77 291 170 322; x_wconf 86' lang='lat' dir='ltr'>sponte</span> <span class='ocrx_word' id='word_1_25' title='bbox 184 287 290 313; x_wconf 90' lang='lat' dir='ltr'>Mallius</span> <span class='ocrx_word' id='word_1_26' title='bbox 310 287 423 313; x_wconf 87' lang='lat' dir='ltr'>nuntiat.</span> <span class='ocrx_word' id='word_1_27' title='bbox 464 287 548 319; x_wconf 88' lang='lat' dir='ltr'>Quid,</span> <span class='ocrx_word' id='word_1_28' title='bbox 573 295 685 321; x_wconf 85' lang='lat' dir='ltr'><strong>quaeso,</strong></span> <span class='ocrx_word' id='word_1_29' title='bbox 710 288 767 313; x_wconf 91' lang='lat' dir='ltr'>eius</span> <span class='ocrx_word' id='word_1_30' title='bbox 786 288 869 313; x_wconf 87' lang='lat' dir='ltr'>inter-</span> 
     </span>
     <span class='ocr_line' id='line_1_5' title="bbox 76 324 868 359; baseline 0 -9"><span class='ocrx_word' id='word_1_31' title='bbox 76 324 148 351; x_wconf 86' lang='lat' dir='ltr'>erat?</span> <span class='ocrx_word' id='word_1_32' title='bbox 161 324 210 355; x_wconf 84' lang='lat' dir='ltr'>An,</span> <span class='ocrx_word' id='word_1_33' title='bbox 226 333 311 359; x_wconf 89' lang='lat' dir='ltr'>quum</span> <span class='ocrx_word' id='word_1_34' title='bbox 325 324 458 350; x_wconf 82' lang='lat' dir='ltr'><strong>Ameriam</strong></span> <span class='ocrx_word' id='word_1_35' title='bbox 473 333 525 350; x_wconf 89' lang='lat' dir='ltr'>non</span> <span class='ocrx_word' id='word_1_36' title='bbox 540 324 652 350; x_wconf 89' lang='lat' dir='ltr'>huiusce</span> <span class='ocrx_word' id='word_1_37' title='bbox 666 325 703 350; x_wconf 89' lang='lat' dir='ltr'>rei</span> <span class='ocrx_word' id='word_1_38' title='bbox 717 333 810 350; x_wconf 85' lang='lat' dir='ltr'>caussa</span> <span class='ocrx_word' id='word_1_39' title='bbox 822 333 868 350; x_wconf 91' lang='lat' dir='ltr'>ve-</span> 
     </span>
     <span class='ocr_line' id='line_1_6' title="bbox 76 361 868 396; baseline 0 -9"><span class='ocrx_word' id='word_1_40' title='bbox 76 362 166 392; x_wconf 87' lang='lat' dir='ltr'>nisset,</span> <span class='ocrx_word' id='word_1_41' title='bbox 183 370 247 387; x_wconf 90' lang='lat' dir='ltr'>casu</span> <span class='ocrx_word' id='word_1_42' title='bbox 262 362 365 392; x_wconf 85' lang='lat' dir='ltr'>accidit,</span> <span class='ocrx_word' id='word_1_43' title='bbox 382 366 411 388; x_wconf 92' lang='lat' dir='ltr'>ut</span> <span class='ocrx_word' id='word_1_44' title='bbox 425 362 460 392; x_wconf 87' lang='lat' dir='ltr'>id,</span> <span class='ocrx_word' id='word_1_45' title='bbox 474 361 547 396; x_wconf 89' lang='lat' dir='ltr'>quod</span> <span class='ocrx_word' id='word_1_46' title='bbox 556 362 654 387; x_wconf 88' lang='lat' dir='ltr'>Romae</span> <span class='ocrx_word' id='word_1_47' title='bbox 668 361 796 392; x_wconf 81' lang='lat' dir='ltr'>audierat,</span> <span class='ocrx_word' id='word_1_48' title='bbox 813 362 868 396; x_wconf 93' lang='lat' dir='ltr'>pri-</span> 
     </span>
     <span class='ocr_line' id='line_1_7' title="bbox 47 398 868 425; baseline 0 -1"><span class='ocrx_word' id='word_1_49' title='bbox 47 407 51 412; x_wconf 84' lang='lat'>&#39;</span> <span class='ocrx_word' id='word_1_50' title='bbox 75 407 136 424; x_wconf 91' lang='lat' dir='ltr'>mus</span> <span class='ocrx_word' id='word_1_51' title='bbox 150 398 301 425; x_wconf 73' lang='lat' dir='ltr'>nuntiaret?</span> <span class='ocrx_word' id='word_1_52' title='bbox 321 399 404 425; x_wconf 92' lang='lat' dir='ltr'>Cuius</span> <span class='ocrx_word' id='word_1_53' title='bbox 424 400 460 425; x_wconf 88' lang='lat' dir='ltr'>rei</span> <span class='ocrx_word' id='word_1_54' title='bbox 478 408 572 425; x_wconf 82' lang='lat' dir='ltr'>caussa</span> <span class='ocrx_word' id='word_1_55' title='bbox 591 403 698 425; x_wconf 81' lang='lat' dir='ltr'>venerat</span> <span class='ocrx_word' id='word_1_56' title='bbox 717 398 868 425; x_wconf 86' lang='lat' dir='ltr'>Ameriam?</span> 
     </span>
     <span class='ocr_line' id='line_1_8' title="bbox 75 436 864 471; baseline -0.001 -9"><span class='ocrx_word' id='word_1_57' title='bbox 75 436 131 462; x_wconf 90' lang='lat' dir='ltr'>Non</span> <span class='ocrx_word' id='word_1_58' title='bbox 146 444 266 470; x_wconf 85' lang='lat' dir='ltr'>possum,</span> <span class='ocrx_word' id='word_1_59' title='bbox 283 437 379 471; x_wconf 85' lang='lat' dir='ltr'>inquit,</span> <span class='ocrx_word' id='word_1_60' title='bbox 393 436 522 462; x_wconf 88' lang='lat' dir='ltr'>divinare.</span> <span class='ocrx_word' id='word_1_61' title='bbox 544 436 582 462; x_wconf 92' lang='lat' dir='ltr'>Eo</span> <span class='ocrx_word' id='word_1_62' title='bbox 596 445 651 461; x_wconf 89' lang='lat' dir='ltr'>rem</span> <span class='ocrx_word' id='word_1_63' title='bbox 662 437 714 461; x_wconf 87' lang='lat' dir='ltr'>iam</span> <span class='ocrx_word' id='word_1_64' title='bbox 726 436 864 466; x_wconf 78' lang='lat' dir='ltr'>adducam,</span> 
     </span>
     <span class='ocr_line' id='line_1_9' title="bbox 75 473 864 508; baseline 0 -9"><span class='ocrx_word' id='word_1_65' title='bbox 75 477 104 499; x_wconf 88' lang='lat' dir='ltr'>ut</span> <span class='ocrx_word' id='word_1_66' title='bbox 117 473 185 499; x_wconf 90' lang='lat' dir='ltr'>nihil</span> <span class='ocrx_word' id='word_1_67' title='bbox 199 473 362 500; x_wconf 76' lang='lat' dir='ltr'>divinatione</span> <span class='ocrx_word' id='word_1_68' title='bbox 375 482 443 508; x_wconf 86' lang='lat' dir='ltr'>opus</span> <span class='ocrx_word' id='word_1_69' title='bbox 458 474 500 499; x_wconf 88' lang='lat' dir='ltr'>sit.</span> <span class='ocrx_word' id='word_1_70' title='bbox 526 473 583 505; x_wconf 89' lang='lat' dir='ltr'>Qua</span> <span class='ocrx_word' id='word_1_71' title='bbox 597 474 696 499; x_wconf 90' lang='lat' dir='ltr'>ratione</span> <span class='ocrx_word' id='word_1_72' title='bbox 710 474 804 499; x_wconf 81' lang='lat' dir='ltr'>Roscio</span> <span class='ocrx_word' id='word_1_73' title='bbox 819 474 864 499; x_wconf 84' lang='lat' dir='ltr'>Ca-</span> 
     </span>
     <span class='ocr_line' id='line_1_10' title="bbox 74 510 867 545; baseline 0 -9"><span class='ocrx_word' id='word_1_74' title='bbox 74 510 157 545; x_wconf 90' lang='lat' dir='ltr'>pitoni</span> <span class='ocrx_word' id='word_1_75' title='bbox 176 511 294 545; x_wconf 89' lang='lat' dir='ltr'>primum</span> <span class='ocrx_word' id='word_1_76' title='bbox 314 510 463 537; x_wconf 84' lang='lat' dir='ltr'>nuntiavit?</span> <span class='ocrx_word' id='word_1_77' title='bbox 487 510 576 542; x_wconf 89' lang='lat' dir='ltr'>Quum</span> <span class='ocrx_word' id='word_1_78' title='bbox 594 511 715 536; x_wconf 79' lang='lat' dir='ltr'>Ameriae</span> <span class='ocrx_word' id='word_1_79' title='bbox 733 510 796 536; x_wconf 81' lang='lat' dir='ltr'>Sex.</span> <span class='ocrx_word' id='word_1_80' title='bbox 816 511 867 536; x_wconf 85' lang='lat' dir='ltr'>Ro-</span> 
     </span>
     <span class='ocr_line' id='line_1_11' title="bbox 73 547 868 583; baseline 0 -10"><span class='ocrx_word' id='word_1_81' title='bbox 73 548 122 574; x_wconf 89' lang='lat' dir='ltr'>scii</span> <span class='ocrx_word' id='word_1_82' title='bbox 136 547 245 578; x_wconf 90' lang='lat' dir='ltr'>domus,</span> <span class='ocrx_word' id='word_1_83' title='bbox 267 557 334 574; x_wconf 79' lang='lat' dir='ltr'>uxor</span> <span class='ocrx_word' id='word_1_84' title='bbox 348 548 478 583; x_wconf 87' lang='lat' dir='ltr'>liberique</span> <span class='ocrx_word' id='word_1_85' title='bbox 492 552 592 578; x_wconf 86' lang='lat' dir='ltr'>essent,</span> <span class='ocrx_word' id='word_1_86' title='bbox 609 556 693 582; x_wconf 89' lang='lat' dir='ltr'>quum</span> <span class='ocrx_word' id='word_1_87' title='bbox 709 552 745 573; x_wconf 89' lang='lat' dir='ltr'>tot</span> <span class='ocrx_word' id='word_1_88' title='bbox 759 548 868 581; x_wconf 90' lang='lat' dir='ltr'>propin—</span> 
     </span>
     <span class='ocr_line' id='line_1_12' title="bbox 73 584 867 620; baseline -0.003 -9"><span class='ocrx_word' id='word_1_89' title='bbox 73 585 120 620; x_wconf 90' lang='lat' dir='ltr'>qui</span> <span class='ocrx_word' id='word_1_90' title='bbox 135 585 294 620; x_wconf 74' lang='lat' dir='ltr'>cognatique</span> <span class='ocrx_word' id='word_1_91' title='bbox 307 586 406 620; x_wconf 91' lang='lat' dir='ltr'>optime</span> <span class='ocrx_word' id='word_1_92' title='bbox 420 585 620 617; x_wconf 76' lang='lat' dir='ltr'>convenientes3</span> <span class='ocrx_word' id='word_1_93' title='bbox 643 593 695 619; x_wconf 89' lang='lat' dir='ltr'>qua</span> <span class='ocrx_word' id='word_1_94' title='bbox 709 585 809 610; x_wconf 89' lang='lat' dir='ltr'>ratione</span> <span class='ocrx_word' id='word_1_95' title='bbox 829 584 867 609; x_wconf 81' lang='lat' dir='ltr'>l&#39;a-</span> 
     </span>
     <span class='ocr_line' id='line_1_13' title="bbox 73 622 864 654; baseline -0.001 -6"><span class='ocrx_word' id='word_1_96' title='bbox 73 626 145 648; x_wconf 86' lang='lat' dir='ltr'>ctum</span> <span class='ocrx_word' id='word_1_97' title='bbox 160 627 208 653; x_wconf 84' lang='lat' dir='ltr'>est,</span> <span class='ocrx_word' id='word_1_98' title='bbox 225 627 254 649; x_wconf 88' lang='lat' dir='ltr'>ut</span> <span class='ocrx_word' id='word_1_99' title='bbox 268 623 317 649; x_wconf 88' lang='lat' dir='ltr'>iste</span> <span class='ocrx_word' id='word_1_100' title='bbox 333 628 395 649; x_wconf 88' lang='lat' dir='ltr'>tuus</span> <span class='ocrx_word' id='word_1_101' title='bbox 409 622 501 654; x_wconf 87' lang='lat' dir='ltr'>cliens,</span> <span class='ocrx_word' id='word_1_102' title='bbox 518 622 625 648; x_wconf 87' lang='lat' dir='ltr'>sceleris</span> <span class='ocrx_word' id='word_1_103' title='bbox 640 622 678 647; x_wconf 91' lang='lat' dir='ltr'>tui</span> <span class='ocrx_word' id='word_1_104' title='bbox 694 622 818 652; x_wconf 81' lang='lat' dir='ltr'>nuntius,</span> <span class='ocrx_word' id='word_1_105' title='bbox 835 622 864 647; x_wconf 88' lang='lat' dir='ltr'>T.</span> 
     </span>
     <span class='ocr_line' id='line_1_14' title="bbox 71 658 866 695; baseline -0.003 -9"><span class='ocrx_word' id='word_1_106' title='bbox 71 660 167 686; x_wconf 89' lang='lat' dir='ltr'>Roscio</span> <span class='ocrx_word' id='word_1_107' title='bbox 187 660 307 694; x_wconf 87' lang='lat' dir='ltr'>Capitoni</span> <span class='ocrx_word' id='word_1_108' title='bbox 326 660 496 695; x_wconf 91' lang='lat' dir='ltr'>potissimum</span> <span class='ocrx_word' id='word_1_109' title='bbox 516 658 667 685; x_wconf 83' lang='lat' dir='ltr'>nuntiaret?</span> <span class='ocrx_word' id='word_1_110' title='bbox 691 660 732 684; x_wconf 85' lang='lat'>97.</span> <span class='ocrx_word' id='word_1_111' title='bbox 754 658 866 685; x_wconf 83' lang='lat' dir='ltr'>Occisus</span> 
     </span>
     <span class='ocr_line' id='line_1_15' title="bbox 72 696 866 730; baseline -0.003 -7"><span class='ocrx_word' id='word_1_112' title='bbox 72 701 112 723; x_wconf 85' lang='lat' dir='ltr'>est</span> <span class='ocrx_word' id='word_1_113' title='bbox 125 705 139 723; x_wconf 90' lang='lat' dir='ltr'>a</span> <span class='ocrx_word' id='word_1_114' title='bbox 153 706 232 723; x_wconf 86' lang='lat' dir='ltr'>caena</span> <span class='ocrx_word' id='word_1_115' title='bbox 246 698 365 723; x_wconf 89' lang='lat' dir='ltr'>rediens:</span> <span class='ocrx_word' id='word_1_116' title='bbox 382 697 500 723; x_wconf 91' lang='lat' dir='ltr'>nondum</span> <span class='ocrx_word' id='word_1_117' title='bbox 517 696 629 727; x_wconf 87' lang='lat' dir='ltr'>lucebat,</span> <span class='ocrx_word' id='word_1_118' title='bbox 646 705 731 730; x_wconf 88' lang='lat' dir='ltr'>quum</span> <span class='ocrx_word' id='word_1_119' title='bbox 745 696 866 722; x_wconf 79' lang='lat' dir='ltr'>Ameriae</span> 
     </span>
     <span class='ocr_line' id='line_1_16' title="bbox 72 733 866 768; baseline -0.001 -8"><span class='ocrx_word' id='word_1_120' title='bbox 72 735 169 760; x_wconf 89' lang='lat' dir='ltr'>scitum</span> <span class='ocrx_word' id='word_1_121' title='bbox 183 739 231 760; x_wconf 91' lang='lat' dir='ltr'>est.</span> <span class='ocrx_word' id='word_1_122' title='bbox 272 734 342 766; x_wconf 90' lang='lat' dir='ltr'>Quid</span> <span class='ocrx_word' id='word_1_123' title='bbox 356 734 400 760; x_wconf 89' lang='lat' dir='ltr'>hic</span> <span class='ocrx_word' id='word_1_124' title='bbox 413 733 578 760; x_wconf 89' lang='lat' dir='ltr'>incredibilis</span> <span class='ocrx_word' id='word_1_125' title='bbox 592 742 702 759; x_wconf 88' lang='lat' dir='ltr'>cursus:</span> <span class='ocrx_word' id='word_1_126' title='bbox 721 733 787 768; x_wconf 87' lang='lat' dir='ltr'>quid</span> <span class='ocrx_word' id='word_1_127' title='bbox 803 733 866 759; x_wconf 85' lang='lat' dir='ltr'>haec</span> 
     </span>
     <span class='ocr_line' id='line_1_17' title="bbox 71 770 862 806; baseline -0.003 -8"><span class='ocrx_word' id='word_1_128' title='bbox 71 775 142 798; x_wconf 84' lang='lat' dir='ltr'>tanta</span> <span class='ocrx_word' id='word_1_129' title='bbox 159 771 279 798; x_wconf 84' lang='lat' dir='ltr'>celeritas</span> <span class='ocrx_word' id='word_1_130' title='bbox 299 771 485 806; x_wconf 83' lang='lat' dir='ltr'>festinatioque</span> <span class='ocrx_word' id='word_1_131' title='bbox 503 770 653 806; x_wconf 76' lang='lat' dir='ltr'>significat?</span> <span class='ocrx_word' id='word_1_132' title='bbox 680 771 738 796; x_wconf 93' lang='lat' dir='ltr'>Non</span> <span class='ocrx_word' id='word_1_133' title='bbox 756 779 862 805; x_wconf 86' lang='lat' dir='ltr'>quaero,</span> 
     </span>
     <span class='ocr_line' id='line_1_18' title="bbox 73 808 863 843; baseline -0.001 -9"><span class='ocrx_word' id='word_1_134' title='bbox 73 809 133 843; x_wconf 76' lang='lat' dir='ltr'>quis</span> <span class='ocrx_word' id='word_1_135' title='bbox 151 809 321 843; x_wconf 88' lang='lat' dir='ltr'>percusserit.</span> <span class='ocrx_word' id='word_1_136' title='bbox 362 809 434 834; x_wconf 91' lang='lat' dir='ltr'>Nihil</span> <span class='ocrx_word' id='word_1_137' title='bbox 450 813 501 840; x_wconf 89' lang='lat' dir='ltr'>est,</span> <span class='ocrx_word' id='word_1_138' title='bbox 523 808 645 839; x_wconf 83' lang='lat' dir='ltr'>Glaucia,</span> <span class='ocrx_word' id='word_1_139' title='bbox 664 808 736 842; x_wconf 87' lang='lat' dir='ltr'>quod</span> <span class='ocrx_word' id='word_1_140' title='bbox 750 812 863 834; x_wconf 83' lang='lat' dir='ltr'>metuas.</span> 
     </span>
     <span class='ocr_line' id='line_1_19' title="bbox 71 845 866 881; baseline -0.001 -9"><span class='ocrx_word' id='word_1_141' title='bbox 71 846 128 872; x_wconf 94' lang='lat' dir='ltr'>Non</span> <span class='ocrx_word' id='word_1_142' title='bbox 141 846 247 872; x_wconf 87' lang='lat' dir='ltr'>excutio</span> <span class='ocrx_word' id='word_1_143' title='bbox 260 850 293 877; x_wconf 89' lang='lat' dir='ltr'>te,</span> <span class='ocrx_word' id='word_1_144' title='bbox 310 846 410 881; x_wconf 90' lang='lat' dir='ltr'>siquid</span> <span class='ocrx_word' id='word_1_145' title='bbox 424 846 490 872; x_wconf 86' lang='lat' dir='ltr'>forte</span> <span class='ocrx_word' id='word_1_146' title='bbox 504 845 565 871; x_wconf 88' lang='lat' dir='ltr'>ferri</span> <span class='ocrx_word' id='word_1_147' title='bbox 580 845 707 875; x_wconf 87' lang='lat' dir='ltr'>habuisti,</span> <span class='ocrx_word' id='word_1_148' title='bbox 724 854 775 871; x_wconf 90' lang='lat' dir='ltr'>non</span> <span class='ocrx_word' id='word_1_149' title='bbox 789 854 866 871; x_wconf 83' lang='lat' dir='ltr'>scru-</span> 
     </span>
     <span class='ocr_line' id='line_1_20' title="bbox 71 882 864 918; baseline -0.001 -9"><span class='ocrx_word' id='word_1_150' title='bbox 71 887 122 909; x_wconf 89' lang='lat' dir='ltr'>tor:</span> <span class='ocrx_word' id='word_1_151' title='bbox 145 883 212 909; x_wconf 89' lang='lat' dir='ltr'>nihil</span> <span class='ocrx_word' id='word_1_152' title='bbox 227 883 259 909; x_wconf 91' lang='lat' dir='ltr'>ad</span> <span class='ocrx_word' id='word_1_153' title='bbox 273 892 316 909; x_wconf 88' lang='lat' dir='ltr'>me</span> <span class='ocrx_word' id='word_1_154' title='bbox 330 884 441 909; x_wconf 84' lang='lat' dir='ltr'>arbitror</span> <span class='ocrx_word' id='word_1_155' title='bbox 454 884 594 918; x_wconf 89' lang='lat' dir='ltr'>pertinere.</span> <span class='ocrx_word' id='word_1_156' title='bbox 629 882 769 915; x_wconf 80' lang='lat' dir='ltr'>Quoniam,</span> <span class='ocrx_word' id='word_1_157' title='bbox 786 883 864 908; x_wconf 93' lang='lat' dir='ltr'>cuius</span> 
     </span>
     <span class='ocr_line' id='line_1_21' title="bbox 69 920 865 954; baseline -0.001 -8"><span class='ocrx_word' id='word_1_158' title='bbox 69 920 180 947; x_wconf 91' lang='lat' dir='ltr'>consilio</span> <span class='ocrx_word' id='word_1_159' title='bbox 193 921 297 947; x_wconf 88' lang='lat' dir='ltr'>occisus</span> <span class='ocrx_word' id='word_1_160' title='bbox 311 921 358 951; x_wconf 92' lang='lat' dir='ltr'>sit,</span> <span class='ocrx_word' id='word_1_161' title='bbox 374 921 496 953; x_wconf 85' lang='lat' dir='ltr'>inveni0;</span> <span class='ocrx_word' id='word_1_162' title='bbox 518 921 596 946; x_wconf 88' lang='lat' dir='ltr'>cuius</span> <span class='ocrx_word' id='word_1_163' title='bbox 611 929 692 947; x_wconf 88' lang='lat' dir='ltr'>manu</span> <span class='ocrx_word' id='word_1_164' title='bbox 706 921 741 946; x_wconf 90' lang='lat' dir='ltr'>sit</span> <span class='ocrx_word' id='word_1_165' title='bbox 754 929 865 954; x_wconf 89' lang='lat' dir='ltr'>percus-</span> 
     </span>
     <span class='ocr_line' id='line_1_22' title="bbox 69 957 865 992; baseline -0.001 -8"><span class='ocrx_word' id='word_1_166' title='bbox 69 966 130 988; x_wconf 83' lang='lat' dir='ltr'>suS,</span> <span class='ocrx_word' id='word_1_167' title='bbox 147 966 198 984; x_wconf 90' lang='lat' dir='ltr'>non</span> <span class='ocrx_word' id='word_1_168' title='bbox 214 957 312 984; x_wconf 85' lang='lat' dir='ltr'>laboro.</span> <span class='ocrx_word' id='word_1_169' title='bbox 352 958 441 984; x_wconf 92' lang='lat' dir='ltr'>Unum</span> <span class='ocrx_word' id='word_1_170' title='bbox 455 958 505 984; x_wconf 90' lang='lat' dir='ltr'>hoc</span> <span class='ocrx_word' id='word_1_171' title='bbox 518 966 604 988; x_wconf 87' lang='lat' dir='ltr'>sumo,</span> <span class='ocrx_word' id='word_1_172' title='bbox 621 957 693 992; x_wconf 89' lang='lat' dir='ltr'>quod</span> <span class='ocrx_word' id='word_1_173' title='bbox 707 958 774 983; x_wconf 92' lang='lat' dir='ltr'>mihi</span> <span class='ocrx_word' id='word_1_174' title='bbox 789 966 865 992; x_wconf 89' lang='lat' dir='ltr'>aper-</span> 
     </span>
     <span class='ocr_line' id='line_1_23' title="bbox 68 995 864 1030; baseline -0.001 -9"><span class='ocrx_word' id='word_1_175' title='bbox 68 999 126 1021; x_wconf 90' lang='lat' dir='ltr'>tum</span> <span class='ocrx_word' id='word_1_176' title='bbox 141 999 216 1021; x_wconf 90' lang='lat' dir='ltr'>tuum</span> <span class='ocrx_word' id='word_1_177' title='bbox 231 995 319 1021; x_wconf 92' lang='lat' dir='ltr'>scelus</span> <span class='ocrx_word' id='word_1_178' title='bbox 334 1004 430 1030; x_wconf 88' lang='lat' dir='ltr'>resque</span> <span class='ocrx_word' id='word_1_179' title='bbox 444 995 583 1022; x_wconf 86' lang='lat' dir='ltr'>manifesta</span> <span class='ocrx_word' id='word_1_180' title='bbox 598 995 651 1021; x_wconf 85' lang='lat' dir='ltr'>dat.</span> <span class='ocrx_word' id='word_1_181' title='bbox 690 995 740 1021; x_wconf 94' lang='lat' dir='ltr'>Ubi</span> <span class='ocrx_word' id='word_1_182' title='bbox 755 999 800 1021; x_wconf 87' lang='lat' dir='ltr'>aut</span> <span class='ocrx_word' id='word_1_183' title='bbox 814 1004 864 1020; x_wconf 91' lang='lat' dir='ltr'>un-</span> 
     </span>
     <span class='ocr_line' id='line_1_24' title="bbox 67 1032 863 1065; baseline -0.001 -7"><span class='ocrx_word' id='word_1_184' title='bbox 67 1032 101 1058; x_wconf 90' lang='lat' dir='ltr'>de</span> <span class='ocrx_word' id='word_1_185' title='bbox 114 1032 217 1058; x_wconf 91' lang='lat' dir='ltr'>audivit</span> <span class='ocrx_word' id='word_1_186' title='bbox 231 1032 361 1059; x_wconf 91' lang='lat' dir='ltr'>Glaucia?</span> <span class='ocrx_word' id='word_1_187' title='bbox 379 1032 430 1065; x_wconf 91' lang='lat' dir='ltr'>Qui</span> <span class='ocrx_word' id='word_1_188' title='bbox 445 1037 498 1059; x_wconf 84' lang='lat' dir='ltr'>tam</span> <span class='ocrx_word' id='word_1_189' title='bbox 512 1033 563 1059; x_wconf 88' lang='lat' dir='ltr'>cito</span> <span class='ocrx_word' id='word_1_190' title='bbox 577 1032 673 1058; x_wconf 81' lang='lat' dir='ltr'>scivit?</span> <span class='ocrx_word' id='word_1_191' title='bbox 691 1033 741 1058; x_wconf 87' lang='lat' dir='ltr'>Fac</span> <span class='ocrx_word' id='word_1_192' title='bbox 756 1032 863 1058; x_wconf 85' lang='lat' dir='ltr'>audisse</span> 
     </span>
     <span class='ocr_line' id='line_1_25' title="bbox 67 1069 864 1102; baseline -0.001 -6"><span class='ocrx_word' id='word_1_193' title='bbox 67 1070 167 1096; x_wconf 86' lang='lat' dir='ltr'>statim.</span> <span class='ocrx_word' id='word_1_194' title='bbox 190 1069 262 1102; x_wconf 87' lang='lat' dir='ltr'>Quae</span> <span class='ocrx_word' id='word_1_195' title='bbox 276 1079 318 1096; x_wconf 87' lang='lat' dir='ltr'>res</span> <span class='ocrx_word' id='word_1_196' title='bbox 332 1079 394 1096; x_wconf 91' lang='lat' dir='ltr'>eum</span> <span class='ocrx_word' id='word_1_197' title='bbox 409 1074 484 1097; x_wconf 91' lang='lat' dir='ltr'>nocte</span> <span class='ocrx_word' id='word_1_198' title='bbox 498 1079 551 1096; x_wconf 88' lang='lat' dir='ltr'>una</span> <span class='ocrx_word' id='word_1_199' title='bbox 565 1074 668 1096; x_wconf 89' lang='lat' dir='ltr'>tantum</span> <span class='ocrx_word' id='word_1_200' title='bbox 683 1070 785 1096; x_wconf 90' lang='lat' dir='ltr'>itineris</span> <span class='ocrx_word' id='word_1_201' title='bbox 799 1078 864 1096; x_wconf 89' lang='lat' dir='ltr'>con-</span> 
     </span>
     <span class='ocr_line' id='line_1_26' title="bbox 67 1107 860 1143; baseline 0 -10"><span class='ocrx_word' id='word_1_202' title='bbox 67 1107 174 1133; x_wconf 84' lang='lat' dir='ltr'>tendere</span> <span class='ocrx_word' id='word_1_203' title='bbox 188 1107 291 1143; x_wconf 91' lang='lat' dir='ltr'>coegit?</span> <span class='ocrx_word' id='word_1_204' title='bbox 310 1116 378 1142; x_wconf 87' lang='lat' dir='ltr'>quae</span> <span class='ocrx_word' id='word_1_205' title='bbox 392 1109 536 1134; x_wconf 82' lang='lat' dir='ltr'>necessitas</span> <span class='ocrx_word' id='word_1_206' title='bbox 550 1116 612 1133; x_wconf 90' lang='lat' dir='ltr'>eum</span> <span class='ocrx_word' id='word_1_207' title='bbox 627 1112 696 1134; x_wconf 87' lang='lat' dir='ltr'>tanta</span> <span class='ocrx_word' id='word_1_208' title='bbox 715 1107 860 1142; x_wconf 88' lang='lat' dir='ltr'>premebat,</span> 
     </span>
     <span class='ocr_line' id='line_1_27' title="bbox 67 1145 862 1179; baseline 0 -8"><span class='ocrx_word' id='word_1_209' title='bbox 67 1149 109 1175; x_wconf 85' lang='lat' dir='ltr'>ut,</span> <span class='ocrx_word' id='word_1_210' title='bbox 126 1145 149 1171; x_wconf 89' lang='lat' dir='ltr'>si</span> <span class='ocrx_word' id='word_1_211' title='bbox 167 1153 216 1171; x_wconf 91' lang='lat' dir='ltr'>sua</span> <span class='ocrx_word' id='word_1_212' title='bbox 234 1150 328 1179; x_wconf 89' lang='lat' dir='ltr'>sponte</span> <span class='ocrx_word' id='word_1_213' title='bbox 346 1146 395 1171; x_wconf 89' lang='lat' dir='ltr'>iter</span> <span class='ocrx_word' id='word_1_214' title='bbox 408 1145 542 1171; x_wconf 84' lang='lat' dir='ltr'>Ameriam</span> <span class='ocrx_word' id='word_1_215' title='bbox 562 1145 671 1176; x_wconf 77' lang='lat' dir='ltr'>faceret,</span> <span class='ocrx_word' id='word_1_216' title='bbox 691 1145 719 1171; x_wconf 91' lang='lat' dir='ltr'>id</span> <span class='ocrx_word' id='word_1_217' title='bbox 735 1145 862 1179; x_wconf 87' lang='lat' dir='ltr'>temporis</span> 
     </span>
     <span class='ocr_line' id='line_1_28' title="bbox 68 1182 862 1217; baseline 0 -9"><span class='ocrx_word' id='word_1_218' title='bbox 68 1182 149 1208; x_wconf 84' lang='lat' dir='ltr'>Roma</span> <span class='ocrx_word' id='word_1_219' title='bbox 171 1182 369 1217; x_wconf 79' lang='lat' dir='ltr'>profisceretur,</span> <span class='ocrx_word' id='word_1_220' title='bbox 395 1183 496 1208; x_wconf 90' lang='lat' dir='ltr'>nullam</span> <span class='ocrx_word' id='word_1_221' title='bbox 520 1187 621 1217; x_wconf 90' lang='lat' dir='ltr'>partem</span> <span class='ocrx_word' id='word_1_222' title='bbox 648 1183 732 1208; x_wconf 89' lang='lat' dir='ltr'>noctis</span> <span class='ocrx_word' id='word_1_223' title='bbox 755 1182 862 1217; x_wconf 84' lang='lat' dir='ltr'>requie-</span> 
     </span>
     <span class='ocr_line' id='line_1_29' title="bbox 66 1219 862 1255; baseline -0.001 -9"><span class='ocrx_word' id='word_1_224' title='bbox 66 1219 168 1246; x_wconf 87' lang='lat' dir='ltr'>sceret‘?</span> <span class='ocrx_word' id='word_1_225' title='bbox 187 1220 299 1247; x_wconf 88' lang='lat' dir='ltr'>XXXV.</span> <span class='ocrx_word' id='word_1_226' title='bbox 316 1221 438 1246; x_wconf 86' lang='lat' dir='ltr'>Etiamne</span> <span class='ocrx_word' id='word_1_227' title='bbox 451 1221 479 1246; x_wconf 92' lang='lat' dir='ltr'>in</span> <span class='ocrx_word' id='word_1_228' title='bbox 493 1224 546 1246; x_wconf 88' lang='lat' dir='ltr'>tam</span> <span class='ocrx_word' id='word_1_229' title='bbox 561 1220 711 1255; x_wconf 79' lang='lat' dir='ltr'>perspicuis</span> <span class='ocrx_word' id='word_1_230' title='bbox 725 1219 806 1245; x_wconf 88' lang='lat' dir='ltr'>rebus</span> <span class='ocrx_word' id='word_1_231' title='bbox 820 1228 862 1245; x_wconf 91' lang='lat' dir='ltr'>ar-</span> 
     </span>
     <span class='ocr_line' id='line_1_30' title="bbox 65 1256 862 1292; baseline -0.001 -9"><span class='ocrx_word' id='word_1_232' title='bbox 65 1258 231 1292; x_wconf 83' lang='lat' dir='ltr'>gumentatio</span> <span class='ocrx_word' id='word_1_233' title='bbox 248 1257 399 1292; x_wconf 88' lang='lat' dir='ltr'>quaerenda</span> <span class='ocrx_word' id='word_1_234' title='bbox 418 1261 463 1284; x_wconf 86' lang='lat' dir='ltr'>aut</span> <span class='ocrx_word' id='word_1_235' title='bbox 485 1258 635 1284; x_wconf 89' lang='lat' dir='ltr'>coniectura</span> <span class='ocrx_word' id='word_1_236' title='bbox 658 1257 786 1292; x_wconf 90' lang='lat' dir='ltr'>capienda</span> <span class='ocrx_word' id='word_1_237' title='bbox 809 1256 862 1283; x_wconf 84' lang='lat' dir='ltr'>sit?</span> 
     </span>
     <span class='ocr_line' id='line_1_31' title="bbox 66 1294 861 1330; baseline -0.001 -9"><span class='ocrx_word' id='word_1_238' title='bbox 66 1296 107 1320; x_wconf 91' lang='lat'>98.</span> <span class='ocrx_word' id='word_1_239' title='bbox 130 1295 223 1321; x_wconf 85' lang='lat' dir='ltr'>Nonne</span> <span class='ocrx_word' id='word_1_240' title='bbox 237 1295 313 1321; x_wconf 90' lang='lat' dir='ltr'>vobis</span> <span class='ocrx_word' id='word_1_241' title='bbox 327 1295 404 1327; x_wconf 85' lang='lat' dir='ltr'>haec,</span> <span class='ocrx_word' id='word_1_242' title='bbox 425 1303 494 1330; x_wconf 86' lang='lat' dir='ltr'>quae</span> <span class='ocrx_word' id='word_1_243' title='bbox 508 1295 635 1326; x_wconf 80' lang='lat' dir='ltr'>audistis,</span> <span class='ocrx_word' id='word_1_244' title='bbox 656 1303 763 1320; x_wconf 88' lang='lat' dir='ltr'>cernere</span> <span class='ocrx_word' id='word_1_245' title='bbox 777 1294 861 1320; x_wconf 89' lang='lat' dir='ltr'>oculis</span> 
     </span>
     <span class='ocr_line' id='line_1_32' title="bbox 65 1331 861 1367; baseline -0.001 -9"><span class='ocrx_word' id='word_1_246' title='bbox 65 1332 203 1363; x_wconf 84' lang='lat' dir='ltr'>videmini,</span> <span class='ocrx_word' id='word_1_247' title='bbox 217 1331 338 1358; x_wconf 90' lang='lat' dir='ltr'>iudices?</span> <span class='ocrx_word' id='word_1_248' title='bbox 348 1341 399 1359; x_wconf 91' lang='lat' dir='ltr'>non</span> <span class='ocrx_word' id='word_1_249' title='bbox 410 1332 487 1358; x_wconf 89' lang='lat' dir='ltr'>illum</span> <span class='ocrx_word' id='word_1_250' title='bbox 498 1333 636 1363; x_wconf 87' lang='lat' dir='ltr'>miserum,</span> <span class='ocrx_word' id='word_1_251' title='bbox 649 1332 772 1367; x_wconf 84' lang='lat' dir='ltr'>ignarum</span> <span class='ocrx_word' id='word_1_252' title='bbox 783 1340 861 1358; x_wconf 88' lang='lat' dir='ltr'>casus</span> 
     </span>
     <span class='ocr_line' id='line_1_33' title="bbox 65 1368 862 1404; baseline -0.001 -9"><span class='ocrx_word' id='word_1_253' title='bbox 65 1370 118 1401; x_wconf 87' lang='lat' dir='ltr'>sui,</span> <span class='ocrx_word' id='word_1_254' title='bbox 134 1369 289 1396; x_wconf 89' lang='lat' dir='ltr'>redeuntem</span> <span class='ocrx_word' id='word_1_255' title='bbox 305 1378 319 1395; x_wconf 92' lang='lat' dir='ltr'>a</span> <span class='ocrx_word' id='word_1_256' title='bbox 332 1378 412 1396; x_wconf 87' lang='lat' dir='ltr'>caena</span> <span class='ocrx_word' id='word_1_257' title='bbox 423 1369 538 1396; x_wconf 81' lang='lat' dir='ltr'>videtis?</span> <span class='ocrx_word' id='word_1_258' title='bbox 553 1378 604 1396; x_wconf 93' lang='lat' dir='ltr'>non</span> <span class='ocrx_word' id='word_1_259' title='bbox 618 1370 717 1404; x_wconf 88' lang='lat' dir='ltr'>positas</span> <span class='ocrx_word' id='word_1_260' title='bbox 732 1368 862 1395; x_wconf 86' lang='lat' dir='ltr'>insidias?</span> 
     </span>
     <span class='ocr_line' id='line_1_34' title="bbox 65 1406 860 1441; baseline -0.001 -8"><span class='ocrx_word' id='word_1_261' title='bbox 65 1416 117 1433; x_wconf 89' lang='lat' dir='ltr'>non</span> <span class='ocrx_word' id='word_1_262' title='bbox 134 1407 265 1441; x_wconf 86' lang='lat' dir='ltr'>impetum</span> <span class='ocrx_word' id='word_1_263' title='bbox 285 1406 472 1441; x_wconf 82' lang='lat' dir='ltr'>repentinum?</span> <span class='ocrx_word' id='word_1_264' title='bbox 491 1407 548 1433; x_wconf 90' lang='lat' dir='ltr'>Non</span> <span class='ocrx_word' id='word_1_265' title='bbox 563 1411 683 1432; x_wconf 87' lang='lat' dir='ltr'>versatur</span> <span class='ocrx_word' id='word_1_266' title='bbox 696 1411 756 1432; x_wconf 83' lang='lat' dir='ltr'>ante</span> <span class='ocrx_word' id='word_1_267' title='bbox 769 1406 860 1432; x_wconf 89' lang='lat' dir='ltr'>oculos</span> 
     </span>
     <span class='ocr_line' id='line_1_35' title="bbox 64 1443 861 1471; baseline -0.001 -1"><span class='ocrx_word' id='word_1_268' title='bbox 64 1444 141 1471; x_wconf 92' lang='lat' dir='ltr'>vobis</span> <span class='ocrx_word' id='word_1_269' title='bbox 160 1445 188 1470; x_wconf 90' lang='lat' dir='ltr'>in</span> <span class='ocrx_word' id='word_1_270' title='bbox 206 1444 286 1470; x_wconf 89' lang='lat' dir='ltr'>caede</span> <span class='ocrx_word' id='word_1_271' title='bbox 300 1444 430 1471; x_wconf 76' lang='lat' dir='ltr'>Glaucia?</span> <span class='ocrx_word' id='word_1_272' title='bbox 455 1453 508 1470; x_wconf 89' lang='lat' dir='ltr'>non</span> <span class='ocrx_word' id='word_1_273' title='bbox 527 1444 602 1470; x_wconf 87' lang='lat' dir='ltr'>adest</span> <span class='ocrx_word' id='word_1_274' title='bbox 619 1445 668 1470; x_wconf 89' lang='lat' dir='ltr'>iste</span> <span class='ocrx_word' id='word_1_275' title='bbox 685 1444 714 1469; x_wconf 93' lang='lat' dir='ltr'>T.</span> <span class='ocrx_word' id='word_1_276' title='bbox 730 1443 861 1470; x_wconf 87' lang='lat' dir='ltr'>Roscius?</span> 
     </span>
     <span class='ocr_line' id='line_1_36' title="bbox 65 1481 859 1508; baseline -0.001 0"><span class='ocrx_word' id='word_1_277' title='bbox 65 1490 116 1508; x_wconf 92' lang='lat' dir='ltr'>non</span> <span class='ocrx_word' id='word_1_278' title='bbox 138 1482 195 1508; x_wconf 89' lang='lat' dir='ltr'>suis</span> <span class='ocrx_word' id='word_1_279' title='bbox 220 1481 344 1508; x_wconf 87' lang='lat' dir='ltr'>manibus</span> <span class='ocrx_word' id='word_1_280' title='bbox 369 1482 395 1508; x_wconf 93' lang='lat' dir='ltr'>in</span> <span class='ocrx_word' id='word_1_281' title='bbox 413 1490 493 1508; x_wconf 91' lang='lat' dir='ltr'>curru</span> <span class='ocrx_word' id='word_1_282' title='bbox 512 1481 621 1508; x_wconf 91' lang='lat' dir='ltr'>collocat</span> <span class='ocrx_word' id='word_1_283' title='bbox 638 1481 859 1507; x_wconf 83' lang='lat' dir='ltr'>Automedontem</span> 
     </span>
     <span class='ocr_line' id='line_1_37' title="bbox 64 1518 860 1553; baseline -0.001 -8"><span class='ocrx_word' id='word_1_284' title='bbox 64 1519 154 1550; x_wconf 90' lang='lat' dir='ltr'>illum,</span> <span class='ocrx_word' id='word_1_285' title='bbox 175 1519 218 1545; x_wconf 90' lang='lat' dir='ltr'>sui</span> <span class='ocrx_word' id='word_1_286' title='bbox 236 1519 344 1545; x_wconf 86' lang='lat' dir='ltr'>sceleris</span> <span class='ocrx_word' id='word_1_287' title='bbox 362 1519 527 1545; x_wconf 80' lang='lat' dir='ltr'>acerbissimi</span> <span class='ocrx_word' id='word_1_288' title='bbox 547 1518 716 1553; x_wconf 85' lang='lat' dir='ltr'>nefariaeque</span> <span class='ocrx_word' id='word_1_289' title='bbox 737 1519 860 1544; x_wconf 89' lang='lat' dir='ltr'>victoriae</span> 
     </span>
     <span class='ocr_line' id='line_1_38' title="bbox 63 1555 860 1591; baseline -0.001 -9"><span class='ocrx_word' id='word_1_290' title='bbox 63 1555 208 1583; x_wconf 85' lang='lat' dir='ltr'>nuntium?</span> <span class='ocrx_word' id='word_1_291' title='bbox 222 1564 273 1582; x_wconf 92' lang='lat' dir='ltr'>non</span> <span class='ocrx_word' id='word_1_292' title='bbox 288 1561 351 1587; x_wconf 89' lang='lat' dir='ltr'>orat,</span> <span class='ocrx_word' id='word_1_293' title='bbox 369 1561 398 1582; x_wconf 92' lang='lat' dir='ltr'>ut</span> <span class='ocrx_word' id='word_1_294' title='bbox 408 1565 465 1582; x_wconf 88' lang='lat' dir='ltr'>eam</span> <span class='ocrx_word' id='word_1_295' title='bbox 477 1561 580 1582; x_wconf 88' lang='lat' dir='ltr'>noctem</span> <span class='ocrx_word' id='word_1_296' title='bbox 595 1555 754 1591; x_wconf 77' lang='lat' dir='ltr'>pervigilet?</span> <span class='ocrx_word' id='word_1_297' title='bbox 769 1560 798 1582; x_wconf 88' lang='lat' dir='ltr'>ut</span> <span class='ocrx_word' id='word_1_298' title='bbox 812 1556 860 1581; x_wconf 92' lang='lat' dir='ltr'>ho-</span> 
     </span>
     <span class='ocr_line' id='line_1_39' title="bbox 63 1593 858 1628; baseline -0.003 -8"><span class='ocrx_word' id='word_1_299' title='bbox 63 1594 134 1620; x_wconf 88' lang='lat' dir='ltr'>noris</span> <span class='ocrx_word' id='word_1_300' title='bbox 153 1594 195 1620; x_wconf 88' lang='lat' dir='ltr'>sui</span> <span class='ocrx_word' id='word_1_301' title='bbox 213 1602 308 1620; x_wconf 83' lang='lat' dir='ltr'>caussa</span> <span class='ocrx_word' id='word_1_302' title='bbox 325 1593 442 1620; x_wconf 77' lang='lat' dir='ltr'>laboret?</span> <span class='ocrx_word' id='word_1_303' title='bbox 467 1598 497 1619; x_wconf 92' lang='lat' dir='ltr'>ut</span> <span class='ocrx_word' id='word_1_304' title='bbox 510 1593 631 1628; x_wconf 89' lang='lat' dir='ltr'>Capitoni</span> <span class='ocrx_word' id='word_1_305' title='bbox 645 1602 726 1628; x_wconf 87' lang='lat' dir='ltr'>quam</span> <span class='ocrx_word' id='word_1_306' title='bbox 740 1593 858 1628; x_wconf 90' lang='lat' dir='ltr'>primum</span> 
     </span>
     <span class='ocr_line' id='line_1_40' title="bbox 63 1630 858 1666; baseline -0.001 -9"><span class='ocrx_word' id='word_1_307' title='bbox 63 1630 184 1658; x_wconf 81' lang='lat' dir='ltr'>nuntiet?</span> <span class='ocrx_word' id='word_1_308' title='bbox 204 1632 245 1657; x_wconf 87' lang='grc'>99.</span> <span class='ocrx_word' id='word_1_309' title='bbox 257 1630 327 1663; x_wconf 89' lang='lat' dir='ltr'>Quid</span> <span class='ocrx_word' id='word_1_310' title='bbox 338 1635 401 1661; x_wconf 84' lang='lat' dir='ltr'>erat,</span> <span class='ocrx_word' id='word_1_311' title='bbox 414 1631 486 1666; x_wconf 90' lang='lat' dir='ltr'>quod</span> <span class='ocrx_word' id='word_1_312' title='bbox 497 1631 651 1665; x_wconf 87' lang='lat' dir='ltr'>Capitonem</span> <span class='ocrx_word' id='word_1_313' title='bbox 663 1631 780 1665; x_wconf 90' lang='lat' dir='ltr'>primum</span> <span class='ocrx_word' id='word_1_314' title='bbox 791 1631 858 1656; x_wconf 89' lang='lat' dir='ltr'>scire</span> 
     </span>
     <span class='ocr_line' id='line_1_41' title="bbox 63 1667 858 1702; baseline 0 -8"><span class='ocrx_word' id='word_1_315' title='bbox 63 1667 195 1695; x_wconf 87' lang='lat' dir='ltr'>voluerit?</span> <span class='ocrx_word' id='word_1_316' title='bbox 214 1668 323 1695; x_wconf 89' lang='lat' dir='ltr'>Nescio:</span> <span class='ocrx_word' id='word_1_317' title='bbox 345 1668 398 1694; x_wconf 85' lang='lat' dir='ltr'>nisi</span> <span class='ocrx_word' id='word_1_318' title='bbox 417 1668 466 1694; x_wconf 89' lang='lat' dir='ltr'>hoc</span> <span class='ocrx_word' id='word_1_319' title='bbox 483 1669 574 1699; x_wconf 88' lang='lat' dir='ltr'>video,</span> <span class='ocrx_word' id='word_1_320' title='bbox 596 1668 750 1702; x_wconf 89' lang='lat' dir='ltr'>Capitonem</span> <span class='ocrx_word' id='word_1_321' title='bbox 769 1668 796 1694; x_wconf 94' lang='lat' dir='ltr'>in</span> <span class='ocrx_word' id='word_1_322' title='bbox 815 1668 858 1694; x_wconf 90' lang='lat' dir='ltr'>his</span> 
     </span>
     <span class='ocr_line' id='line_1_42' title="bbox 62 1705 859 1732; baseline -0.001 0"><span class='ocrx_word' id='word_1_323' title='bbox 62 1706 139 1732; x_wconf 91' lang='lat' dir='ltr'>bonis</span> <span class='ocrx_word' id='word_1_324' title='bbox 153 1714 212 1732; x_wconf 90' lang='lat' dir='ltr'>esse</span> <span class='ocrx_word' id='word_1_325' title='bbox 225 1706 338 1732; x_wconf 86' lang='lat' dir='ltr'>socium.</span> <span class='ocrx_word' id='word_1_326' title='bbox 362 1706 398 1732; x_wconf 89' lang='lat' dir='ltr'>De</span> <span class='ocrx_word' id='word_1_327' title='bbox 409 1706 496 1732; x_wconf 91' lang='lat' dir='ltr'>tribus</span> <span class='ocrx_word' id='word_1_328' title='bbox 506 1710 531 1732; x_wconf 90' lang='lat' dir='ltr'>et</span> <span class='ocrx_word' id='word_1_329' title='bbox 542 1705 634 1731; x_wconf 89' lang='lat' dir='ltr'>decem</span> <span class='ocrx_word' id='word_1_330' title='bbox 645 1705 736 1731; x_wconf 84' lang='lat' dir='ltr'>lundis</span> <span class='ocrx_word' id='word_1_331' title='bbox 747 1709 800 1732; x_wconf 88' lang='lat' dir='ltr'>tres</span> <span class='ocrx_word' id='word_1_332' title='bbox 811 1714 859 1731; x_wconf 84' lang='lat' dir='ltr'>no·</span> 
     </span>
     <span class='ocr_line' id='line_1_43' title="bbox 62 1742 858 1778; baseline 0 -9"><span class='ocrx_word' id='word_1_333' title='bbox 62 1742 209 1770; x_wconf 88' lang='lat' dir='ltr'>bilissimos</span> <span class='ocrx_word' id='word_1_334' title='bbox 223 1742 321 1770; x_wconf 84' lang='lat' dir='ltr'>fundos</span> <span class='ocrx_word' id='word_1_335' title='bbox 335 1751 397 1770; x_wconf 91' lang='lat' dir='ltr'>eum</span> <span class='ocrx_word' id='word_1_336' title='bbox 411 1743 490 1770; x_wconf 86' lang='lat' dir='ltr'>video</span> <span class='ocrx_word' id='word_1_337' title='bbox 503 1743 649 1778; x_wconf 88' lang='lat' dir='ltr'>possidere.</span> <span class='ocrx_word' id='word_1_338' title='bbox 691 1744 748 1769; x_wconf 88' lang='grc'><strong>100.</strong></span> <span class='ocrx_word' id='word_1_339' title='bbox 770 1743 858 1769; x_wconf 89' lang='lat' dir='ltr'>Audio</span> 
     </span>
     <span class='ocr_line' id='line_1_44' title="bbox 61 1780 857 1816; baseline -0.001 -9"><span class='ocrx_word' id='word_1_340' title='bbox 61 1784 208 1816; x_wconf 87' lang='lat' dir='ltr'>praeterea,</span> <span class='ocrx_word' id='word_1_341' title='bbox 238 1789 289 1807; x_wconf 92' lang='lat' dir='ltr'>non</span> <span class='ocrx_word' id='word_1_342' title='bbox 308 1780 376 1807; x_wconf 89' lang='lat' dir='ltr'>hanc</span> <span class='ocrx_word' id='word_1_343' title='bbox 394 1781 575 1815; x_wconf 86' lang='lat' dir='ltr'>suspicionem</span> <span class='ocrx_word' id='word_1_344' title='bbox 599 1789 671 1807; x_wconf 86' lang='lat' dir='ltr'>nunc</span> <span class='ocrx_word' id='word_1_345' title='bbox 692 1781 811 1815; x_wconf 88' lang='lat' dir='ltr'>primum</span> <span class='ocrx_word' id='word_1_346' title='bbox 830 1781 857 1806; x_wconf 92' lang='lat' dir='ltr'>in</span> 
     </span>
     <span class='ocr_line' id='line_1_45' title="bbox 62 1817 855 1853; baseline -0.001 -9"><span class='ocrx_word' id='word_1_347' title='bbox 62 1817 215 1853; x_wconf 87' lang='lat' dir='ltr'>Capitonem</span> <span class='ocrx_word' id='word_1_348' title='bbox 238 1817 362 1844; x_wconf 80' lang='lat' dir='ltr'>conferri.</span> <span class='ocrx_word' id='word_1_349' title='bbox 402 1818 500 1845; x_wconf 89' lang='lat' dir='ltr'>Multas</span> <span class='ocrx_word' id='word_1_350' title='bbox 523 1826 581 1844; x_wconf 89' lang='lat' dir='ltr'>esse</span> <span class='ocrx_word' id='word_1_351' title='bbox 603 1817 717 1844; x_wconf 88' lang='lat' dir='ltr'>infames</span> <span class='ocrx_word' id='word_1_352' title='bbox 739 1817 855 1852; x_wconf 85' lang='lat' dir='ltr'>palmas:</span> 
     </span>
     <span class='ocr_line' id='line_1_46' title="bbox 62 1855 856 1890; baseline -0.001 -8"><span class='ocrx_word' id='word_1_353' title='bbox 62 1855 130 1882; x_wconf 83' lang='lat' dir='ltr'>hanc</span> <span class='ocrx_word' id='word_1_354' title='bbox 148 1856 262 1890; x_wconf 88' lang='lat' dir='ltr'>primam</span> <span class='ocrx_word' id='word_1_355' title='bbox 281 1864 340 1882; x_wconf 89' lang='lat' dir='ltr'>esse</span> <span class='ocrx_word' id='word_1_356' title='bbox 357 1859 445 1882; x_wconf 89' lang='lat' dir='ltr'>tamen</span> <span class='ocrx_word' id='word_1_357' title='bbox 464 1855 660 1887; x_wconf 81' lang='lat' dir='ltr'>lemniscatam,</span> <span class='ocrx_word' id='word_1_358' title='bbox 688 1863 757 1890; x_wconf 88' lang='lat' dir='ltr'>quae</span> <span class='ocrx_word' id='word_1_359' title='bbox 775 1856 856 1881; x_wconf 87' lang='lat' dir='ltr'>Roma</span> 
     </span>
     <span class='ocr_line' id='line_1_47' title="bbox 61 1892 855 1924; baseline 0 -5"><span class='ocrx_word' id='word_1_360' title='bbox 61 1892 207 1919; x_wconf 79' lang='lat' dir='ltr'>deferatur:</span> <span class='ocrx_word' id='word_1_361' title='bbox 230 1892 335 1919; x_wconf 90' lang='lat' dir='ltr'>nullum</span> <span class='ocrx_word' id='word_1_362' title='bbox 355 1893 464 1919; x_wconf 88' lang='lat' dir='ltr'>modum</span> <span class='ocrx_word' id='word_1_363' title='bbox 488 1901 547 1919; x_wconf 88' lang='lat' dir='ltr'>esse</span> <span class='ocrx_word' id='word_1_364' title='bbox 569 1893 686 1919; x_wconf 90' lang='lat' dir='ltr'>hominis</span> <span class='ocrx_word' id='word_1_365' title='bbox 707 1893 855 1924; x_wconf 86' lang='lat' dir='ltr'>occidendi,</span> 
     </span>
     <span class='ocr_line' id='line_1_48' title="bbox 61 1929 857 1965; baseline 0 -9"><span class='ocrx_word' id='word_1_366' title='bbox 61 1938 115 1965; x_wconf 90' lang='lat' dir='ltr'>quo</span> <span class='ocrx_word' id='word_1_367' title='bbox 132 1929 178 1956; x_wconf 89' lang='lat' dir='ltr'>ille</span> <span class='ocrx_word' id='word_1_368' title='bbox 196 1938 248 1957; x_wconf 90' lang='lat' dir='ltr'>non</span> <span class='ocrx_word' id='word_1_369' title='bbox 267 1929 369 1965; x_wconf 84' lang='lat' dir='ltr'>aliquot</span> <span class='ocrx_word' id='word_1_370' title='bbox 382 1930 520 1957; x_wconf 89' lang='lat' dir='ltr'>occiderit:</span> <span class='ocrx_word' id='word_1_371' title='bbox 543 1930 642 1957; x_wconf 92' lang='lat' dir='ltr'>multos</span> <span class='ocrx_word' id='word_1_372' title='bbox 657 1930 737 1962; x_wconf 84' lang='lat' dir='ltr'>ferro,</span> <span class='ocrx_word' id='word_1_373' title='bbox 758 1930 857 1956; x_wconf 88' lang='lat' dir='ltr'>multos</span> 
     </span>
     <span class='ocr_line' id='line_1_49' title="bbox 61 1967 856 2002; baseline 0 -8"><span class='ocrx_word' id='word_1_374' title='bbox 61 1975 172 1994; x_wconf 89' lang='lat' dir='ltr'>veneno.</span> <span class='ocrx_word' id='word_1_375' title='bbox 212 1967 301 1994; x_wconf 82' lang='lat' dir='ltr'>Habeo</span> <span class='ocrx_word' id='word_1_376' title='bbox 319 1968 397 1994; x_wconf 87' lang='lat' dir='ltr'>etiam</span> <span class='ocrx_word' id='word_1_377' title='bbox 416 1967 517 2000; x_wconf 80' lang='lat' dir='ltr'>dicere,</span> <span class='ocrx_word' id='word_1_378' title='bbox 541 1976 622 2002; x_wconf 90' lang='lat' dir='ltr'>quem</span> <span class='ocrx_word' id='word_1_379' title='bbox 644 1971 733 1994; x_wconf 89' lang='lat' dir='ltr'>contra</span> <span class='ocrx_word' id='word_1_380' title='bbox 757 1976 856 1994; x_wconf 91' lang='lat' dir='ltr'>morem</span> 
     </span>
     <span class='ocr_line' id='line_1_50' title="bbox 61 2005 856 2040; baseline 0 -9"><span class='ocrx_word' id='word_1_381' title='bbox 61 2005 205 2036; x_wconf 83' lang='lat' dir='ltr'>maiorum,</span> <span class='ocrx_word' id='word_1_382' title='bbox 229 2005 359 2031; x_wconf 85' lang='lat' dir='ltr'>minorem</span> <span class='ocrx_word' id='word_1_383' title='bbox 379 2005 455 2031; x_wconf 88' lang='lat' dir='ltr'>annis</span> <span class='ocrx_word' id='word_1_384' title='bbox 473 2012 524 2036; x_wconf 76' lang='lat' dir='ltr'>Lx,</span> <span class='ocrx_word' id='word_1_385' title='bbox 549 2005 582 2031; x_wconf 86' lang='lat' dir='ltr'>de</span> <span class='ocrx_word' id='word_1_386' title='bbox 600 2009 679 2040; x_wconf 89' lang='lat' dir='ltr'>ponte</span> <span class='ocrx_word' id='word_1_387' title='bbox 697 2005 724 2031; x_wconf 93' lang='lat' dir='ltr'>in</span> <span class='ocrx_word' id='word_1_388' title='bbox 739 2005 856 2031; x_wconf 83' lang='lat' dir='ltr'>Tiberim</span> 
     </span>
     <span class='ocr_line' id='line_1_51' title="bbox 60 2041 857 2077; baseline 0 -9"><span class='ocrx_word' id='word_1_389' title='bbox 60 2041 194 2068; x_wconf 86' lang='lat' dir='ltr'>deiecerit.</span> <span class='ocrx_word' id='word_1_390' title='bbox 235 2042 316 2074; x_wconf 82' lang='lat' dir='ltr'>Quae,</span> <span class='ocrx_word' id='word_1_391' title='bbox 333 2043 356 2068; x_wconf 89' lang='lat' dir='ltr'>si</span> <span class='ocrx_word' id='word_1_392' title='bbox 371 2042 506 2077; x_wconf 79' lang='lat' dir='ltr'>prodierit,</span> <span class='ocrx_word' id='word_1_393' title='bbox 523 2045 602 2077; x_wconf 85' lang='lat' dir='ltr'>atque</span> <span class='ocrx_word' id='word_1_394' title='bbox 616 2042 681 2068; x_wconf 87' lang='lat' dir='ltr'>adeo</span> <span class='ocrx_word' id='word_1_395' title='bbox 695 2051 779 2077; x_wconf 91' lang='lat' dir='ltr'>quum</span> <span class='ocrx_word' id='word_1_396' title='bbox 795 2051 857 2077; x_wconf 89' lang='lat' dir='ltr'>pro-</span> 
     </span>
     <span class='ocr_line' id='line_1_52' title="bbox 60 2079 857 2115; baseline 0.001 -10"><span class='ocrx_word' id='word_1_397' title='bbox 60 2079 147 2110; x_wconf 84' lang='lat' dir='ltr'>dierit,</span> <span class='ocrx_word' id='word_1_398' title='bbox 163 2079 229 2114; x_wconf 89' lang='lat' dir='ltr'>(scio</span> <span class='ocrx_word' id='word_1_399' title='bbox 242 2079 313 2105; x_wconf 90' lang='lat' dir='ltr'>enim</span> <span class='ocrx_word' id='word_1_400' title='bbox 328 2079 496 2114; x_wconf 88' lang='lat' dir='ltr'>proditurum</span> <span class='ocrx_word' id='word_1_401' title='bbox 511 2079 591 2115; x_wconf 84' lang='lat' dir='ltr'>esse,)</span> <span class='ocrx_word' id='word_1_402' title='bbox 604 2079 703 2106; x_wconf 84' lang='lat' dir='ltr'>audiet.</span> <span class='ocrx_word' id='word_1_403' title='bbox 732 2081 789 2106; x_wconf 87' lang='grc'><strong>101.</strong></span> <span class='ocrx_word' id='word_1_404' title='bbox 807 2080 857 2106; x_wconf 92' lang='lat' dir='ltr'>Ve-</span> 
     </span>
     <span class='ocr_line' id='line_1_53' title="bbox 60 2116 857 2152; baseline 0 -9"><span class='ocrx_word' id='word_1_405' title='bbox 60 2117 116 2143; x_wconf 82' lang='lat' dir='ltr'>niat</span> <span class='ocrx_word' id='word_1_406' title='bbox 128 2116 220 2143; x_wconf 88' lang='lat' dir='ltr'>modo:</span> <span class='ocrx_word' id='word_1_407' title='bbox 236 2116 351 2151; x_wconf 81' lang='lat' dir='ltr'>explicet</span> <span class='ocrx_word' id='word_1_408' title='bbox 363 2125 444 2143; x_wconf 88' lang='lat' dir='ltr'>suum</span> <span class='ocrx_word' id='word_1_409' title='bbox 455 2116 580 2143; x_wconf 89' lang='lat' dir='ltr'>volumen</span> <span class='ocrx_word' id='word_1_410' title='bbox 591 2116 668 2148; x_wconf 91' lang='lat' dir='ltr'>illud,</span> <span class='ocrx_word' id='word_1_411' title='bbox 681 2117 753 2152; x_wconf 90' lang='lat' dir='ltr'>quod</span> <span class='ocrx_word' id='word_1_412' title='bbox 764 2117 787 2143; x_wconf 92' lang='lat' dir='ltr'>ei</span> <span class='ocrx_word' id='word_1_413' title='bbox 799 2117 857 2152; x_wconf 89' lang='lat' dir='ltr'>pla-</span> 
     </span>
     <span class='ocr_line' id='line_1_54' title="bbox 60 2153 856 2190; baseline 0 -10"><span class='ocrx_word' id='word_1_414' title='bbox 60 2162 126 2181; x_wconf 88' lang='lat' dir='ltr'>num</span> <span class='ocrx_word' id='word_1_415' title='bbox 152 2153 237 2180; x_wconf 79' lang='lat' dir='ltr'>facere</span> <span class='ocrx_word' id='word_1_416' title='bbox 263 2162 373 2188; x_wconf 89' lang='lat' dir='ltr'>possum</span> <span class='ocrx_word' id='word_1_417' title='bbox 399 2154 527 2180; x_wconf 87' lang='lat' dir='ltr'>Erucium</span> <span class='ocrx_word' id='word_1_418' title='bbox 552 2155 756 2189; x_wconf 86' lang='lat' dir='ltr'>conscripsisse:</span> <span class='ocrx_word' id='word_1_419' title='bbox 783 2155 856 2190; x_wconf 90' lang='lat' dir='ltr'>quod</span> 
     </span>
     <span class='ocr_line' id='line_1_55' title="bbox 60 2190 852 2223; baseline 0 -5"><span class='ocrx_word' id='word_1_420' title='bbox 60 2191 135 2218; x_wconf 81' lang='lat' dir='ltr'>aiunt</span> <span class='ocrx_word' id='word_1_421' title='bbox 147 2191 225 2218; x_wconf 92' lang='lat' dir='ltr'>illum</span> <span class='ocrx_word' id='word_1_422' title='bbox 238 2190 300 2217; x_wconf 82' lang='lat' dir='ltr'>Sex.</span> <span class='ocrx_word' id='word_1_423' title='bbox 313 2191 408 2218; x_wconf 84' lang='lat' dir='ltr'>Roscio</span> <span class='ocrx_word' id='word_1_424' title='bbox 422 2191 566 2218; x_wconf 82' lang='lat' dir='ltr'>intentasse</span> <span class='ocrx_word' id='word_1_425' title='bbox 580 2196 605 2218; x_wconf 91' lang='lat' dir='ltr'>et</span> <span class='ocrx_word' id='word_1_426' title='bbox 618 2192 770 2218; x_wconf 84' lang='lat' dir='ltr'>minitatum</span> <span class='ocrx_word' id='word_1_427' title='bbox 785 2201 852 2223; x_wconf 86' lang='lat' dir='ltr'>esse,</span> 
     </span>
     <span class='ocr_line' id='line_1_56' title="bbox 60 2228 855 2264; baseline 0.001 -9"><span class='ocrx_word' id='word_1_428' title='bbox 60 2236 88 2255; x_wconf 86' lang='lat' dir='ltr'>se</span> <span class='ocrx_word' id='word_1_429' title='bbox 101 2229 190 2255; x_wconf 90' lang='lat' dir='ltr'>omnia</span> <span class='ocrx_word' id='word_1_430' title='bbox 204 2228 249 2255; x_wconf 86' lang='lat' dir='ltr'>illa</span> <span class='ocrx_word' id='word_1_431' title='bbox 264 2237 311 2263; x_wconf 91' lang='lat' dir='ltr'>pro</span> <span class='ocrx_word' id='word_1_432' title='bbox 325 2229 476 2256; x_wconf 87' lang='lat' dir='ltr'>testimonio</span> <span class='ocrx_word' id='word_1_433' title='bbox 490 2237 548 2255; x_wconf 88' lang='lat' dir='ltr'>esse</span> <span class='ocrx_word' id='word_1_434' title='bbox 562 2229 708 2255; x_wconf 87' lang='lat' dir='ltr'>dicturum.</span> <span class='ocrx_word' id='word_1_435' title='bbox 743 2229 765 2256; x_wconf 94' lang='lat' dir='ltr'>O</span> <span class='ocrx_word' id='word_1_436' title='bbox 778 2238 855 2264; x_wconf 88' lang='lat' dir='ltr'>prae-</span> 
     </span>
     <span class='ocr_line' id='line_1_57' title="bbox 59 2265 855 2302; baseline 0.001 -10"><span class='ocrx_word' id='word_1_437' title='bbox 59 2265 161 2292; x_wconf 85' lang='lat' dir='ltr'>clarum</span> <span class='ocrx_word' id='word_1_438' title='bbox 176 2270 279 2297; x_wconf 89' lang='lat' dir='ltr'>testem,</span> <span class='ocrx_word' id='word_1_439' title='bbox 296 2266 412 2292; x_wconf 86' lang='lat' dir='ltr'>iudices!</span> <span class='ocrx_word' id='word_1_440' title='bbox 437 2275 452 2292; x_wconf 94' lang='lat' dir='ltr'>o</span> <span class='ocrx_word' id='word_1_441' title='bbox 465 2267 621 2302; x_wconf 85' lang='lat' dir='ltr'>gravitatem</span> <span class='ocrx_word' id='word_1_442' title='bbox 635 2266 743 2302; x_wconf 80' lang='lat' dir='ltr'>dignam</span> <span class='ocrx_word' id='word_1_443' title='bbox 758 2275 855 2302; x_wconf 85' lang='lat' dir='ltr'>exspe-</span> 
     </span>
     <span class='ocr_line' id='line_1_58' title="bbox 59 2303 855 2338; baseline 0.001 -9"><span class='ocrx_word' id='word_1_444' title='bbox 59 2303 185 2330; x_wconf 81' lang='lat' dir='ltr'>ctatione!</span> <span class='ocrx_word' id='word_1_445' title='bbox 201 2311 217 2330; x_wconf 92' lang='lat' dir='ltr'>o</span> <span class='ocrx_word' id='word_1_446' title='bbox 227 2303 309 2329; x_wconf 89' lang='lat' dir='ltr'>vitam</span> <span class='ocrx_word' id='word_1_447' title='bbox 322 2303 458 2329; x_wconf 86' lang='lat' dir='ltr'>honestam</span> <span class='ocrx_word' id='word_1_448' title='bbox 473 2308 553 2338; x_wconf 85' lang='lat' dir='ltr'>atque</span> <span class='ocrx_word' id='word_1_449' title='bbox 566 2304 708 2336; x_wconf 87' lang='lat' dir='ltr'>eiusmodi,</span> <span class='ocrx_word' id='word_1_450' title='bbox 724 2309 754 2330; x_wconf 92' lang='lat' dir='ltr'>ut</span> <span class='ocrx_word' id='word_1_451' title='bbox 768 2304 855 2331; x_wconf 91' lang='lat' dir='ltr'>liben-</span> 
     </span>
     <span class='ocr_line' id='line_1_59' title="bbox 59 2340 855 2368; baseline 0.001 -1"><span class='ocrx_word' id='word_1_452' title='bbox 59 2340 132 2367; x_wconf 80' lang='lat' dir='ltr'>tibus</span> <span class='ocrx_word' id='word_1_453' title='bbox 150 2341 247 2367; x_wconf 86' lang='lat' dir='ltr'>animis</span> <span class='ocrx_word' id='word_1_454' title='bbox 265 2340 297 2367; x_wconf 87' lang='lat' dir='ltr'>ad</span> <span class='ocrx_word' id='word_1_455' title='bbox 316 2341 374 2366; x_wconf 85' lang='lat' dir='ltr'>eius</span> <span class='ocrx_word' id='word_1_456' title='bbox 389 2341 570 2367; x_wconf 86' lang='lat' dir='ltr'>testimonium</span> <span class='ocrx_word' id='word_1_457' title='bbox 585 2345 703 2367; x_wconf 84' lang='lat' dir='ltr'>vestrum</span> <span class='ocrx_word' id='word_1_458' title='bbox 718 2342 855 2368; x_wconf 89' lang='lat' dir='ltr'>iusiuran-</span> 
     </span>
     <span class='ocr_line' id='line_1_60' title="bbox 59 2377 854 2413; baseline 0.001 -9"><span class='ocrx_word' id='word_1_459' title='bbox 59 2377 124 2404; x_wconf 90' lang='lat' dir='ltr'>dum</span> <span class='ocrx_word' id='word_1_460' title='bbox 136 2378 353 2404; x_wconf 72' lang='lat' dir='ltr'>accommodetis!</span> <span class='ocrx_word' id='word_1_461' title='bbox 369 2377 488 2404; x_wconf 81' lang='lat' dir='ltr'>Profecto</span> <span class='ocrx_word' id='word_1_462' title='bbox 501 2386 553 2404; x_wconf 91' lang='lat' dir='ltr'>non</span> <span class='ocrx_word' id='word_1_463' title='bbox 567 2382 620 2404; x_wconf 90' lang='lat' dir='ltr'>tam</span> <span class='ocrx_word' id='word_1_464' title='bbox 635 2379 776 2413; x_wconf 87' lang='lat' dir='ltr'>perspicue</span> <span class='ocrx_word' id='word_1_465' title='bbox 789 2380 854 2405; x_wconf 90' lang='lat' dir='ltr'>isto-</span> 
     </span>
     <span class='ocr_line' id='line_1_61' title="bbox 59 2414 854 2450; baseline 0.003 -9"><span class='ocrx_word' id='word_1_466' title='bbox 59 2422 119 2441; x_wconf 89' lang='lat' dir='ltr'>rum</span> <span class='ocrx_word' id='word_1_467' title='bbox 134 2414 261 2441; x_wconf 83' lang='lat' dir='ltr'>malesieia</span> <span class='ocrx_word' id='word_1_468' title='bbox 276 2415 442 2446; x_wconf 87' lang='lat' dir='ltr'>videremus,</span> <span class='ocrx_word' id='word_1_469' title='bbox 468 2415 519 2441; x_wconf 90' lang='lat' dir='ltr'>nisi</span> <span class='ocrx_word' id='word_1_470' title='bbox 534 2415 606 2450; x_wconf 88' lang='lat' dir='ltr'>ipsos</span> <span class='ocrx_word' id='word_1_471' title='bbox 625 2424 715 2441; x_wconf 84' lang='lat' dir='ltr'>caecos</span> <span class='ocrx_word' id='word_1_472' title='bbox 734 2416 854 2443; x_wconf 85' lang='lat' dir='ltr'>redderet</span> 
     </span>
     <span class='ocr_line' id='line_1_62' title="bbox 59 2451 854 2487; baseline 0.003 -9"><span class='ocrx_word' id='word_1_473' title='bbox 59 2451 191 2487; x_wconf 84' lang='lat' dir='ltr'>cupiditas</span> <span class='ocrx_word' id='word_1_474' title='bbox 205 2456 231 2478; x_wconf 90' lang='lat' dir='ltr'>et</span> <span class='ocrx_word' id='word_1_475' title='bbox 245 2453 352 2478; x_wconf 85' lang='lat' dir='ltr'>avaritia</span> <span class='ocrx_word' id='word_1_476' title='bbox 367 2457 392 2479; x_wconf 88' lang='lat' dir='ltr'>et</span> <span class='ocrx_word' id='word_1_477' title='bbox 406 2452 524 2479; x_wconf 83' lang='lat' dir='ltr'>audacia.</span> <span class='ocrx_word' id='word_1_478' title='bbox 559 2452 682 2479; x_wconf 84' lang='lat' dir='ltr'>XXXVI.</span> <span class='ocrx_word' id='word_1_479' title='bbox 699 2455 756 2479; x_wconf 69' lang='lat'>⁴02.</span> <span class='ocrx_word' id='word_1_480' title='bbox 781 2453 854 2480; x_wconf 85' lang='lat' dir='ltr'>Alter</span> 
     </span>
     <span class='ocr_line' id='line_1_63' title="bbox 59 2489 852 2524; baseline 0.001 -9"><span class='ocrx_word' id='word_1_481' title='bbox 59 2495 92 2516; x_wconf 84' lang='lat' dir='ltr'>ex</span> <span class='ocrx_word' id='word_1_482' title='bbox 105 2489 163 2524; x_wconf 85' lang='lat' dir='ltr'>ipsa</span> <span class='ocrx_word' id='word_1_483' title='bbox 177 2489 257 2516; x_wconf 84' lang='lat' dir='ltr'>caede</span> <span class='ocrx_word' id='word_1_484' title='bbox 270 2489 404 2516; x_wconf 89' lang='lat' dir='ltr'>volucrem</span> <span class='ocrx_word' id='word_1_485' title='bbox 420 2491 543 2516; x_wconf 90' lang='lat' dir='ltr'>nuntium</span> <span class='ocrx_word' id='word_1_486' title='bbox 555 2489 688 2516; x_wconf 83' lang='lat' dir='ltr'>Ameriam</span> <span class='ocrx_word' id='word_1_487' title='bbox 703 2490 736 2516; x_wconf 88' lang='lat' dir='ltr'>ad</span> <span class='ocrx_word' id='word_1_488' title='bbox 750 2491 852 2517; x_wconf 81' lang='lat' dir='ltr'>socium</span> 
     </span>
     <span class='ocr_line' id='line_1_64' title="bbox 59 2526 853 2562; baseline 0.003 -10"><span class='ocrx_word' id='word_1_489' title='bbox 59 2530 139 2561; x_wconf 80' lang='lat' dir='ltr'>atque</span> <span class='ocrx_word' id='word_1_490' title='bbox 152 2526 185 2553; x_wconf 82' lang='lat' dir='ltr'>ad</span> <span class='ocrx_word' id='word_1_491' title='bbox 198 2527 355 2562; x_wconf 81' lang='lat' dir='ltr'>magistrum</span> <span class='ocrx_word' id='word_1_492' title='bbox 370 2535 451 2554; x_wconf 88' lang='lat' dir='ltr'>suum</span> <span class='ocrx_word' id='word_1_493' title='bbox 466 2527 551 2558; x_wconf 88' lang='lat' dir='ltr'>misit,</span> <span class='ocrx_word' id='word_1_494' title='bbox 579 2532 619 2558; x_wconf 90' lang='lat' dir='ltr'>ut,</span> <span class='ocrx_word' id='word_1_495' title='bbox 644 2527 666 2553; x_wconf 89' lang='lat' dir='ltr'>si</span> <span class='ocrx_word' id='word_1_496' title='bbox 681 2527 853 2554; x_wconf 83' lang='lat' dir='ltr'>dissimulare</span> 
     </span>
     <span class='ocr_line' id='line_1_65' title="bbox 58 2564 854 2600; baseline 0.003 -11"><span class='ocrx_word' id='word_1_497' title='bbox 58 2570 151 2590; x_wconf 86' lang='lat' dir='ltr'>omnes</span> <span class='ocrx_word' id='word_1_498' title='bbox 164 2567 291 2599; x_wconf 84' lang='lat' dir='ltr'>cuperent</span> <span class='ocrx_word' id='word_1_499' title='bbox 305 2572 333 2590; x_wconf 91' lang='lat' dir='ltr'>se</span> <span class='ocrx_word' id='word_1_500' title='bbox 347 2564 427 2596; x_wconf 83' lang='lat' dir='ltr'>scire,</span> <span class='ocrx_word' id='word_1_501' title='bbox 452 2564 485 2591; x_wconf 92' lang='lat' dir='ltr'>ad</span> <span class='ocrx_word' id='word_1_502' title='bbox 499 2573 580 2599; x_wconf 91' lang='lat' dir='ltr'>quem</span> <span class='ocrx_word' id='word_1_503' title='bbox 596 2564 755 2591; x_wconf 74' lang='lat' dir='ltr'>maleficium</span> <span class='ocrx_word' id='word_1_504' title='bbox 772 2566 854 2600; x_wconf 89' lang='lat' dir='ltr'>perti-</span> 
     </span>
     <span class='ocr_line' id='line_1_66' title="bbox 59 2601 852 2636; baseline 0.003 -9"><span class='ocrx_word' id='word_1_505' title='bbox 59 2605 140 2632; x_wconf 82' lang='lat' dir='ltr'>neret,</span> <span class='ocrx_word' id='word_1_506' title='bbox 156 2605 243 2628; x_wconf 84' lang='lat' dir='ltr'>tamen</span> <span class='ocrx_word' id='word_1_507' title='bbox 257 2601 315 2636; x_wconf 84' lang='lat' dir='ltr'>ipse</span> <span class='ocrx_word' id='word_1_508' title='bbox 328 2606 449 2636; x_wconf 83' lang='lat' dir='ltr'>apertum</span> <span class='ocrx_word' id='word_1_509' title='bbox 464 2610 544 2628; x_wconf 91' lang='lat' dir='ltr'>suum</span> <span class='ocrx_word' id='word_1_510' title='bbox 559 2601 647 2628; x_wconf 88' lang='lat' dir='ltr'>scelus</span> <span class='ocrx_word' id='word_1_511' title='bbox 661 2606 720 2628; x_wconf 86' lang='lat' dir='ltr'>ante</span> <span class='ocrx_word' id='word_1_512' title='bbox 731 2603 852 2629; x_wconf 89' lang='lat' dir='ltr'>omnium</span> 
     </span>
     <span class='ocr_line' id='line_1_67' title="bbox 27 2637 854 2675; baseline 0.002 -11"><span class='ocrx_word' id='word_1_513' title='bbox 27 2649 30 2653; x_wconf 93' lang='lat'>·</span> <span class='ocrx_word' id='word_1_514' title='bbox 58 2637 149 2665; x_wconf 81' lang='lat' dir='ltr'>oeulos</span> <span class='ocrx_word' id='word_1_515' title='bbox 163 2643 280 2673; x_wconf 85' lang='lat' dir='ltr'>poneret.</span> <span class='ocrx_word' id='word_1_516' title='bbox 302 2638 374 2665; x_wconf 87' lang='lat' dir='ltr'>Alter</span> <span class='ocrx_word' id='word_1_517' title='bbox 387 2639 419 2675; x_wconf 90' lang='lat' dir='ltr'>(si</span> <span class='ocrx_word' id='word_1_518' title='bbox 431 2640 485 2666; x_wconf 90' lang='lat' dir='ltr'>Diis</span> <span class='ocrx_word' id='word_1_519' title='bbox 499 2639 695 2666; x_wconf 82' lang='lat' dir='ltr'>immortalibus</span> <span class='ocrx_word' id='word_1_520' title='bbox 709 2639 804 2675; x_wconf 84' lang='lat' dir='ltr'>placet)</span> <span class='ocrx_word' id='word_1_521' title='bbox 815 2644 854 2666; x_wconf 84' lang='grc'>10-</span> 
     </span>
     <span class='ocr_line' id='line_1_68' title="bbox 59 2674 851 2710; baseline 0.004 -9"><span class='ocrx_word' id='word_1_522' title='bbox 59 2674 214 2702; x_wconf 75' lang='lat' dir='ltr'>stimonium</span> <span class='ocrx_word' id='word_1_523' title='bbox 228 2675 307 2702; x_wconf 85' lang='lat' dir='ltr'>etiam</span> <span class='ocrx_word' id='word_1_524' title='bbox 318 2676 345 2702; x_wconf 92' lang='lat' dir='ltr'>in</span> <span class='ocrx_word' id='word_1_525' title='bbox 357 2676 417 2703; x_wconf 86' lang='lat' dir='ltr'>Sex.</span> <span class='ocrx_word' id='word_1_526' title='bbox 429 2677 554 2704; x_wconf 81' lang='lat' dir='ltr'>Roscium</span> <span class='ocrx_word' id='word_1_527' title='bbox 565 2676 685 2703; x_wconf 86' lang='lat' dir='ltr'>dicturus</span> <span class='ocrx_word' id='word_1_528' title='bbox 699 2682 748 2703; x_wconf 91' lang='lat' dir='ltr'>est.</span> <span class='ocrx_word' id='word_1_529' title='bbox 770 2677 851 2710; x_wconf 80' lang='lat' dir='ltr'>Quasi</span> 
     </span>
    </p>
   </div>
   <div class='ocr_carea' id='block_1_3' title="bbox 887 224 900 1740">
    <p class='ocr_par' dir='ltr' id='par_1_3' title="bbox 887 224 900 1740">
     <span class='ocr_line' id='line_1_69' title="bbox 887 224 900 1740; baseline 0 0"><span class='ocrx_word' id='word_1_530' title='bbox 887 224 900 1740; x_wconf 95' lang='lat' dir='ltr'> </span> 
     </span>
    </p>
   </div>
   <div class='ocr_carea' id='block_1_4' title="bbox 875 216 894 2433">
    <p class='ocr_par' dir='ltr' id='par_1_4' title="bbox 875 216 894 2433">
     <span class='ocr_line' id='line_1_70' title="bbox 875 216 894 2433; baseline 0 0"><span class='ocrx_word' id='word_1_531' title='bbox 875 216 894 2433; x_wconf 95' lang='lat' dir='ltr'> </span> 
     </span>
    </p>
   </div>
   <div class='ocr_carea' id='block_1_5' title="bbox 906 213 1713 2340">
    <p class='ocr_par' dir='ltr' id='par_1_5' title="bbox 906 213 1713 2340">
     <span class='ocr_line' id='line_1_71' title="bbox 920 213 1713 249; baseline 0.005 -10"><span class='ocrx_word' id='word_1_532' title='bbox 920 221 981 239; x_wconf 89' lang='lat' dir='ltr'>vero</span> <span class='ocrx_word' id='word_1_533' title='bbox 995 213 1023 239; x_wconf 94' lang='lat' dir='ltr'>id</span> <span class='ocrx_word' id='word_1_534' title='bbox 1037 221 1107 239; x_wconf 92' lang='lat' dir='ltr'>nunc</span> <span class='ocrx_word' id='word_1_535' title='bbox 1121 218 1221 249; x_wconf 83' lang='lat' dir='ltr'>agatur,</span> <span class='ocrx_word' id='word_1_536' title='bbox 1238 219 1337 245; x_wconf 82' lang='lat' dir='ltr'>utrum,</span> <span class='ocrx_word' id='word_1_537' title='bbox 1354 215 1377 240; x_wconf 87' lang='lat' dir='ltr'>is</span> <span class='ocrx_word' id='word_1_538' title='bbox 1391 214 1463 249; x_wconf 86' lang='lat' dir='ltr'>quod</span> <span class='ocrx_word' id='word_1_539' title='bbox 1477 215 1586 246; x_wconf 75' lang='lat' dir='ltr'>dixerit,</span> <span class='ocrx_word' id='word_1_540' title='bbox 1603 217 1713 243; x_wconf 84' lang='lat' dir='ltr'>creden-</span> 
     </span>
     <span class='ocr_line' id='line_1_72' title="bbox 919 250 1712 288; baseline 0.005 -12"><span class='ocrx_word' id='word_1_541' title='bbox 919 250 993 281; x_wconf 90' lang='lat' dir='ltr'>dum,</span> <span class='ocrx_word' id='word_1_542' title='bbox 1006 259 1047 281; x_wconf 92' lang='lat' dir='ltr'>an,</span> <span class='ocrx_word' id='word_1_543' title='bbox 1060 251 1132 285; x_wconf 91' lang='lat' dir='ltr'>quod</span> <span class='ocrx_word' id='word_1_544' title='bbox 1146 250 1244 282; x_wconf 85' lang='lat' dir='ltr'>fecerit,</span> <span class='ocrx_word' id='word_1_545' title='bbox 1261 252 1452 277; x_wconf 62' lang='lat' dir='ltr'>vindicandum</span> <span class='ocrx_word' id='word_1_546' title='bbox 1467 253 1510 278; x_wconf 86' lang='lat' dir='ltr'>sit.</span> <span class='ocrx_word' id='word_1_547' title='bbox 1536 254 1626 288; x_wconf 86' lang='lat' dir='ltr'>Itaque</span> <span class='ocrx_word' id='word_1_548' title='bbox 1640 262 1712 280; x_wconf 89' lang='lat' dir='ltr'>more</span> 
     </span>
     <span class='ocr_line' id='line_1_73' title="bbox 920 288 1712 322; baseline 0.004 -9"><span class='ocrx_word' id='word_1_549' title='bbox 920 288 1049 313; x_wconf 89' lang='lat' dir='ltr'>maiorum</span> <span class='ocrx_word' id='word_1_550' title='bbox 1059 294 1240 322; x_wconf 90' lang='lat' dir='ltr'>comparatum</span> <span class='ocrx_word' id='word_1_551' title='bbox 1252 293 1299 316; x_wconf 85' lang='lat' dir='ltr'>est.</span> <span class='ocrx_word' id='word_1_552' title='bbox 1317 294 1346 315; x_wconf 88' lang='lat' dir='ltr'>ut</span> <span class='ocrx_word' id='word_1_553' title='bbox 1359 290 1386 315; x_wconf 91' lang='lat' dir='ltr'>in</span> <span class='ocrx_word' id='word_1_554' title='bbox 1401 290 1519 315; x_wconf 86' lang='lat' dir='ltr'>minimis</span> <span class='ocrx_word' id='word_1_555' title='bbox 1534 290 1614 316; x_wconf 86' lang='lat' dir='ltr'>rebus</span> <span class='ocrx_word' id='word_1_556' title='bbox 1626 290 1712 317; x_wconf 90' lang='lat' dir='ltr'>homi-</span> 
     </span>
     <span class='ocr_line' id='line_1_74' title="bbox 919 324 1710 359; baseline 0.006 -10"><span class='ocrx_word' id='word_1_557' title='bbox 919 333 965 350; x_wconf 89' lang='lat' dir='ltr'>nes</span> <span class='ocrx_word' id='word_1_558' title='bbox 984 324 1145 359; x_wconf 86' lang='lat' dir='ltr'>amplissimi</span> <span class='ocrx_word' id='word_1_559' title='bbox 1163 326 1345 352; x_wconf 85' lang='lat' dir='ltr'>testimonium</span> <span class='ocrx_word' id='word_1_560' title='bbox 1360 326 1392 352; x_wconf 89' lang='lat' dir='ltr'>de</span> <span class='ocrx_word' id='word_1_561' title='bbox 1410 335 1457 352; x_wconf 89' lang='lat' dir='ltr'>sua</span> <span class='ocrx_word' id='word_1_562' title='bbox 1476 336 1503 352; x_wconf 92' lang='lat' dir='ltr'>re</span> <span class='ocrx_word' id='word_1_563' title='bbox 1518 336 1569 353; x_wconf 89' lang='lat' dir='ltr'>non</span> <span class='ocrx_word' id='word_1_564' title='bbox 1583 327 1710 354; x_wconf 82' lang='lat' dir='ltr'>dicerent.</span> 
     </span>
     <span class='ocr_line' id='line_1_75' title="bbox 921 361 1711 399; baseline 0.005 -12"><span class='ocrx_word' id='word_1_565' title='bbox 921 363 976 387; x_wconf 85' lang='grc'><strong>103.</strong></span> <span class='ocrx_word' id='word_1_566' title='bbox 997 361 1150 393; x_wconf 85' lang='lat' dir='ltr'>Africanus,</span> <span class='ocrx_word' id='word_1_567' title='bbox 1172 364 1219 397; x_wconf 89' lang='lat' dir='ltr'>qui</span> <span class='ocrx_word' id='word_1_568' title='bbox 1239 372 1288 389; x_wconf 91' lang='lat' dir='ltr'>suo</span> <span class='ocrx_word' id='word_1_569' title='bbox 1305 365 1463 399; x_wconf 79' lang='lat' dir='ltr'>cognomine</span> <span class='ocrx_word' id='word_1_570' title='bbox 1476 364 1590 390; x_wconf 89' lang='lat' dir='ltr'>declarat</span> <span class='ocrx_word' id='word_1_571' title='bbox 1609 366 1711 391; x_wconf 87' lang='lat' dir='ltr'>tertiam</span> 
     </span>
     <span class='ocr_line' id='line_1_76' title="bbox 919 399 1712 437; baseline 0.005 -13"><span class='ocrx_word' id='word_1_572' title='bbox 919 403 1019 433; x_wconf 86' lang='lat' dir='ltr'>partem</span> <span class='ocrx_word' id='word_1_573' title='bbox 1038 399 1110 425; x_wconf 84' lang='lat' dir='ltr'>orbis</span> <span class='ocrx_word' id='word_1_574' title='bbox 1128 404 1256 426; x_wconf 85' lang='lat' dir='ltr'>terrarum</span> <span class='ocrx_word' id='word_1_575' title='bbox 1275 409 1303 426; x_wconf 92' lang='lat' dir='ltr'>se</span> <span class='ocrx_word' id='word_1_576' title='bbox 1321 402 1475 437; x_wconf 80' lang='lat' dir='ltr'>subegisse,</span> <span class='ocrx_word' id='word_1_577' title='bbox 1500 406 1600 432; x_wconf 83' lang='lat' dir='ltr'>tamen,</span> <span class='ocrx_word' id='word_1_578' title='bbox 1625 403 1648 428; x_wconf 90' lang='lat' dir='ltr'>si</span> <span class='ocrx_word' id='word_1_579' title='bbox 1664 412 1712 428; x_wconf 90' lang='lat' dir='ltr'>sua</span> 
     </span>
     <span class='ocr_line' id='line_1_77' title="bbox 919 438 1711 471; baseline 0.006 -10"><span class='ocrx_word' id='word_1_580' title='bbox 919 444 960 461; x_wconf 93' lang='lat' dir='ltr'>res</span> <span class='ocrx_word' id='word_1_581' title='bbox 979 441 1114 471; x_wconf 79' lang='lat' dir='ltr'>ageretur,</span> <span class='ocrx_word' id='word_1_582' title='bbox 1139 438 1321 464; x_wconf 84' lang='lat' dir='ltr'>testimonium</span> <span class='ocrx_word' id='word_1_583' title='bbox 1340 447 1391 465; x_wconf 90' lang='lat' dir='ltr'>non</span> <span class='ocrx_word' id='word_1_584' title='bbox 1410 439 1518 465; x_wconf 87' lang='lat' dir='ltr'>diceret.</span> <span class='ocrx_word' id='word_1_585' title='bbox 1559 440 1626 466; x_wconf 84' lang='lat' dir='ltr'>Nam</span> <span class='ocrx_word' id='word_1_586' title='bbox 1643 439 1711 466; x_wconf 89' lang='lat' dir='ltr'>illud</span> 
     </span>
     <span class='ocr_line' id='line_1_78' title="bbox 919 473 1713 508; baseline 0.006 -10"><span class='ocrx_word' id='word_1_587' title='bbox 919 473 945 498; x_wconf 90' lang='lat' dir='ltr'>in</span> <span class='ocrx_word' id='word_1_588' title='bbox 960 473 1039 499; x_wconf 84' lang='lat' dir='ltr'>talem</span> <span class='ocrx_word' id='word_1_589' title='bbox 1049 474 1137 499; x_wconf 85' lang='lat' dir='ltr'>virum</span> <span class='ocrx_word' id='word_1_590' title='bbox 1153 483 1204 500; x_wconf 92' lang='lat' dir='ltr'>non</span> <span class='ocrx_word' id='word_1_591' title='bbox 1219 476 1303 501; x_wconf 86' lang='lat' dir='ltr'>audeo</span> <span class='ocrx_word' id='word_1_592' title='bbox 1317 475 1418 502; x_wconf 88' lang='lat' dir='ltr'>dicere:</span> <span class='ocrx_word' id='word_1_593' title='bbox 1435 477 1457 502; x_wconf 90' lang='lat' dir='ltr'>si</span> <span class='ocrx_word' id='word_1_594' title='bbox 1467 476 1573 508; x_wconf 84' lang='lat' dir='ltr'>diceret,</span> <span class='ocrx_word' id='word_1_595' title='bbox 1590 486 1642 503; x_wconf 89' lang='lat' dir='ltr'>non</span> <span class='ocrx_word' id='word_1_596' title='bbox 1656 486 1713 503; x_wconf 88' lang='lat' dir='ltr'>cre-</span> 
     </span>
     <span class='ocr_line' id='line_1_79' title="bbox 919 510 1712 549; baseline 0.008 -14"><span class='ocrx_word' id='word_1_597' title='bbox 919 510 1034 536; x_wconf 87' lang='lat' dir='ltr'>deretur.</span> <span class='ocrx_word' id='word_1_598' title='bbox 1075 511 1166 537; x_wconf 80' lang='lat' dir='ltr'>Videte</span> <span class='ocrx_word' id='word_1_599' title='bbox 1182 521 1264 542; x_wconf 85' lang='lat' dir='ltr'>nunc,</span> <span class='ocrx_word' id='word_1_600' title='bbox 1286 521 1367 547; x_wconf 89' lang='lat' dir='ltr'>quam</span> <span class='ocrx_word' id='word_1_601' title='bbox 1381 522 1457 539; x_wconf 83' lang='lat' dir='ltr'>versa</span> <span class='ocrx_word' id='word_1_602' title='bbox 1472 518 1496 540; x_wconf 90' lang='lat' dir='ltr'>et</span> <span class='ocrx_word' id='word_1_603' title='bbox 1511 519 1610 540; x_wconf 83' lang='lat' dir='ltr'>mutata</span> <span class='ocrx_word' id='word_1_604' title='bbox 1625 515 1651 540; x_wconf 93' lang='lat' dir='ltr'>in</span> <span class='ocrx_word' id='word_1_605' title='bbox 1665 523 1712 549; x_wconf 85' lang='lat' dir='ltr'>pe-</span> 
     </span>
     <span class='ocr_line' id='line_1_80' title="bbox 918 548 1712 582; baseline 0.008 -10"><span class='ocrx_word' id='word_1_606' title='bbox 918 548 1000 573; x_wconf 87' lang='lat' dir='ltr'>iorem</span> <span class='ocrx_word' id='word_1_607' title='bbox 1015 552 1115 582; x_wconf 90' lang='lat' dir='ltr'>partem</span> <span class='ocrx_word' id='word_1_608' title='bbox 1129 549 1183 574; x_wconf 89' lang='lat' dir='ltr'>sint</span> <span class='ocrx_word' id='word_1_609' title='bbox 1196 550 1294 575; x_wconf 89' lang='lat' dir='ltr'>omnia.</span> <span class='ocrx_word' id='word_1_610' title='bbox 1316 552 1405 582; x_wconf 77' lang='lat' dir='ltr'>Quum</span> <span class='ocrx_word' id='word_1_611' title='bbox 1416 551 1449 576; x_wconf 98' lang='grc'>(10</span> <span class='ocrx_word' id='word_1_612' title='bbox 1463 551 1539 577; x_wconf 87' lang='lat' dir='ltr'>bonis</span> <span class='ocrx_word' id='word_1_613' title='bbox 1554 556 1578 578; x_wconf 86' lang='lat' dir='ltr'>et</span> <span class='ocrx_word' id='word_1_614' title='bbox 1589 552 1622 577; x_wconf 90' lang='grc'>(10</span> <span class='ocrx_word' id='word_1_615' title='bbox 1633 551 1712 577; x_wconf 88' lang='lat' dir='ltr'>caede</span> 
     </span>
     <span class='ocr_line' id='line_1_81' title="bbox 918 586 1712 623; baseline 0.008 -14"><span class='ocrx_word' id='word_1_616' title='bbox 918 589 1023 619; x_wconf 83' lang='lat' dir='ltr'>agatur,</span> <span class='ocrx_word' id='word_1_617' title='bbox 1049 586 1231 611; x_wconf 87' lang='lat' dir='ltr'>testimonium</span> <span class='ocrx_word' id='word_1_618' title='bbox 1252 587 1372 613; x_wconf 85' lang='lat' dir='ltr'>dicturus</span> <span class='ocrx_word' id='word_1_619' title='bbox 1391 593 1430 614; x_wconf 87' lang='lat' dir='ltr'>est</span> <span class='ocrx_word' id='word_1_620' title='bbox 1448 589 1483 619; x_wconf 86' lang='lat' dir='ltr'>is,</span> <span class='ocrx_word' id='word_1_621' title='bbox 1509 590 1555 623; x_wconf 88' lang='lat' dir='ltr'>qui</span> <span class='ocrx_word' id='word_1_622' title='bbox 1580 594 1605 615; x_wconf 84' lang='lat' dir='ltr'>et</span> <span class='ocrx_word' id='word_1_623' title='bbox 1628 594 1712 615; x_wconf 86' lang='lat' dir='ltr'>sector</span> 
     </span>
     <span class='ocr_line' id='line_1_82' title="bbox 918 622 1712 660; baseline 0.009 -14"><span class='ocrx_word' id='word_1_624' title='bbox 918 626 958 647; x_wconf 88' lang='lat' dir='ltr'>est</span> <span class='ocrx_word' id='word_1_625' title='bbox 971 626 996 648; x_wconf 89' lang='lat' dir='ltr'>et</span> <span class='ocrx_word' id='word_1_626' title='bbox 1010 622 1134 652; x_wconf 78' lang='lat' dir='ltr'>sicarius,</span> <span class='ocrx_word' id='word_1_627' title='bbox 1156 623 1205 648; x_wconf 87' lang='lat' dir='ltr'>hoc</span> <span class='ocrx_word' id='word_1_628' title='bbox 1219 628 1259 649; x_wconf 87' lang='lat' dir='ltr'>est</span> <span class='ocrx_word' id='word_1_629' title='bbox 1272 625 1318 658; x_wconf 84' lang='lat' dir='ltr'>qui</span> <span class='ocrx_word' id='word_1_630' title='bbox 1334 630 1358 650; x_wconf 84' lang='lat' dir='ltr'>et</span> <span class='ocrx_word' id='word_1_631' title='bbox 1372 625 1479 651; x_wconf 89' lang='lat' dir='ltr'>illorum</span> <span class='ocrx_word' id='word_1_632' title='bbox 1494 627 1614 660; x_wconf 88' lang='lat' dir='ltr'>ipsorum</span> <span class='ocrx_word' id='word_1_633' title='bbox 1629 627 1712 652; x_wconf 85' lang='lat' dir='ltr'>bono-</span> 
     </span>
     <span class='ocr_line' id='line_1_83' title="bbox 919 659 1708 697; baseline 0.008 -13"><span class='ocrx_word' id='word_1_634' title='bbox 919 667 990 689; x_wconf 83' lang='lat' dir='ltr'>rum,</span> <span class='ocrx_word' id='word_1_635' title='bbox 1011 659 1043 685; x_wconf 92' lang='lat' dir='ltr'>de</span> <span class='ocrx_word' id='word_1_636' title='bbox 1057 660 1158 693; x_wconf 86' lang='lat' dir='ltr'>quibus</span> <span class='ocrx_word' id='word_1_637' title='bbox 1172 661 1271 695; x_wconf 80' lang='lat' dir='ltr'>agitur,</span> <span class='ocrx_word' id='word_1_638' title='bbox 1297 667 1399 696; x_wconf 88' lang='lat' dir='ltr'>emptor</span> <span class='ocrx_word' id='word_1_639' title='bbox 1413 667 1491 697; x_wconf 86' lang='lat' dir='ltr'>atque</span> <span class='ocrx_word' id='word_1_640' title='bbox 1506 672 1643 697; x_wconf 76' lang='lat' dir='ltr'>possessor</span> <span class='ocrx_word' id='word_1_641' title='bbox 1661 668 1708 694; x_wconf 81' lang='lat' dir='ltr'>est,</span> 
     </span>
     <span class='ocr_line' id='line_1_84' title="bbox 918 696 1711 729; baseline 0.008 -8"><span class='ocrx_word' id='word_1_642' title='bbox 918 700 942 721; x_wconf 86' lang='lat' dir='ltr'>et</span> <span class='ocrx_word' id='word_1_643' title='bbox 956 705 1017 722; x_wconf 90' lang='lat' dir='ltr'>eum</span> <span class='ocrx_word' id='word_1_644' title='bbox 1033 696 1167 723; x_wconf 87' lang='lat' dir='ltr'>hominem</span> <span class='ocrx_word' id='word_1_645' title='bbox 1179 698 1353 724; x_wconf 83' lang='lat' dir='ltr'>occidendum</span> <span class='ocrx_word' id='word_1_646' title='bbox 1365 701 1476 729; x_wconf 75' lang='lat' dir='ltr'>curavit,</span> <span class='ocrx_word' id='word_1_647' title='bbox 1493 701 1524 726; x_wconf 88' lang='lat' dir='ltr'>de</span> <span class='ocrx_word' id='word_1_648' title='bbox 1539 701 1616 727; x_wconf 81' lang='lat' dir='ltr'>cuius</span> <span class='ocrx_word' id='word_1_649' title='bbox 1628 705 1711 727; x_wconf 88' lang='lat' dir='ltr'>morte</span> 
     </span>
     <span class='ocr_line' id='line_1_85' title="bbox 917 734 1708 772; baseline 0.008 -14"><span class='ocrx_word' id='word_1_650' title='bbox 917 734 1063 767; x_wconf 84' lang='lat' dir='ltr'>quaeritur.</span> <span class='ocrx_word' id='word_1_651' title='bbox 1101 735 1156 759; x_wconf 71' lang='lat'>104.</span> <span class='ocrx_word' id='word_1_652' title='bbox 1176 734 1247 766; x_wconf 86' lang='lat' dir='ltr'>Quid</span> <span class='ocrx_word' id='word_1_653' title='bbox 1262 740 1298 766; x_wconf 94' lang='lat' dir='ltr'>tu,</span> <span class='ocrx_word' id='word_1_654' title='bbox 1316 736 1357 762; x_wconf 80' lang='lat' dir='ltr'>vir</span> <span class='ocrx_word' id='word_1_655' title='bbox 1371 737 1487 771; x_wconf 74' lang='lat' dir='ltr'>optimc?</span> <span class='ocrx_word' id='word_1_656' title='bbox 1505 738 1600 772; x_wconf 76' lang='lat' dir='ltr'>ecquid</span> <span class='ocrx_word' id='word_1_657' title='bbox 1616 738 1708 769; x_wconf 86' lang='lat' dir='ltr'>habes,</span> 
     </span>
     <span class='ocr_line' id='line_1_86' title="bbox 917 770 1709 805; baseline 0.008 -10"><span class='ocrx_word' id='word_1_658' title='bbox 917 770 989 805; x_wconf 90' lang='lat' dir='ltr'>quod</span> <span class='ocrx_word' id='word_1_659' title='bbox 1003 770 1094 796; x_wconf 85' lang='lat' dir='ltr'>dicas?</span> <span class='ocrx_word' id='word_1_660' title='bbox 1114 771 1179 797; x_wconf 85' lang='lat' dir='ltr'>Mihi</span> <span class='ocrx_word' id='word_1_661' title='bbox 1195 773 1328 799; x_wconf 82' lang='lat' dir='ltr'>ausculta:</span> <span class='ocrx_word' id='word_1_662' title='bbox 1345 774 1415 805; x_wconf 82' lang='lat' dir='ltr'>vide,</span> <span class='ocrx_word' id='word_1_663' title='bbox 1433 784 1464 800; x_wconf 93' lang='lat' dir='ltr'>ne</span> <span class='ocrx_word' id='word_1_664' title='bbox 1479 775 1526 800; x_wconf 86' lang='lat' dir='ltr'>tibi</span> <span class='ocrx_word' id='word_1_665' title='bbox 1541 775 1622 801; x_wconf 86' lang='lat' dir='ltr'>desis.</span> <span class='ocrx_word' id='word_1_666' title='bbox 1655 776 1709 801; x_wconf 91' lang='lat' dir='ltr'>Tua</span> 
     </span>
     <span class='ocr_line' id='line_1_87' title="bbox 917 811 1709 845; baseline 0.008 -13"><span class='ocrx_word' id='word_1_667' title='bbox 917 816 1025 842; x_wconf 88' lang='lat' dir='ltr'>quoque</span> <span class='ocrx_word' id='word_1_668' title='bbox 1039 816 1080 833; x_wconf 85' lang='lat' dir='ltr'>res</span> <span class='ocrx_word' id='word_1_669' title='bbox 1094 817 1238 844; x_wconf 81' lang='lat' dir='ltr'>permagna</span> <span class='ocrx_word' id='word_1_670' title='bbox 1252 811 1348 845; x_wconf 81' lang='lat' dir='ltr'>agitur.</span> <span class='ocrx_word' id='word_1_671' title='bbox 1380 811 1462 837; x_wconf 83' lang='lat' dir='ltr'>Multa</span> <span class='ocrx_word' id='word_1_672' title='bbox 1476 812 1610 843; x_wconf 84' lang='lat' dir='ltr'>scelerate,</span> <span class='ocrx_word' id='word_1_673' title='bbox 1627 812 1709 838; x_wconf 83' lang='lat' dir='ltr'>multa</span> 
     </span>
     <span class='ocr_line' id='line_1_88' title="bbox 916 845 1711 881; baseline 0.006 -11"><span class='ocrx_word' id='word_1_674' title='bbox 916 845 1062 876; x_wconf 85' lang='lat' dir='ltr'>audaciter,</span> <span class='ocrx_word' id='word_1_675' title='bbox 1091 845 1175 872; x_wconf 88' lang='lat' dir='ltr'>multa</span> <span class='ocrx_word' id='word_1_676' title='bbox 1197 847 1316 881; x_wconf 88' lang='lat' dir='ltr'>improbe</span> <span class='ocrx_word' id='word_1_677' title='bbox 1341 847 1440 874; x_wconf 81' lang='lat' dir='ltr'>fecisti:</span> <span class='ocrx_word' id='word_1_678' title='bbox 1475 858 1560 875; x_wconf 87' lang='lat' dir='ltr'>unum</span> <span class='ocrx_word' id='word_1_679' title='bbox 1582 850 1711 876; x_wconf 78' lang='lat' dir='ltr'>stultissi-</span> 
     </span>
     <span class='ocr_line' id='line_1_89' title="bbox 917 882 1707 918; baseline 0.005 -10"><span class='ocrx_word' id='word_1_680' title='bbox 917 891 970 913; x_wconf 92' lang='lat' dir='ltr'>me,</span> <span class='ocrx_word' id='word_1_681' title='bbox 996 882 1112 917; x_wconf 77' lang='lat' dir='ltr'>prolecto</span> <span class='ocrx_word' id='word_1_682' title='bbox 1130 888 1174 909; x_wconf 86' lang='lat' dir='ltr'>tua</span> <span class='ocrx_word' id='word_1_683' title='bbox 1198 889 1303 918; x_wconf 82' lang='lat' dir='ltr'>sponte,</span> <span class='ocrx_word' id='word_1_684' title='bbox 1328 894 1380 911; x_wconf 87' lang='lat' dir='ltr'>non</span> <span class='ocrx_word' id='word_1_685' title='bbox 1402 886 1434 912; x_wconf 87' lang='lat' dir='ltr'>de.</span> <span class='ocrx_word' id='word_1_686' title='bbox 1453 887 1542 912; x_wconf 85' lang='lat' dir='ltr'>Erucii</span> <span class='ocrx_word' id='word_1_687' title='bbox 1565 887 1707 912; x_wconf 84' lang='lat' dir='ltr'>sententia:</span> 
     </span>
     <span class='ocr_line' id='line_1_90' title="bbox 916 919 1710 958; baseline 0.006 -13"><span class='ocrx_word' id='word_1_688' title='bbox 916 919 983 946; x_wconf 89' lang='lat' dir='ltr'>nihil</span> <span class='ocrx_word' id='word_1_689' title='bbox 997 929 1065 954; x_wconf 87' lang='lat' dir='ltr'>opus</span> <span class='ocrx_word' id='word_1_690' title='bbox 1081 920 1139 951; x_wconf 85' lang='lat' dir='ltr'>fuit,</span> <span class='ocrx_word' id='word_1_691' title='bbox 1156 925 1181 947; x_wconf 88' lang='lat' dir='ltr'>te</span> <span class='ocrx_word' id='word_1_692' title='bbox 1195 922 1255 947; x_wconf 89' lang='lat' dir='ltr'>istic</span> <span class='ocrx_word' id='word_1_693' title='bbox 1269 922 1370 948; x_wconf 86' lang='lat' dir='ltr'>sedere.</span> <span class='ocrx_word' id='word_1_694' title='bbox 1409 924 1501 958; x_wconf 82' lang='lat' dir='ltr'>Neque</span> <span class='ocrx_word' id='word_1_695' title='bbox 1516 925 1587 950; x_wconf 88' lang='lat' dir='ltr'>enim</span> <span class='ocrx_word' id='word_1_696' title='bbox 1601 933 1710 950; x_wconf 81' lang='lat' dir='ltr'>accusa-</span> 
     </span>
     <span class='ocr_line' id='line_1_91' title="bbox 915 960 1710 996; baseline 0.006 -13"><span class='ocrx_word' id='word_1_697' title='bbox 915 961 970 983; x_wconf 86' lang='lat' dir='ltr'>tore</span> <span class='ocrx_word' id='word_1_698' title='bbox 988 962 1062 983; x_wconf 89' lang='lat' dir='ltr'>muto</span> <span class='ocrx_word' id='word_1_699' title='bbox 1080 966 1166 992; x_wconf 87' lang='lat' dir='ltr'>neque</span> <span class='ocrx_word' id='word_1_700' title='bbox 1185 963 1250 985; x_wconf 86' lang='lat' dir='ltr'>teste</span> <span class='ocrx_word' id='word_1_701' title='bbox 1268 960 1413 994; x_wconf 83' lang='lat' dir='ltr'>quisquam</span> <span class='ocrx_word' id='word_1_702' title='bbox 1435 962 1518 987; x_wconf 87' lang='lat' dir='ltr'>utitur</span> <span class='ocrx_word' id='word_1_703' title='bbox 1541 970 1583 992; x_wconf 92' lang='lat' dir='ltr'>eo,</span> <span class='ocrx_word' id='word_1_704' title='bbox 1607 962 1654 996; x_wconf 90' lang='lat' dir='ltr'>qui</span> <span class='ocrx_word' id='word_1_705' title='bbox 1678 961 1710 987; x_wconf 89' lang='lat' dir='ltr'>de</span> 
     </span>
     <span class='ocr_line' id='line_1_92' title="bbox 915 995 1710 1033; baseline 0.005 -13"><span class='ocrx_word' id='word_1_706' title='bbox 915 995 1074 1021; x_wconf 86' lang='lat' dir='ltr'>accusatoris</span> <span class='ocrx_word' id='word_1_707' title='bbox 1086 995 1215 1022; x_wconf 87' lang='lat' dir='ltr'>subsellio</span> <span class='ocrx_word' id='word_1_708' title='bbox 1225 998 1320 1032; x_wconf 82' lang='lat' dir='ltr'>surgit.</span> <span class='ocrx_word' id='word_1_709' title='bbox 1343 998 1398 1023; x_wconf 87' lang='lat' dir='ltr'>Huc</span> <span class='ocrx_word' id='word_1_710' title='bbox 1412 998 1520 1029; x_wconf 86' lang='lat' dir='ltr'>accedit,</span> <span class='ocrx_word' id='word_1_711' title='bbox 1533 998 1606 1033; x_wconf 86' lang='lat' dir='ltr'>quod</span> <span class='ocrx_word' id='word_1_712' title='bbox 1621 998 1710 1033; x_wconf 83' lang='lat' dir='ltr'>paullo</span> 
     </span>
     <span class='ocr_line' id='line_1_93' title="bbox 916 1032 1710 1070; baseline 0.006 -13"><span class='ocrx_word' id='word_1_713' title='bbox 916 1035 1003 1058; x_wconf 88' lang='lat' dir='ltr'>tamen</span> <span class='ocrx_word' id='word_1_714' title='bbox 1017 1032 1145 1059; x_wconf 89' lang='lat' dir='ltr'>occultior</span> <span class='ocrx_word' id='word_1_715' title='bbox 1159 1037 1238 1068; x_wconf 89' lang='lat' dir='ltr'>atque</span> <span class='ocrx_word' id='word_1_716' title='bbox 1252 1035 1342 1061; x_wconf 87' lang='lat' dir='ltr'>tectior</span> <span class='ocrx_word' id='word_1_717' title='bbox 1357 1040 1443 1061; x_wconf 78' lang='lat' dir='ltr'>vestra</span> <span class='ocrx_word' id='word_1_718' title='bbox 1458 1036 1506 1062; x_wconf 88' lang='lat' dir='ltr'>ista</span> <span class='ocrx_word' id='word_1_719' title='bbox 1521 1036 1653 1070; x_wconf 80' lang='lat' dir='ltr'>cupiditas</span> <span class='ocrx_word' id='word_1_720' title='bbox 1667 1045 1710 1062; x_wconf 86' lang='lat' dir='ltr'>es-</span> 
     </span>
     <span class='ocr_line' id='line_1_94' title="bbox 915 1070 1708 1107; baseline 0.005 -12"><span class='ocrx_word' id='word_1_721' title='bbox 915 1073 963 1095; x_wconf 87' lang='lat' dir='ltr'>set.</span> <span class='ocrx_word' id='word_1_722' title='bbox 998 1070 1075 1096; x_wconf 88' lang='lat' dir='ltr'>Nunc</span> <span class='ocrx_word' id='word_1_723' title='bbox 1089 1070 1154 1105; x_wconf 91' lang='lat' dir='ltr'>quid</span> <span class='ocrx_word' id='word_1_724' title='bbox 1169 1076 1216 1102; x_wconf 79' lang='lat' dir='ltr'>est,</span> <span class='ocrx_word' id='word_1_725' title='bbox 1234 1071 1306 1106; x_wconf 89' lang='lat' dir='ltr'>quod</span> <span class='ocrx_word' id='word_1_726' title='bbox 1320 1073 1464 1107; x_wconf 85' lang='lat' dir='ltr'>quisquam</span> <span class='ocrx_word' id='word_1_727' title='bbox 1480 1082 1512 1099; x_wconf 83' lang='lat' dir='ltr'>ex</span> <span class='ocrx_word' id='word_1_728' title='bbox 1527 1074 1601 1100; x_wconf 68' lang='lat' dir='ltr'>vobis</span> <span class='ocrx_word' id='word_1_729' title='bbox 1616 1074 1708 1099; x_wconf 89' lang='lat' dir='ltr'>audire</span> 
     </span>
     <span class='ocr_line' id='line_1_95' title="bbox 914 1106 1709 1143; baseline 0.006 -11"><span class='ocrx_word' id='word_1_730' title='bbox 914 1106 1055 1138; x_wconf 87' lang='lat' dir='ltr'>desideret,</span> <span class='ocrx_word' id='word_1_731' title='bbox 1068 1116 1162 1142; x_wconf 90' lang='lat' dir='ltr'>quum,</span> <span class='ocrx_word' id='word_1_732' title='bbox 1176 1117 1244 1143; x_wconf 89' lang='lat' dir='ltr'>quae</span> <span class='ocrx_word' id='word_1_733' title='bbox 1256 1109 1350 1140; x_wconf 75' lang='lat' dir='ltr'>facitis,</span> <span class='ocrx_word' id='word_1_734' title='bbox 1363 1110 1494 1136; x_wconf 89' lang='lat' dir='ltr'>eiusmodi</span> <span class='ocrx_word' id='word_1_735' title='bbox 1505 1111 1567 1142; x_wconf 89' lang='lat' dir='ltr'>sint,</span> <span class='ocrx_word' id='word_1_736' title='bbox 1584 1115 1612 1137; x_wconf 90' lang='lat' dir='ltr'>ut</span> <span class='ocrx_word' id='word_1_737' title='bbox 1622 1120 1651 1136; x_wconf 84' lang='lat' dir='ltr'>ea</span> <span class='ocrx_word' id='word_1_738' title='bbox 1663 1111 1709 1136; x_wconf 88' lang='lat' dir='ltr'>de-</span> 
     </span>
     <span class='ocr_line' id='line_1_96' title="bbox 914 1143 1710 1182; baseline 0.006 -13"><span class='ocrx_word' id='word_1_739' title='bbox 914 1143 967 1170; x_wconf 87' lang='lat' dir='ltr'>dita</span> <span class='ocrx_word' id='word_1_740' title='bbox 986 1153 1064 1179; x_wconf 92' lang='lat' dir='ltr'>opera</span> <span class='ocrx_word' id='word_1_741' title='bbox 1082 1154 1095 1170; x_wconf 89' lang='lat' dir='ltr'>a</span> <span class='ocrx_word' id='word_1_742' title='bbox 1114 1145 1190 1171; x_wconf 88' lang='lat' dir='ltr'>nobis</span> <span class='ocrx_word' id='word_1_743' title='bbox 1212 1151 1301 1172; x_wconf 90' lang='lat' dir='ltr'>contra</span> <span class='ocrx_word' id='word_1_744' title='bbox 1321 1149 1497 1182; x_wconf 80' lang='lat' dir='ltr'>vosmetipsos</span> <span class='ocrx_word' id='word_1_745' title='bbox 1517 1148 1601 1174; x_wconf 79' lang='lat' dir='ltr'>facere</span> <span class='ocrx_word' id='word_1_746' title='bbox 1619 1148 1710 1174; x_wconf 72' lang='lat' dir='ltr'>videa-</span> 
     </span>
     <span class='ocr_line' id='line_1_97' title="bbox 914 1181 1709 1220; baseline 0.005 -13"><span class='ocrx_word' id='word_1_747' title='bbox 914 1181 998 1207; x_wconf 78' lang='lat' dir='ltr'>mini?</span> <span class='ocrx_word' id='word_1_748' title='bbox 1012 1183 1069 1208; x_wconf 75' lang='lat'>405.</span> <span class='ocrx_word' id='word_1_749' title='bbox 1082 1181 1138 1218; x_wconf 86' lang='lat' dir='ltr'>Age</span> <span class='ocrx_word' id='word_1_750' title='bbox 1149 1192 1228 1215; x_wconf 80' lang='lat' dir='ltr'>nunc,</span> <span class='ocrx_word' id='word_1_751' title='bbox 1238 1184 1282 1210; x_wconf 86' lang='lat' dir='ltr'>illa</span> <span class='ocrx_word' id='word_1_752' title='bbox 1294 1184 1441 1215; x_wconf 73' lang='lat' dir='ltr'>videamus,</span> <span class='ocrx_word' id='word_1_753' title='bbox 1455 1185 1566 1216; x_wconf 84' lang='lat' dir='ltr'>iudices,</span> <span class='ocrx_word' id='word_1_754' title='bbox 1576 1194 1645 1220; x_wconf 83' lang='lat' dir='ltr'>quae</span> <span class='ocrx_word' id='word_1_755' title='bbox 1655 1191 1709 1211; x_wconf 85' lang='lat' dir='ltr'>sta-</span> 
     </span>
     <span class='ocr_line' id='line_1_98' title="bbox 914 1219 1708 1249; baseline 0.005 -4"><span class='ocrx_word' id='word_1_756' title='bbox 914 1219 960 1245; x_wconf 86' lang='lat' dir='ltr'>tim</span> <span class='ocrx_word' id='word_1_757' title='bbox 975 1225 1115 1246; x_wconf 84' lang='lat' dir='ltr'>consecuta</span> <span class='ocrx_word' id='word_1_758' title='bbox 1130 1225 1201 1246; x_wconf 83' lang='lat' dir='ltr'>sunt.</span> <span class='ocrx_word' id='word_1_759' title='bbox 1228 1221 1268 1247; x_wconf 91' lang='lat' dir='ltr'>Ad</span> <span class='ocrx_word' id='word_1_760' title='bbox 1278 1222 1425 1249; x_wconf 83' lang='lat' dir='ltr'>Volaterras</span> <span class='ocrx_word' id='word_1_761' title='bbox 1440 1224 1467 1249; x_wconf 87' lang='lat' dir='ltr'>in</span> <span class='ocrx_word' id='word_1_762' title='bbox 1482 1227 1566 1249; x_wconf 88' lang='lat' dir='ltr'>castra</span> <span class='ocrx_word' id='word_1_763' title='bbox 1576 1223 1605 1249; x_wconf 90' lang='lat' dir='ltr'>L.</span> <span class='ocrx_word' id='word_1_764' title='bbox 1619 1222 1708 1249; x_wconf 84' lang='lat' dir='ltr'>Sullae</span> 
     </span>
     <span class='ocr_line' id='line_1_99' title="bbox 914 1257 1709 1296; baseline 0.005 -14"><span class='ocrx_word' id='word_1_765' title='bbox 914 1265 984 1283; x_wconf 93' lang='lat' dir='ltr'>mors</span> <span class='ocrx_word' id='word_1_766' title='bbox 996 1257 1058 1283; x_wconf 79' lang='lat' dir='ltr'>Sex.</span> <span class='ocrx_word' id='word_1_767' title='bbox 1070 1258 1158 1284; x_wconf 86' lang='lat' dir='ltr'>Roscii</span> <span class='ocrx_word' id='word_1_768' title='bbox 1173 1258 1325 1293; x_wconf 89' lang='lat' dir='ltr'>quatriduo,</span> <span class='ocrx_word' id='word_1_769' title='bbox 1338 1268 1391 1294; x_wconf 90' lang='lat' dir='ltr'>quo</span> <span class='ocrx_word' id='word_1_770' title='bbox 1406 1260 1428 1286; x_wconf 82' lang='lat' dir='ltr'>is</span> <span class='ocrx_word' id='word_1_771' title='bbox 1443 1261 1547 1287; x_wconf 85' lang='lat' dir='ltr'>occisus</span> <span class='ocrx_word' id='word_1_772' title='bbox 1562 1265 1610 1291; x_wconf 86' lang='lat' dir='ltr'>est,</span> <span class='ocrx_word' id='word_1_773' title='bbox 1624 1260 1709 1296; x_wconf 70' lang='lat' dir='ltr'>Chry-</span> 
     </span>
     <span class='ocr_line' id='line_1_100' title="bbox 913 1295 1705 1329; baseline 0.005 -9"><span class='ocrx_word' id='word_1_774' title='bbox 913 1302 1012 1329; x_wconf 84' lang='lat' dir='ltr'>sogono</span> <span class='ocrx_word' id='word_1_775' title='bbox 1026 1295 1172 1321; x_wconf 87' lang='lat' dir='ltr'>nuntiatur.</span> <span class='ocrx_word' id='word_1_776' title='bbox 1214 1296 1350 1323; x_wconf 74' lang='lat' dir='ltr'>XXXVII.</span> <span class='ocrx_word' id='word_1_777' title='bbox 1372 1297 1513 1329; x_wconf 80' lang='lat' dir='ltr'>Quaeritur</span> <span class='ocrx_word' id='word_1_778' title='bbox 1527 1298 1606 1324; x_wconf 82' lang='lat' dir='ltr'>etiam</span> <span class='ocrx_word' id='word_1_779' title='bbox 1626 1306 1705 1328; x_wconf 83' lang='lat' dir='ltr'>nunc,</span> 
     </span>
     <span class='ocr_line' id='line_1_101' title="bbox 912 1332 1705 1370; baseline 0.005 -13"><span class='ocrx_word' id='word_1_780' title='bbox 912 1332 974 1366; x_wconf 89' lang='lat' dir='ltr'>quis</span> <span class='ocrx_word' id='word_1_781' title='bbox 992 1340 1054 1358; x_wconf 91' lang='lat' dir='ltr'>eum</span> <span class='ocrx_word' id='word_1_782' title='bbox 1073 1333 1198 1359; x_wconf 90' lang='lat' dir='ltr'>nuntium</span> <span class='ocrx_word' id='word_1_783' title='bbox 1216 1334 1337 1360; x_wconf 86' lang='lat' dir='ltr'>miserit?</span> <span class='ocrx_word' id='word_1_784' title='bbox 1362 1335 1454 1361; x_wconf 87' lang='lat' dir='ltr'>Nonne</span> <span class='ocrx_word' id='word_1_785' title='bbox 1468 1336 1642 1370; x_wconf 87' lang='lat' dir='ltr'>perspicuum</span> <span class='ocrx_word' id='word_1_786' title='bbox 1656 1340 1705 1365; x_wconf 80' lang='lat' dir='ltr'>est,</span> 
     </span>
     <span class='ocr_line' id='line_1_102' title="bbox 912 1369 1707 1408; baseline 0.006 -14"><span class='ocrx_word' id='word_1_787' title='bbox 912 1369 1045 1401; x_wconf 81' lang='lat' dir='ltr'>eumdem,</span> <span class='ocrx_word' id='word_1_788' title='bbox 1062 1370 1110 1404; x_wconf 90' lang='lat' dir='ltr'>qui</span> <span class='ocrx_word' id='word_1_789' title='bbox 1124 1370 1276 1397; x_wconf 83' lang='lat' dir='ltr'>Ameriam?</span> <span class='ocrx_word' id='word_1_790' title='bbox 1295 1371 1374 1398; x_wconf 89' lang='lat' dir='ltr'>Curat</span> <span class='ocrx_word' id='word_1_791' title='bbox 1389 1372 1588 1408; x_wconf 71' lang='lat' dir='ltr'>Chrysogonus,</span> <span class='ocrx_word' id='word_1_792' title='bbox 1605 1378 1634 1398; x_wconf 87' lang='lat' dir='ltr'>ut</span> <span class='ocrx_word' id='word_1_793' title='bbox 1649 1373 1707 1398; x_wconf 82' lang='lat' dir='ltr'>eius</span> 
     </span>
     <span class='ocr_line' id='line_1_103' title="bbox 912 1406 1706 1443; baseline 0.005 -11"><span class='ocrx_word' id='word_1_794' title='bbox 912 1406 979 1432; x_wconf 88' lang='lat' dir='ltr'>bona</span> <span class='ocrx_word' id='word_1_795' title='bbox 991 1411 1103 1433; x_wconf 88' lang='lat' dir='ltr'>veneant</span> <span class='ocrx_word' id='word_1_796' title='bbox 1112 1408 1215 1440; x_wconf 72' lang='lat' dir='ltr'>statim3</span> <span class='ocrx_word' id='word_1_797' title='bbox 1230 1409 1277 1443; x_wconf 88' lang='lat' dir='ltr'>qui</span> <span class='ocrx_word' id='word_1_798' title='bbox 1294 1418 1344 1435; x_wconf 92' lang='grc'><strong>11011</strong></span> <span class='ocrx_word' id='word_1_799' title='bbox 1357 1415 1429 1436; x_wconf 89' lang='lat' dir='ltr'>norat</span> <span class='ocrx_word' id='word_1_800' title='bbox 1440 1410 1574 1436; x_wconf 84' lang='lat' dir='ltr'>hominem</span> <span class='ocrx_word' id='word_1_801' title='bbox 1585 1415 1630 1436; x_wconf 84' lang='lat' dir='ltr'>aut</span> <span class='ocrx_word' id='word_1_802' title='bbox 1640 1418 1706 1435; x_wconf 85' lang='lat' dir='ltr'>rem.</span> 
     </span>
     <span class='ocr_line' id='line_1_104' title="bbox 911 1443 1707 1481; baseline 0.005 -12"><span class='ocrx_word' id='word_1_803' title='bbox 911 1443 944 1469; x_wconf 81' lang='lat' dir='ltr'>At</span> <span class='ocrx_word' id='word_1_804' title='bbox 957 1444 1005 1478; x_wconf 92' lang='lat' dir='ltr'>qui</span> <span class='ocrx_word' id='word_1_805' title='bbox 1019 1444 1043 1470; x_wconf 90' lang='lat' dir='ltr'>ei</span> <span class='ocrx_word' id='word_1_806' title='bbox 1058 1445 1130 1470; x_wconf 86' lang='lat' dir='ltr'>venit</span> <span class='ocrx_word' id='word_1_807' title='bbox 1144 1445 1171 1471; x_wconf 91' lang='lat' dir='ltr'>in</span> <span class='ocrx_word' id='word_1_808' title='bbox 1185 1451 1314 1477; x_wconf 86' lang='lat' dir='ltr'>mentem,</span> <span class='ocrx_word' id='word_1_809' title='bbox 1337 1447 1442 1481; x_wconf 81' lang='lat' dir='ltr'>praedia</span> <span class='ocrx_word' id='word_1_810' title='bbox 1456 1448 1645 1481; x_wconf 84' lang='lat' dir='ltr'>concupiscere</span> <span class='ocrx_word' id='word_1_811' title='bbox 1660 1447 1707 1473; x_wconf 88' lang='grc'><strong>110-</strong></span> 
     </span>
     <span class='ocr_line' id='line_1_105' title="bbox 912 1481 1708 1519; baseline 0.004 -12"><span class='ocrx_word' id='word_1_812' title='bbox 912 1481 993 1507; x_wconf 87' lang='lat' dir='ltr'>minis</span> <span class='ocrx_word' id='word_1_813' title='bbox 1008 1481 1099 1517; x_wconf 83' lang='lat' dir='ltr'>ignoti,</span> <span class='ocrx_word' id='word_1_814' title='bbox 1115 1491 1196 1516; x_wconf 88' lang='lat' dir='ltr'>quem</span> <span class='ocrx_word' id='word_1_815' title='bbox 1211 1483 1319 1510; x_wconf 89' lang='lat' dir='ltr'>omnino</span> <span class='ocrx_word' id='word_1_816' title='bbox 1334 1492 1481 1519; x_wconf 85' lang='lat' dir='ltr'>numquam</span> <span class='ocrx_word' id='word_1_817' title='bbox 1497 1484 1615 1510; x_wconf 84' lang='lat' dir='ltr'>viderat?</span> <span class='ocrx_word' id='word_1_818' title='bbox 1632 1484 1708 1510; x_wconf 86' lang='lat' dir='ltr'>Sole-</span> 
     </span>
     <span class='ocr_line' id='line_1_106' title="bbox 911 1518 1707 1554; baseline 0.004 -10"><span class='ocrx_word' id='word_1_819' title='bbox 911 1518 953 1549; x_wconf 89' lang='lat' dir='ltr'>tis,</span> <span class='ocrx_word' id='word_1_820' title='bbox 970 1526 1055 1553; x_wconf 88' lang='lat' dir='ltr'>quum</span> <span class='ocrx_word' id='word_1_821' title='bbox 1070 1519 1173 1554; x_wconf 88' lang='lat' dir='ltr'>aliquid</span> <span class='ocrx_word' id='word_1_822' title='bbox 1187 1520 1373 1547; x_wconf 87' lang='lat' dir='ltr'>huiuscemodi</span> <span class='ocrx_word' id='word_1_823' title='bbox 1387 1522 1499 1552; x_wconf 86' lang='lat' dir='ltr'>auditis,</span> <span class='ocrx_word' id='word_1_824' title='bbox 1517 1522 1627 1552; x_wconf 87' lang='lat' dir='ltr'>iudices,</span> <span class='ocrx_word' id='word_1_825' title='bbox 1644 1529 1707 1547; x_wconf 88' lang='lat' dir='ltr'>con-</span> 
     </span>
     <span class='ocr_line' id='line_1_107' title="bbox 911 1556 1705 1593; baseline 0.004 -12"><span class='ocrx_word' id='word_1_826' title='bbox 911 1556 985 1582; x_wconf 93' lang='lat' dir='ltr'>tinuo</span> <span class='ocrx_word' id='word_1_827' title='bbox 999 1556 1100 1582; x_wconf 80' lang='lat' dir='ltr'>dicere:</span> <span class='ocrx_word' id='word_1_828' title='bbox 1118 1565 1225 1583; x_wconf 89' lang='lat' dir='ltr'>necesse</span> <span class='ocrx_word' id='word_1_829' title='bbox 1239 1562 1278 1584; x_wconf 88' lang='lat' dir='ltr'>est</span> <span class='ocrx_word' id='word_1_830' title='bbox 1293 1558 1409 1593; x_wconf 89' lang='lat' dir='ltr'>aliquem</span> <span class='ocrx_word' id='word_1_831' title='bbox 1424 1560 1525 1585; x_wconf 82' lang='lat' dir='ltr'>uixisse</span> <span class='ocrx_word' id='word_1_832' title='bbox 1540 1559 1705 1593; x_wconf 89' lang='lat' dir='ltr'>municipem</span> 
     </span>
     <span class='ocr_line' id='line_1_108' title="bbox 910 1593 1706 1631; baseline 0.005 -13"><span class='ocrx_word' id='word_1_833' title='bbox 910 1597 956 1619; x_wconf 87' lang='lat' dir='ltr'>aut</span> <span class='ocrx_word' id='word_1_834' title='bbox 970 1593 1103 1620; x_wconf 88' lang='lat' dir='ltr'>vicinum:</span> <span class='ocrx_word' id='word_1_835' title='bbox 1119 1594 1137 1620; x_wconf 95' lang='lat' dir='ltr'>ii</span> <span class='ocrx_word' id='word_1_836' title='bbox 1152 1594 1312 1629; x_wconf 90' lang='lat' dir='ltr'>plerumque</span> <span class='ocrx_word' id='word_1_837' title='bbox 1323 1596 1454 1622; x_wconf 81' lang='lat' dir='ltr'>indicant:</span> <span class='ocrx_word' id='word_1_838' title='bbox 1472 1605 1519 1630; x_wconf 87' lang='lat' dir='ltr'>per</span> <span class='ocrx_word' id='word_1_839' title='bbox 1529 1605 1573 1622; x_wconf 85' lang='lat' dir='ltr'>eos</span> <span class='ocrx_word' id='word_1_840' title='bbox 1585 1596 1706 1631; x_wconf 85' lang='lat' dir='ltr'>plerique</span> 
     </span>
     <span class='ocr_line' id='line_1_109' title="bbox 910 1630 1707 1668; baseline 0.004 -12"><span class='ocrx_word' id='word_1_841' title='bbox 910 1630 1069 1665; x_wconf 89' lang='lat' dir='ltr'>produntur.</span> <span class='ocrx_word' id='word_1_842' title='bbox 1092 1632 1138 1657; x_wconf 84' lang='lat' dir='ltr'>Hic</span> <span class='ocrx_word' id='word_1_843' title='bbox 1152 1631 1220 1658; x_wconf 90' lang='lat' dir='ltr'>nihil</span> <span class='ocrx_word' id='word_1_844' title='bbox 1235 1637 1282 1663; x_wconf 89' lang='lat' dir='ltr'>est,</span> <span class='ocrx_word' id='word_1_845' title='bbox 1295 1633 1367 1667; x_wconf 87' lang='lat' dir='ltr'>quod</span> <span class='ocrx_word' id='word_1_846' title='bbox 1381 1634 1562 1668; x_wconf 74' lang='lat' dir='ltr'>suspicionem</span> <span class='ocrx_word' id='word_1_847' title='bbox 1577 1633 1644 1659; x_wconf 83' lang='lat' dir='ltr'>hanc</span> <span class='ocrx_word' id='word_1_848' title='bbox 1655 1641 1707 1668; x_wconf 89' lang='lat' dir='ltr'>pu-</span> 
     </span>
     <span class='ocr_line' id='line_1_110' title="bbox 910 1668 1706 1705; baseline 0.004 -12"><span class='ocrx_word' id='word_1_849' title='bbox 910 1668 980 1694; x_wconf 83' lang='lat' dir='ltr'>tetis.</span> <span class='ocrx_word' id='word_1_850' title='bbox 1023 1669 1079 1694; x_wconf 87' lang='grc'><strong>106.</strong></span> <span class='ocrx_word' id='word_1_851' title='bbox 1101 1669 1159 1695; x_wconf 90' lang='grc' dir='ltr'>Νο11</span> <span class='ocrx_word' id='word_1_852' title='bbox 1173 1670 1245 1695; x_wconf 83' lang='grc'><strong>0111111</strong></span> <span class='ocrx_word' id='word_1_853' title='bbox 1259 1678 1307 1705; x_wconf 87' lang='lat' dir='ltr'>ego</span> <span class='ocrx_word' id='word_1_854' title='bbox 1322 1670 1356 1696; x_wconf 90' lang='lat' dir='ltr'>ita</span> <span class='ocrx_word' id='word_1_855' title='bbox 1371 1670 1526 1705; x_wconf 85' lang='lat' dir='ltr'>disputabo:</span> <span class='ocrx_word' id='word_1_856' title='bbox 1548 1671 1603 1696; x_wconf 83' lang='lat' dir='ltr'>veri</span> <span class='ocrx_word' id='word_1_857' title='bbox 1618 1670 1706 1696; x_wconf 88' lang='lat' dir='ltr'>simile</span> 
     </span>
     <span class='ocr_line' id='line_1_111' title="bbox 909 1705 1704 1743; baseline 0.004 -12"><span class='ocrx_word' id='word_1_858' title='bbox 909 1709 962 1736; x_wconf 89' lang='lat' dir='ltr'>est,</span> <span class='ocrx_word' id='word_1_859' title='bbox 986 1705 1095 1732; x_wconf 85' lang='lat' dir='ltr'>Roscios</span> <span class='ocrx_word' id='word_1_860' title='bbox 1118 1707 1196 1733; x_wconf 89' lang='lat' dir='ltr'>istam</span> <span class='ocrx_word' id='word_1_861' title='bbox 1215 1715 1270 1733; x_wconf 87' lang='lat' dir='ltr'>rem</span> <span class='ocrx_word' id='word_1_862' title='bbox 1293 1707 1325 1733; x_wconf 91' lang='lat' dir='ltr'>ad</span> <span class='ocrx_word' id='word_1_863' title='bbox 1340 1707 1542 1743; x_wconf 73' lang='lat' dir='ltr'>Chrysogonum</span> <span class='ocrx_word' id='word_1_864' title='bbox 1561 1707 1704 1740; x_wconf 69' lang='lat' dir='ltr'>detulisse,</span> 
     </span>
     <span class='ocr_line' id='line_1_112' title="bbox 909 1743 1704 1780; baseline 0.004 -12"><span class='ocrx_word' id='word_1_865' title='bbox 909 1747 964 1769; x_wconf 88' lang='lat' dir='ltr'>erat</span> <span class='ocrx_word' id='word_1_866' title='bbox 982 1743 1053 1769; x_wconf 89' lang='lat' dir='ltr'>enim</span> <span class='ocrx_word' id='word_1_867' title='bbox 1072 1744 1111 1769; x_wconf 87' lang='lat' dir='ltr'>eis</span> <span class='ocrx_word' id='word_1_868' title='bbox 1128 1753 1190 1770; x_wconf 90' lang='lat' dir='ltr'>cum</span> <span class='ocrx_word' id='word_1_869' title='bbox 1209 1744 1382 1780; x_wconf 73' lang='lat' dir='ltr'>Chrysogono</span> <span class='ocrx_word' id='word_1_870' title='bbox 1401 1745 1453 1771; x_wconf 88' lang='lat' dir='ltr'>iam</span> <span class='ocrx_word' id='word_1_871' title='bbox 1476 1750 1551 1771; x_wconf 85' lang='lat' dir='ltr'>antea</span> <span class='ocrx_word' id='word_1_872' title='bbox 1574 1745 1704 1777; x_wconf 70' lang='lat' dir='ltr'>amicitia,</span> 
     </span>
     <span class='ocr_line' id='line_1_113' title="bbox 909 1781 1706 1817; baseline 0.003 -11"><span class='ocrx_word' id='word_1_873' title='bbox 909 1788 969 1806; x_wconf 87' lang='lat' dir='ltr'>nam</span> <span class='ocrx_word' id='word_1_874' title='bbox 983 1789 1070 1815; x_wconf 89' lang='lat' dir='ltr'>quum</span> <span class='ocrx_word' id='word_1_875' title='bbox 1089 1781 1188 1807; x_wconf 86' lang='lat' dir='ltr'>multos</span> <span class='ocrx_word' id='word_1_876' title='bbox 1202 1786 1304 1809; x_wconf 83' lang='lat' dir='ltr'>veteres</span> <span class='ocrx_word' id='word_1_877' title='bbox 1323 1791 1336 1809; x_wconf 92' lang='lat' dir='ltr'>a</span> <span class='ocrx_word' id='word_1_878' title='bbox 1355 1782 1501 1808; x_wconf 85' lang='lat' dir='ltr'>maioribus</span> <span class='ocrx_word' id='word_1_879' title='bbox 1516 1783 1603 1808; x_wconf 87' lang='lat' dir='ltr'>Roscii</span> <span class='ocrx_word' id='word_1_880' title='bbox 1618 1787 1706 1817; x_wconf 87' lang='lat' dir='ltr'>patro-</span> 
     </span>
     <span class='ocr_line' id='line_1_114' title="bbox 910 1817 1706 1854; baseline 0.004 -11"><span class='ocrx_word' id='word_1_881' title='bbox 910 1826 957 1844; x_wconf 89' lang='lat' dir='ltr'>nos</span> <span class='ocrx_word' id='word_1_882' title='bbox 975 1817 1149 1853; x_wconf 90' lang='lat' dir='ltr'>hospitesque</span> <span class='ocrx_word' id='word_1_883' title='bbox 1168 1819 1307 1851; x_wconf 90' lang='lat' dir='ltr'>haberent,</span> <span class='ocrx_word' id='word_1_884' title='bbox 1335 1828 1428 1847; x_wconf 84' lang='lat' dir='ltr'>omnes</span> <span class='ocrx_word' id='word_1_885' title='bbox 1451 1828 1496 1846; x_wconf 88' lang='lat' dir='ltr'>eos</span> <span class='ocrx_word' id='word_1_886' title='bbox 1519 1819 1603 1845; x_wconf 81' lang='lat' dir='ltr'>colere</span> <span class='ocrx_word' id='word_1_887' title='bbox 1627 1824 1706 1854; x_wconf 86' lang='lat' dir='ltr'>atque</span> 
     </span>
     <span class='ocr_line' id='line_1_115' title="bbox 908 1855 1706 1895; baseline 0.001 -14"><span class='ocrx_word' id='word_1_888' title='bbox 908 1855 1050 1882; x_wconf 87' lang='lat' dir='ltr'>observare</span> <span class='ocrx_word' id='word_1_889' title='bbox 1067 1855 1226 1883; x_wconf 86' lang='lat' dir='ltr'>destiterunt</span> <span class='ocrx_word' id='word_1_890' title='bbox 1245 1866 1274 1883; x_wconf 91' lang='lat' dir='ltr'>ac</span> <span class='ocrx_word' id='word_1_891' title='bbox 1292 1866 1320 1884; x_wconf 90' lang='lat' dir='ltr'>se</span> <span class='ocrx_word' id='word_1_892' title='bbox 1343 1859 1370 1885; x_wconf 92' lang='lat' dir='ltr'>in</span> <span class='ocrx_word' id='word_1_893' title='bbox 1389 1857 1555 1895; x_wconf 66' lang='lat' dir='ltr'>Chrysogoni</span> <span class='ocrx_word' id='word_1_894' title='bbox 1580 1856 1657 1883; x_wconf 83' lang='lat' dir='ltr'>{idem</span> <span class='ocrx_word' id='word_1_895' title='bbox 1681 1862 1706 1883; x_wconf 83' lang='lat' dir='ltr'>et</span> 
     </span>
     <span class='ocr_line' id='line_1_116' title="bbox 909 1892 1704 1931; baseline 0.003 -13"><span class='ocrx_word' id='word_1_896' title='bbox 909 1892 1059 1919; x_wconf 90' lang='lat' dir='ltr'>clientelam</span> <span class='ocrx_word' id='word_1_897' title='bbox 1081 1893 1260 1921; x_wconf 86' lang='lat' dir='ltr'>contulerunt.</span> <span class='ocrx_word' id='word_1_898' title='bbox 1303 1896 1360 1922; x_wconf 84' lang='grc'><strong>107.</strong></span> <span class='ocrx_word' id='word_1_899' title='bbox 1391 1896 1459 1922; x_wconf 82' lang='lat' dir='ltr'>Haec</span> <span class='ocrx_word' id='word_1_900' title='bbox 1483 1902 1593 1931; x_wconf 84' lang='lat' dir='ltr'>possum</span> <span class='ocrx_word' id='word_1_901' title='bbox 1617 1894 1704 1922; x_wconf 87' lang='lat' dir='ltr'>omnia</span> 
     </span>
     <span class='ocr_line' id='line_1_117' title="bbox 909 1930 1704 1968; baseline 0.005 -12"><span class='ocrx_word' id='word_1_902' title='bbox 909 1938 970 1956; x_wconf 87' lang='lat' dir='ltr'>vere</span> <span class='ocrx_word' id='word_1_903' title='bbox 984 1930 1085 1957; x_wconf 86' lang='lat' dir='ltr'>dicere:</span> <span class='ocrx_word' id='word_1_904' title='bbox 1107 1931 1155 1957; x_wconf 90' lang='lat' dir='ltr'>sed</span> <span class='ocrx_word' id='word_1_905' title='bbox 1174 1932 1201 1958; x_wconf 91' lang='lat' dir='ltr'>in</span> <span class='ocrx_word' id='word_1_906' title='bbox 1220 1932 1268 1958; x_wconf 90' lang='lat' dir='ltr'>hac</span> <span class='ocrx_word' id='word_1_907' title='bbox 1281 1941 1375 1959; x_wconf 83' lang='lat' dir='ltr'>caussa</span> <span class='ocrx_word' id='word_1_908' title='bbox 1389 1934 1540 1960; x_wconf 84' lang='lat' dir='ltr'>coniectura</span> <span class='ocrx_word' id='word_1_909' title='bbox 1555 1933 1621 1959; x_wconf 91' lang='lat' dir='ltr'>nihil</span> <span class='ocrx_word' id='word_1_910' title='bbox 1635 1942 1704 1968; x_wconf 86' lang='lat' dir='ltr'>opus</span> 
     </span>
     <span class='ocr_line' id='line_1_118' title="bbox 908 1968 1702 2006; baseline 0.005 -13"><span class='ocrx_word' id='word_1_911' title='bbox 908 1971 959 1994; x_wconf 90' lang='lat' dir='ltr'>est.</span> <span class='ocrx_word' id='word_1_912' title='bbox 980 1968 1056 2003; x_wconf 89' lang='lat' dir='ltr'>Ipsos</span> <span class='ocrx_word' id='word_1_913' title='bbox 1070 1972 1140 1995; x_wconf 84' lang='lat' dir='ltr'>certo</span> <span class='ocrx_word' id='word_1_914' title='bbox 1154 1969 1209 1995; x_wconf 84' lang='lat' dir='ltr'>scio</span> <span class='ocrx_word' id='word_1_915' title='bbox 1223 1978 1275 1996; x_wconf 92' lang='lat' dir='ltr'>non</span> <span class='ocrx_word' id='word_1_916' title='bbox 1290 1979 1394 2006; x_wconf 88' lang='lat' dir='ltr'>negare,</span> <span class='ocrx_word' id='word_1_917' title='bbox 1411 1971 1443 1997; x_wconf 87' lang='lat' dir='ltr'>ad</span> <span class='ocrx_word' id='word_1_918' title='bbox 1458 1971 1522 1997; x_wconf 82' lang='lat' dir='ltr'>haec</span> <span class='ocrx_word' id='word_1_919' title='bbox 1536 1971 1603 1997; x_wconf 86' lang='lat' dir='ltr'>bona</span> <span class='ocrx_word' id='word_1_920' title='bbox 1619 1971 1702 2006; x_wconf 79' lang='lat' dir='ltr'>Chry-</span> 
     </span>
     <span class='ocr_line' id='line_1_119' title="bbox 908 2007 1704 2043; baseline 0.004 -12"><span class='ocrx_word' id='word_1_921' title='bbox 908 2013 1039 2041; x_wconf 81' lang='lat' dir='ltr'>sogonum</span> <span class='ocrx_word' id='word_1_922' title='bbox 1053 2007 1198 2032; x_wconf 87' lang='lat' dir='ltr'>accessisse</span> <span class='ocrx_word' id='word_1_923' title='bbox 1212 2007 1332 2042; x_wconf 86' lang='lat' dir='ltr'>impulsu</span> <span class='ocrx_word' id='word_1_924' title='bbox 1347 2016 1406 2034; x_wconf 89' lang='lat' dir='ltr'>suo.</span> <span class='ocrx_word' id='word_1_925' title='bbox 1441 2008 1469 2034; x_wconf 91' lang='lat' dir='ltr'>Si</span> <span class='ocrx_word' id='word_1_926' title='bbox 1483 2017 1555 2039; x_wconf 91' lang='lat' dir='ltr'>eum,</span> <span class='ocrx_word' id='word_1_927' title='bbox 1571 2009 1618 2043; x_wconf 86' lang='lat' dir='ltr'>qui</span> <span class='ocrx_word' id='word_1_928' title='bbox 1634 2008 1704 2034; x_wconf 89' lang='lat' dir='ltr'>indi-</span> 
     </span>
     <span class='ocr_line' id='line_1_120' title="bbox 908 2042 1704 2080; baseline 0.005 -12"><span class='ocrx_word' id='word_1_929' title='bbox 908 2042 942 2068; x_wconf 90' lang='lat' dir='ltr'>cii</span> <span class='ocrx_word' id='word_1_930' title='bbox 957 2047 1057 2077; x_wconf 88' lang='lat' dir='ltr'>partem</span> <span class='ocrx_word' id='word_1_931' title='bbox 1073 2044 1215 2079; x_wconf 86' lang='lat' dir='ltr'>acceperit,</span> <span class='ocrx_word' id='word_1_932' title='bbox 1233 2044 1320 2071; x_wconf 83' lang='lat' dir='ltr'>oeulis</span> <span class='ocrx_word' id='word_1_933' title='bbox 1333 2046 1461 2072; x_wconf 86' lang='lat' dir='ltr'>cernetis:</span> <span class='ocrx_word' id='word_1_934' title='bbox 1485 2046 1638 2080; x_wconf 88' lang='lat' dir='ltr'>poteritisne</span> <span class='ocrx_word' id='word_1_935' title='bbox 1652 2045 1704 2072; x_wconf 90' lang='grc'><strong>(111-</strong></span> 
     </span>
     <span class='ocr_line' id='line_1_121' title="bbox 908 2079 1703 2118; baseline 0.004 -12"><span class='ocrx_word' id='word_1_936' title='bbox 908 2079 999 2112; x_wconf 72' lang='grc'><strong>1111010,</strong></span> <span class='ocrx_word' id='word_1_937' title='bbox 1017 2080 1128 2112; x_wconf 87' lang='lat' dir='ltr'>iudices,</span> <span class='ocrx_word' id='word_1_938' title='bbox 1145 2082 1192 2116; x_wconf 90' lang='lat' dir='ltr'>qui</span> <span class='ocrx_word' id='word_1_939' title='bbox 1206 2082 1347 2109; x_wconf 81' lang='lat' dir='ltr'>indicarit?</span> <span class='ocrx_word' id='word_1_940' title='bbox 1366 2083 1417 2115; x_wconf 82' lang='lat' dir='ltr'>Qui</span> <span class='ocrx_word' id='word_1_941' title='bbox 1432 2088 1494 2109; x_wconf 90' lang='lat' dir='ltr'>sunt</span> <span class='ocrx_word' id='word_1_942' title='bbox 1509 2083 1590 2118; x_wconf 82' lang='lat' dir='ltr'>igitur</span> <span class='ocrx_word' id='word_1_943' title='bbox 1603 2084 1630 2109; x_wconf 91' lang='lat' dir='ltr'>in</span> <span class='ocrx_word' id='word_1_944' title='bbox 1645 2083 1703 2109; x_wconf 84' lang='lat' dir='ltr'>istis</span> 
     </span>
     <span class='ocr_line' id='line_1_122' title="bbox 908 2117 1703 2156; baseline 0.004 -13"><span class='ocrx_word' id='word_1_945' title='bbox 908 2117 993 2149; x_wconf 87' lang='lat' dir='ltr'>bonis,</span> <span class='ocrx_word' id='word_1_946' title='bbox 1009 2118 1111 2153; x_wconf 89' lang='lat' dir='ltr'>quibus</span> <span class='ocrx_word' id='word_1_947' title='bbox 1125 2124 1226 2153; x_wconf 89' lang='lat' dir='ltr'>partem</span> <span class='ocrx_word' id='word_1_948' title='bbox 1241 2120 1430 2156; x_wconf 72' lang='lat' dir='ltr'>Chrysogonus</span> <span class='ocrx_word' id='word_1_949' title='bbox 1444 2120 1564 2146; x_wconf 71' lang='lat' dir='ltr'>dederit?</span> <span class='ocrx_word' id='word_1_950' title='bbox 1585 2120 1638 2146; x_wconf 91' lang='lat' dir='ltr'>duo</span> <span class='ocrx_word' id='word_1_951' title='bbox 1652 2120 1703 2146; x_wconf 79' lang='lat' dir='ltr'>Ro-</span> 
     </span>
     <span class='ocr_line' id='line_1_123' title="bbox 907 2155 1700 2192; baseline 0.004 -12"><span class='ocrx_word' id='word_1_952' title='bbox 907 2155 966 2181; x_wconf 87' lang='lat' dir='ltr'>scii.</span> <span class='ocrx_word' id='word_1_953' title='bbox 1007 2156 1078 2182; x_wconf 88' lang='lat' dir='ltr'>Num</span> <span class='ocrx_word' id='word_1_954' title='bbox 1093 2157 1237 2191; x_wconf 89' lang='lat' dir='ltr'>quisquam</span> <span class='ocrx_word' id='word_1_955' title='bbox 1254 2157 1404 2192; x_wconf 74' lang='lat' dir='ltr'>praeterea?</span> <span class='ocrx_word' id='word_1_956' title='bbox 1425 2166 1502 2183; x_wconf 87' lang='lat' dir='ltr'>nemo</span> <span class='ocrx_word' id='word_1_957' title='bbox 1515 2162 1567 2188; x_wconf 83' lang='lat' dir='ltr'>est,</span> <span class='ocrx_word' id='word_1_958' title='bbox 1589 2157 1700 2183; x_wconf 79' lang='lat' dir='ltr'>iudices.</span> 
     </span>
     <span class='ocr_line' id='line_1_124' title="bbox 907 2193 1702 2229; baseline 0.003 -11"><span class='ocrx_word' id='word_1_959' title='bbox 907 2193 978 2218; x_wconf 90' lang='lat' dir='ltr'>Num</span> <span class='ocrx_word' id='word_1_960' title='bbox 992 2201 1056 2227; x_wconf 81' lang='lat' dir='ltr'>ergo</span> <span class='ocrx_word' id='word_1_961' title='bbox 1070 2193 1184 2219; x_wconf 87' lang='lat' dir='ltr'>dubium</span> <span class='ocrx_word' id='word_1_962' title='bbox 1198 2199 1250 2225; x_wconf 89' lang='lat' dir='ltr'>est,</span> <span class='ocrx_word' id='word_1_963' title='bbox 1271 2195 1337 2229; x_wconf 90' lang='lat' dir='ltr'>quin</span> <span class='ocrx_word' id='word_1_964' title='bbox 1352 2196 1369 2220; x_wconf 94' lang='lat' dir='ltr'>ii</span> <span class='ocrx_word' id='word_1_965' title='bbox 1384 2195 1529 2221; x_wconf 87' lang='lat' dir='ltr'>obtulerint</span> <span class='ocrx_word' id='word_1_966' title='bbox 1546 2195 1612 2220; x_wconf 83' lang='lat' dir='ltr'>hanc</span> <span class='ocrx_word' id='word_1_967' title='bbox 1627 2203 1702 2229; x_wconf 85' lang='lat' dir='ltr'>prae-</span> 
     </span>
     <span class='ocr_line' id='line_1_125' title="bbox 907 2229 1703 2266; baseline 0.003 -11"><span class='ocrx_word' id='word_1_968' title='bbox 907 2229 967 2255; x_wconf 86' lang='lat' dir='ltr'>dam</span> <span class='ocrx_word' id='word_1_969' title='bbox 979 2230 1162 2266; x_wconf 77' lang='lat' dir='ltr'>Chrysogono,</span> <span class='ocrx_word' id='word_1_970' title='bbox 1178 2232 1270 2266; x_wconf 85' lang='lat' dir='ltr'>quial)</span> <span class='ocrx_word' id='word_1_971' title='bbox 1283 2240 1314 2258; x_wconf 87' lang='lat' dir='ltr'>eo</span> <span class='ocrx_word' id='word_1_972' title='bbox 1327 2237 1427 2266; x_wconf 86' lang='lat' dir='ltr'>partem</span> <span class='ocrx_word' id='word_1_973' title='bbox 1443 2232 1553 2266; x_wconf 82' lang='lat' dir='ltr'>praedae</span> <span class='ocrx_word' id='word_1_974' title='bbox 1569 2231 1703 2258; x_wconf 75' lang='lat' dir='ltr'>tuterunt?</span> 
     </span>
     <span class='ocr_line' id='line_1_126' title="bbox 908 2267 1701 2305; baseline 0.003 -13"><span class='ocrx_word' id='word_1_975' title='bbox 908 2268 964 2293; x_wconf 84' lang='grc'><strong>108.</strong></span> <span class='ocrx_word' id='word_1_976' title='bbox 980 2267 1036 2303; x_wconf 86' lang='lat' dir='ltr'>Age</span> <span class='ocrx_word' id='word_1_977' title='bbox 1051 2276 1134 2298; x_wconf 90' lang='lat' dir='ltr'>nunc,</span> <span class='ocrx_word' id='word_1_978' title='bbox 1151 2276 1184 2294; x_wconf 80' lang='lat' dir='ltr'>ex</span> <span class='ocrx_word' id='word_1_979' title='bbox 1198 2269 1285 2303; x_wconf 86' lang='lat' dir='ltr'>ipsius</span> <span class='ocrx_word' id='word_1_980' title='bbox 1300 2269 1464 2305; x_wconf 75' lang='lat' dir='ltr'>Chrysogoni</span> <span class='ocrx_word' id='word_1_981' title='bbox 1480 2269 1579 2295; x_wconf 85' lang='lat' dir='ltr'>iudicio</span> <span class='ocrx_word' id='word_1_982' title='bbox 1593 2269 1701 2295; x_wconf 80' lang='lat' dir='ltr'>Roscio-</span> 
     </span>
     <span class='ocr_line' id='line_1_127' title="bbox 906 2304 1702 2340; baseline 0.003 -10"><span class='ocrx_word' id='word_1_983' title='bbox 906 2313 966 2330; x_wconf 87' lang='lat' dir='ltr'>rum</span> <span class='ocrx_word' id='word_1_984' title='bbox 977 2304 1076 2330; x_wconf 88' lang='lat' dir='ltr'>l&#39;actum</span> <span class='ocrx_word' id='word_1_985' title='bbox 1087 2305 1297 2332; x_wconf 76' lang='lat' dir='ltr'>consideremus.</span> <span class='ocrx_word' id='word_1_986' title='bbox 1320 2306 1347 2332; x_wconf 79' lang='lat' dir='ltr'>Si</span> <span class='ocrx_word' id='word_1_987' title='bbox 1363 2306 1428 2332; x_wconf 87' lang='lat' dir='ltr'>nihil</span> <span class='ocrx_word' id='word_1_988' title='bbox 1445 2307 1470 2332; x_wconf 94' lang='lat' dir='ltr'>in</span> <span class='ocrx_word' id='word_1_989' title='bbox 1485 2307 1534 2332; x_wconf 83' lang='lat' dir='ltr'>ista</span> <span class='ocrx_word' id='word_1_990' title='bbox 1550 2314 1638 2340; x_wconf 74' lang='lat' dir='ltr'>pugna</span> <span class='ocrx_word' id='word_1_991' title='bbox 1652 2306 1702 2332; x_wconf 80' lang='lat' dir='ltr'>Ro—</span> 
     </span>
    </p>
   </div>
   <div class='ocr_carea' id='block_1_6' title="bbox 883 2341 1701 2378">
    <p class='ocr_par' dir='ltr' id='par_1_6' title="bbox 883 2341 1701 2378">
     <span class='ocr_line' id='line_1_128' title="bbox 883 2341 1701 2378; baseline 0.002 -11"><span class='ocrx_word' id='word_1_992' title='bbox 883 2343 885 2345; x_wconf 77' lang='grc'>’</span> <span class='ocrx_word' id='word_1_993' title='bbox 906 2342 967 2372; x_wconf 89' lang='lat' dir='ltr'>scii,</span> <span class='ocrx_word' id='word_1_994' title='bbox 992 2341 1065 2376; x_wconf 88' lang='lat' dir='ltr'>quod</span> <span class='ocrx_word' id='word_1_995' title='bbox 1079 2350 1173 2376; x_wconf 85' lang='lat' dir='ltr'>operae</span> <span class='ocrx_word' id='word_1_996' title='bbox 1188 2343 1302 2378; x_wconf 85' lang='lat' dir='ltr'>pretium</span> <span class='ocrx_word' id='word_1_997' title='bbox 1317 2348 1399 2374; x_wconf 82' lang='lat' dir='ltr'>esset,</span> <span class='ocrx_word' id='word_1_998' title='bbox 1425 2343 1551 2373; x_wconf 77' lang='lat' dir='ltr'>fecerant.</span> <span class='ocrx_word' id='word_1_999' title='bbox 1571 2351 1652 2377; x_wconf 82' lang='grc'><strong>(11111111</strong></span> <span class='ocrx_word' id='word_1_1000' title='bbox 1667 2343 1701 2369; x_wconf 89' lang='lat' dir='ltr'>ob</span> 
     </span>
    </p>
   </div>
   <div class='ocr_carea' id='block_1_7' title="bbox 903 2379 1701 2713">
    <p class='ocr_par' dir='ltr' id='par_1_7' title="bbox 903 2379 1701 2713">
     <span class='ocr_line' id='line_1_129' title="bbox 905 2379 1701 2415; baseline 0.003 -11"><span class='ocrx_word' id='word_1_1001' title='bbox 905 2387 1028 2404; x_wconf 79' lang='lat' dir='ltr'>caussam</span> <span class='ocrx_word' id='word_1_1002' title='bbox 1047 2387 1060 2404; x_wconf 89' lang='lat' dir='ltr'>a</span> <span class='ocrx_word' id='word_1_1003' title='bbox 1078 2379 1252 2414; x_wconf 75' lang='lat' dir='ltr'>Chrysogono</span> <span class='ocrx_word' id='word_1_1004' title='bbox 1276 2381 1355 2406; x_wconf 83' lang='lat' dir='ltr'>tantis</span> <span class='ocrx_word' id='word_1_1005' title='bbox 1374 2381 1499 2415; x_wconf 84' lang='lat' dir='ltr'>praemiis</span> <span class='ocrx_word' id='word_1_1006' title='bbox 1517 2379 1701 2406; x_wconf 74' lang='lat' dir='ltr'>donabantur?</span> 
     </span>
     <span class='ocr_line' id='line_1_130' title="bbox 905 2415 1700 2448; baseline 0.004 -7"><span class='ocrx_word' id='word_1_1007' title='bbox 905 2416 933 2441; x_wconf 87' lang='lat' dir='ltr'>Si</span> <span class='ocrx_word' id='word_1_1008' title='bbox 953 2415 1019 2442; x_wconf 92' lang='lat' dir='ltr'>nihil</span> <span class='ocrx_word' id='word_1_1009' title='bbox 1039 2415 1112 2442; x_wconf 84' lang='lat' dir='ltr'>aliud</span> <span class='ocrx_word' id='word_1_1010' title='bbox 1131 2416 1261 2447; x_wconf 73' lang='lat' dir='ltr'>fecerunt,</span> <span class='ocrx_word' id='word_1_1011' title='bbox 1287 2418 1337 2443; x_wconf 82' lang='lat' dir='ltr'>nisi</span> <span class='ocrx_word' id='word_1_1012' title='bbox 1358 2426 1412 2443; x_wconf 74' lang='lat' dir='ltr'>rem</span> <span class='ocrx_word' id='word_1_1013' title='bbox 1427 2417 1592 2448; x_wconf 82' lang='lat' dir='ltr'>detulerunt,</span> <span class='ocrx_word' id='word_1_1014' title='bbox 1614 2426 1700 2444; x_wconf 85' lang='lat' dir='ltr'>nonne</span> 
     </span>
     <span class='ocr_line' id='line_1_131' title="bbox 905 2452 1700 2489; baseline 0.003 -10"><span class='ocrx_word' id='word_1_1015' title='bbox 905 2453 969 2479; x_wconf 84' lang='lat' dir='ltr'>satis</span> <span class='ocrx_word' id='word_1_1016' title='bbox 990 2452 1039 2479; x_wconf 82' lang='lat' dir='ltr'>suit</span> <span class='ocrx_word' id='word_1_1017' title='bbox 1058 2453 1100 2479; x_wconf 80' lang='lat' dir='ltr'>his</span> <span class='ocrx_word' id='word_1_1018' title='bbox 1118 2454 1216 2488; x_wconf 82' lang='lat' dir='ltr'>gratius</span> <span class='ocrx_word' id='word_1_1019' title='bbox 1230 2453 1291 2489; x_wconf 75' lang='lat' dir='ltr'>agi?</span> <span class='ocrx_word' id='word_1_1020' title='bbox 1309 2454 1439 2489; x_wconf 84' lang='lat' dir='ltr'>denique,</span> <span class='ocrx_word' id='word_1_1021' title='bbox 1461 2459 1489 2481; x_wconf 87' lang='lat' dir='ltr'>ut</span> <span class='ocrx_word' id='word_1_1022' title='bbox 1508 2455 1700 2489; x_wconf 79' lang='lat' dir='ltr'>perliberaliter</span> 
     </span>
     <span class='ocr_line' id='line_1_132' title="bbox 905 2490 1699 2527; baseline 0.003 -11"><span class='ocrx_word' id='word_1_1023' title='bbox 905 2495 1040 2526; x_wconf 77' lang='lat' dir='ltr'>ageretur,</span> <span class='ocrx_word' id='word_1_1024' title='bbox 1066 2490 1173 2516; x_wconf 85' lang='lat' dir='ltr'>honoris</span> <span class='ocrx_word' id='word_1_1025' title='bbox 1192 2491 1294 2526; x_wconf 84' lang='lat' dir='ltr'>aliquid</span> <span class='ocrx_word' id='word_1_1026' title='bbox 1314 2492 1423 2517; x_wconf 70' lang='lat' dir='ltr'>haberi?</span> <span class='ocrx_word' id='word_1_1027' title='bbox 1450 2492 1503 2518; x_wconf 87' lang='lat' dir='ltr'>Cur</span> <span class='ocrx_word' id='word_1_1028' title='bbox 1527 2493 1574 2518; x_wconf 86' lang='grc'><strong>11111</strong></span> <span class='ocrx_word' id='word_1_1029' title='bbox 1593 2492 1699 2527; x_wconf 85' lang='lat' dir='ltr'>praedia</span> 
     </span>
     <span class='ocr_line' id='line_1_133' title="bbox 904 2528 1699 2564; baseline 0.003 -10"><span class='ocrx_word' id='word_1_1030' title='bbox 904 2533 991 2554; x_wconf 84' lang='lat' dir='ltr'>tantae</span> <span class='ocrx_word' id='word_1_1031' title='bbox 1009 2528 1137 2562; x_wconf 81' lang='lat' dir='ltr'>pecuniae</span> <span class='ocrx_word' id='word_1_1032' title='bbox 1156 2529 1243 2554; x_wconf 80' lang='lat' dir='ltr'>statim</span> <span class='ocrx_word' id='word_1_1033' title='bbox 1263 2530 1383 2563; x_wconf 78' lang='lat' dir='ltr'>Capitoni</span> <span class='ocrx_word' id='word_1_1034' title='bbox 1402 2529 1517 2555; x_wconf 76' lang='lat' dir='ltr'>dantur?</span> <span class='ocrx_word' id='word_1_1035' title='bbox 1545 2530 1611 2560; x_wconf 79' lang='lat' dir='ltr'>Cur,</span> <span class='ocrx_word' id='word_1_1036' title='bbox 1630 2538 1699 2564; x_wconf 84' lang='lat' dir='ltr'>quae</span> 
     </span>
     <span class='ocr_line' id='line_1_134' title="bbox 905 2565 1699 2602; baseline 0.003 -11"><span class='ocrx_word' id='word_1_1037' title='bbox 905 2565 1006 2600; x_wconf 87' lang='lat' dir='ltr'>reliqua</span> <span class='ocrx_word' id='word_1_1038' title='bbox 1029 2569 1104 2596; x_wconf 87' lang='lat' dir='ltr'>suut,</span> <span class='ocrx_word' id='word_1_1039' title='bbox 1131 2566 1179 2591; x_wconf 84' lang='lat' dir='ltr'>iste</span> <span class='ocrx_word' id='word_1_1040' title='bbox 1202 2566 1312 2592; x_wconf 80' lang='lat' dir='ltr'>Roscius</span> <span class='ocrx_word' id='word_1_1041' title='bbox 1335 2567 1423 2592; x_wconf 82' lang='lat' dir='ltr'>onmia</span> <span class='ocrx_word' id='word_1_1042' title='bbox 1446 2575 1508 2593; x_wconf 88' lang='lat' dir='ltr'>cum</span> <span class='ocrx_word' id='word_1_1043' title='bbox 1527 2567 1699 2602; x_wconf 76' lang='lat' dir='ltr'>Chrysogono</span> 
     </span>
     <span class='ocr_line' id='line_1_135' title="bbox 903 2602 1696 2638; baseline 0.003 -10"><span class='ocrx_word' id='word_1_1044' title='bbox 903 2603 1081 2629; x_wconf 84' lang='lat' dir='ltr'>communiter</span> <span class='ocrx_word' id='word_1_1045' title='bbox 1092 2602 1227 2637; x_wconf 71' lang='lat' dir='ltr'>possidet?</span> <span class='ocrx_word' id='word_1_1046' title='bbox 1239 2604 1329 2630; x_wconf 83' lang='lat' dir='ltr'>Nonne</span> <span class='ocrx_word' id='word_1_1047' title='bbox 1341 2604 1512 2638; x_wconf 85' lang='lat' dir='ltr'>perspicuum</span> <span class='ocrx_word' id='word_1_1048' title='bbox 1523 2609 1571 2635; x_wconf 78' lang='lat' dir='ltr'>est,</span> <span class='ocrx_word' id='word_1_1049' title='bbox 1585 2604 1696 2635; x_wconf 82' lang='lat' dir='ltr'>iudices,</span> 
     </span>
     <span class='ocr_line' id='line_1_136' title="bbox 905 2640 1698 2677; baseline 0.003 -11"><span class='ocrx_word' id='word_1_1050' title='bbox 905 2640 952 2666; x_wconf 83' lang='lat' dir='ltr'>has</span> <span class='ocrx_word' id='word_1_1051' title='bbox 971 2640 1111 2666; x_wconf 80' lang='lat' dir='ltr'>manubias</span> <span class='ocrx_word' id='word_1_1052' title='bbox 1131 2640 1232 2666; x_wconf 77' lang='lat' dir='ltr'>Rosciis</span> <span class='ocrx_word' id='word_1_1053' title='bbox 1247 2641 1449 2676; x_wconf 65' lang='lat' dir='ltr'>Chrysogonum</span> <span class='ocrx_word' id='word_1_1054' title='bbox 1468 2650 1496 2668; x_wconf 86' lang='lat' dir='ltr'>re</span> <span class='ocrx_word' id='word_1_1055' title='bbox 1513 2642 1616 2677; x_wconf 71' lang='lat' dir='ltr'>cognita</span> <span class='ocrx_word' id='word_1_1056' title='bbox 1634 2651 1698 2668; x_wconf 90' lang='lat' dir='ltr'>con-</span> 
     </span>
     <span class='ocr_line' id='line_1_137' title="bbox 904 2677 1697 2713; baseline 0.003 -10"><span class='ocrx_word' id='word_1_1057' title='bbox 904 2677 1036 2704; x_wconf 75' lang='lat' dir='ltr'>cessisse?</span> <span class='ocrx_word' id='word_1_1058' title='bbox 1056 2677 1202 2704; x_wconf 80' lang='lat' dir='ltr'>xxxvut.</span> <span class='ocrx_word' id='word_1_1059' title='bbox 1221 2679 1277 2705; x_wconf 83' lang='grc'><strong>109.</strong></span> <span class='ocrx_word' id='word_1_1060' title='bbox 1301 2679 1377 2705; x_wconf 85' lang='lat' dir='ltr'>Venit</span> <span class='ocrx_word' id='word_1_1061' title='bbox 1395 2679 1422 2705; x_wconf 90' lang='lat' dir='ltr'>in</span> <span class='ocrx_word' id='word_1_1062' title='bbox 1440 2679 1641 2713; x_wconf 83' lang='lat' dir='ltr'>decem—primis</span> <span class='ocrx_word' id='word_1_1063' title='bbox 1660 2678 1697 2705; x_wconf 48' lang='lat' dir='ltr'>lc*</span> 
     </span>
    </p>
   </div>
  </div>
 </body>
</html>
