1941 3052
261 145 633 172 TUSCULANARUM
667 144 1237 172 DISPUTATIONUMLIB.111.

75 221 183 253 spernat
195 216 344 251 voluptates
359 225 416 247 eas,
435 225 502 251 quas
516 216 595 243 modo
610 216 743 243 laudavit:
766 224 815 251 ego
831 220 871 242 ta-
891 215 900 248 {J

75 264 136 282 men
153 255 313 284 meminero,
335 254 407 288 quod
424 254 548 280 videatur
561 255 586 280 ei
602 262 740 280 summum
757 253 868 279 bonum.
891 270 893 296 κβ

74 293 131 318 Non
143 292 215 318 enim
226 291 310 317 verbo
320 291 407 317 solum
420 292 509 325 posuit
520 291 696 326 voluptatem,
714 290 762 317 sed
776 290 870 325 expla-
891 295 899 328 μ

74 330 162 360 navit,
181 328 249 364 quid
265 328 375 355 diceret.
416 329 550 361 Saporem,
573 329 674 363 inquit,
698 333 870 360 etcorporum
891 322 899 363 ξ’

74 369 240 399 complexum,
254 371 275 391 el
288 368 360 392 ludos
370 370 446 399 atque
457 371 559 396 cantus,
573 370 595 391 et
606 369 703 399 forinus
712 374 767 393 eas,
779 366 870 398 quibus
891 372 899 404 μ

73 405 142 430 oculi
158 406 265 429 iucunde
276 408 433 429 moveantur.
475 403 544 429 Num
558 402 647 438 fingo‘?
662 411 728 429 num
739 401 871 427 mentior?
891 405 893 437 l

73 441 159 475 Cupio
175 440 271 466 refelli.
312 440 383 472 Quid
401 440 473 465 enim
490 439 592 470 laboro,
614 441 666 466 nisi
682 444 711 465 ut
726 439 825 465 veritas
842 439 869 464 in
891 433 899 470 ,l

72 478 147 504 omni
158 478 314 512 quaestione
326 477 493 512 explicetur?
512 478 545 503 At
557 477 629 503 idem
641 478 685 507 ait,
702 485 754 503 non
766 484 870 502 cresce-

73 524 100 541 re
112 514 276 549 voluptatem
291 515 381 541 dolore
393 514 522 545 detracto:
541 522 730 548 summamque
746 513 870 547 volupta-

72 557 126 579 tem
139 552 206 578 nihil
218 551 318 578 dolere.
362 553 403 578 47.
425 552 520 577 Paucis
536 552 626 577 verbis
638 552 686 577 tria
699 559 795 586 magna
807 559 869 585 pec-

73 595 143 616 cata:
161 598 261 619 unum,
279 589 351 624 quod
365 598 457 615 secum
470 590 528 623 ipse
539 593 650 624 pugnat.
694 588 772 614 Modo
785 588 866 613 enim.

72 636 105 653 ne
117 627 249 661 suspicari
260 626 371 661 quidem
383 635 411 653 se
422 626 572 661 quidquam
585 626 695 655 bonum,
709 626 761 651 nisi
773 633 869 651 sensus

71 665 151 699 quasi
167 663 338 690 titillarentur
354 663 503 698 voluptate:
527 672 598 689 nunc
614 668 716 693 autem,
734 670 869 688 summam

72 701 238 736 voluptatem
254 709 327 732 esse,
345 700 435 727 dolore
450 709 549 726 carere.
590 701 711 727 Potestne
726 700 812 735 magis
827 707 870 725 se-

72 747 135 765 cum
151 740 208 772 ipse
224 738 363 773 pugnare‘?
381 738 502 764 Alterum
514 743 666 772 peccatum,
682 737 767 772 quod,
784 745 869 770 quum

72 777 101 802 in
116 781 209 802 natura
226 776 275 802 tria
290 777 357 802 sint:
380 784 465 801 unum
480 775 611 809 gaudere:
635 774 749 801 alterum
763 773 866 805 dolere:

73 814 181 839 tertium
192 821 241 839 nec
257 812 375 847 gaudere
390 821 438 838 nec
454 812 557 838 dolere:
581 812 625 838 hic
640 812 760 846 primum
776 815 801 837 et
817 816 869 837 ter-

72 851 141 876 tium
162 854 238 884 putat
253 849 325 875 idem
342 858 414 880 esse,
435 858 483 875 nec
498 849 642 884 distinguit
657 857 670 874 a
687 857 739 875 non
755 847 869 874 dolendo

73 887 247 921 voluptatem.
288 887 407 912 Tertium
425 891 564 921 peccatum
580 894 723 912 commune
734 894 796 912 cum
807 886 870 920 qui-

73 925 197 954 busdam,
211 923 293 958 quod,
306 932 390 958 quum
404 925 490 950 virtus
501 924 618 950 maxime
630 928 783 958 expetatur,
796 924 869 949 eins-

72 970 124 997 que
136 961 326 996 adipiscendae
341 969 436 987 caussa
447 961 619 995 philosophia
631 961 753 996 quaesita
764 961 808 991 sit,
823 960 868 986 ille

72 1009 85 1026 a
98 1000 196 1025 virtute
210 1007 349 1024 summum
360 998 461 1024 bonum
472 999 617 1032 separavit.
660 999 700 1024 48.
723 998 756 1024 At
767 997 866 1027 laudat,

71 1041 97 1063 et
108 1044 201 1070 saepe,
218 1036 356 1062 virtutem.
398 1036 430 1061 Et
445 1036 557 1070 quidem
567 1036 597 1062 C.
611 1036 763 1066 Gracchus,
783 1043 868 1070 quum

72 1072 227 1109 largitiones
243 1073 375 1099 maximas
392 1072 511 1104 fecisset,
529 1078 556 1100 et
570 1072 710 1100 effudisset
725 1073 867 1103 aerarium,

73 1111 163 1137 verbis
179 1115 267 1136 tamen
282 1110 443 1137 defendebat
458 1111 601 1137 aerarium.
641 1110 713 1142 Quid
728 1110 810 1137 verba
821 1119 870 1136 au-

72 1148 157 1178 diam,
180 1156 266 1182 quum
282 1147 349 1174 facta
365 1147 492 1174 videam?
512 1149 572 1174 Piso
593 1147 638 1174 ille
662 1148 744 1183 Frugi
763 1156 871 1182 semper

71 1190 161 1212 contra
175 1185 260 1220 legem
273 1184 475 1211 frumentariam
487 1185 601 1212 dixerat.
620 1185 654 1216 Is,
668 1184 727 1221 lege
739 1185 798 1216 lata,
807 1193 871 1211 con-

72 1222 171 1249 sularis
183 1223 215 1248 ad
227 1221 392 1248 frumentum
405 1223 594 1257 accipiendum
606 1227 724 1249 venerat.
740 1222 871 1249 Animad-

72 1261 153 1286 vertit
163 1259 302 1286 Gracchus
314 1261 341 1286 in
353 1261 480 1286 concione
492 1261 616 1286 Pisonem
627 1264 751 1286 stantem.
783 1260 871 1292 Quae-

72 1298 107 1323 rit
117 1297 243 1323 audiente
259 1297 359 1332 populo
370 1298 502 1329 Romano,
519 1299 566 1332 qui
583 1297 637 1324 sibi
651 1302 766 1328 constet,
784 1306 870 1332 quum

73 1343 103 1360 ea
115 1334 174 1369 lege
185 1333 350 1361 frumentum
362 1339 446 1369 petat,
465 1343 547 1370 quam
559 1334 729 1361 dissuaserit.
770 1334 868 1365 Nolim,

73 1372 175 1406 inquit,
195 1380 254 1397 mea
271 1372 352 1403 bona,
372 1372 505 1403 Gracche,
523 1372 573 1398 tibi
589 1373 691 1399 viritim
703 1372 826 1399 dividere
838 1372 871 1398 li-

72 1409 147 1435 beat:
160 1408 208 1434 sed
218 1409 240 1435 si
254 1409 344 1440 facias,
359 1414 460 1444 partem
472 1415 570 1444 petam.
606 1410 739 1436 Parumne
750 1409 871 1436 deelara-

74 1447 112 1472 vit
123 1447 164 1472 vir
174 1447 266 1481 gravis
277 1451 302 1473 et
313 1448 430 1481 sapiens,
441 1447 498 1483 lege
509 1447 665 1482 Sempronia
678 1447 869 1482 patrimonium

73 1483 215 1518 publicum
230 1483 377 1518 dissipari?
397 1485 466 1520 Lege
482 1486 614 1511 orationes
630 1485 759 1511 Gracchi:
782 1489 871 1519 patro-

74 1529 139 1547 num
151 1521 245 1547 aerarii
257 1530 316 1547 esse
329 1521 413 1548 dices.
455 1523 496 1548 49.
512 1523 597 1558 Negat
607 1522 741 1557 Epicurus
754 1522 871 1548 iucunde

73 1566 152 1592 posse
164 1558 235 1589 vivi,
252 1559 304 1584 nisi
318 1567 380 1584 cum
394 1560 492 1586 virtute
508 1560 628 1586 vivatur:
651 1564 730 1595 negat
746 1559 828 1586 ullam
844 1560 870 1585 in

73 1596 223 1629 sapientem
237 1596 291 1621 vim
304 1604 362 1622 esse
374 1595 508 1623 fortunae:
526 1601 633 1623 tenuem
647 1597 748 1623 victum
760 1596 872 1623 antefert

73 1633 196 1667 copioso:
218 1638 297 1669 negat
312 1633 397 1659 ullum
414 1643 472 1660 esse
487 1639 607 1668 tempus,
625 1643 679 1669 quo
694 1635 802 1669 sapiens
819 1643 870 1661 non

74 1670 168 1696 beatus
179 1671 224 1696 sit.
265 1670 360 1697 Omnia
374 1671 535 1706 philosopho
550 1671 644 1707 (ligna.
661 1672 708 1698 sed
719 1681 781 1698 cum
794 1671 872 1698 volu-

73 1711 144 1741 ptate
170 1708 328 1742 pugnantia.
379 1709 453 1734 »Non
480 1709 558 1735 istam
587 1708 654 1735 dicit
681 1709 871 1744 voluptatem«

74 1745 147 1770 Dicat
157 1745 317 1779 quamlibet.
359 1746 460 1780 Nempe
477 1755 536 1772 eam
552 1745 631 1777 dicit,
655 1747 682 1772 in
699 1755 751 1781 qua
763 1747 871 1773 virtutis

73 1781 146 1808 nulla
159 1790 220 1816 pars
232 1783 306 1809 insit.
329 1783 393 1818 Age,
405 1784 429 1809 si
441 1783 605 1818 voluptatem
617 1792 669 1810 non
681 1784 869 1819 intelligimus,

74 1827 107 1845 ne
118 1818 236 1846 dolorem
248 1820 378 1854 quidem?
390 1821 463 1856 Nego
475 1822 558 1857 igitur
569 1822 629 1847 eius
640 1830 709 1853 esse,
722 1822 769 1856 qui
781 1821 871 1848 dolore

73 1865 211 1883 summum
225 1857 326 1884 malum
336 1859 470 1889 metiatur,
479 1859 642 1885 mentionem
655 1858 740 1885 facere
753 1859 870 1886 virtutis.

74 1893 148 1920 XXI,
168 1895 210 1920 50.
223 1894 256 1921 Et
266 1900 417 1929 queruntur
427 1895 539 1930 qnidam
550 1896 687 1930 Epicurei,
701 1897 753 1923 viri
764 1897 869 1931 optimi,

74 1931 146 1964 (nam
154 1930 353 1967 nullumgenus
365 1937 405 1959 est
417 1933 507 1959 minus
519 1933 755 1969 malitiosum,)me
767 1934 871 1960 studio-

73 1976 102 1994 se
113 1968 202 1994 dicere
213 1973 304 1995 contra
315 1969 474 2004 Epicurum.
509 1971 545 1996 lta
556 1970 649 2001 credo,
667 1970 700 1997 de
716 1971 815 1998 honore
827 1977 872 1998 aut

73 2005 107 2031 de
119 2005 249 2041 dignitate
260 2006 460 2033 contendimus.
501 2007 568 2033 Mihi
584 2016 722 2034 summum
739 2009 766 2034 in
782 2009 872 2035 animo

74 2042 176 2069 bonum
190 2042 305 2074 videtur,
314 2043 451 2070 illiautem
462 2045 490 2070 in
502 2052 625 2079 corpore:
643 2045 711 2071 mihi
724 2046 750 2072 in
763 2046 869 2077 virtute,

74 2079 115 2106 illi
127 2080 154 2106 in
167 2080 313 2115 voluptate.
354 2082 386 2108 Et
397 2081 436 2108 illi
449 2086 582 2117 pugnant,
605 2086 632 2108 et
644 2082 756 2117 quidem
768 2083 872 2110 vicino-

74 2125 134 2143 rum
151 2117 231 2143 fidem
249 2117 405 2152 implorant:
429 2119 507 2145 multi
522 2123 612 2145 autem
628 2124 704 2150 sunt,
720 2120 767 2155 qui
782 2121 872 2146 statim

73 2154 225 2181 convolent.
265 2155 320 2191 Ego
331 2164 392 2182 sum
404 2157 441 2187 is,
463 2157 511 2191 qui
525 2156 613 2183 dicam
626 2165 667 2183 mc
680 2165 730 2183 non
744 2156 872 2188 laborare,

74 2196 163 2218 actum
177 2191 332 2219 habiturum
343 2193 416 2228 quod
431 2194 544 2228 egerint.
584 2195 626 2220 5⁴.
648 2194 719 2226 Quid
734 2194 825 2220 enim?
839 2194 873 2221 de

74 2228 146 2255 bello
157 2230 258 2256 Punico
269 2230 376 2265 agitur?
395 2230 428 2257 de
444 2239 498 2265 quo
514 2231 573 2265 ipso
588 2239 672 2266 quum
685 2231 759 2257 aliud
775 2232 809 2258 Μ.
823 2232 873 2258 Ca-

75 2267 143 2297 toni,
160 2266 235 2293 aliud
248 2267 276 2293 1..
291 2267 402 2293 Lentulo
413 2268 562 2299 videretur,
581 2268 654 2295 nulla
671 2269 740 2295 inter
753 2277 799 2295 eos
809 2278 874 2296 con—

74 2305 183 2330 certatio
206 2312 337 2339 umquam
363 2304 422 2331 snit.
472 2305 503 2331 lli
526 2305 607 2331 nimis
628 2306 755 2332 iracunde
779 2312 871 2342 agunt,

74 2341 232 2375 praesertim
248 2350 333 2376 quum
349 2342 383 2368 ab
400 2343 433 2368 iis
445 2351 497 2368 non
508 2351 572 2368 sane
583 2344 702 2370 animosa
714 2343 874 2370 defendatur

74 2379 215 2409 sententia,
229 2387 277 2413 pro
287 2387 341 2414 qua
353 2388 404 2406 non
417 2380 443 2405 in
455 2384 558 2409 senatu.
568 2388 619 2406 non
631 2380 657 2407 in
666 2381 805 2411 concione,
821 2390 872 2407 non

75 2414 148 2449 apud
159 2417 318 2447 exercitum,
327 2425 415 2452 neque
427 2416 498 2451 apud
510 2424 635 2443 censores
645 2417 734 2444 dicere
746 2418 871 2444 audeant.

76 2451 130 2479 Sed
146 2460 208 2478 cum
223 2453 282 2480 istis
298 2453 378 2484 alias,
401 2459 426 2480 et
441 2462 472 2479 eo
483 2453 594 2488 quidam
606 2455 709 2485 animo,
727 2454 832 2481 nullum
845 2460 874 2481 ιιι

75 2493 209 2516 certamen
226 2490 379 2517 instituam:
398 2499 493 2517 verum
507 2490 662 2517 dicentibus
679 2491 756 2518 facile
767 2492 871 2519 cedam.

76 2526 191 2553 Tantum
205 2527 368 2555 admonebo:
386 2529 409 2555 si
422 2528 539 2554 maxime
551 2537 645 2554 verum
661 2529 710 2559 sit.
727 2528 760 2555 ad
775 2537 873 2564 corpus

76 2564 167 2590 omnia
183 2563 281 2591 referre
296 2566 460 2600 sapientem,
482 2565 554 2595 sive,
572 2570 602 2591 ut
618 2565 757 2592 honestius
772 2566 871 2597 dicam,

77 2600 146 2627 nihil
158 2600 254 2632 facere.
267 2603 320 2629 nisi
331 2603 404 2638 quod
415 2602 548 2638 expediat,
561 2603 619 2628 sive
630 2603 720 2629 omnia
731 2602 829 2630 referre
840 2603 872 2629 ad

78 2637 221 2665 utilitatem
236 2647 327 2666 suam:
345 2641 473 2675 quoniam
490 2639 554 2666 haec
567 2639 723 2674 plausibilia
735 2649 786 2667 non
799 2645 871 2672 sunt,

898 525 900 531 ‹
922 518 960 539 tes
982 513 1182 539 vehementius:
1205 519 1230 539 et
1250 513 1384 539 eiusmodi
1403 517 1467 539 sunt
1486 512 1624 547 pleraque.

78 2679 107 2701 ut
117 2675 144 2701 in
156 2675 218 2702 sinu
229 2676 372 2711 gaudeant.
385 2677 500 2713 gloriose
514 2677 586 2712 loqui
596 2676 728 2704 desinant.

1266 144 1358 170 ΕΑΓ.
1385 146 1463 170 18-
1483 146 1523 170 23.
1654 147 1715 171 {073

977 215 1060 241 XXII.
1088 217 1129 242 52.
1156 216 1362 251 Cyrenaicorum
1388 218 1468 241 restat
1491 215 1636 241 sententia:
1668 216 1715 249 qui

923 258 978 279 tum
999 253 1196 288 aegritudinem
1215 257 1325 279 censent
1344 253 1486 282 exsistere,
1513 252 1536 277 si
1558 251 1716 285 necopinato

921 290 988 324 quid
999 291 1127 316 evenerit.
1168 290 1215 316 Est
1226 290 1253 316 id
1264 290 1374 324 quidem
1388 297 1524 324 magnum,
1541 294 1662 323 utsupra
1673 288 1717 314 di-

922 328 959 353 xi.
999 327 1087 353 Etiam
1099 327 1251 363 Chrysippo
1262 328 1297 353 ita
1309 326 1395 353 videri
1406 327 1474 357 scio,
1492 326 1565 361 quod
1576 326 1715 360 provisum

921 369 980 390 ante
992 373 1044 390 non
1056 365 1103 395 sit,
1120 364 1148 390 id
1159 364 1237 390 ferire
1250 364 1446 390 vehementius.
1487 363 1540 390 Sed
1553 372 1604 389 nou
1615 363 1715 389 suntin

922 402 971 428 hoc
982 402 1086 428 omnia:
1100 410 1265 436 quamquam
1278 401 1394 428 hostium
1407 409 1503 435 repens
1515 400 1647 426 adventus
1659 408 1717 425 ma-

921 440 963 474 gis
980 438 1116 473 aliquanto
1130 439 1284 469 conturbat,
1302 447 1382 473 quam
1398 443 1582 473 exspectatus:
1598 443 1624 464 et
1634 438 1716 463 maris

921 476 1009 502 subita
1021 481 1178 510 tempestas,
1195 485 1276 510 qnam
1289 481 1347 502 ante
1359 477 1480 510 provisa,
1496 479 1576 502 terret
1586 475 1718 510 navigan-

1665 511 1717 538 Sed

921 559 1006 585 quum
1021 550 1165 586 diligenter
1180 552 1399 585 necopinatorum
1415 555 1535 576 naturam
1551 549 1715 579 consideres,

922 587 989 613 nihil
1002 587 1074 613 aliud
1087 589 1217 622 reperias,
1236 589 1288 614 nisi
1300 588 1389 614 omnia
1401 587 1488 613 videri
1500 587 1589 613 subita
1601 587 1715 613 maiora:

922 630 947 651 et
957 625 1068 659 quidem
1084 625 1118 651 oh
1134 625 1201 651 duas
1217 634 1340 651 caussas:
1363 625 1496 659 primum.
1514 624 1599 658 quod,
1618 628 1717 658 quanta

921 663 975 688 sint
986 671 1054 696 quae
1067 662 1205 692 accidunt,
1222 661 1411 688 considerandi
1423 663 1541 696 spatium
1557 670 1609 687 non
1624 661 1716 687 datur:

921 699 1019 725 deinde
1029 708 1115 735 quum
1127 700 1234 726 videtur
1246 700 1398 734 praecaveri
1411 700 1539 733 potuisse,
1548 699 1717 733 siprovisum

921 742 1004 767 esset,
1029 738 1108 772 quasi
1123 736 1201 771 culpa
1218 741 1382 763 contractum
1398 736 1500 762 malum
1521 735 1717 771 aegritudinem

922 775 1050 800 acriorem
1062 774 1134 800 facit.
1168 776 1209 800 53.
1231 774 1308 806 Quod
1321 775 1356 800 ita
1367 782 1426 800 esse
1437 773 1495 799 dies
1507 773 1636 799 declarat:
1649 781 1718 807 quae

921 811 1069 845 procedens
1085 812 1120 837 ita
1135 812 1253 847 mitigat,
1272 816 1313 838 ut.
1332 810 1429 837 iisdem
1444 810 1523 836 malis
1533 810 1715 836 manentibus.

921 857 973 874 non
989 848 1068 874 modo
1083 848 1198 875 leniatur
1213 848 1365 884 aegritudo,
1383 848 1431 874 sed
1448 849 1475 873 in
1490 847 1627 882 plerisque
1642 847 1719 873 tolla-

922 890 973 911 tur.
1007 886 1246 921 Karthaginienses
1259 886 1336 912 multi
1348 886 1445 911 Romae
1456 886 1618 914 servierunt,
1631 885 1718 910 Mace-

921 922 1004 949 dones
1021 932 1082 959 rege
1098 924 1177 949 Perse
1192 928 1282 958 capto:
1306 922 1363 949 vidi
1379 924 1459 948 etiam
1480 923 1508 948 in
1524 921 1716 956 Peloponneso.

921 969 1007 994 quum
1027 969 1115 987 essem
1136 960 1305 991 adolescens,
1331 960 1462 994 quosdam
1484 959 1646 985 Corinthios.
1687 959 1717 984 lli

922 1002 1042 1033 poterant
1056 1006 1150 1024 omnes
1164 998 1258 1024 eadem
1270 997 1314 1024 illa
1327 997 1360 1023 de
1372 997 1557 1023 Andromacha
1569 996 1717 1031 deplorare,

1034 1036 1103 1061 Haec
1114 1038 1199 1061 o'mniu
1211 1038 1264 1061 vicli
1276 1051 1315 1061 —.

922 1072 975 1099 Sed
992 1073 1046 1099 iam
1061 1072 1270 1099 decantaverant
1281 1072 1401 1099 fortasse.
1441 1072 1480 1098 Eo
1490 1072 1562 1097 enim
1573 1076 1648 1097 erant
1660 1070 1719 1096 vul-

922 1115 959 1141 tu,
973 1111 1100 1140 oratione,
1118 1111 1192 1136 omni
1204 1110 1309 1145 reliquo
1323 1114 1396 1136 motu
1408 1114 1434 1135 et
1445 1114 1528 1139 statu,
1546 1113 1571 1134 et
1583 1117 1628 1134 eos
1642 1109 1719 1143 Argi-

921 1156 969 1174 vos
993 1152 1038 1174 aut
1055 1148 1196 1183 Sicyonios
1216 1147 1334 1174 diceres:
1361 1147 1503 1183 magisque
1519 1155 1561 1172 me
1583 1150 1721 1172 moverant

921 1185 1042 1212 Corinthi
1055 1185 1146 1212 subito
1160 1189 1281 1220 aspectae
1297 1185 1458 1220 parietinae,
1480 1192 1562 1218 quam
1579 1184 1656 1218 ipsos
1671 1183 1718 1209 Co—

923 1222 1050 1249 rinthios:
1073 1231 1189 1257 quorum
1210 1223 1308 1249 animis
1329 1222 1456 1248 diuturna
1478 1222 1603 1256 cogitatio
1621 1220 1720 1246 callum

923 1260 1064 1286 vetustatis
1077 1260 1236 1286 obduxerat.
1277 1261 1319 1286 54.
1342 1260 1470 1294 Legimus
1482 1258 1581 1284 librum
1593 1258 1721 1284 Clitoma-

923 1297 980 1328 chi,
1002 1306 1084 1332 quem
1107 1297 1152 1323 ille
1173 1306 1266 1323 eversa
1286 1297 1449 1332 Karthagine
1470 1297 1545 1322 misit
1564 1294 1721 1321 consolandi

923 1343 1018 1361 caussa
1039 1335 1071 1361 ad
1087 1335 1208 1369 captivos
1225 1335 1300 1361 cives
1317 1343 1389 1360 suos.
1431 1335 1458 1360 ln
1475 1342 1506 1359 eo
1521 1338 1562 1359 est
1574 1333 1722 1369 disputatio

923 1373 1021 1406 scripta
1034 1372 1193 1399 Carneadis:
1216 1381 1298 1407 quam
1314 1380 1342 1397 se
1358 1373 1393 1397 ait
1405 1372 1432 1397 in
1443 1371 1667 1397 commentarium
1679 1378 1722 1395 re-

923 1410 1028 1436 tulisse.
1054 1410 1144 1442 Quum
1156 1410 1190 1435 ita
1206 1410 1323 1444 positum
1334 1414 1413 1439 esset,
1431 1408 1516 1434 videri
1528 1407 1582 1434 sore
1595 1408 1621 1433 in
1634 1407 1721 1442 aegri-

923 1447 1016 1473 tudine
1028 1447 1186 1482 sapientem,
1196 1447 1279 1481 patria
1290 1451 1380 1481 capta:
1394 1454 1463 1481 quac
1469 1444 1620 1472 Carneades
1631 1449 1721 1470 contra

923 1484 1035 1515 dixerit,
1053 1485 1151 1519 scripta
1168 1489 1240 1510 sunt.
1281 1485 1362 1510 Tanta
1380 1484 1463 1519 igitur
1473 1482 1633 1509 calamitatis
1646 1490 1722 1516 prae—

923 1522 1007 1548 sentis
1019 1521 1162 1548 adhibetur
1174 1531 1187 1548 a
1199 1521 1360 1556 philosopho
1372 1520 1515 1550 medicina,
1529 1524 1628 1555 quanta
1642 1520 1668 1545 in
1680 1519 1722 1545 in-

924 1564 1039 1586 veterata
1055 1568 1086 1586 ne
1098 1559 1268 1585 desideratur
1278 1558 1400 1594 quidem.
1433 1559 1486 1584 Nec
1496 1559 1519 1583 si
1531 1557 1632 1592 aliquot
1644 1557 1722 1582 annis

923 1601 983 1632 post
995 1596 1065 1623 idem
1079 1597 1124 1623 ille
1137 1596 1205 1622 liber
1215 1597 1331 1631 captivis
1343 1597 1444 1622 missus
1460 1600 1543 1626 esset,
1562 1593 1722 1620 vulneribus

925 1634 1089 1662 mederetur.
1108 1633 1155 1660 sed
1171 1634 1353 1660 cicatricibus.
1394 1634 1500 1659 Sensim
1516 1633 1588 1658 enini
1603 1637 1628 1658 et
1640 1630 1722 1666 pede-

924 1672 1017 1698 tentim
1025 1671 1200 1707 progrediens
1207 1676 1367 1698 extenuatur
1378 1670 1466 1697 dolor:
1480 1679 1532 1696 non
1544 1678 1598 1704 quo
1611 1670 1667 1704 ipsa
1680 1677 1722 1694 res

924 1709 1061 1735 immutari
1083 1709 1165 1735 soleat
1186 1714 1231 1735 aut
1252 1710 1349 1743 possit:
1371 1707 1419 1734 sed
1441 1707 1482 1738 id,
1505 1707 1576 1742 quod
1594 1707 1660 1733 ratio
1675 1706 1722 1732 de-

925 1747 1031 1776 buerat,
1050 1755 1116 1773 usus
1131 1746 1221 1776 docet,
1240 1747 1342 1772 minora
1361 1754 1419 1772 esse
1440 1754 1484 1774 ca,
1506 1753 1576 1779 quae
1591 1745 1645 1770 sint
1664 1744 1721 1770 visa

925 1792 1035 1810 maiora.

981 1821 1078 1847 xxm.
1100 1822 1142 1847 55.
1164 1820 1235 1853 Quid
1247 1829 1310 1856 ergo
1320 1829 1389 1855 opus
1401 1824 1454 1851 est,
1471 1819 1542 1845 dicet
1553 1818 1666 1853 aliquis,
1681 1826 1721 1843 ra—

925 1860 995 1885 tione
1011 1864 1057 1885 aut
1071 1859 1182 1885 omnino
1197 1858 1378 1885 consolatione
1395 1857 1454 1887 illa,
1472 1865 1524 1892 qua
1541 1856 1660 1882 solemus
1672 1856 1711 1881 uti

924 1905 1009 1931 quum
1023 1895 1111 1922 levare
1122 1893 1578 1922 doloremmaerentiumvolumus?
1591 1894 1643 1919 lloc
1650 1893 1722 1919 enim

924 1933 978 1960 sere
990 1938 1047 1960 tum
1060 1933 1192 1959 habemus
1203 1934 1229 1960 in
1243 1937 1378 1968 promptu,
1388 1931 1455 1958 nihil
1467 1936 1588 1966 oportere
1600 1930 1723 1965 inopina-

925 1976 980 1998 tum
993 1971 1090 1997 videri.
1132 1971 1183 1997 Aut
1194 1973 1241 2006 qui
1255 1970 1421 1997 tolerabilius
1434 1969 1499 1995 seret
1510 1967 1721 1997 incommodum,

924 2009 971 2043 qui
984 2009 1152 2044 cognoverit,
1167 2017 1276 2035 necesse
1288 2016 1346 2034 esse
1359 2007 1462 2034 homini
1475 2006 1525 2033 tale
1537 2005 1641 2041 aliquid
1653 2005 1723 2031 acci—

924 2045 1005 2072 dere?
1021 2047 1088 2071 llaec
1105 2046 1177 2072 enim
1191 2047 1274 2072 oratio
1286 2046 1319 2072 de
1331 2046 1389 2080 ipsa
1401 2053 1507 2071 summa
1520 2043 1583 2070 mali
1596 2042 1664 2069 nihil
1676 2041 1721 2068 dc-

925 2083 1018 2110 trahit:
1038 2087 1140 2109 tantum
1153 2082 1232 2109 modo
1243 2082 1331 2113 affert,
1350 2082 1417 2109 nihil
1429 2082 1566 2109 evenisse.
1584 2080 1656 2115 quod
1672 2087 1722 2105 non

924 2119 1091 2155 opinandum
1104 2119 1209 2146 fuisset.
1251 2121 1344 2155 Neque
1359 2124 1447 2146 tamen
1459 2127 1545 2154 genus
1558 2117 1583 2144 id
1595 2117 1723 2143 orationis

925 2158 952 2183 in
964 2156 1127 2183 consolando
1139 2166 1190 2183 non
1203 2156 1285 2183 valet:
1311 2157 1359 2183 sed
1374 2157 1401 2182 id
1413 2156 1485 2182 haud
1497 2156 1580 2181 sciam
1593 2164 1624 2180 nn
1638 2154 1720 2188 pluri-

926 2203 1010 2220 mum.
1051 2194 1122 2229 Ergo
1134 2195 1183 2220 ista
1195 2195 1352 2228 necopinata
1365 2202 1416 2219 non
1433 2193 1533 2219 habent
1543 2197 1642 2219 tantam
1655 2191 1720 2219 vim,

925 2236 954 2258 ut
964 2231 1104 2266 aegritudo
1114 2240 1147 2257 ex
1160 2231 1202 2257 bis
1212 2232 1301 2257 omnis
1311 2232 1425 2257 oriatur:
1440 2230 1539 2256 feriunt
1549 2230 1621 2255 enim
1630 2228 1722 2254 sortas-

925 2277 954 2294 se
964 2269 1089 2303 gravius:
1102 2277 1153 2294 non
1166 2268 1192 2294 i‹l
1203 2268 1334 2298 officiunt.
1348 2273 1377 2294 ut
1387 2276 1427 2298 ea,
1441 2275 1510 2302 quae
1521 2266 1652 2293 accidant.
1667 2274 1721 2291 ma—

926 2307 979 2332 iora
992 2304 1146 2337 videantur,
1156 2305 1220 2340 quia
1233 2306 1347 2331 recentia
1360 2309 1432 2334 sunt.
1446 2304 1580 2332 videntur,
1596 2312 1646 2329 non
1659 2302 1722 2337 quia

926 2343 1074 2377 repentina.
1115 2343 1156 2368 56.
1180 2342 1284 2377 Duplex
1295 2347 1335 2368 est
1348 2342 1430 2375 igitur
1441 2342 1507 2367 ratio
1518 2342 1574 2366 veri
1587 2341 1723 2374 reperien-

925 2380 953 2406 ‹li
965 2388 1015 2406 non
1029 2380 1102 2405 iniis
1113 2379 1210 2409 solum,
1224 2388 1293 2414 quae
1306 2379 1384 2407 mala.
1398 2378 1483 2404 sedin
1497 2379 1530 2404 iis
1542 2378 1636 2406 etiam,
1654 2385 1724 2412 quao

926 2417 994 2443 bona
1011 2416 1147 2443 videntur.
1189 2418 1255 2443 Nam
1271 2422 1316 2442 aut
1334 2417 1420 2450 ipsius
1435 2416 1472 2441 rei
1490 2420 1582 2441 natura
1598 2414 1688 2449 qualis
1699 2419 1724 2440 et

925 2459 1024 2489 qiuinta
1036 2454 1080 2484 sit,
1088 2454 1254 2488 quaerimus,
1264 2459 1292 2479 ut
1302 2453 1334 2479 dc
1342 2457 1496 2488 paupertate
1507 2460 1720 2486 nonnumquam,

925 2492 1004 2517 cuius
1015 2499 1084 2517 onus
1094 2491 1259 2526 disputando
1271 2491 1402 2518 levamus.
1415 2490 1554 2519 docentes,
1567 2498 1648 2524 quam
1662 2498 1723 2524 par-

902 2547 904 2555 .
926 2537 958 2554 va
973 2533 999 2555 et
1012 2537 1094 2563 quom
1111 2537 1194 2563 pauca
1211 2529 1278 2558 sint,
1294 2537 1364 2563 qnae
1379 2533 1471 2554 natura
1487 2527 1634 2553 desideret:
1653 2532 1697 2553 aut
1708 2536 1722 2552 n

925 2565 1082 2600 disputandi
1094 2566 1242 2592 subtilitate
1253 2567 1400 2592 orationem
1417 2564 1449 2590 ad
1463 2564 1587 2599 exempla
1603 2564 1722 2590 traduci-

902 2614 904 2622 *
926 2612 996 2629 mus.
1029 2603 1076 2629 llic
1086 2603 1207 2629 Socrates
1219 2607 1452 2632 commemoratur,
1466 2602 1511 2628 hic
1522 2602 1663 2637 Diogenes.
1678 2601 1722 2628 hic

925 2639 1107 2667 Caecilianum
1118 2640 1196 2671 illud,

962 2678 1043 2711 Saepo
1053 2683 1088 2704 est
1099 2681 1174 2704 otiam
1185 2679 1232 2705 sub
1241 2679 1348 2711 palliolo
1357 2678 1461 2703 sordido
1470 2678 1603 2710 sapientia.

1470 2725 1516 2750 135
