1941 3052
516 163 811 191 PHILIPPICA
830 163 914 189 XIII.

45 242 113 269 nato,
127 237 198 273 sagis
210 235 327 271 denique
338 236 463 271 sumptis,
476 234 751 262 hostemiudicatum‘?
770 234 841 267 Quid

45 279 85 302 est
100 279 198 306 autem⁷
216 273 351 304 scelerate,
365 273 437 309 quod
447 282 548 309 gemas,
563 274 666 300 hostem
677 272 840 299 Dolabellam

44 312 193 339 iudicatum
209 320 223 338 a
241 310 354 337 senatu?
392 320 473 346 quem
489 316 517 337 tu
532 311 652 337 ordinem
664 311 772 337 omnino
783 318 842 335 esse

46 349 152 376 nullum
173 353 265 384 putas:
301 348 348 374 sed
369 357 426 374 eam
449 348 497 374 tibi
518 357 640 374 caussam
656 348 720 374 belli
731 346 839 383 gerendi

45 387 180 422 proponiS‚
198 391 229 413 ut
243 391 366 412 senatum
383 386 504 412 funditus
519 386 617 416 deleas,
635 385 732 420 reliqui
745 385 843 411 boniet

45 424 191 459 locupletes
214 432 307 450 omnes
331 432 471 450 summum
490 423 610 449 ordinem
631 423 841 457 subsequantur.

44 462 78 488 At
92 470 199 488 scurrae
215 461 300 487 filium
317 461 441 496 appellat.
482 460 563 493 Quasi
576 469 637 486 vero
648 461 755 495 ignotus
767 459 843 485 nobis

46 499 126 526 fuerit
137 498 296 534 splendidus
308 507 391 533 eques
403 499 547 528 Romanus,
561 498 684 524 Trebonii
695 502 778 532 pater.
819 497 843 522 Is

45 541 134 563 autem
157 536 335 563 humilitatem
356 536 493 570 despicere
508 535 588 561 audet
602 535 778 569 cuiusquam,
795 533 843 568 qui

45 581 80 601 ex
98 573 178 600 Fadia
198 573 338 600 sustulerit
359 572 474 599 liberos?
511 573 557 598 XI.
579 573 619 598 24.
648 572 844 598 Acerbissimum

45 620 105 638 vero
125 616 169 642 est,
191 616 221 641 te,
237 612 265 637 A.
286 611 364 641 Hirti,
380 615 500 636 ornatum
510 618 562 635 esse
576 611 701 642 beneficiis
714 608 842 638 Caesaris,

46 654 69 675 et
81 651 156 675 talem
167 650 199 675 ab
209 657 237 675 eo
247 650 372 678 relictum,
384 649 485 681 qualem
496 650 548 680 ipse
559 649 674 673 miraris.
710 645 842 680 Equidem

46 695 143 722 negare
159 695 211 712 non
226 694 347 720 possum,
365 694 379 711 a
395 685 505 711 Caesare
520 684 635 710 Hirtium
651 687 782 714 ornatum,
796 682 844 708 sed

45 723 92 750 illa
107 728 269 754 ornamenta,
288 723 315 749 in
332 723 430 748 virtute
445 726 470 748 et
486 721 618 748 industria
632 721 728 756 posita,
744 720 841 746 lucent.

47 761 87 788 Tu
100 770 170 793 vero,
183 761 231 796 qui
243 765 267 787 te
278 760 311 786 ab
323 760 415 786 eodem
428 759 538 786 Caesare
548 763 671 785 ornatum
683 766 779 793 negare
792 766 843 783 non

47 803 131 834 potes,
143 798 211 834 quid
222 806 303 829 esses,
318 798 341 824 si
353 797 401 823 tibi
412 797 458 823 ille
468 805 520 823 non
532 801 585 823 tam
592 795 676 822 multa
688 794 844 822 tribuisset‘?

47 844 131 871 ecquo
152 840 177 862 te
199 840 243 862 tua
263 835 349 861 virtus
364 833 550 870 provexisset?
578 842 662 868 ecquo
677 832 782 869 genus?
815 833 844 858 In

48 873 148 905 lustris,
166 873 281 908 popinis,
302 872 367 903 alea,
386 872 456 904 vino,
470 875 578 906 tempus
589 871 681 897 aetatis
693 879 771 897 omne
781 879 845 896 con—

47 912 226 946 sumpsisses,
252 915 283 937 ut
310 909 435 940 faciebas,
464 918 550 944 quum
573 909 601 935 in
625 908 736 944 gremiis
749 908 845 934 mima—

47 957 107 975 rum
127 953 248 975 mentum
264 952 434 982 mentemque
449 947 606 981 deponeres.
646 946 679 972 Et
699 950 729 976 te,
746 954 843 978 opuer.

47 986 164 1012 Puerum
181 985 306 1021 appellat,
323 993 405 1020 quem
422 993 475 1011 non
490 984 568 1011 modo
584 983 682 1014 virum,
701 983 749 1009 sed
764 983 844 1008 etiam

47 1023 224 1050 fortissimum
240 1024 339 1054 virum,
356 1023 442 1049 sensit
457 1026 482 1048 et
496 1022 602 1048 sentiet.
641 1021 689 1047 Est
704 1021 773 1046 istuc
784 1021 846 1055 qui-

47 1060 108 1088 dem
129 1070 225 1087 nomen
242 1061 342 1091 aetatis,
360 1060 408 1086 sed
424 1059 456 1086 ab
472 1068 503 1086 eo
519 1059 631 1085 minime
646 1057 843 1093 usurpandum,

47 1099 95 1133 qui
116 1107 193 1125 suam
213 1098 356 1124 amentiam
377 1105 459 1132 puero
475 1097 538 1123 huic
554 1096 662 1131 praebet
678 1095 711 1122 ad
722 1095 844 1131 gloriam.

47 1137 89 1164 25.
105 1136 155 1168 Qui
165 1138 250 1162 omnia
261 1138 315 1162 eius
326 1137 423 1162 nomini
432 1136 514 1161 debes.
545 1134 628 1160 Debet
639 1142 700 1160 vero
711 1133 846 1167 solvitque

47 1173 191 1208 praeclare.
233 1173 261 1200 Si
277 1174 348 1199 enim
365 1172 411 1199 ille
427 1172 525 1207 patriae
540 1180 635 1207 parens
651 1175 699 1202 est,
716 1176 746 1197 ut
760 1174 788 1196 tu
799 1178 847 1204 ap-

46 1210 146 1246 pellas:
178 1210 245 1246 (ego,
262 1210 329 1246 quid
344 1210 468 1241 sentiam,
485 1209 603 1244 videro:)
618 1217 666 1235 cur
682 1217 733 1235 non
746 1208 788 1234 hic
800 1217 847 1242 pa-

47 1257 109 1274 rens
125 1249 220 1280 verior,
238 1257 252 1274 a
261 1257 316 1283 quo
326 1252 396 1274 certe
406 1248 488 1273 vitam
501 1247 641 1277 habemus,
655 1254 669 1272 e
681 1246 734 1272 tuis
746 1245 846 1272 facino-

49 1286 197 1312 rosissimis
218 1285 344 1312 inanibus
368 1283 506 1319 ereptam?
545 1287 572 1310 id
582 1292 666 1318 ayere,
686 1288 714 1310 ut
728 1286 784 1310 iure
798 1285 847 1308 da-

47 1328 151 1350 mnatus
161 1326 194 1350 sit
205 1322 358 1349 Dolabella?
378 1323 495 1357 Turpem
506 1330 569 1348 vero
583 1321 722 1352 actionem,
735 1329 788 1355 qna
800 1319 848 1346 de-

48 1359 167 1387 fenditur
178 1360 340 1395 amplissimi
354 1360 496 1386 auctoritas
507 1359 609 1386 ordinis
620 1363 709 1385 contra
716 1357 848 1384 crudelis-

48 1398 111 1424 simi
131 1398 286 1433 gladiatoris
301 1398 459 1424 amentiaml
485 1402 508 1423 et
523 1402 550 1423 ut
561 1399 671 1430 venefica
685 1398 745 1422 haec
757 1397 848 1421 libere-

49 1440 91 1462 tur
105 1435 253 1462 obsidione?
274 1435 423 1462 Veneficam
435 1434 517 1461 audes
529 1433 663 1469 appellare
673 1442 735 1459 eum
747 1433 845 1463 virum,

48 1473 96 1508 qui
111 1473 165 1499 tuis
177 1473 313 1499 veneficiis
325 1472 441 1499 remedia
453 1471 574 1498 invenit?
593 1480 674 1506 quem
688 1471 721 1497 ita
728 1470 845 1500 obsides.

49 1519 117 1536 nove
127 1510 268 1542 Hannibal,
282 1514 328 1537 aut
338 1511 360 1536 si
371 1511 433 1545 quis
445 1509 546 1536 acutior
557 1509 700 1544 imperator
710 1508 769 1539 suit,
784 1512 813 1534 ut
824 1512 848 1534 te

48 1548 108 1582 ipse
122 1547 256 1579 obsideas,
270 1556 358 1583 neque
370 1552 394 1574 te
408 1548 496 1579 istinc,
510 1547 533 1573 si
545 1547 648 1581 cupias,
662 1547 750 1581 possis
761 1545 849 1580 expli-

48 1593 116 1612 care.
166 1586 332 1618 Recesseris3
374 1585 495 1620 undique
533 1593 626 1611 omnes
660 1584 846 1618 insequentur.

48 1622 192 1649 Manseris:
229 1623 362 1649 haerebis.
412 1622 546 1649 Nimirum
563 1626 632 1648 recte
644 1621 788 1648 veneficam
801 1629 849 1656 ap-

49 1659 142 1695 pellas,
159 1669 174 1686 a
191 1668 246 1695 quo
260 1660 309 1686 tibi
326 1664 492 1695 praesentem
508 1663 611 1694 pestem
623 1658 699 1685 vides
711 1667 849 1693 compara-

49 1701 112 1724 tam.
156 1698 188 1724 Ut
202 1707 278 1731 quam
286 1700 477 1730 potentissimus
485 1699 520 1723 sit
534 1696 640 1723 Cassius
650 1701 727 1730 aeque
737 1696 849 1722 Brutus!

48 1736 91 1763 26.
111 1735 192 1761 Putes
203 1735 379 1762 Censorinum
391 1734 479 1761 dicere
488 1738 534 1760 aut
545 1734 697 1760 Ventidium
709 1738 755 1760 aut
768 1734 847 1760 etiam

48 1772 122 1807 ipsos
137 1772 275 1799 Antonios.
316 1772 370 1799 Cur
385 1777 473 1798 autem
493 1771 579 1798 nolint
593 1775 712 1807 potentes
724 1780 784 1798 esse
795 1780 848 1798 non

50 1809 128 1836 modo
146 1810 261 1844 optimos
277 1814 302 1836 et
314 1809 497 1836 nobilissimos
509 1809 590 1840 viros,
604 1809 652 1835 sed
663 1817 756 1836 secum
767 1809 847 1836 etiam

50 1847 77 1873 in
89 1847 251 1882 reipublicae
264 1847 419 1874 defensione
431 1846 605 1874 coniunctos?
622 1847 753 1873 Nimirum
764 1849 849 1873 eodem

49 1887 123 1911 modo
142 1886 202 1911 haec
217 1887 341 1918 aspicitis,
357 1889 385 1912 ut
402 1887 505 1918 priora.
546 1885 619 1917 Quae
635 1883 762 1910 tandem?
798 1884 848 1910 Ca-

49 1926 106 1949 stra
128 1922 239 1954 Pompeii
260 1927 376 1948 senatum
397 1924 543 1955 appellatis.
573 1922 632 1948 X11.
658 1921 699 1949 An
720 1930 783 1948 vero
803 1926 848 1948 tua

50 1963 135 1985 castra
159 1959 247 1994 potius
266 1963 389 1985 senatum
410 1958 626 1994 appellaremus?
655 1959 683 1986 in
702 1959 803 1994 quibus
819 1963 848 1985 tu

50 1995 176 2023 videlicet
188 1996 351 2027 consularis,
381 1996 460 2022 cuius
485 2001 555 2023 totus
579 1996 736 2023 consulatus
756 2001 797 2023 est
815 2004 849 2022 ex

50 2034 124 2060 omni
144 2038 377 2060 monumentorum
398 2034 525 2060 memoria
541 2033 680 2060 revulsus:
703 2033 757 2060 duo
772 2042 849 2069 prae-

51 2075 120 2098 tores
140 2071 199 2097 sine
217 2079 312 2097 caussa
333 2070 429 2102 diffisi,
452 2079 481 2097 so
501 2071 605 2106 aliquid
625 2071 776 2097 habituros:
801 2080 848 2097 nos

51 2109 122 2135 enim
139 2108 258 2135 Caesaris
280 2108 406 2134 beneficia
422 2107 606 2135 defendimus:
630 2109 762 2143 praetorii,
776 2108 850 2134 Phil-

51 2145 183 2180 adelphus
203 2146 307 2172 Annius
327 2149 353 2171 et
372 2146 500 2172 innocens
512 2145 633 2172 Gallius:
655 2145 785 2176 aedilicii,
799 2145 850 2172 Co-

51 2183 123 2210 ricus
144 2183 256 2209 laterum
277 2186 303 2209 et
318 2183 391 2209 vocis
407 2191 480 2208 meae
492 2183 587 2215 Bestia,
601 2187 626 2209 et
637 2182 698 2209 fidei
710 2187 846 2217 patronus,

51 2219 185 2247 fraudator
207 2219 368 2246 creditorum
388 2219 552 2251 Trebellius.
579 2224 605 2247 et
625 2220 704 2247 homo
723 2220 849 2255 diruptus

51 2257 221 2292 dirutusque,
239 2257 270 2290 Q.
287 2257 403 2288 Caelius,
421 2257 598 2293 columenque
609 2258 756 2284 amicorum
768 2258 851 2284 Anto-

51 2295 98 2327 nii,
116 2295 207 2331 Cotyla
222 2295 331 2327 Varius,
353 2303 434 2330 quem
446 2295 577 2321 Antonius
587 2294 744 2321 deliciarum
755 2303 850 2322 caussa

52 2331 115 2359 loris
135 2333 163 2359 in
179 2333 303 2359 convivio
317 2332 391 2359 caedi
407 2332 517 2359 iubebat
531 2341 545 2358 a
556 2332 642 2358 servis
654 2331 785 2367 publicis:
808 2341 852 2358 se-

52 2369 232 2404 ptemvirales‚
246 2370 338 2401 Lento,
354 2369 472 2396 Nucula:
496 2374 552 2396 tum
564 2369 675 2396 deliciae
686 2374 766 2404 atque
777 2378 851 2396 amo-

52 2414 94 2433 res
107 2407 199 2442 populi
210 2408 321 2434 Romani
334 2408 362 2433 L.
381 2407 528 2434 Antonius:
552 2407 653 2433 tribuni
668 2407 785 2441 primum
797 2407 852 2433 duo

52 2443 193 2480 designati,
217 2444 313 2471 Tullus
329 2444 469 2475 llostilius,
487 2444 534 2479 qui
545 2453 595 2470 suo
610 2444 667 2470 iuro
679 2445 706 2470 in
718 2449 791 2478 portu
804 2452 851 2470 no—

53 2488 114 2508 men
125 2482 275 2517 inscripsit:
297 2483 345 2517 qui
356 2491 441 2517 quum
455 2481 565 2516 prodero
577 2481 850 2516 iuiperntoremsuum

54 2525 106 2545 non
124 2524 222 2554 posset,
244 2519 362 2554 reliquit.
403 2519 474 2546 Alter
495 2523 535 2545 est
556 2518 726 2554 designatus,
744 2518 851 2545 Viseius

54 2556 143 2583 nescio
162 2557 218 2592 qui,
242 2556 316 2584 fortis
332 2557 372 2592 (ut
386 2556 471 2591 aiunt)
486 2556 563 2587 latro:
586 2564 667 2590 quem
684 2560 771 2582 tamen
784 2560 851 2582 tem-

53 2597 189 2627 pei-antem
210 2593 293 2620 fuisse
309 2593 397 2620 ferunt
413 2594 516 2620 Pisauri
529 2593 718 2619 balneatorem.
748 2594 790 2621 27.
802 2593 851 2619 Se-

53 2635 174 2664 quuntur
193 2631 247 2662 alii,
267 2631 414 2663 tribunicii,
428 2632 457 2658 T.
471 2631 585 2657 Plancus
597 2631 623 2657 in
636 2631 744 2665 primis:
767 2631 814 2665 qui
826 2631 848 2657 si

54 2672 176 2694 senatum
200 2668 352 2700 dilexisset,
375 2677 523 2704 numquam
548 2668 650 2695 curium
676 2667 848 2694 incendisset.

54 2702 112 2736 Quo
122 2704 220 2732 scelere
231 2705 373 2734 damnatus
384 2707 412 2733 in
423 2714 481 2734 eam
489 2706 583 2733 urbem
595 2705 769 2738 rediiturmis,
778 2705 850 2733 unde

955 163 974 189 C
988 162 1009 189 A
1024 163 1051 189 P.
1085 163 1100 188 7
1122 178 1156 182 —
1179 164 1218 189 15.
1638 162 1686 186 653

893 238 1042 260 excesserat
1062 233 1180 269 legibus.
1220 232 1273 260 Sed
1293 233 1342 259 hoe
1357 233 1381 258 ei
1396 239 1538 258 commune
1553 239 1614 257 cum
1626 230 1688 265 plu-

894 271 968 297 rimis
989 271 1190 297 dissimillimis.
1240 270 1311 297 Illud
1333 275 1421 296 tamen
1442 278 1545 299 verum,
1568 267 1640 303 quod
1660 268 1689 294 in

894 308 942 334 hoc
962 308 1058 335 Planco
1073 308 1206 343 proverbii
1223 308 1279 334 loco
1296 307 1348 334 dici
1361 306 1440 333 solet:
1464 307 1549 341 perire
1560 314 1622 331 eum
1636 314 1689 331 non

894 354 980 380 posse,
1004 346 1055 372 nisi
1070 347 1094 372 ei
1109 354 1184 371 crura
1197 345 1275 371 fracta
1287 349 1386 371 essent.
1426 344 1517 370 Fracta
1528 347 1599 374 sunt,
1613 347 1638 369 et
1650 343 1690 369 vi-

895 384 942 409 vit.
982 383 1035 409 Hoc
1056 388 1153 413 tamen,
1170 383 1260 409 utalia
1276 382 1374 413 multa,
1391 381 1503 416 Aquilae
1519 380 1602 407 fertur
1616 388 1691 406 acce-

895 425 980 455 ptum.
1012 421 1083 446 XIII.
1105 421 1152 446 Est
1165 420 1243 446 etiam
1256 420 1294 446 ibi
1306 421 1412 450 Decius,
1425 420 1457 445 ab
1469 419 1532 449 illis,
1546 422 1576 444 ut
1586 418 1688 453 opinor,

895 458 1017 484 Muribus
1029 458 1124 484 Deciis.
1165 458 1256 492 Itaque
1275 457 1395 484 Caesaris
1411 465 1520 482 munera
1537 456 1610 482 rosit.
1642 455 1692 481 De-

895 495 997 521 ciorum
1013 495 1123 530 quidem
1139 494 1223 521 multo
1236 495 1375 521 intervallo
1387 503 1433 529 per
1443 494 1515 520 hunc
1526 492 1692 528 praeclarum

895 533 984 559 virum
1005 533 1131 558 memoria
1147 536 1270 558 renovata
1282 536 1330 558 est.
1372 531 1468 558 Saxam
1482 540 1543 557 vero
1553 530 1692 556 Decidium

896 570 1037 604 praeterire
1048 571 1095 604 qui
1108 578 1227 604 possum,
1242 570 1376 596 hominem
1388 569 1532 595 deductum
1544 577 1577 594 ex
1589 567 1692 594 ultimis

895 607 1030 642 gentibus,
1053 612 1082 633 ut
1097 616 1159 633 eum
1175 607 1314 633 tribunum
1331 607 1418 641 plebis
1435 606 1598 636 videremus,
1610 613 1692 640 quern

895 646 981 670 civem
1003 653 1151 679 numquam
1177 644 1350 670 videramus?
1378 646 1420 670 ⁶28.
1443 644 1490 670 Est
1501 643 1611 678 quidem
1628 642 1693 668 alter

896 682 1022 708 Saserna:
1045 682 1092 708 sed
1108 690 1200 708 omnes
1217 686 1304 708 tamen
1317 686 1414 708 tantam
1426 681 1526 707 habent
1536 679 1694 706 similitudi-

895 728 956 745 nem
969 719 1037 745 inter
1047 728 1085 750 se,
1100 724 1129 745 ut
1140 720 1166 745 in
1178 728 1270 745 eorum
1282 719 1502 753 praenominibus
1513 726 1608 744 errem.
1639 717 1694 743 Nec

895 765 958 783 vero
978 757 1098 787 Exitius,
1122 756 1291 790 Philadelphi
1311 756 1403 787 frater,
1421 760 1558 790 quaestor,
1577 759 1694 789 praeter-

896 793 1042 820 mittendus
1058 797 1106 825 est,
1125 802 1166 824 ne,
1185 794 1207 819 si
1224 794 1256 819 de
1270 794 1420 820 clarissimo
1431 793 1597 819 adolescente
1611 791 1695 818 silue-

896 840 933 863 ro,
952 831 1083 857 invidisse
1096 831 1187 857 videar
1197 831 1320 857 Antonio.
1362 831 1409 857 Est
1419 831 1499 856 etiam
1509 830 1621 856 Asinius
1632 830 1695 864 qui-

896 868 957 894 dam
978 873 1083 895 senator
1103 868 1278 899 voluntarius,
1297 868 1380 895 lectus
1396 868 1454 902 ipse
1466 876 1528 894 ase.
1569 866 1693 901 Apertam

896 906 998 932 curiam
1014 906 1082 932 vidit
1097 911 1157 940 post
1168 906 1287 933 Caesaris
1304 910 1428 932 mortem:
1452 905 1567 932 mutavit
1577 903 1692 930 calceos:

896 948 971 978 pater
990 944 1158 978 conscriptus
1173 948 1280 978 repente
1296 943 1381 969 sactus
1398 947 1446 969 est.
1487 943 1545 969 Non
1557 942 1619 968 novi
1631 941 1693 967 Sex.

896 981 1054 1008 Albedium.
1087 981 1134 1007 sed
1150 985 1238 1007 tamen
1259 982 1393 1007 neminem
1410 985 1463 1007 tam
1479 979 1642 1006 maledicum
1657 978 1696 1005 of-

898 1018 979 1050 fendi,
993 1020 1040 1054 qui
1052 1018 1129 1045 illum
1141 1023 1250 1054 negaret
1260 1018 1372 1054 dignum
1384 1018 1492 1044 Antonii
1503 1021 1606 1044 senatu.
1646 1016 1697 1042 Ar-

897 1056 980 1082 bitror
1001 1065 1043 1082 me
1058 1056 1163 1091 aliquos
1179 1056 1361 1091 praeteriisse:
1384 1056 1417 1082 de
1433 1056 1466 1082 iis
1482 1060 1579 1085 tamen,
1591 1054 1639 1089 qui
1653 1062 1697 1080 oc-

897 1094 1050 1125 currebant,
1069 1098 1154 1120 tacere
1175 1102 1227 1120 non
1248 1094 1333 1128 potui.
1373 1094 1427 1119 Hoc
1449 1094 1531 1129 igitur
1551 1092 1634 1118 fretus
1655 1100 1697 1117 se-

897 1136 961 1158 natu
982 1132 1176 1166 Pompeianum
1196 1136 1319 1157 senatum
1340 1131 1467 1166 despicit:
1491 1131 1517 1157 in
1537 1138 1591 1165 quo
1605 1129 1697 1155 decem

898 1168 1000 1195 fuimus
1022 1169 1190 1196 consulares:
1222 1169 1270 1204 qui
1290 1169 1313 1195 si
1329 1177 1423 1195 omnes
1440 1169 1573 1198 viverent,
1595 1166 1697 1193 bellum

897 1207 1007 1233 omnino
1027 1207 1076 1233 hoc
1091 1216 1143 1233 non
1162 1206 1272 1233 fuisset:
1305 1207 1453 1233 auctoritati
1474 1206 1600 1232 cessisset
1616 1204 1698 1230 auda-

897 1244 947 1270 cia.
979 1246 1021 1271 29.
1038 1244 1090 1271 Sed
1105 1249 1237 1279 quantum
1249 1244 1377 1279 praesidii
1389 1243 1507 1270 fueritin
1519 1243 1621 1273 ceteris,
1635 1241 1698 1267 hinc

898 1281 1014 1317 intelligi
1028 1287 1123 1316 potest,
1136 1281 1209 1317 quod
1220 1290 1277 1316 ego,
1291 1290 1362 1308 unus
1374 1281 1483 1307 relictus
1494 1289 1508 1307 e
1520 1279 1621 1310 multis,
1635 1287 1698 1305 con-

899 1319 956 1345 tudi
977 1324 1002 1346 et
1024 1319 1090 1355 fregi
1106 1319 1298 1346 adiuvantibus
1319 1319 1395 1345 vobis
1411 1318 1571 1345 exsultantis
1587 1316 1699 1351 praedo-

899 1357 940 1382 nis
961 1357 1109 1383 audaciam.
1141 1356 1208 1383 XIV.
1226 1357 1301 1388 Quod
1313 1357 1336 1382 si
1349 1356 1452 1383 fortuna
1466 1356 1542 1381 nobis
1557 1354 1635 1380 modo
1646 1362 1697 1379 non

899 1394 1043 1428 eripuisset
1063 1394 1120 1420 Ser.
1138 1394 1290 1428 Sulpicium
1307 1394 1421 1429 eiusque
1438 1393 1568 1428 collegam
1584 1396 1643 1418 ante
1661 1391 1696 1416 M.

900 1431 1069 1458 Marcellum:
1088 1440 1156 1466 quos
1167 1432 1253 1458 cives!
1270 1441 1338 1466 quos
1350 1431 1435 1458 virosi
1452 1432 1473 1456 si
1489 1428 1696 1458 duosconsules,

899 1469 1078 1496 amicissimos
1100 1469 1212 1504 patriae,
1235 1469 1316 1495 simul
1338 1478 1371 1495 ex
1386 1469 1459 1495 ltalia
1479 1468 1591 1499 eiectos,
1623 1467 1646 1492 si
1667 1466 1697 1492 L.

899 1506 1049 1538 Afranium,
1072 1516 1211 1533 summum
1227 1507 1337 1533 ducem:
1361 1507 1383 1532 si
1398 1506 1427 1532 P.
1442 1504 1594 1535 Lentulum,
1612 1504 1699 1530 civem

898 1553 984 1579 quum
1005 1545 1032 1571 in
1053 1545 1147 1570 ceteris
1167 1544 1257 1575 rebus,
1281 1549 1337 1571 tum
1359 1544 1386 1570 in
1403 1543 1489 1570 salute
1505 1551 1562 1568 mea
1579 1540 1700 1576 singula-

899 1590 969 1608 rem:
1001 1582 1024 1608 si
1040 1582 1181 1613 Bibulum,
1199 1582 1277 1608 euius
1298 1586 1338 1608 est
1353 1582 1380 1608 in
1396 1580 1590 1615 rempublicam
1606 1579 1700 1604 merito

899 1628 1006 1654 semper
1028 1619 1132 1646 laudata
1154 1620 1316 1646 constantia:
1349 1620 1371 1645 si
1394 1619 1422 1644 L.
1447 1618 1606 1647 Domitium,
1624 1624 1700 1650 prae-

900 1657 1098 1683 stantissimum
1110 1657 1211 1684 civem:
1235 1657 1382 1691 siAppium
1389 1655 1542 1685 Claudium,
1556 1655 1612 1689 pari
1624 1653 1701 1679 nobi-

900 1694 972 1721 litate
993 1699 1018 1721 et
1039 1694 1174 1721 voluntate
1191 1695 1356 1730 praeditum:
1379 1694 1402 1720 si
1419 1694 1448 1719 P.
1465 1693 1628 1727 Scipionem,
1646 1690 1700 1717 cla-

899 1733 1039 1759 rissimum
1065 1733 1154 1759 virum
1178 1733 1364 1767 maiorumque
1385 1739 1495 1757 suorum
1517 1728 1698 1757 simillimum,

899 1770 1053 1805 respublica
1074 1775 1162 1796 tenere
1183 1770 1328 1805 potuisset3
1360 1774 1429 1795 certe
1451 1768 1492 1794 liis
1512 1766 1701 1793 consularibus

900 1817 952 1834 non
963 1806 1541 1842 essetPompeianusdespiciendussenatus.
1558 1804 1700 1830 30.Utrum

900 1846 982 1881 igitur
1002 1846 1130 1880 aequius,
1153 1851 1244 1872 utrum
1265 1844 1363 1871 melius
1383 1843 1545 1878 reipublicae
1566 1841 1628 1871 suit,
1652 1840 1699 1866 Cn.

899 1883 1072 1918 Pompeium,
1095 1891 1128 1909 an
1148 1888 1277 1909 sectorem
1299 1882 1347 1909 Cn.
1369 1881 1489 1916 Pompeii
1510 1880 1600 1905 vivere
1620 1878 1702 1904 Anto-

900 1920 994 1947 nium‘?
1023 1920 1075 1953 Qui
1092 1929 1155 1947 vero
1170 1919 1312 1955 praetorii?
1332 1927 1447 1954 quorum
1465 1917 1588 1952 princeps
1603 1916 1638 1942 M.
1653 1914 1702 1942 Ca-

900 1963 934 1990 to,
948 1958 1074 1994 idemque
1085 1959 1206 1985 omnium
1218 1957 1340 1994 gentium
1353 1957 1449 1983 virtute
1463 1956 1596 1990 princeps.
1631 1952 1701 1985 Quid

900 1995 1019 2031 reliquos
1049 1995 1214 2022 clarissimos
1245 1995 1317 2021 viros
1342 1992 1568 2021 commemorem?
1611 1990 1701 2016 Nostis

900 2042 1003 2060 omnes.
1036 2034 1121 2069 Magis
1138 2042 1237 2064 vereor,
1252 2042 1284 2059 ne
1297 2032 1406 2068 longum
1419 2039 1461 2057 me
1473 2031 1498 2056 in
1510 2027 1700 2057 enumerando,

900 2079 981 2106 quam
1003 2079 1035 2097 ne
1046 2072 1181 2106 ingratum
1195 2071 1221 2097 in
1234 2069 1425 2105 praetereundo
1437 2068 1545 2103 putetis.
1567 2066 1618 2098 Qui
1630 2065 1702 2090 aedi-

902 2108 970 2135 licii!
1002 2109 1050 2143 qui
1071 2108 1222 2134 tribunieiil
1256 2108 1305 2142 qui
1327 2105 1486 2141 quaestorii!
1509 2104 1579 2136 Quid
1601 2101 1703 2129 multu?

901 2146 973 2172 Talis
988 2150 1141 2172 senatorum
1157 2150 1183 2172 et
1197 2145 1314 2180 dignitas
1330 2149 1355 2170 et
1372 2142 1517 2169 multitudo
1534 2141 1592 2171 suit,
1607 2145 1634 2166 ut
1647 2148 1702 2166 iun-

901 2192 953 2219 gna
969 2183 1140 2210 excusatione
1156 2191 1224 2217 opus
1238 2183 1270 2208 iis
1284 2182 1327 2212 sit,
1341 2181 1388 2215 qui
1401 2180 1445 2206 illa
1458 2180 1484 2206 in
1496 2184 1580 2205 eastra
1593 2187 1644 2204 non
1657 2185 1702 2202 ve-

902 2225 1008 2247 nerunt.
1044 2220 1102 2247 XV.
1126 2220 1202 2246 Nune
1213 2219 1314 2254 reliqua
1327 2217 1462 2244 attendite.
1490 2218 1586 2242 l'ielum
1601 2215 1702 2241 Cicero-

902 2267 957 2284 nem
968 2260 1057 2284 ducem
1067 2259 1202 2283 habuistis.
1239 2257 1278 2282 Eo
1291 2255 1418 2282 libentius
1428 2257 1516 2280 «lucem
1528 2253 1616 2282 audio,
1630 2251 1702 2286 quod

902 2299 972 2321 certo
983 2294 1028 2321 illo
1040 2294 1105 2320 dicit
1117 2294 1233 2320 invitus:
1254 2302 1314 2319 num
1325 2292 1359 2319 dc
1371 2292 1441 2318 victo
1452 2291 1518 2317 nihil
1532 2290 1630 2316 laboro.
1655 2288 1702 2314 Fu-

902 2337 960 2359 tum
981 2332 1053 2358 enim
1070 2340 1159 2357 meum
1181 2335 1229 2360 est,
1247 2331 1304 2356 sine
1320 2329 1457 2364 republica
1474 2336 1521 2354 nec
1538 2327 1607 2353 vinci
1625 2334 1703 2360 posse

903 2378 951 2396 nec
972 2369 1087 2395 vincere..
1138 2369 1315 2394 Macedonium
1337 2369 1442 2392 innuitis
1463 2367 1629 2391 wem-ilibus.
1671 2363 1703 2388 Et

902 2406 1013 2442 quidem
1030 2405 1102 2432 fratri
1120 2410 1173 2435 tuo,
1191 2405 1237 2440 qui
1256 2414 1269 2431 a
1282 2404 1359 2430 vobis
1371 2402 1437 2430 niliil
1449 2402 1601 2437 degenerat.
1615 2405 1702 2426 extor-

902 2445 999 2470 simus.
1041 2444 1154 2477 :lsi-icum
1167 2444 1327 2469 ‹wmmu'sisiis
1343 2442 1409 2467 l'aro
1421 2442 1458 2466 Ins
1469 2444 1551 2473 capto.
1582 2438 1628 2464 llic
1640 2446 1701 2463 eum

903 2482 932 2508 C.
947 2481 1025 2507 fratre
1037 2485 1113 2515 putat
1123 2489 1152 2506 se
1165 2479 1277 2515 litigare.
1301 2479 1329 2504 Ιιι
1342 2480 1446 2511 Syrium
1460 2477 1576 2502 Cassium
1589 2478 1700 2501 misistis.

903 2519 960 2545 Non
981 2519 1063 2552 igitur
1073 2518 1171 2547 sentis,
1196 2517 1258 2543 huic
1273 2525 1384 2542 emissae
1400 2514 1490 2541 orliem
1503 2519 1585 2540 terrae
1597 2517 1698 2547 patere:

903 2561 936 2586 to.
959 2561 1032 2582 extra
1054 2556 1217 2582 uuinitiones
1233 2559 1306 2584 tuus,
1325 2553 1469 2587 vestigium
1487 2551 1533 2578 ubi
1550 2551 1698 2585 imprimas,

903 2602 954 2619 non
977 2592 1092 2619 lmbere‘?
1127 2593 1233 2618 Cascam
1258 2593 1415 2617 tribmmtunt
1434 2598 1522 2622 florere
1541 2590 1612 2621 missi
1630 2590 1700 2613 estis.

903 2632 944 2657 31.
965 2630 1035 2663 Quid
1051 2629 1132 2665 ergo?
1161 2635 1190 2656 ut
1206 2628 1362 2657 Marullum,
1381 2632 1409 2654 ut
1425 2626 1574 2653 Caesetium
1591 2634 1603 2651 ιι
1621 2633 1701 2659 repu-

903 2667 971 2694 blieu
991 2676 1199 2697 removeremus,
1218 2675 1290 2695 eum,
1309 2674 1355 2700 per
1370 2673 1462 2700 quem,
1481 2668 1509 2690 ut
1526 2671 1612 2698 neque
1629 2662 1699 2688 idem

903 2705 951 2733 hoc
966 2705 1076 2742 posthac
1089 2713 1175 2740 neque
1187 2704 1270 2730 multu
1283 2702 1438 2729 huiusmodi
1450 2701 1569 2728 accidere
1581 2704 1698 2735 possent.
