1941 3052
200 142 246 167 272
769 145 810 169 2⁴.
847 144 880 168 M.

199 217 304 241 uorem,
330 217 354 238 et
375 212 504 238 Deliacam
523 217 547 238 et
567 212 743 242 Corinthiam,
768 212 872 238 tabulas
896 214 988 247 pictos.

198 249 276 275 etiam
296 250 396 282 urgenti
417 250 482 275 hene
502 249 574 279 sacti,
597 255 673 283 prout
687 249 850 275 Thermitani
875 250 991 276 hominis

200 285 336 312 rat-ulturos
351 286 481 316 sert-hant,
503 287 580 312 untia:
601 295 682 320 quae,
703 295 787 320 quum
802 291 872 312 esset
888 287 913 312 in
929 287 990 313 Asia

199 322 365 352 adolescens,
383 323 514 352 studiose,
537 328 564 348 ut
578 323 647 352 dixi,
668 324 850 357 coinparahut,
872 333 922 350 non
939 328 990 350 tam

200 369 263 385 suno
277 360 458 385 delectationis
472 369 579 389 caussa,
605 369 685 394 quam
705 360 736 386 tul
757 361 926 386 invitationes
945 361 991 386 ad-

202 401 349 431 ventusque
370 401 517 422 nostrorum
539 397 691 427 hominum,
717 398 862 424 nmivorum
881 407 990 424 suorum

199 439 278 468 atquc
301 434 446 468 hospitum.
487 435 528 459 84.
552 434 624 465 Quae
644 439 815 469 posteaquam
836 436 884 460 iste
903 436 990 461 omnia

200 470 323 498 abstulit.
341 471 390 496 alia
406 470 534 505 rogando,
550 470 600 496 alia
616 472 762 505 poscendo,
779 472 828 497 alia
843 472 989 498 sumendo:

201 507 445 537 l'erebatSthenius,
463 512 490 533 ut
505 512 618 542 poterat:
636 509 793 541 tangebatur
808 514 894 535 tamen
909 510 990 535 animi

199 544 288 571 dolore
303 545 460 574 necessario,
476 545 548 579 quod
559 545 667 571 domum
681 547 739 572 eius
749 550 901 572 exornatam
913 551 991 581 utque

201 583 354 608 instructam
375 581 427 607 lere
447 582 498 607 iam
518 583 566 608 iste
581 582 730 609 reddiderat
745 583 842 609 nudam
858 588 936 618 atque
951 584 993 610 in-

199 628 288 644 anem:
316 623 496 645 verumtamen
511 619 628 646 dolorem
644 629 725 646 suum
741 621 840 647 nemini
857 621 993 656 impertie-

200 657 255 681 bat:
281 656 408 690 praetoris
423 656 534 682 iniurias
550 658 638 688 tacite,
661 657 774 692 hospitis
789 657 891 692 placide
907 658 992 684 seren-

198 693 246 718 ‹las
261 693 446 719 arbitrabatur.
488 695 530 720 85.
547 695 645 720 lun-rea
661 695 710 721 iste
724 696 869 730 cupiditate
885 695 928 721 illa
943 704 991 721 sua

200 735 257 756 nota
272 734 351 764 atque
365 731 436 765 apud
451 739 543 757 omues
559 737 707 766 pervagata,
724 741 808 767 quum
821 733 898 767 signa
909 741 992 767 quae-

198 768 258 793 dam
274 767 452 802 pulcherrima
467 773 545 804 atque
559 770 747 804 antiquissima
762 771 884 796 Thermis
900 771 925 796 in
941 779 990 804 pu-

200 804 269 830 blico
283 805 368 839 posita
383 805 504 836 vidisset.
521 806 668 833 adamavit:
684 816 697 833 a
709 807 819 833 Sthenio
835 812 921 842 petere
932 816 992 833 coe-

200 842 245 876 pit,
263 847 291 868 ut
305 842 337 868 nd
352 851 380 868 ea
396 842 510 869 tollenda
523 852 630 878 operam
645 853 720 870 suam
734 845 898 879 proliteretur
909 854 991 880 seque

198 879 345 905 adiuvaret.
386 880 515 907 Sthenius
534 890 596 907 vero
615 890 666 908 non
689 881 776 908 solum
800 882 919 917 negavit,
943 882 990 908 sed

198 917 276 942 etiam
295 917 423 948 ostendit,
449 918 475 944 id
495 918 549 944 lieri
568 918 643 945 nullo
661 919 738 945 modo
753 928 847 954 posse,
873 924 901 945 ut
915 920 991 953 signa

198 954 399 988 antiquissima,
429 961 599 982 monumenta
624 956 651 982 P.
676 956 806 987 Africani,
835 965 867 983 ex
893 957 992 992 oppido

198 991 438 1022 Thermitanorum,
456 992 584 1019 incolumi
595 993 639 1019 illa
651 994 757 1020 civitate
768 995 934 1029 imperioque
945 1003 991 1029 po-

199 1027 254 1062 puli
271 1029 390 1059 Romani,
408 1029 568 1056 tollerentur.
609 1031 718 1057 XXXV.
735 1033 775 1058 86.
792 1032 896 1058 Etenim
913 1036 940 1058 ut
954 1032 992 1057 si-

199 1065 254 1092 mul
269 1065 298 1092 P.
315 1065 431 1092 Africani
449 1076 557 1102 quoque
576 1067 768 1095 humanitatem
787 1074 812 1095 et
831 1069 990 1104 aequitatem
1013 1092 1015 1100 ,

197 1104 372 1138 cognoscatis,
383 1105 513 1139 oppidum
521 1105 653 1131 Himeram
662 1106 895 1141 Karthaginienses
905 1115 992 1141 quon-

197 1139 258 1166 dam
273 1146 409 1175 ceperant,
429 1142 501 1176 quod
520 1142 605 1168 luerat
619 1143 644 1169 in
660 1144 754 1177 primis
769 1144 876 1170 Siciliae
889 1143 990 1170 clarum

197 1182 223 1203 et
235 1182 367 1204 ornatum.
409 1178 510 1213 Scipio,
531 1181 578 1214 qui
593 1180 642 1206 hoc
655 1181 768 1215 dignum
784 1181 883 1216 populo
896 1181 992 1207 Roma-

199 1223 232 1241 no
246 1215 430 1246 arbitrabatur,
448 1217 516 1243 bello
530 1216 647 1244 conlecto
661 1219 746 1245 socios
760 1227 807 1245 sua
819 1228 866 1253 per
876 1223 989 1245 nostram

198 1252 334 1278 victoriam
356 1261 524 1287 recuperare,
549 1254 648 1281 Siculis
665 1256 804 1288 omnihus,
830 1256 991 1291 Karthagine

198 1294 282 1324 capta,
299 1298 368 1324 quae
382 1291 476 1325 potuit,
494 1292 658 1318 restituenda
671 1294 784 1319 curavit.
824 1293 930 1319 Himera
944 1293 992 1319 de-

199 1326 257 1357 leta,
270 1335 338 1360 quos
348 1327 422 1353 cives
435 1327 497 1354 belli
509 1328 645 1355 calamitas
656 1329 773 1365 reliquos
785 1330 888 1362 fecerat,
901 1331 920 1356 ii
931 1339 991 1356 sese

198 1367 322 1393 Thermis
340 1367 501 1394 collocarant
517 1368 543 1393 in
559 1367 681 1393 eiusdem
697 1368 754 1401 agri
771 1368 885 1398 linibus,
904 1375 992 1402 neque

201 1404 278 1439 longe
293 1404 326 1431 ab
341 1404 442 1439 oppido
457 1404 578 1439 antiquo.
620 1405 650 1430 lli
662 1413 690 1430 se
702 1409 808 1439 patrum
821 1404 954 1431 fortunam
965 1413 996 1431 ac

200 1442 359 1477 dignitatem
375 1450 532 1476 recuperare
547 1441 758 1472 arbitrabantur.
776 1449 861 1476 quum
877 1442 923 1468 illa
939 1451 997 1469 ma-

197 1479 282 1504 iorum
296 1483 448 1505 ornamenta
464 1479 489 1505 in
504 1488 596 1506 eorum
611 1480 709 1514 oppido
720 1479 925 1506 collocabantur.
947 1480 989 1505 87.

196 1515 277 1541 Erant
293 1515 369 1551 signa
388 1524 421 1542 ex
439 1525 498 1542 aere
515 1516 667 1551 complura:
693 1517 719 1543 in
734 1517 777 1544 his
791 1517 857 1543 mira
871 1516 992 1551 pulchri-

197 1551 289 1578 tudine
302 1553 361 1587 ipsa
375 1553 493 1585 Himera,
510 1554 537 1580 in
552 1553 712 1580 muliebrem
727 1554 839 1590 figuram
854 1554 992 1580 habitum-

196 1597 249 1624 que
272 1588 397 1621 formata,
422 1599 455 1616 ex
476 1591 568 1625 oppidi
592 1592 700 1617 nomine
719 1596 745 1618 et
759 1591 888 1618 fluminis.
928 1591 991 1618 Erat

196 1626 276 1652 etiam
285 1626 429 1653 Stesichori
440 1632 532 1662 poetae
541 1632 629 1654 statua
640 1629 734 1655 senilis
748 1629 868 1659 incurva.
884 1637 946 1655 cum
959 1628 991 1654 li-

196 1664 252 1695 bro,
268 1672 384 1695 summo,
400 1669 430 1691 ut
443 1669 546 1699 putant,
562 1666 674 1692 artificio
684 1665 764 1698 facta;
780 1667 828 1701 qui
839 1665 991 1692 fuitliime-

196 1709 247 1732 rae,
264 1700 311 1727 sed
326 1705 352 1727 et
365 1705 405 1727 est
419 1706 444 1728 et
458 1701 509 1728 suit
523 1706 574 1729 tota
589 1702 698 1729 Graecia
713 1712 820 1729 summo
830 1707 938 1738 propter
949 1703 991 1729 in-

195 1738 305 1773 genium
324 1738 423 1765 honore
441 1743 467 1765 et
484 1740 602 1766 nomine.
642 1740 711 1766 Haec
728 1741 779 1767 iste
800 1740 834 1766 ad
856 1740 989 1767 insaniam

195 1775 394 1810 concupiverat.
434 1776 534 1807 Etiam,
550 1777 623 1812 quod
638 1786 721 1812 paene
735 1778 872 1812 praeterii,
888 1777 989 1812 capella

196 1812 329 1846 quaedam
341 1817 390 1844 est,
407 1821 435 1839 ea
450 1813 560 1848 quidem
575 1815 655 1845 mire,
672 1819 701 1841 ut
714 1815 794 1841 etiam
809 1823 866 1846 nOS,
881 1815 930 1850 qui
945 1823 990 1840 ru-

196 1849 243 1876 -Jes
259 1849 353 1876 harum
368 1858 458 1876 rerum
472 1859 582 1882 sumus,
598 1851 747 1887 intelligere
761 1852 907 1887 possimus,
924 1852 990 1878 scite

196 1886 262 1913 facta
277 1891 302 1912 et
316 1892 438 1914 venuste.
468 1888 538 1915 Haec
551 1893 577 1915 et
590 1888 641 1915 alia
655 1889 744 1924 Scipio
757 1898 809 1916 non
824 1889 990 1925 negligenter

196 1924 335 1955 abiecerat,
355 1929 384 1950 ut
399 1924 477 1951 homo
490 1925 644 1961 intelligens
658 1926 751 1953 Verres
765 1926 869 1953 auferre
884 1931 987 1961 posset,

195 1961 243 1988 sed
257 1961 436 1988 Thermitanis
450 1963 614 1989 restituerat:
635 1972 687 1990 non
700 1972 755 1999 quo
769 1964 826 1999 ipse
840 1963 930 1990 hortos
944 1968 990 1990 aut

195 1998 382 2025 suburbanum
397 2004 442 2025 aut
457 1999 544 2026 locum
557 2001 675 2031 omnino,
691 2001 738 2027 ubi
752 2010 782 2027 ea
794 2006 911 2036 poneret,
928 2001 990 2027 nul-

197 2035 252 2062 lum
266 2035 388 2067 haberet3
405 2037 452 2063 sed
467 2037 489 2063 si
503 2037 614 2064 domum
629 2038 793 2070 abstulisset,
810 2047 862 2065 non
873 2038 920 2065 diu
931 2038 990 2065 Sci-

195 2073 283 2107 pionis
296 2073 508 2108 appellarentur,
524 2075 572 2101 sed
586 2083 692 2106 eorum,
707 2075 740 2102 ad
754 2084 942 2111 quoscumque
956 2075 990 2101 il-

196 2110 248 2136 lius
262 2115 346 2137 morte
360 2111 511 2138 venissent:
532 2120 604 2138 nunc
618 2113 660 2138 his
676 2112 740 2139 locis
759 2114 844 2148 posita
863 2117 939 2143 sunt,
960 2117 989 2139 ut

195 2147 262 2174 mihi
280 2156 387 2182 semper
401 2148 534 2183 Scipionis
553 2149 607 2176 fore
625 2150 767 2176 videantur
784 2150 874 2186 itaque
897 2150 990 2176 dican-

194 2190 247 2211 tur.
268 2185 392 2212 XXXVI.
405 2187 447 2212 88.
462 2186 532 2213 Haec
544 2195 629 2221 quum
644 2187 694 2213 iste
707 2192 837 2222 posceret,
853 2191 990 2223 ageretur—

194 2230 247 2257 que
265 2231 295 2248 ea
313 2231 355 2248 res
373 2223 401 2249 in
420 2227 527 2255 senatu,
549 2224 677 2250 Sthenius
696 2225 934 2251 vehementissime
947 2233 990 2251 re-

194 2259 275 2292 stitit3
296 2259 448 2295 multaque,
468 2265 498 2287 ut
515 2261 542 2287 in
557 2262 652 2296 primis
667 2261 819 2288 Siculorum
833 2262 861 2288 in
875 2262 989 2288 dicendo

194 2297 318 2331 copiosus
329 2301 378 2329 est,
389 2299 622 2325 commemoravit:
638 2299 732 2325 urbem
743 2299 894 2334 relinquere
905 2300 989 2325 Ther—

195 2334 308 2360 mitanos
322 2343 381 2360 esse
396 2335 543 2366 honestius,
559 2344 641 2370 quam
655 2337 720 2371 pati,
737 2336 793 2362 tolli
808 2345 841 2363 ex
855 2337 921 2363 urbe
932 2345 989 2363 mo-

194 2375 322 2397 numenta
335 2372 480 2403 maiorum,
500 2372 586 2407 spolia
599 2373 732 2404 hostium,
752 2374 881 2400 beneficia
895 2373 990 2400 claris-

195 2408 255 2433 simi
271 2409 331 2440 viri,
347 2409 445 2435 indicia
459 2410 594 2436 societatis
604 2410 698 2446 populi
708 2411 821 2437 Romani
831 2415 912 2446 atque
921 2411 989 2437 ami-

194 2445 281 2471 citiae.
322 2446 453 2473 Commoti
467 2447 550 2473 animi
564 2452 628 2474 sunt
645 2448 781 2474 omnium:
806 2453 930 2482 repertus
947 2452 988 2474 est

195 2489 281 2512 nemo,
296 2483 363 2517 quin
378 2484 445 2510 mori
458 2484 559 2510 diceret
572 2485 657 2511 satius
671 2493 740 2511 esse.
771 2486 863 2520 Itaque
877 2485 927 2511 hoc
940 2485 989 2511 ad-

194 2518 247 2544 huc
260 2519 389 2553 oppidum
398 2521 494 2547 Verres
507 2521 611 2548 invenit
624 2530 706 2556 prope
719 2522 808 2548 solum
821 2523 849 2548 in
859 2522 923 2548 orbe
935 2527 988 2548 ter-

197 2563 298 2586 rarum,
323 2557 394 2582 unde
412 2557 480 2584 nihil
499 2559 633 2585 eiusmodi
651 2567 740 2584 rerum
758 2559 792 2585 de
809 2559 919 2594 publico
940 2567 988 2594 per

195 2592 263 2623 vim,
286 2593 353 2619 nihil
367 2594 482 2625 occulte,
503 2595 571 2621 nihil
585 2596 711 2630 imperio,
726 2595 795 2622 nihil
808 2596 902 2631 gratia.
918 2595 987 2622 nihil

194 2629 279 2663 pretio
296 2634 387 2664 posset
404 2630 517 2657 auferre.
557 2632 746 2658 Verumtamen
764 2632 844 2659 hasce
862 2633 921 2659 eius
939 2641 988 2659 cu-

195 2666 319 2700 piditates
337 2675 468 2701 exponam
486 2668 538 2695 alio
557 2668 626 2695 loco:
650 2678 723 2695 nune
740 2669 774 2695 ad
788 2669 930 2696 Sthenium
945 2678 987 2696 re-

916 143 944 169 Τ.
981 143 1255 169 (ΣΙΟΙΞΚΟΝΙΞ

1019 221 1022 240 r
1043 218 1139 239 vertar.
1177 215 1219 239 89.
1235 214 1326 248 ltaque
1341 214 1390 240 into
1405 215 1575 242 vehementer
1588 215 1699 243 Sthenio
1712 216 1834 243 infensus

1020 254 1022 284 l
1043 251 1189 285 hospitium
1204 251 1227 276 ei
1243 251 1389 277 renuntiat:
1405 251 1484 278 domo
1496 253 1555 278 eius
1569 253 1681 287 emigrat
1694 258 1774 289 atque
1787 253 1835 280 od-

1020 285 1022 322 '‚
1043 297 1074 313 eo
1087 288 1155 313 exit:
1173 297 1233 314 narn
1249 288 1299 313 iam
1314 293 1374 314 ante
1389 290 1523 323 migrarat.
1558 290 1626 316 Eum
1641 295 1729 316 autem
1744 291 1835 317 inimi-

1020 341 1022 347 .
1043 325 1145 350 vissimi
1160 325 1264 351 Sthenii
1279 324 1388 351 aloinum
1403 335 1479 352 suam
1495 327 1583 353 statim
1599 328 1722 357 invitant.
1739 333 1768 354 ut
1777 328 1836 354 ani-

1021 360 1022 366 *
1044 371 1117 387 mum
1141 362 1200 387 eius
1223 363 1249 388 in
1269 362 1410 389 Sthenium
1434 363 1640 394 inflammari-nt,
1667 365 1836 391 ementiendo

1021 404 1022 408 ¹
1043 399 1145 433 aliquid
1160 404 1185 425 et
1199 399 1374 425 criminando.
1415 400 1445 426 lli
1460 406 1548 427 autem
1562 407 1636 427 erant
1651 402 1752 428 inimici
1766 403 1834 437 Aga-

1020 445 1022 451 ¹
1044 436 1150 465 tliinua,
1171 436 1250 462 homo
1263 437 1376 466 nobilia.
1396 442 1421 463 et
1436 438 1594 467 Dorotheus.
1618 440 1665 473 qui
1681 439 1794 465 hahebat
1809 439 1834 466 in

1045 474 1212 499 matrimonio
1223 473 1406 503 Callidamam,
1423 475 1547 509 Agathini
1559 476 1617 501 eius
1629 476 1720 505 liliam,
1735 477 1769 502 de
1782 485 1835 511 qua

1045 511 1093 536 iste
1112 511 1241 536 audierat.
1283 512 1373 546 ltaque
1391 512 1423 537 ad
1438 521 1566 545 generum
1581 513 1706 547 Agathini
1721 515 1836 548 migrare

1045 547 1148 573 maluit.
1169 548 1223 574 Una
1240 557 1291 574 nox
1307 549 1499 579 intercesserat,
1514 558 1599 584 quum
1615 550 1664 576 iste
1675 551 1835 577 Dorotheum

1044 585 1082 610 sio
1100 585 1242 618 diligebat,
1265 590 1292 611 ut
1310 586 1426 616 diceres,
1446 587 1535 612 omnia
1550 587 1618 613 inter
1631 596 1676 613 eos
1691 596 1750 614 esse
1763 597 1835 615 com-

1021 619 1023 629 '
1044 622 1144 651 munia,
1157 623 1320 656 Agathinum
1333 624 1366 649 ita
1378 623 1545 653 observabat,
1563 628 1590 650 ut
1600 624 1717 659 aliquem
1727 624 1835 652 ets-nem

1020 675 1023 681 ·
1043 668 1072 685 ac
1087 660 1282 694 propinquum:
1303 665 1472 687 contemnere
1490 661 1569 687 etiam
1584 662 1693 696 signum
1708 661 1775 688 illud
1790 662 1836 688 lii—

1044 705 1131 722 merae
1146 697 1196 723 iam
1212 697 1365 727 videbatur,
1385 698 1457 732 quod
1476 707 1537 724 eum
1553 698 1637 724 multo
1651 699 1737 732 magis
1751 699 1835 734 ligura

1043 739 1068 759 et
1083 733 1241 760 lineamenta
1257 735 1376 769 hospitae
1385 735 1561 761 delectabant.
1584 735 1718 762 xxxvii.
1731 738 1773 762 90.
1785 737 1835 763 tta-

1020 790 1022 798 ,
1042 780 1095 806 que
1111 771 1207 797 hortari
1224 772 1345 798 homines
1359 773 1459 807 coepit,
1481 778 1509 798 ut
1522 772 1625 807 aliquid
1640 773 1751 800 Sthenio
1764 774 1836 808 peri-

1042 808 1096 834 culi
1115 813 1234 835 crearent
1247 810 1422 844 criminisque
1436 810 1626 845 contingerent.
1667 810 1794 837 Dicebant
1806 819 1835 837 ω

1044 845 1082 871 illi
1098 846 1164 872 nihil
1180 846 1276 872 habere
1301 847 1374 881 quod
1388 847 1516 873 dicerent.
1543 848 1610 873 Tum
1626 848 1675 873 iste
1689 847 1732 873 his
1745 852 1835 882 aperte

1042 883 1159 909 ostendit
1176 889 1202 909 et
1219 884 1398 914 confirmavit,
1420 893 1464 910 eos
1484 885 1510 910 in
1525 884 1680 915 Sthenium,
1700 885 1834 920 quidquid

1044 920 1155 951 vellent,
1176 921 1257 947 simul
1276 926 1356 956 atque
1374 921 1406 947 ad
1425 930 1454 947 se
1471 921 1645 951 detulissent,
1666 922 1833 956 probaturos.

1043 958 1079 983 lta
1095 957 1133 983 illi
1149 967 1199 984 non
1216 959 1422 992 procrastinant·
1443 959 1584 985 Sthenium
1598 959 1688 985 statim
1702 959 1833 986 educunt:

1020 998 1022 1022 l
1042 995 1118 1021 aiunt
1131 995 1164 1021 ab
1178 1004 1209 1021 eo
1224 995 1323 1021 litteras
1335 996 1457 1030 publicas
1468 1005 1528 1022 esse
1537 1001 1685 1030 corruptas.
1707 996 1835 1023 Sthenius

1044 1032 1172 1066 postulat,
1193 1038 1222 1059 ut
1239 1041 1323 1068 quum
1343 1042 1435 1059 secum
1454 1033 1496 1059 sui
1515 1033 1587 1059 cives
1601 1037 1680 1069 agant
1693 1033 1726 1059 de
1741 1033 1835 1060 titteris

1043 1069 1159 1104 publicis
1177 1071 1323 1105 corruptis,
1343 1071 1456 1105 eiusque
1475 1071 1512 1096 rei
1532 1070 1638 1106 legibus
1652 1070 1836 1097 Thermitano-

1043 1116 1101 1133 rum
1121 1108 1188 1133 actio
1206 1108 1254 1139 sit3
1279 1116 1364 1142 quum
1383 1112 1492 1134 senatus
1511 1107 1682 1142 populusque
1700 1108 1835 1134 Romanus

1043 1144 1234 1175 Thermitanis,
1255 1145 1327 1180 quod
1345 1154 1452 1180 semper
1470 1145 1496 1171 in
1510 1145 1625 1171 amicitia
1640 1145 1746 1180 [ideque
1760 1153 1836 1172 man-

1042 1182 1154 1212 sissent,
1180 1182 1287 1209 urbem.
1311 1191 1402 1217 agros,
1429 1182 1555 1218 legesque
1577 1191 1640 1208 suas
1659 1182 1833 1213 reddidisset;

1043 1218 1210 1254 Publiusque
1220 1219 1345 1254 Rupilius
1360 1224 1450 1254 postea
1466 1220 1538 1255 leges
1552 1220 1586 1246 ita
1598 1219 1697 1246 Siculis
1710 1228 1744 1246 ex
1757 1227 1835 1246 sena-

1044 1256 1211 1283 tusconsulto
1227 1256 1260 1282 de
1279 1256 1371 1283 decem
1391 1257 1536 1292 legatorum
1555 1257 1686 1282 sententia
1704 1255 1832 1286 dedisset,

1044 1298 1072 1319 ut
1085 1294 1158 1320 cives
1172 1294 1240 1320 inter
1254 1302 1313 1320 sese
1329 1294 1433 1329 legibus
1444 1294 1502 1320 suis
1512 1298 1634 1329 agerent,
1650 1293 1776 1328 idemque
1786 1293 1835 1320 hoc

1043 1330 1152 1357 haberet
1170 1331 1263 1358 Verres
1281 1331 1339 1365 ipse
1362 1332 1390 1357 in
1413 1331 1512 1357 edicto:
1541 1335 1571 1357 ut
1592 1330 1625 1357 de
1644 1331 1687 1357 his
1709 1330 1834 1358 omnibus

1042 1368 1147 1394 caussis
1161 1376 1190 1394 se
1203 1368 1237 1394 ad
1252 1367 1324 1403 leges
1338 1368 1468 1394 reiiceret.
1489 1370 1532 1394 9¹.
1547 1369 1609 1398 Iste,
1625 1368 1704 1394 homo
1713 1368 1834 1394 omnium

1042 1405 1225 1440 aequissimus
1239 1410 1319 1440 atque
1333 1414 1347 1432 a
1361 1405 1508 1440 cupiditate
1522 1406 1733 1436 remotissimus,
1748 1413 1778 1431 se
1790 1414 1835 1432 oo-

1041 1443 1180 1477 gniturum
1195 1451 1254 1469 esse
1268 1443 1418 1469 confirmat:
1435 1447 1556 1477 paratum
1567 1443 1600 1469 ad
1611 1451 1734 1469 caussam
1743 1442 1835 1469 dieen-

1042 1480 1104 1506 dam
1122 1480 1214 1506 venire
1232 1480 1294 1507 hora
1313 1489 1381 1507 nona
1399 1480 1484 1506 iubet.
1524 1481 1582 1506 Non
1600 1484 1656 1506 erat
1677 1480 1832 1509 obscurum,

1041 1517 1108 1552 quid
1127 1517 1207 1544 homo
1224 1517 1364 1552 improbus
1382 1526 1412 1544 ac
1429 1517 1548 1544 nefarius
1565 1517 1702 1553 cogitaret.
1742 1517 1834 1552 Neque

1041 1555 1112 1580 enim
1127 1555 1186 1589 ipse
1199 1555 1264 1581 satis
1278 1554 1435 1581 occultarat:
1456 1563 1505 1581 nec
1522 1554 1620 1581 mulier
1638 1559 1723 1581 tacere
1741 1558 1834 1589 potu&

1042 1596 1090 1618 rat.
1116 1591 1282 1618 Intellectum
1297 1597 1347 1623 est,
1362 1592 1390 1618 id
1403 1592 1486 1618 istum
1500 1600 1587 1627 agere,
1604 1596 1641 1622 ut,
1656 1600 1741 1626 quum
1755 1591 1835 1618 Sthe-

1042 1629 1118 1655 nium
1136 1629 1194 1655 sine
1213 1629 1268 1655 ullo
1285 1633 1443 1665 argumento
1460 1637 1490 1655 ac
1508 1629 1567 1655 sine
1585 1633 1651 1654 teste
1668 1628 1832 1656 damnasset.

1042 1670 1099 1692 tum
1114 1666 1193 1692 homo
1206 1666 1325 1693 nefarius
1338 1666 1372 1692 de
1386 1666 1493 1693 homine
1507 1665 1591 1692 nobili
1605 1670 1685 1700 atque
1699 1665 1727 1692 id
1740 1666 1834 1692 aetatis

1041 1711 1146 1738 suoque
1164 1703 1282 1738 hospite,
1303 1703 1386 1739 virgis
1404 1703 1568 1738 supplicium
1586 1702 1774 1729 crudelissime
1787 1711 1835 1729 su-

1041 1745 1133 1767 meret.
1167 1740 1243 1773 Quod
1257 1749 1342 1775 quum
1356 1745 1427 1766 esset
1440 1740 1623 1775 perspicuum,
1639 1740 1673 1766 de
1686 1741 1832 1766 amicorum

1042 1778 1234 1813 hospitumque
1247 1786 1358 1804 suorum
1370 1778 1500 1804 sententia
1511 1777 1634 1803 Thermis
1645 1777 1774 1804 Sthenius
1783 1777 1834 1803 no-

1041 1824 1112 1841 mam
1132 1815 1264 1851 profugit:
1290 1815 1372 1841 hiemi
1391 1823 1450 1841 sese
1469 1814 1650 1849 fluctibusque
1667 1814 1833 1841 committere

1041 1851 1144 1882 maluit,
1160 1861 1242 1887 quam
1257 1861 1308 1878 non
1323 1853 1402 1878 istam
1415 1860 1585 1878 communem
1600 1851 1752 1878 Siculorum
1767 1855 1834 1878 tem-

1041 1894 1170 1924 pestatem
1184 1889 1417 1924 calamitatemque
1431 1890 1524 1916 vitare.
1562 1889 1709 1915 xxxvul.
1724 1889 1766 1915 92.
1781 1889 1833 1915 Iste

1042 1927 1120 1953 homo
1133 1931 1222 1953 certus
1236 1931 1262 1953 et
1275 1927 1391 1962 diligens
1405 1926 1438 1953 ad
1453 1927 1544 1953 horam
1558 1934 1655 1952 nonam
1666 1930 1772 1961 praesto
1781 1931 1831 1952 est.

1018 1965 1020 1986 ὲ
1041 1964 1183 1991 Sthenium
1197 1964 1272 1990 citari
1286 1964 1370 1990 iubet.
1407 1964 1492 1996 Quem
1508 1968 1680 1998 posteaquam
1695 1962 1768 1989 videt
1780 1971 1832 1990 non

1040 2001 1148 2032 adesse,
1169 2001 1259 2028 dolore
1278 2001 1370 2027 ardere
1384 2005 1464 2036 atque
1477 2000 1615 2027 iracundia
1630 2000 1718 2027 furere
1730 2000 1830 2035 coepit:

1040 2039 1165 2065 Venerios
1184 2039 1212 2065 in
1229 2038 1340 2065 domum
1355 2038 1459 2065 Sthenii
1473 2038 1591 2064 mittere:
1614 2038 1718 2072 equites
1731 2037 1831 2063 circum

1039 2084 1118 2111 agros
1136 2076 1195 2102 eius
1213 2075 1347 2110 villasque
1365 2075 1508 2102 dimittere.
1548 2075 1640 2109 ltaque
1657 2074 1723 2101 dum
1736 2083 1833 2109 exspe-

1039 2117 1101 2143 ctat,
1116 2113 1246 2148 quidnam
1260 2113 1313 2139 sibi
1326 2113 1391 2139 certi
1405 2112 1537 2142 afferatur,
1552 2116 1612 2138 ante
1626 2112 1718 2138 horam
1729 2112 1831 2138 tertiam

1040 2150 1125 2177 noctis
1139 2150 1172 2176 de
1187 2150 1243 2177 soro
1256 2158 1308 2177 non
1322 2150 1446 2177 discedit.
1485 2149 1616 2176 Postridie
1629 2157 1708 2175 mane
1720 2148 1832 2175 descen-

1040 2188 1092 2214 dit:
1108 2187 1273 2223 Agathinum
1287 2187 1321 2213 ad
1335 2196 1395 2213 sese
1409 2191 1499 2214 vocat:
1514 2187 1598 2217 iubet.
1614 2194 1676 2213 eum
1689 2185 1724 2212 de
1737 2185 1831 2212 litteris

1039 2224 1157 2260 publicis
1170 2225 1199 2251 in
1212 2225 1351 2251 absentem
1365 2224 1508 2251 Sthenium
1521 2224 1619 2250 dicere.
1639 2223 1703 2249 Erat
1715 2222 1832 2249 eiusmo-

1039 2263 1067 2289 di
1085 2270 1194 2293 eaussa,
1220 2266 1250 2288 ut
1266 2261 1313 2288 ille
1330 2270 1365 2288 ne
1382 2262 1441 2288 sine
1457 2261 1611 2287 adversario
1626 2259 1738 2295 quidem
1759 2260 1832 2295 apud

1039 2299 1180 2325 inimicum
1193 2299 1311 2325 iudicem
1325 2299 1441 2334 reperire
1454 2302 1545 2333 posset
1557 2297 1623 2332 quid
1638 2297 1747 2323 diceret.
1787 2298 1829 2323 9³.

1040 2337 1131 2371 ltaque
1145 2340 1248 2363 tantum
1262 2336 1345 2363 verbo
1357 2336 1457 2371 posuit,
1473 2334 1613 2362 Sacerdote
1623 2338 1743 2369 praetore
1753 2333 1832 2360 Sthe-

1039 2374 1115 2400 nium
1131 2373 1231 2400 litteras
1245 2373 1368 2408 publicas
1381 2373 1543 2408 corrupisse.
1569 2371 1619 2398 Vix
1632 2370 1678 2397 ille
1692 2371 1742 2398 hoc
1754 2370 1832 2397 dixe-

1039 2415 1091 2442 rat,
1111 2419 1197 2446 quum
1210 2411 1262 2437 iste
1276 2411 1444 2446 pronuntiat,
1463 2417 1612 2436 srussiuu
1625 2417 1766 2434 tineus
1780 2417 1831 2435 ro-

1039 2457 1141 2474 eticas
1154 2457 1334 2474 continuisse
1349 2455 1464 2473 vuum:
1489 2446 1593 2472 ethaeo
1606 2450 1740 2480 praeterea
1754 2445 1831 2472 addi-

1039 2485 1079 2511 dit
1093 2485 1172 2512 homo
1186 2485 1330 2515 Venerius.
1350 2492 1420 2511 novo
1432 2483 1524 2514 modo,
1548 2482 1624 2509 nullo
1637 2482 1774 2517 exemplo,
1797 2491 1830 2509 οι

1038 2531 1096 2548 sau
1119 2531 1177 2548 ιιειι
1201 2531 1251 2548 a-s
1272 2529 1472 2552 quinceu-ries
1494 2529 1604 2546 ventu
1626 2528 1775 2546 sarcinae
1793 2528 1829 2545 m:

1039 2568 1157 2585 srnsnn
1184 2568 1267 2585 nonis
1292 2567 1484 2584 axae-runnu:
1511 2557 1635 2592 bonaque
1657 2557 1716 2583 eius
1739 2556 1829 2582 statim

1037 2597 1125 2631 coepit
1146 2596 1276 2622 vendere:
1300 2599 1327 2622 et
1343 2594 1523 2625 vendidisset,
1546 2594 1571 2620 si
1588 2593 1722 2620 tantulum
1740 2601 1829 2620 morae

1038 2632 1142 2663 suisset,
1157 2641 1213 2668 quo
1226 2633 1316 2659 minus
1329 2632 1355 2658 ei
1367 2632 1480 2666 pecunia
1493 2631 1540 2658 illa
1553 2635 1747 2658 numeraretur.
1784 2631 1827 2656 94.

1038 2670 1073 2696 Ea
1087 2675 1261 2705 posteaquam
1276 2673 1413 2695 numerata
1427 2673 1480 2694 est.
1500 2673 1641 2695 contentus
1660 2668 1710 2694 hac
1726 2667 1826 2702 iniqui-
