1941 3052
247 136 296 162 DE
329 134 512 161 FINIBUS
542 128 844 162 BONORUM'ET
874 134 1097 161 MALORUM
1128 135 1208 161 LIB.
1240 135 1292 160 111.
1320 134 1412 160 CAP.
1435 136 1551 161 3—6.

81 217 133 235 non
147 211 250 234 rectum
265 206 463 240 honestumque
475 206 522 236 sit,
536 206 703 241 reliquarum
715 214 805 232 rerum
816 205 874 232 dis-

80 246 182 272 crimen
193 251 271 270 omne
283 242 404 270 tollenti?
432 243 460 269 Si
471 243 596 278 quidem,
619 244 720 278 inquit,
737 243 871 270 tollerem:

79 283 127 309 sed
151 281 284 315 relinquo.
327 282 365 307 ⁴4.
387 280 508 312 Quonam
524 280 616 311 modo,
639 281 764 315 inquam,
781 281 805 306 si
821 289 874 307 una

81 320 176 350 virtus,
188 327 273 345 unum
285 317 367 349 istud,
380 318 453 352 quod
468 318 610 344 honestum
622 317 751 352 appellas,
760 322 871 348 rectum,

81 356 225 387 laudabile,
239 355 366 381 decorum
373 370 408 374 —
415 356 465 381 erit
474 356 546 381 enim
554 356 643 381 notius
649 355 729 389 quale
735 356 778 382 sit.
787 354 875 389 pluri-

79 394 132 421 bus
139 398 258 420 notatum
270 392 410 419 vocabulis
427 392 499 418 idem
510 392 788 419 declarantibus—id
799 401 871 427 ergo,

81 432 201 466 inquam,
214 431 238 456 si
249 430 337 456 solum
349 434 389 456 est
399 430 510 461 bonum,
524 429 591 464 quid
603 430 715 456 habebis
727 434 872 464 praeterea,

80 468 153 503 quod
168 467 300 502 sequare‘?
319 472 377 498 aut,
395 468 418 493 si
430 467 498 493 nihil
510 467 625 497 malum,
639 468 692 493 nisi
703 467 776 501 quod
787 471 872 500 turpe,

80 505 267 536 inhonestum,
290 504 461 535 indecorum,
478 513 606 539 pravum,
625 503 800 539 flagitiosum,
819 503 875 530 l'oe-

80 542 147 569 dum
155 563 161 574 ,
178 542 217 577 (ut
233 542 283 568 hoc
294 551 401 577 quoque
412 542 538 576 pluribus
549 542 705 568 nominibus
717 542 823 576 insigne
836 540 875 567 sa-

80 580 184 606 ciamus
193 580 210 614 z)
230 579 297 614 quid
309 584 444 614 praeterea
455 579 530 605 dices
541 588 600 605 esse
612 578 790 614 fugiendum?>
817 579 874 604 Non

80 617 223 653 ignoranti,
238 617 334 651 inquit,
348 617 407 648 tibi,
420 616 488 651 quid
501 617 552 643 sim
564 616 695 647 dicturus,
704 616 751 642 sed
758 615 872 650 aliquid,

80 659 110 681 ut
132 663 181 689 ego
196 655 332 688 suspicor,
350 663 384 680 ex
398 662 457 680 mea
473 654 550 680 brevi
564 654 737 688 responsione
758 654 875 687 arripere

79 692 214 726 cupienti,
232 700 284 717 non
296 691 464 725 respondebo
475 691 508 717 ad
521 691 642 726 singula:
674 690 815 725 explicabo
827 698 875 724 po—

81 729 143 759 tius,
157 729 285 763 quoniam
295 729 373 755 otiosi
385 737 489 759 sumus,
503 729 557 754 nisi
568 728 686 754 alienum
698 733 785 762 putas,
794 732 874 753 totam

80 767 194 792 Zenonis
214 766 417 800 Stoicorumque
433 766 602 792 sententiam.
643 765 754 791 Minime
770 764 797 790 id
812 765 875 799 qui—

80 803 152 834 dem,
165 804 286 838 inquam,
299 803 432 829 alienum:
450 802 875 837 multumqueadea,quaequae-

79 841 166 868 rimus
180 841 324 875 explicatio
338 845 382 866 tua
398 840 448 866 ista
459 839 611 874 profecerit.
645 841 683 866 ¹5.
696 840 875 874 Experiamur

81 879 177 914 igitur,
194 878 291 912 inquit,
308 878 359 904 etsi
371 877 451 903 habet
462 877 527 903 haec
538 877 687 903 stoicorum
698 878 764 903 ratio
775 876 875 902 diffici-

81 914 134 942 lius
154 915 285 950 quiddam
305 919 331 941 et
348 914 502 941 obscurius.
542 915 610 940 Nam
628 923 713 949 quum
730 915 757 940 in
773 914 875 941 Graeco

79 961 203 979 sermone
218 952 284 979 haec
298 952 357 986 ipsa
367 951 503 987 quondam
516 960 605 978 rerum
617 952 724 978 nomina
737 951 875 978 novaban—

79 994 131 1020 tur,
144 998 212 1024 quae
224 998 295 1015 nunc
306 989 473 1016 consuetudo
483 989 611 1016 diuturna
623 989 710 1015 trivit:
733 989 801 1024 quid
812 997 876 1015 cen-

79 1035 123 1053 ses
135 1028 163 1053 in
174 1027 267 1053 Latino
279 1026 352 1053 fore?
372 1026 535 1053 Faciendum
543 1026 570 1052 id
577 1026 688 1061 quidem
694 1031 743 1058 est,
752 1027 873 1061 inquam.

79 1064 108 1091 Si
124 1065 196 1090 enim
211 1065 310 1090 Zenoni
327 1063 416 1095 licuit,
430 1072 515 1099 quum
526 1072 583 1090 rem
595 1063 714 1098 aliquam
726 1064 876 1091 invenisset

80 1102 245 1133 inusitatam,
258 1101 411 1128 inauditum
422 1110 530 1136 quoque
541 1102 565 1127 ei
574 1102 611 1127 rei
620 1110 716 1128 nomen
724 1103 871 1136 imponere,

79 1147 128 1166 eur
142 1148 195 1166 non
212 1139 290 1166 liceat
300 1138 411 1166 Catoni?
443 1140 496 1165 Nec
508 1143 596 1165 tamen
607 1139 725 1173 exprimi
736 1139 850 1165 verbum
861 1147 875 1165 e

80 1176 162 1203 verbo
185 1185 295 1203 necesse
316 1177 379 1206 erit,
405 1181 434 1203 ut
455 1177 613 1211 interpretes
634 1176 757 1203 indiserti
778 1176 873 1207 solent,

78 1223 165 1249 quum
183 1214 218 1240 sit
229 1214 356 1244 verbum,
374 1213 446 1248 quod
458 1213 529 1240 idem
540 1213 669 1244 declaret,
693 1215 779 1249 magis
792 1215 876 1240 usita-

80 1256 148 1278 tum.
170 1251 304 1286 Equidem
316 1250 388 1277 soleo
399 1251 488 1282 etiam,
502 1251 574 1286 quod
586 1260 639 1277 uno
651 1251 755 1282 Graeci,
769 1251 876 1277 sialiter

79 1298 132 1315 non
143 1297 268 1323 possum,
295 1288 366 1314 idem
378 1288 504 1323 pluribus
516 1288 607 1315 verbis
618 1297 766 1323 exponere:
800 1294 826 1315 et
836 1293 875 1315 ta-

79 1335 141 1353 men
161 1331 225 1360 puto
244 1325 355 1352 concedi
376 1326 454 1352 nobis
475 1330 608 1360 oportere,
633 1330 662 1351 ut
676 1326 777 1353 Graeco
793 1326 875 1352 verbo

79 1368 200 1394 utamur,
225 1364 249 1389 si
265 1363 372 1398 quando
387 1364 478 1389 minus
492 1368 613 1390 occurret
624 1363 762 1395 Latinum,
781 1372 813 1390 ne
825 1363 875 1390 hoc

79 1403 205 1435 ephippiis
219 1405 245 1427 et
255 1403 434 1434 acratophoris
445 1401 534 1435 potius
542 1421 548 1431 ,
571 1409 653 1435 quam
665 1402 839 1437 προηγμείιοι,1
850 1405 875 1427 et

79 1438 309 1474 ἀποπροηγμένοις
319 1437 493 1464 concedatur:
506 1447 672 1473 quamquam
685 1438 750 1464 haee
761 1438 873 1473 quidem

76 1478 226 1510 praeposita
237 1480 307 1502 recte
318 1480 344 1501 et
355 1478 448 1501 reiecta
459 1475 549 1502 dicere
562 1475 662 1502 licebit.
697 1477 736 1502 46.
752 1476 822 1502 Bene
835 1475 874 1502 sa-

79 1513 132 1544 cis,
146 1513 248 1547 inquit,
261 1512 335 1547 quod
346 1521 388 1538 me
400 1512 526 1539 adiuvas:
558 1517 584 1539 et
596 1513 654 1540 istis
665 1513 790 1548 quidem,
804 1522 874 1548 quae

80 1550 159 1577 modo
169 1550 272 1581 dixisti,
287 1550 560 1584 utarpotiusLatinis,
580 1551 871 1582 inceterissubvenies,

79 1589 103 1614 si
119 1596 161 1614 me
178 1588 330 1614 haerentem
347 1587 463 1614 videbis.
503 1587 611 1619 Sedulo,
626 1588 751 1623 inquam,
765 1587 872 1615 faciam.

80 1625 133 1652 Sed
156 1624 261 1651 fortuna
282 1624 376 1651 sortes:
411 1633 494 1660 quare
515 1634 609 1652 conare
618 1646 624 1656 ,
650 1634 761 1660 quaeso.
802 1625 873 1658 Quid

79 1664 152 1690 enim
164 1662 214 1688 hoc
225 1671 371 1696 possumus
381 1671 459 1697 agere
469 1662 610 1689 divinius?

134 1700 166 1726 V.
186 1699 274 1726 Placet
288 1699 344 1730 his,
363 1700 460 1734 inquit,
480 1709 597 1735 quorum
609 1700 675 1726 ratio
691 1699 759 1726 mihi
777 1700 875 1735 proba-

79 1743 135 1768 tur,
153 1736 316 1771 simulatque
329 1742 419 1764 natum
435 1738 469 1764 sit
480 1738 593 1769 animal,
611 1737 685 1773 (hinc
697 1738 768 1764 enim
781 1743 822 1765 est
831 1747 875 1765 or—

79 1774 231 1809 diendum,)
252 1774 342 1809 ipsum
358 1775 412 1800 sibi
423 1775 560 1801 conciliari
572 1780 597 1802 ct
607 1775 791 1802 commendari
803 1776 835 1802 ad
846 1784 874 1802 se

79 1811 308 1842 conservandum.
326 1816 352 1838 et
367 1811 399 1838 ad
411 1821 492 1838 suum
503 1817 602 1839 statum
618 1821 716 1848 eaque,
731 1821 799 1848 quae
811 1822 875 1840 con—

79 1849 214 1875 servantia
235 1853 298 1875 sunt
317 1849 377 1875 eius
400 1854 498 1881 status,
515 1850 667 1885 diligenda:
700 1850 811 1877 alienari
826 1860 875 1877 au-

79 1891 133 1913 tem
148 1886 181 1912 ab
194 1886 302 1912 interitu
316 1886 404 1921 iisque
418 1886 513 1918 rebus,
530 1896 600 1921 quae
612 1888 750 1914 interitum
762 1888 876 1915 videan-

80 1928 123 1950 tur
138 1923 240 1950 afferre.
281 1922 309 1949 ld
330 1924 366 1950 ita
377 1932 436 1950 esse
448 1924 487 1950 sic
497 1924 623 1958 probant,
637 1924 710 1959 quod
722 1930 781 1952 ante
793 1934 874 1960 quam

82 1959 204 1994 voluptas
225 1964 271 1987 aut
290 1959 365 1987 dolor
380 1961 510 1995 attigerit,
527 1961 655 1988 salutaria
671 1967 798 1996 appetant
814 1972 876 1997 par·
897 1976 898 1980 =

80 1998 122 2028 vi,
144 2001 374 2032 aspernenturque
385 1998 525 2024 contraria.
566 1998 642 2030 Quod
655 2000 803 2031 nonlieret,
823 2001 875 2026 nisi

79 2040 179 2062 statum
200 2043 282 2061 suum
297 2034 454 2070 diligerent,
478 2033 614 2062 interitum
631 2036 764 2063 timerent.
806 2037 875 2063 Fieri

79 2077 169 2099 autem
182 2080 234 2098 non
246 2076 348 2106 posset,
363 2077 391 2098 ut
402 2077 557 2106 appeterent
568 2072 686 2107 aliquid,
700 2073 752 2099 nisi
765 2082 876 2100 sensum

80 2109 210 2136 haberent
221 2109 277 2140 sui,
290 2117 375 2144 eoque
387 2118 415 2135 se
427 2114 452 2136 et
465 2118 513 2136 sua
524 2109 678 2145 diligerent.
718 2111 759 2137 Ex
769 2120 823 2145 quo
835 2112 877 2138 in-

80 2146 166 2182 telligi
177 2146 270 2176 debet,
291 2147 456 2181 principium
468 2147 580 2174 ductum
590 2156 648 2173 esse
660 2156 673 2173 a
685 2156 714 2173 se
725 2147 874 2183 diligendo.
897 2177 898 2183 ¹

82 2185 122 2210 ⁴7.
145 2185 173 2210 ln
195 2184 337 2218 principiis
358 2188 447 2210 autem
467 2184 636 2211 naturalibus
656 2184 778 2220 plerique
794 2186 875 2211 Stoici

80 2230 132 2248 non
148 2226 243 2256 putant
259 2221 422 2255 voluptatem
438 2229 496 2247 esse
508 2222 670 2256 ponendam.

80 2259 254 2285 veliementer
265 2259 409 2284 assentior:
442 2267 488 2289 ne,
510 2259 533 2285 si
547 2258 709 2294 voluptatem
722 2264 815 2286 natura
828 2269 876 2294 po-

79 2296 168 2322 suisse
181 2296 207 2322 in
221 2296 253 2322 iis
266 2295 347 2322 rebus
360 2295 490 2326 videatur,
504 2304 573 2330 quae
585 2297 687 2331 primae
701 2302 873 2331 appetuntur,

79 2333 164 2360 multa
177 2334 264 2368 turpia
276 2337 433 2367 sequantur.
469 2333 539 2359 Satis
550 2342 609 2359 esse
622 2338 710 2360 autem
722 2335 874 2369 argumenti

80 2370 201 2402 videtur,
236 2370 413 2405 quamobrem
438 2369 496 2401 illa,
525 2379 594 2405 quae
615 2371 700 2405 prima
721 2376 784 2398 sunt
805 2372 874 2398 asci-

79 2412 104 2434 ta
124 2412 232 2439 natura,
254 2407 415 2443 diligamus,
442 2407 514 2442 quod
530 2412 570 2434 est
581 2416 672 2438 nemo,
691 2409 771 2442 (luia,
788 2417 873 2442 quum

79 2445 215 2471 utrumvis
232 2444 321 2476 liceat,
345 2450 418 2479 aptas
432 2444 506 2471 malit
516 2449 542 2471 et
553 2445 668 2480 integrus
679 2454 772 2471 omues
787 2450 874 2479 partes
894 2478 897 2485 >

79 2483 212 2516 corporis,
235 2491 317 2517 quam
338 2482 432 2509 eodem
454 2490 504 2508 usu
527 2482 682 2508 imminutas
698 2487 743 2508 aut
757 2482 873 2508 detortas

81 2519 189 2546 habere.
229 2519 328 2546 Rerum
344 2524 433 2546 autem
445 2519 625 2554 cognitiones,
656 2519 734 2553 (quas
747 2519 787 2545 vel
799 2528 873 2545 eom-

79 2556 271 2591 prehensioncs
288 2556 330 2583 vel
346 2557 531 2592 perceptiones
549 2555 603 2586 vel,
624 2556 647 2582 si
660 2556 723 2582 haec
736 2556 816 2582 verbu
828 2561 874 2583 aut

80 2593 170 2619 minus
194 2593 300 2628 placent
320 2599 366 2620 aut
384 2595 475 2620 minus
491 2593 692 2627 intelliguntur,
717 2593 873 2628 κιιιιιλήψεις

79 2630 248 2665 appellemus
269 2630 355 2666 licetz)
389 2631 437 2657 lias
457 2631 540 2666 igitur
556 2631 628 2665 ipsas
644 2635 751 2665 propter
763 2639 792 2656 se
803 2631 873 2657 asci-

79 2667 192 2695 scendus
216 2667 390 2700 arbitramur,
416 2668 489 2704 quod
510 2667 625 2694 habeant
644 2667 774 2703 quiddam
796 2668 822 2694 in
843 2676 872 2695 so

710 2222 816 2254 Quibus
827 2232 876 2257 ego
897 2223 899 2230 ’

1654 137 1717 161 4019

926 206 1004 240 quasi
1024 205 1196 240 complexum
1212 210 1238 232 et
1247 206 1386 232 continens
1398 206 1548 232 veritatem.
1589 205 1617 231 Id
1629 210 1719 232 autem

926 244 953 269 in
973 244 1063 277 parvis
1080 243 1194 278 intelligi
1211 247 1309 277 potest3
1341 252 1409 278 quos
1425 243 1551 269 delectari
1566 243 1717 273 videamus,

926 281 1006 306 etiam
1026 281 1050 306 si
1070 289 1163 307 eorum
1178 280 1247 306 nihil
1263 281 1380 311 intersit,
1399 281 1423 306 si
1439 280 1506 315 quid
1521 281 1622 307 ratione
1633 288 1720 315 perse

927 318 979 352 ipsi
1000 318 1170 344 invenerunt.
1213 319 1252 343 ⁴8.
1274 318 1350 344 Artes
1370 319 1449 344 etiam
1471 318 1544 352 ipsas
1564 322 1673 352 propter
1691 325 1721 343 se

925 355 1101 381 assumendas
1113 360 1252 389 putamus;
1280 359 1337 381 tum
1347 355 1411 389 quia
1421 355 1494 381 sitin
1507 355 1549 381 his
1560 354 1663 389 aliquid
1678 354 1721 380 di-

927 401 1012 427 gnum
1023 393 1217 426 assumptione,
1234 397 1292 418 tum
1303 392 1376 427 quod
1387 397 1508 419 constent
1519 401 1553 418 ex
1559 392 1721 427 cognitioni-

925 430 991 460 bus,
1009 434 1035 456 et
1050 430 1202 456 contineant
1212 429 1343 464 quiddam
1354 430 1382 456 in
1393 438 1421 456 se
1433 430 1534 456 ratione
1545 430 1720 456 constitutum

926 472 951 493 et
963 467 1016 492 via.
1056 467 1078 493 A
1100 466 1165 492 salsa
1181 471 1269 493 autem
1286 467 1441 493 assensione
1459 468 1546 503 magis
1561 476 1609 493 nos
1620 466 1722 492 aliena-

926 509 965 530 tos
975 512 1048 535 esse,
1073 513 1154 538 quam
1171 514 1185 530 a
1200 505 1296 530 ceteris
1308 504 1402 535 rebus,
1419 513 1487 539 quae
1499 509 1562 530 sunt
1572 509 1662 530 contra
1673 512 1722 530 na-

926 546 1027 572 turam,
1046 541 1218 568 arbitrantur.
1259 543 1314 567 Iam
1332 542 1528 572 membrorum,
1547 541 1575 567 id
1589 546 1641 572 est,
1659 550 1721 575 par-

927 580 993 605 tium
1015 579 1142 613 corporis,
1166 578 1216 605 alia
1229 579 1355 605 videntur
1375 584 1482 614 propter
1502 587 1595 605 corum
1611 587 1692 604 usum
1707 587 1721 604 a

926 621 1020 642 natura
1035 624 1094 641 esse
1110 616 1220 647 donata,
1239 621 1267 642 ut
1282 625 1392 647 manus,
1413 625 1504 646 crura,
1522 616 1620 650 pedes,
1640 620 1668 642 ut
1679 624 1718 646 ea,

903 676 904 681 ,
926 662 994 687 quae
1015 658 1079 679 sunt
1100 653 1172 680 intus
1189 654 1215 679 in
1231 662 1354 688 corpore,
1372 662 1487 688 quorum
1504 653 1605 679 utilitas
1621 657 1721 687 quanta

926 691 970 720 sit,
984 699 997 716 a
1010 690 1123 716 medicis
1135 692 1214 717 etiam
1226 690 1394 725 disputatur:
1413 690 1463 716 alia
1476 696 1565 717 autem
1578 690 1679 716 nullam
1686 690 1721 716 ob

926 727 1082 757 utilitatem,
1096 729 1174 762 quasi
1185 728 1218 754 ad
1229 728 1374 762 quemdam
1386 733 1523 757 ornatum,
1539 733 1566 753 ut
1577 727 1661 753 cauda
1674 736 1721 762 pa-

926 765 1003 795 voni,
1026 764 1134 799 plumae
1153 765 1328 791 versicolores
1339 765 1487 796 columbis,
1511 766 1577 790 viris
1589 773 1721 790 mammae

926 806 1005 836 atque
1026 802 1120 828 barba.
1162 804 1202 828 49.
1227 803 1296 828 Haec
1315 802 1443 828 dicuntur
1457 802 1567 828 fortasse
1586 803 1719 828 ieiunius:

925 844 989 865 sunt
1008 840 1080 865 enim
1100 840 1178 874 quasi
1199 841 1286 874 prima
1306 839 1437 866 elementa
1459 844 1580 871 naturae,
1620 839 1722 873 quibus

926 876 1035 903 ubertas
1055 877 1183 903 orationis
1203 877 1327 903 adhiberi
1344 877 1391 903 vix
1407 881 1506 911 potest,
1529 884 1577 902 nec
1593 876 1721 911 equidem

926 923 986 940 eam
1004 915 1092 949 cogito
1108 915 1269 941 consectari:
1301 919 1487 940 verumtamen
1499 922 1584 948 quum
1597 913 1629 939 de
1641 913 1722 939 rebus

926 951 1117 987 grandioribus
1147 952 1235 983 dicas,
1267 952 1341 986 ipsae
1362 960 1404 977 res
1426 951 1507 977 verba
1528 952 1645 985 rapiunt.
1686 951 1722 976 lta

928 990 956 1016 fit
984 998 1070 1024 quum
1099 990 1220 1025 gravior,
1254 993 1309 1015 tum
1339 989 1419 1015 etiam
1441 988 1609 1023 splendidior
1628 989 1721 1014 oratio.

926 1027 986 1057 Est,
1000 1031 1029 1053 ut
1040 1026 1122 1057 dicis,
1141 1027 1263 1062 inquam.
1303 1026 1355 1052 Sed
1367 1030 1455 1052 tamen
1466 1034 1554 1054 omne,
1567 1025 1639 1060 quod
1651 1025 1684 1051 de
1696 1034 1722 1051 re

927 1064 995 1090 bona
1014 1064 1134 1090 dilucide
1154 1064 1267 1095 dicitur,
1291 1063 1361 1090 mihi
1380 1063 1515 1098 praeclare
1535 1062 1589 1088 dici
1605 1062 1721 1089 videtur.

926 1101 1081 1128 Istiusmodi
1114 1107 1204 1128 autem
1232 1110 1274 1128 res
1302 1101 1391 1127 dicere
1412 1106 1502 1127 ornate
1525 1100 1595 1126 velle
1619 1099 1723 1134 puerile

927 1144 980 1165 est:
1014 1138 1093 1173 plane
1109 1144 1198 1166 autem
1210 1143 1236 1166 et
1246 1139 1390 1174 perspicue
1402 1138 1530 1172 expedire
1541 1146 1633 1172 posse,
1652 1137 1722 1163 docti

927 1181 953 1203 et
963 1176 1139 1209 intelligentis
1152 1177 1214 1203 viri.

983 1214 1026 1240 Vl.
1043 1210 1084 1240 ΞΟ.
1098 1214 1305 1249 Progrediamur
1316 1214 1412 1249 igitur,
1426 1213 1564 1247 quoniam,
1578 1212 1676 1246 inquit,
1689 1212 1723 1237 ab

927 1251 970 1277 his
980 1252 1123 1286 principiis
1135 1257 1244 1278 naturae
1255 1251 1446 1277 discessimus:
1464 1250 1565 1284 quibus
1576 1258 1723 1284 congruere

926 1288 1034 1319 debent,
1048 1298 1117 1323 quae
1129 1294 1290 1324 sequuntur.
1313 1288 1442 1323 Sequitur
1453 1292 1542 1313 autem
1554 1287 1640 1321 prima
1651 1286 1723 1312 divi-

926 1327 966 1352 sio
988 1326 1062 1352 haec.
1104 1327 1266 1353 Aestimabile
1290 1334 1349 1352 esse
1374 1325 1487 1351 divitur:
1522 1325 1561 1350 sic
1582 1324 1668 1354 enim¹
1695 1328 1725 1350 ut

925 1364 1029 1398 opinor,
1043 1363 1212 1398 appellemus
1224 1363 1261 1394 id,
1275 1363 1347 1398 quod
1358 1367 1403 1389 aut
1415 1363 1504 1396 ipsum
1517 1361 1724 1387 secundumna—

926 1406 1013 1427 turam
1025 1401 1073 1432 sit,
1087 1406 1133 1428 aut
1143 1401 1194 1428 talc
1205 1401 1271 1435 quid
1284 1400 1396 1430 efficiat,
1415 1405 1442 1426 ut
1454 1399 1596 1425 selectione
1608 1398 1723 1433 dignum

926 1443 1064 1473 propterea
1085 1439 1133 1469 sit,
1156 1439 1228 1473 quod
1249 1437 1359 1473 aliquod
1375 1437 1481 1472 pondus
1497 1436 1593 1462 habeat
1608 1436 1723 1471 dignum

926 1476 1126 1507 aestimatione,
1141 1485 1222 1510 quam
1237 1475 1281 1501 ille
1294 1476 1370 1503 ιὶὲἱιιν
1382 1480 1472 1501 vocat.-
1495 1479 1640 1508 contraque
1652 1476 1724 1498 inae—

924 1515 1064 1543 stimabile,
1082 1513 1155 1548 quod
1171 1513 1533 1547 sitsuperioricontrarium.
1574 1511 1660 1537 Initiis
1672 1511 1724 1545 igi-

926 1555 969 1577 tur
989 1551 1024 1577 ita
1044 1552 1210 1581 constitutis,
1233 1555 1262 1577 ut
1282 1559 1325 1580 ea,
1349 1558 1417 1584 quae
1433 1549 1583 1575 secundum
1601 1553 1723 1574 naturam

926 1593 998 1618 sunt,
1013 1589 1070 1622 ipsa
1082 1593 1189 1623 propter
1200 1596 1228 1613 se
1242 1587 1373 1614 sumenda
1385 1588 1448 1617 sint,
1462 1586 1647 1620 contrariaque
1659 1586 1723 1611 item

926 1625 1084 1652 reiicienda:
1121 1627 1241 1661 primum
1262 1630 1302 1652 est
1321 1625 1441 1651 osticium
1464 1624 1501 1659 (id
1523 1624 1594 1650 enim
1617 1622 1724 1657 appello

925 1663 1065 1698 καθῆκον),
1083 1668 1113 1690 ut
1123 1672 1151 1690 se
1162 1668 1302 1689 conservet
1317 1663 1343 1689 in
1360 1667 1468 1688 naturae
1484 1666 1567 1688 statu:
1595 1660 1724 1694 deinceps

927 1706 956 1727 ut
967 1709 995 1726 ea
1012 1705 1112 1732 teneat,
1130 1710 1199 1736 quae
1211 1699 1361 1726 secundum
1374 1705 1495 1726 naturam
1507 1699 1574 1728 sint,
1588 1697 1724 1732 pellatque

926 1739 1070 1770 contraria,
1097 1747 1166 1773 quae
1190 1739 1298 1764 inventa
1321 1737 1464 1763 selectione
1480 1737 1584 1762 etitem
1602 1735 1724 1761 reiectio-

928 1784 961 1802 ne
978 1776 1102 1810 sequitur
1117 1776 1246 1810 deinceps
1267 1784 1328 1801 cum
1353 1774 1442 1801 officio
1462 1773 1581 1800 selectio.
1623 1771 1724 1798 Deinde

926 1822 956 1839 ea
969 1818 1106 1847 perpetua,
1121 1817 1176 1840 tum
1189 1813 1221 1839 ad
1233 1818 1384 1839 extremuni
1396 1817 1520 1838 constans
1531 1815 1724 1836 consentanea—

926 1859 979 1885 que
992 1856 1115 1877 naturae:
1135 1852 1160 1877 in
1173 1859 1226 1885 qua
1238 1851 1356 1885 primum
1370 1850 1457 1875 inesse
1470 1849 1572 1883 incipit,
1586 1853 1611 1874 et
1623 1846 1724 1873 intelli-

926 1888 974 1923 git,
988 1888 1054 1922 quid
1067 1889 1110 1917 sit,
1126 1888 1197 1923 quod
1212 1896 1273 1914 vere
1286 1887 1385 1913 bonum
1399 1887 1482 1921 possit
1494 1886 1558 1912 dici.
1580 1887 1622 1911 ΕΙ.
1636 1885 1723 1910 Prima

926 1930 967 1951 est
981 1926 1053 1951 enim
1070 1926 1222 1952 conciliatio
1239 1925 1357 1951 hominis
1369 1924 1401 1950 ad
1413 1934 1457 1954 ca,
1472 1932 1541 1958 quae
1552 1927 1616 1949 snut
1626 1930 1724 1948 sei-im-

927 1962 992 1988 dum
1022 1968 1155 1989 naturam.
1196 1962 1282 1989 Simul
1313 1967 1401 1988 autem
1427 1962 1498 1996 repit
1519 1962 1721 1992 inm-lliyentimn,

928 1999 969 2026 vel
990 2003 1116 2026 'mulionem
1132 2001 1235 2035 potius,
1249 2008 1330 2034 quam
1341 1999 1478 2034 appellant
1493 1999 1593 2024 ἔννοιαν
1609 1997 1663 2027 illi,
1683 1997 1723 2022 vi—

927 2036 1021 2071 ditque
1038 2046 1127 2063 rerum
1143 2037 1308 2073 agendarum
1324 2037 1461 2066 ordinem,
1478 2040 1516 2066 et,
1536 2040 1565 2061 ut
1577 2035 1611 2061 ita
1623 2034 1720 2061 dicam.

927 2074 1111 2101 concordiam:
1152 2074 1237 2101 multo
1263 2083 1321 2100 eam
1343 2073 1429 2108 pluris
1449 2073 1614 2102 aestimavit,
1641 2080 1721 2106 quam

927 2112 1018 2137 omnia
1041 2111 1098 2142 illa,
1121 2120 1192 2146 quae
1209 2112 1295 2145 primu
1316 2111 1459 2138 dilexerat:
1491 2109 1722 2144 atqueitacogni-

929 2149 999 2174 tione
1020 2153 1045 2174 et
1062 2149 1162 2174 ratione
1177 2148 1299 2183 collegit,
1318 2153 1345 2174 ut
1361 2153 1501 2177 statueret.
1520 2148 1546 2173 iu
1563 2156 1593 2173 eo
1609 2145 1722 2172 colloru-

929 2190 984 2211 tum
1002 2194 1139 2211 summum
1156 2185 1222 2211 illud
1236 2185 1353 2211 bominis
1365 2194 1412 2219 per
1422 2194 1450 2210 se
1464 2183 1629 2210 laudandum
1639 2189 1663 2208 et
1675 2192 1721 2208 ex-

928 2222 1073 2256 peti-ndum
1088 2222 1202 2252 bonum;
1225 2221 1298 2256 quod
1309 2230 1394 2256 quum
1403 2222 1519 2256 positum
1527 2222 1561 2247 sit
1569 2222 1594 2247 iu
1602 2230 1641 2247 eo.
1649 2219 1720 2254 quod

928 2260 1070 2295 ὁμολογίαν
1090 2259 1185 2289 Stoici,
1204 2268 1250 2285 nos
1267 2258 1435 2293 appellemus
1451 2258 1680 2285 convenientiam,
1698 2258 1720 2282 si

927 2296 1026 2330 placet:
1058 2305 1142 2331 quum
1157 2297 1238 2330 igitur
1250 2296 1275 2321 in
1288 2304 1319 2321 eo
1330 2296 1365 2321 sit
1377 2295 1403 2322 id
1416 2295 1526 2325 bonum,
1539 2304 1593 2329 quo
1605 2294 1720 2320 referen-

926 2333 958 2359 da
976 2339 1039 2360 suut
1052 2335 1141 2359 οιιιιιίιι
1163 2335 1307 2368 ipsumque
1323 2332 1478 2362 honestum,
1501 2332 1572 2366 quod
1589 2331 1676 2357 solum
1695 2332 1720 2357 iu

927 2371 1006 2397 bouis
1029 2371 1150 2397 ducitur:
1181 2378 1346 2405 quamquam
1374 2374 1432 2404 post
1459 2371 1556 2398 oritur,
1585 2374 1671 2394 tamen
1694 2368 1719 2393 id

925 2407 1013 2433 solum
1036 2409 1061 2433 vi
1082 2417 1130 2434 sua
1150 2413 1175 2434 et
1195 2408 1325 2441 dignitate
1346 2406 1526 2441 expetendum
1542 2411 1594 2431 est:
1628 2413 1719 2431 eorum

925 2450 1029 2475 autem,
1047 2453 1115 2479 quiw
1131 2450 1193 2471 sunt
1206 2446 1290 2479 prium
1303 2449 1420 2472 naturae,
1436 2449 1543 2477 propter
1553 2451 1582 2468 se
1594 2442 1660 2468 uilul
1672 2451 1720 2468 ex-

926 2482 1082 2517 petendum.
1124 2484 1164 2508 22.
1180 2483 1269 2514 Quum
1283 2490 1344 2507 vero
1357 2481 1415 2510 illa.
1429 2489 1498 2515 quae
1509 2479 1596 2506 ostii-iu
1607 2489 1666 2505 csse
1677 2479 1720 2505 di-

927 2520 967 2549 xi,
987 2520 1190 2553 proficiscamin-
1206 2519 1239 2545 ιιΙι
1253 2519 1337 2545 initiis
1353 2523 1474 2545 naturam
1519 2526 1549 2543 ea
1561 2526 1669 2543 neeesse
1680 2522 1720 2543 est

925 2556 957 2582 ad
979 2557 1044 2582 haec
1065 2556 1171 2583 referri:
1196 2562 1223 2583 ιιι
1247 2561 1316 2582 recte
1335 2555 1389 2581 diri
1411 2555 1508 2589 possit,
1530 2554 1719 2580 ‹mminofticin

924 2603 954 2620 eo
976 2593 1081 2623 referri.
1108 2599 1137 2620 ut
1158 2594 1342 2628 adipiscamur
1362 2593 1492 2627 principia
1514 2597 1636 2618 naturae:
1670 2600 1718 2618 uec

925 2636 1011 2657 tamen
1028 2636 1057 2657 ιιι
1073 2630 1121 2657 boc
1137 2632 1172 2657 sit
1188 2631 1318 2656 bouarium
1335 2630 1475 2659 ultimum,
1493 2634 1630 2663 propterea
1645 2628 1718 2664 «prod

924 2677 975 2695 uon
993 2669 1062 2695 inest
1078 2669 1104 2695 in
1119 2669 1215 2704 primis
1232 2673 1340 2694 naturae
1355 2666 1591 2694 muciliutionibus
1608 2666 1717 2693 honesta

1437 2717 1485 2740 12⁸
1502 2713 1511 2725 ⁸
