1941 3052
193 143 238 168 nii

194 222 243 238 ium
261 212 361 240 tierent,
385 211 447 237 Urbi
463 211 568 236 minari.

194 250 287 278 tentia,
310 257 389 283 qutun
404 248 447 274 ille
458 247 490 272 de
502 247 601 281 scripto
613 247 646 272 ita
658 247 775 275 dixerat.
800 251 828 273 ut
839 251 918 273 totam
934 255 981 272 no-

193 291 273 311 struin
285 294 405 311 catu-unu
421 293 503 313 uri-ne,
514 283 707 313 incendiorum.
717 284 829 318 periculi
839 285 899 312 mei,
911 284 982 310 iudi-

193 324 234 348 rio
250 322 476 355 rouiplvvtvrvtur,
495 329 578 355 eaque
593 321 681 346 onmia
697 321 813 346 comitiis
825 319 979 347 anteferret:
1002 323 1004 352 ξ

195 359 349 393 proscripsit
365 357 485 383 Sestius·
495 378 500 387 ,
518 366 546 382 se
558 366 604 391 per
616 366 709 383 omncs
721 357 778 383 dies
789 357 937 383 comitiales
948 357 981 384 de
1003 354 1004 364 ¹

193 396 264 421 caelu
276 399 454 420 servaturum.
496 395 519 420 i.
532 394 679 420 Conciones
691 394 859 421 turbulentae
871 394 979 425 Metelli,

194 432 346 458 temerariae
362 431 451 465 Appii.
470 430 663 457 furiosissimae
676 431 774 458 Publii.
814 432 882 458 llaec
895 437 980 458 tumen

193 477 310 494 sumnia:
344 468 396 494 nisi
409 467 470 494 Milo
488 468 512 494 in
525 477 649 502 campum
661 468 856 499 obnuntiasset,
874 470 981 495 comitia
1003 466 1005 487 ⁴¹

194 505 291 531 futura.
332 505 398 531 Ante
423 504 494 531 diem
515 514 562 531 xit.
585 505 643 531 Kal.
666 506 790 532 Decemb.
812 506 875 532 Milo
895 506 981 532 media

194 547 267 568 nocte
283 550 343 568 cum
360 551 455 576 magna
472 551 551 568 manu
564 543 590 568 in
602 551 726 577 campum
741 543 821 569 venit.
861 542 980 574 Clodius,

192 588 276 614 quum
290 579 398 605 baberet
410 578 707 615 fugitivorumdelectas
714 581 813 614 copiaS,
823 580 848 606 in
856 589 982 615 campum

193 617 230 642 ire
247 625 296 642 non
313 621 352 642 est
368 625 460 642 ausus.
501 616 563 643 Milo
575 618 721 651 permansit
735 617 766 643 ad
780 617 919 644 meridiem
932 618 984 644 mi-

193 653 265 679 rilica
279 653 417 679 bominum
431 653 651 683 laetitia,summa
662 663 723 680 cum
735 654 832 689 gloria;
850 656 983 681 contentio

193 689 302 716 fratrum
325 691 405 716 trium
423 691 522 725 turpis,
547 690 625 717 tracta
643 692 698 722 vis,
715 697 884 726 contemptus
900 692 981 718 furor.

193 727 315 754 Metellus
327 732 412 753 tamen
426 727 549 762 postulat,
560 733 588 754 ut
599 728 651 754 sibi
664 733 768 763 postero
779 729 823 755 die
837 730 862 755 in
875 729 984 755 l'oroob—

193 765 342 791 nuntietur:
366 764 433 791 nihil
445 773 513 796 esse,
531 765 603 800 quod
616 766 641 792 in
654 774 779 800 campum
792 771 866 793 nocte
878 767 984 793 venire—

193 806 248 828 tur:
271 801 373 828 sobora
385 802 470 836 prima
486 803 512 828 in
524 803 632 829 comitio
644 802 708 829 sore.
734 804 824 838 ltaque
838 808 897 830 ante
911 804 982 830 diem

192 847 230 864 λι.
254 838 312 865 Kal.
330 839 356 864 in
373 839 511 865 comitium
526 839 589 866 Milo
605 839 638 866 de
653 845 727 867 nocte
739 841 820 866 venit.
861 841 983 867 Metellus

192 884 254 902 cum
275 876 361 910 prima
377 875 435 902 luce
452 875 543 903 furtim
560 877 586 903 in
602 885 727 912 campum
743 877 885 904 itineribus
901 887 982 913 prope

191 912 280 939 deviis
295 913 430 940 currebat:
453 914 606 949 assequitur
621 915 689 941 inter
701 914 774 941 lucos
786 915 921 941 bominem
934 916 984 942 Mi-

190 949 232 984 lo.-
263 950 413 977 obnuntiat.
458 950 503 977 llle
523 960 552 977 se
573 952 686 986 recepit.
710 960 806 988 magno
821 957 847 979 et
863 953 933 987 turpi
949 952 981 985 Q.

193 986 279 1014 Flacci
291 988 423 1014 convicio.
445 988 511 1014 Ante
522 988 595 1014 diem
605 997 634 1015 x.
648 988 705 1015 Kal.
719 989 864 1016 nundinae.
886 989 983 1016 Concio

193 1024 277 1051 biduo
288 1024 370 1051 nulla.
402 1027 426 1050 5.
444 1025 510 1051 Ante
521 1025 593 1052 diem
605 1034 661 1052 vin.
675 1026 732 1052 Kal.
746 1026 811 1053 haec
821 1035 870 1063 ego
881 1028 984 1053 scribe-

193 1061 254 1087 bam
276 1061 337 1088 liora
354 1062 438 1088 noctis
455 1071 532 1089 nona.
577 1062 640 1089 Milo
655 1072 780 1098 campum
796 1064 850 1090 iam
866 1065 981 1091 tenebat.

192 1098 333 1125 Marcellus
348 1098 507 1126 candidatus
524 1100 558 1126 ita
569 1100 702 1131 stertebat,
717 1105 745 1127 ut
755 1109 805 1136 ego
816 1102 924 1128 vicinus
935 1111 983 1129 au-

192 1136 288 1162 direm.
329 1135 416 1162 Clodii
437 1137 602 1163 vestibulum
619 1146 734 1164 vacuum
749 1147 813 1165 sane
829 1139 896 1165 mihi
913 1147 984 1165 nun-

193 1172 316 1199 tiabatur.
357 1173 438 1199 Pauci
458 1175 584 1208 pannosi.
608 1173 676 1201 linea
699 1175 807 1202 laterna.
847 1176 904 1203 Meo
919 1185 984 1203 con-

191 1210 254 1236 silio
268 1211 357 1236 omnia
373 1210 413 1236 illi
427 1210 482 1237 fieri
494 1211 684 1246 querebantur,
702 1213 797 1247 ignari¹
811 1214 982 1248 quantumin

192 1246 239 1273 illo
260 1247 338 1273 beroe
353 1252 424 1274 esset
434 1249 527 1279 animi,
540 1253 671 1283 quantum
683 1250 763 1276 etiam
774 1250 891 1277 consilii.
931 1251 983 1277 Mi-

192 1283 272 1311 randa
286 1285 371 1310 virtus
383 1289 432 1311 est.
472 1285 546 1312 Nova
557 1285 689 1320 quaedam
701 1286 792 1313 divina
805 1288 890 1314 mitto.
930 1287 982 1314 Sed

192 1321 257 1348 baec
271 1330 376 1348 summa
391 1326 440 1348 est.
481 1322 593 1349 Comitia
605 1323 659 1350 sore
671 1332 722 1351 non
734 1324 856 1351 arbitror.
897 1325 982 1352 Reum

190 1357 331 1389 Publium.
355 1359 408 1385 nisi
423 1363 483 1385 ante
497 1361 603 1387 occisus
618 1361 676 1392 erit,
695 1361 749 1387 fore
764 1370 779 1388 a
790 1362 887 1389 Milone
902 1367 980 1397 puto:

190 1396 214 1422 si
229 1404 258 1422 se
274 1396 343 1422 inter
357 1396 429 1422 viam
444 1396 580 1429 obtulerit,
593 1399 712 1425 occisum
725 1399 758 1425 iri
769 1399 803 1426 ab
815 1400 873 1434 ipso
884 1399 982 1427 Milone

191 1432 279 1459 video.
320 1433 378 1459 Non
398 1433 503 1461 dubitat
518 1433 617 1467 sacere;
640 1444 703 1470 prae
719 1444 748 1462 se
758 1435 820 1469 ἔοι-ις
844 1445 936 1463 casum
949 1437 983 1463 il-

191 1469 246 1496 lum
259 1474 379 1496 nostrum
394 1479 445 1497 non
457 1472 618 1498 extimescit.
640 1473 794 1508 Numquam
805 1474 878 1500 enim
889 1475 983 1501 cuius-

189 1515 271 1542 quam
293 1507 379 1533 invidi
395 1513 420 1534 et
434 1509 530 1543 perfidi
546 1509 659 1536 consilio
674 1515 714 1537 est
730 1519 796 1537 usus
822 1520 879 1542 nec,
903 1512 981 1538 inerti

191 1544 274 1571 nobili
285 1544 446 1572 crediturus.
485 1547 510 1573 6.
532 1547 586 1573 Nos
595 1547 685 1573 animo
695 1547 835 1575 dumtaxat
845 1549 980 1584 vigemus,

190 1582 268 1608 etiam
288 1582 387 1617 magis,
410 1591 491 1617 quam
510 1591 594 1618 quum
612 1583 786 1611 florebamus:
812 1594 839 1613 re
855 1585 982 1613 familiari

190 1619 348 1645 comminuti
365 1627 470 1646 sumus.
510 1621 603 1652 Quinti
615 1620 703 1648 fratris
715 1626 804 1649 tamen
817 1622 979 1655 liberalitati,

189 1664 237 1690 pro
258 1655 430 1682 facultatibus
445 1658 551 1688 nostris,
567 1666 601 1684 ne
616 1659 725 1685 omnino
741 1659 889 1687 exhaustus
900 1665 980 1691 esset,

190 1692 236 1719 illo
262 1698 414 1724 recusante,
444 1694 576 1721 subsidiis
603 1697 751 1722 amicorum
775 1698 980 1732 respondemus.

190 1728 262 1761 Quid
282 1729 389 1756 consilii
404 1730 437 1757 de
451 1732 524 1758 omni
540 1737 629 1759 nostro
644 1737 714 1760 statu
730 1735 879 1770 capiamus,
897 1740 922 1762 te
933 1735 982 1762 ab-

189 1771 264 1793 sente
275 1767 422 1794 nescimus.
461 1768 548 1801 Quare
559 1777 717 1804 appropera.

241 1835 272 1856 lv
279 1842 299 1856 a.
328 1839 414 1860 (Romae,
425 1839 543 1861 Marcellino,
551 1840 641 1864 Philippa
651 1847 695 1859 cusu.
706 1841 762 1865 ⁵⁹8.)

373 1880 540 1909 CICERO
569 1883 737 1911 ATTICO
765 1884 794 1912 S.

244 1913 435 1945 Periucundus
451 1919 519 1946 mihi
535 1920 644 1947 Cincius
655 1920 706 1948 suit
716 1927 776 1948 ante
787 1921 860 1948 diem
872 1923 980 1950 tertium

189 1953 301 1981 Kalend.
318 1955 397 1981 Febr.
414 1960 473 1983 ante
490 1956 587 1984 lucem.
628 1958 700 1985 Dixit
715 1960 787 1985 enim
804 1959 871 1986 mihi
887 1965 911 1987 te
921 1968 980 1987 esse

189 1992 216 2017 in
227 1991 301 2018 Italia
311 2000 425 2027 seseque
435 1993 469 2020 ad
480 1998 505 2020 te
515 2002 612 2029 pueros
623 1996 741 2028 mittere;
763 2005 832 2031 quos
842 1997 901 2023 sine
913 1998 981 2024 meis

189 2028 283 2055 litteris
299 2029 337 2055 ire
352 2029 440 2063 nolui;
463 2039 515 2057 non
529 2040 583 2067 quo
595 2032 731 2064 haberem,
746 2033 820 2068 quod
831 2033 890 2066 tibi,
903 2043 982 2069 prae-

188 2067 281 2092 sertim
301 2067 354 2092 iam
374 2075 456 2102 prope
471 2069 619 2103 praesenti.
643 2070 803 2101 scriberem,
822 2071 870 2097 sed
885 2076 915 2098 ut
931 2071 981 2098 hoc

188 2103 278 2137 ipsum
298 2104 492 2139 significarem,
510 2106 578 2132 mihi
592 2111 670 2133 tuum
685 2107 832 2134 adventum
847 2109 981 2135 suavissi-

188 2148 263 2166 mum
283 2142 600 2178 exspectatissimumque
620 2152 689 2171 esse.
729 2144 817 2177 Quare
837 2145 932 2172 advola
947 2145 981 2172 ad

188 2185 236 2203 nos
251 2185 282 2204 eo
297 2179 399 2210 animo,
416 2183 446 2206 ut
463 2188 510 2206 nos
525 2189 612 2212 ames,
630 2186 655 2208 te
670 2182 754 2208 amari
769 2182 849 2209 scias.
889 2183 980 2210 Cetera

188 2222 276 2240 coram
287 2223 409 2250 agemus.
449 2217 519 2244 Haec
533 2223 705 2253 properantes
716 2220 887 2254 scripsimus.
921 2220 980 2253 Quo

188 2250 231 2277 die
247 2253 349 2283 venies,
361 2254 456 2289 utique
467 2262 529 2281 cum
540 2256 595 2282 tuis
605 2255 678 2290 apud
690 2265 732 2283 me
743 2257 791 2283 sis.

238 2321 270 2342 IV
277 2321 297 2341 b.
326 2324 408 2347 (Eodem
417 2331 465 2342 nuno
475 2327 520 2348 scr.)

369 2367 536 2395 CICERO
565 2369 736 2397 ATTICO
765 2370 794 2397 S.

245 2404 267 2428 t.
288 2399 412 2430 Perbelle
429 2404 532 2437 feceris,
550 2407 574 2432 si
589 2406 622 2432 ad
638 2415 687 2433 nos
698 2408 815 2434 veneris.
854 2407 980 2435 Offendes

188 2437 398 2474 designationem
415 2442 592 2478 Tyrannionis
607 2444 749 2470 mirificam
766 2444 895 2472 librorum
907 2454 980 2472 meo-

190 2482 261 2500 rum:
293 2484 408 2511 quorum
423 2479 553 2514 reliquiae
567 2480 652 2506 multo
667 2481 792 2508 meliores
808 2487 879 2514 sunt,
897 2491 979 2518 quam

189 2515 320 2551 putaram.
359 2515 448 2541 Etiam
468 2516 551 2543 velim
566 2517 634 2543 mihi
646 2518 735 2544 mittas
746 2518 779 2545 de
790 2520 843 2546 tuis
855 2520 980 2546 librario-

191 2546 224 2572 lis
244 2547 311 2575 duos
326 2549 438 2585 aliquos,
451 2554 553 2587 quibus
566 2555 699 2590 Tyrannio
710 2560 800 2582 utatur
809 2556 980 2592 glutinatori-

190 2583 250 2614 bus,
263 2584 296 2611 ad
307 2591 391 2613 cetera
402 2589 582 2617 administris:
597 2591 687 2626 iisque
697 2592 823 2627 imperes,
832 2599 861 2620 ut
871 2599 979 2621 sumant

191 2621 412 2663 membranulam,
425 2634 459 2652 ex
469 2635 522 2661 qua
534 2628 638 2655 indices
649 2629 722 2660 fiant,
734 2638 802 2664 quos
813 2639 860 2658 vos
871 2631 976 2662 Graeci,

191 2661 220 2683 ut
229 2665 332 2693 opinor,
345 2661 497 2697 σιλλύςίους*
509 2665 658 2700 appellatis.
694 2668 719 2693 2.
741 2667 795 2694 Sed
806 2668 880 2701 haec,
892 2669 917 2696 si
928 2669 978 2696 tibi

610 210 743 244 Proposita
759 209 905 236 Marcellini
918 218 980 236 sen·
1002 211 1004 228 ='

757 141 799 167 93.
833 140 868 166 M.
901 140 932 166 Τ.
966 139 1240 167 CICERONIS

1032 212 1081 237 erit
1096 210 1277 236 commodum.
1319 211 1377 245 lpse
1390 219 1452 238 vero
1465 212 1558 247 utique
1574 211 1613 238 {ac
1625 213 1726 241 venias,
1740 214 1762 239 si
1774 221 1822 248 po-

1033 254 1071 274 tes
1089 248 1114 273 in
1128 247 1169 273 liis
1182 247 1246 273 locis
1257 247 1455 277 adhaerescere.
1469 255 1494 275 et
1507 249 1598 275 Piliam
1612 249 1753 276 adducere.
1786 250 1822 276 lta

1032 286 1104 311 enim
1126 289 1151 310 et
1166 293 1282 319 aequum
1297 290 1346 315 est.
1363 291 1389 311 et
1403 287 1477 320 cupit
1492 286 1589 312 Tullia.
1635 286 1823 313 mediusfidius

1034 331 1081 348 nae
1098 327 1124 347 tu
1140 322 1229 347 emisti
1247 321 1333 348 locum
1349 322 1524 356 praeclarum.
1565 323 1731 350 Gladiatores
1743 324 1824 350 audio

1033 368 1152 394 pugnare
1174 359 1295 385 miriiice.
1335 359 1364 385 Si
1386 359 1471 385 locare
1492 359 1639 390 voluisses,
1657 361 1764 387 duobus
1781 361 1824 387 hin

1034 396 1192 422 muneribus
1209 395 1361 422 liberasses.
1402 396 1454 422 Sed
1471 397 1535 423 haec
1545 399 1687 432 posterius.
1727 398 1765 424 Tu
1783 397 1824 424 fac

1035 434 1140 465 venias,
1163 432 1230 459 etde
1243 433 1369 463 librariis,
1382 434 1405 459 si
1418 442 1460 459 me
1471 442 1554 465 amas,
1567 434 1719 470 diligenter.

1087 502 1114 522 V.
1141 505 1172 523 (ln
1183 503 1261 522 Anti-u.
1271 505 1389 524 stamnum.
1399 504 1487 526 Phil-prun
1497 511 1543 522 nm.
1555 507 1593 522 oen
1605 507 1610 522 i

1220 539 1386 565 CICERO
1415 539 1583 566 ATTICO
1614 540 1642 566 S.

1093 581 1115 605 t.
1138 574 1193 606 Ain
1207 584 1243 610 tu,
1257 588 1289 606 an
1302 588 1344 606 me
1355 580 1495 606 existimas
1506 579 1539 606 ab
1551 579 1606 607 ullo
1616 580 1694 607 malle
1706 582 1824 618 meslegi

1035 617 1209 652 probarique,
1231 625 1313 652 quam
1333 626 1346 642 a
1368 616 1410 643 te?
1437 617 1491 643 Cur
1512 618 1594 652 igitur
1613 619 1740 653 cuiquam
1761 621 1823 646 misi

1034 653 1128 689 prius‘?
1148 654 1266 689 Urgebar
1276 654 1309 680 ab
1320 662 1360 684 eo,
1373 653 1405 680 ad
1417 663 1497 689 quem
1510 655 1581 685 misi,
1590 659 1615 681 et
1627 664 1677 681 non
1692 655 1823 684 habebam

1034 691 1182 726 exemplar.
1221 690 1310 723 Quid?
1334 692 1413 718 etiam
1429 691 1542 725 (dudum
1558 692 1630 718 enim
1645 693 1822 724 circumrodo.

1034 728 1106 763 quod
1126 728 1309 755 devorandum
1330 730 1379 763 est)
1398 728 1584 763 subturpicula
1600 729 1666 755 milii
1684 729 1825 757 videbatur

1035 774 1093 791 esse
1113 766 1264 801 παλινῳδία.
1308 765 1360 792 Sed
1386 765 1490 792 valeant
1510 771 1593 796 reeta,
1617 774 1692 796 vera,
1714 767 1824 794 honesta

1034 803 1156 829 consilia.
1197 803 1254 829 Non
1270 807 1310 829 est
1325 802 1464 834 credibile,
1477 811 1546 838 quae
1558 804 1592 829 sit
1603 803 1713 838 perfidia
1726 805 1752 830 in
1765 805 1824 831 istis

1035 840 1213 875 principibusv
1231 845 1260 866 ut
1270 840 1363 866 volunt
1374 849 1442 871 esse,
1455 845 1480 866 et
1491 845 1520 866 ut
1530 845 1627 870 essent,
1641 841 1663 867 si
1675 841 1824 876 quidquam

1035 877 1163 904 baberent
1173 877 1245 903 fidei.
1276 877 1426 906 Senseram,
1440 886 1540 907 noram.
1555 877 1691 909 inductus,
1704 878 1823 908 relictus.

1035 915 1168 949 proiectus
1188 915 1222 940 ab
1243 915 1288 941 iis:
1317 919 1405 941 tamen
1422 914 1471 941 hoc
1486 919 1541 941 erat
1557 915 1583 941 in
1597 915 1701 946 animo,
1719 920 1748 942 ut
1761 924 1824 942 cum

1035 952 1069 978 iis
1089 953 1115 978 in
1132 952 1270 986 republica
1286 953 1475 978 consentirem.
1516 951 1599 978 iidem
1610 957 1692 981 erant.
1705 953 1753 988 qui
1765 952 1824 979 sue-

1035 994 1102 1016 rant.
1128 989 1179 1015 vix
1195 988 1348 1024 aliquando,
1369 994 1520 1019 teauctore,
1537 990 1649 1024 resipui.
1689 991 1714 1016 2.
1737 990 1822 1020 Dices.

1033 1034 1063 1052 ea
1075 1031 1099 1052 te
1110 1027 1257 1056 monuisse,
1269 1027 1396 1056 suasisse,
1409 1035 1478 1061 quae
1490 1025 1615 1058 saoerem;
1639 1035 1690 1053 non
1701 1028 1781 1053 etiam
1796 1031 1825 1054 ut

1034 1063 1189 1090 scriberem.
1238 1064 1294 1099 Ego
1315 1063 1468 1090 mehercule
1489 1064 1556 1090 mihi
1581 1065 1765 1090 necessitatem
1777 1072 1825 1090 vo-

1035 1100 1073 1127 lui
1097 1101 1233 1135 imponere
1259 1101 1341 1127 buius
1366 1109 1450 1127 novae
1472 1101 1681 1133 coniunctionis3
1714 1109 1747 1127 ne
1771 1109 1825 1136 qua

1034 1138 1102 1164 mihi
1118 1137 1209 1164 liceret
1223 1137 1276 1164 labi
1288 1137 1320 1164 ad
1333 1137 1402 1168 illos,
1415 1138 1463 1172 qui
1474 1139 1554 1164 etiam
1568 1142 1634 1169 tum,
1646 1146 1732 1173 quum
1743 1139 1825 1164 mise-

1034 1176 1085 1201 reri
1107 1176 1159 1201 mei
1175 1175 1283 1205 debent,
1296 1183 1347 1201 non
1359 1174 1488 1201 desinunt
1498 1174 1630 1201 invidere.
1669 1175 1722 1201 Sed
1736 1180 1826 1202 tamen

1034 1212 1133 1239 modici
1154 1212 1256 1238 fuimus
1276 1211 1419 1243 ὑποθέσει,
1442 1217 1472 1238 ut
1486 1212 1594 1247 scripsi.
1633 1212 1742 1238 Erimus
1758 1212 1826 1238 ube-

1033 1250 1126 1280 riores,
1143 1250 1166 1276 si
1181 1254 1207 1276 et
1222 1249 1267 1275 ille
1283 1249 1396 1276 libenter
1410 1249 1531 1284 accipiet,
1548 1254 1575 1276 et
1590 1249 1609 1275 ii
1620 1249 1824 1285 subringentur,

1033 1287 1081 1322 qui
1093 1286 1185 1313 villam
1197 1295 1239 1313 me
1251 1286 1361 1313 moleste
1374 1286 1463 1313 ferunt
1473 1286 1657 1321 babere,quae
1668 1286 1755 1314 Catuli
1766 1286 1826 1313 fue-

1034 1329 1081 1354 rat,
1094 1333 1107 1350 a
1119 1324 1205 1351 Vettio
1219 1332 1262 1350 me
1272 1324 1371 1350 emisse
1383 1332 1435 1350 non
1446 1324 1575 1360 cogitant3
1598 1324 1646 1359 qui
1656 1323 1766 1350 domurn
1777 1331 1826 1350 ne-

1033 1366 1096 1398 gant
1106 1362 1257 1396 oportuisse
1268 1369 1310 1387 me
1321 1360 1470 1392 aedificare,
1484 1360 1599 1387 vendere
1610 1361 1826 1395 aiuntoportuis-

1033 1407 1072 1426 se.
1112 1399 1164 1426 Sed
1184 1398 1251 1434 quid
1272 1398 1305 1424 ad
1326 1398 1393 1425 hoc‘?
1421 1398 1463 1429 Si,
1483 1398 1586 1433 quibus
1600 1399 1740 1424 sententiis
1754 1398 1824 1429 dixi,

1033 1435 1106 1471 quod
1122 1441 1148 1463 et
1162 1437 1215 1471 ipsi
1231 1435 1382 1470 probarent,
1397 1435 1485 1462 laetati
1496 1439 1560 1461 sunt
1570 1440 1668 1466 tamen,
1681 1444 1724 1462 me
1735 1440 1825 1462 contra

1033 1474 1154 1509 Pompeii
1175 1473 1338 1500 voluntatem
1354 1472 1475 1499 dixisse?
1500 1472 1572 1499 finis.
1612 1472 1665 1499 Sed
1684 1473 1822 1508 quoniam,

1033 1512 1080 1546 qui
1092 1510 1160 1537 nihil
1172 1515 1293 1545 possunt,
1301 1511 1321 1537 ii
1332 1519 1374 1537 me
1385 1510 1587 1537 noluntamare:
1603 1509 1824 1545 demusoperam,

1033 1552 1063 1574 ut
1073 1548 1160 1579 abiis,
1177 1548 1226 1583 qui
1236 1552 1358 1583 possunt,
1372 1547 1528 1583 diligamur.
1567 1548 1593 1573 3.
1614 1547 1704 1574 Dices:
1727 1546 1826 1574 vellem

1034 1585 1205 1620 iampridem.
1240 1585 1300 1612 Scio
1311 1589 1335 1611 te
1347 1584 1466 1611 voluisse
1478 1589 1503 1610 et
1513 1592 1555 1610 me
1566 1587 1667 1611 asinum
1676 1593 1826 1618 germanum

1033 1621 1128 1649 fuisse.
1168 1622 1221 1649 Sed
1241 1623 1295 1649 iam
1310 1626 1416 1656 tempus
1431 1627 1472 1648 est
1487 1630 1528 1647 me
1544 1622 1634 1656 ipsum
1650 1630 1664 1648 a
1676 1629 1718 1647 me
1729 1622 1823 1652 amari,

1033 1659 1141 1694 quando
1156 1659 1190 1686 ab
1206 1659 1261 1686 illis
1277 1658 1352 1685 nullo
1363 1658 1441 1685 modo
1451 1667 1573 1693 possum.
1612 1659 1726 1685 Domum
1737 1666 1824 1685 meam

1033 1696 1106 1731 quod
1119 1697 1212 1723 crebro
1223 1697 1330 1726 invisis,
1343 1701 1383 1722 est
1394 1695 1668 1731 mihivaldegratum.
1690 1695 1824 1722 viaticum

1033 1734 1171 1769 Crassipes
1187 1734 1325 1769 praeripit.
1365 1733 1405 1759 Tu
1420 1733 1454 1760 de
1465 1732 1508 1759 via
1519 1737 1588 1759 recta
1599 1733 1626 1759 in
1638 1732 1737 1759 hortos.
1778 1732 1826 1759 Vi-

1032 1771 1111 1798 detur
1128 1771 1297 1798 commodius
1317 1769 1350 1796 ad
1371 1775 1406 1797 te.

1032 1809 1105 1834 enim
1126 1807 1188 1835 tua?
1217 1807 1270 1835 Sed
1289 1807 1448 1834 viderimus.

1032 1846 1179 1880 pinxerunt
1203 1845 1399 1872 constructione
1422 1849 1448 1872 et
1475 1844 1612 1880 sillybis⁸.

1033 1882 1136 1909 laudes.

1459 1769 1590 1796 Postridie
1609 1769 1726 1796 scilicet:
1757 1769 1825 1805 quid

1492 1806 1685 1833 Bibliothecam
1701 1807 1769 1833 mihi
1785 1807 1824 1833 tui

1665 1844 1718 1871 Eos
1741 1843 1824 1871 velim

1083 1951 1120 1972 Vl.
1144 1953 1272 1975 (Mun-centua.
1282 1952 1372 1975 Philippo
1381 1959 1428 1970 coa.
1438 1954 1494 1973 ⁶98.)

1217 1995 1386 2023 CICERO
1414 1994 1582 2023 ATTICO
1612 1994 1642 2021 S.

1089 2038 1112 2063 l.
1135 2032 1180 2064 De
1200 2036 1313 2064 Lentulo
1328 2036 1431 2063 scilicet
1441 2037 1481 2062 sic
1492 2035 1556 2067 fero,
1569 2040 1599 2062 ut
1611 2035 1711 2062 debeo:
1734 2035 1824 2061 virum

1031 2073 1132 2100 bonum
1153 2079 1179 2101 et
1194 2082 1324 2110 magnum
1344 2074 1481 2100 hominem
1497 2074 1561 2100 etin
1571 2080 1679 2099 summa
1688 2072 1825 2108 magnitu-

1031 2111 1094 2138 dine
1115 2112 1198 2138 animi
1219 2111 1302 2138 multa
1323 2111 1489 2138 humanitate
1506 2114 1684 2145 temperatum
1702 2107 1824 2144 perdidi-

1031 2157 1106 2181 mus:
1130 2157 1232 2184 nosque
1247 2148 1318 2175 malo
1333 2148 1437 2179 solatio}
1449 2147 1497 2174 sed
1509 2146 1638 2174 nonnullo
1648 2151 1746 2177 tamen,
1759 2153 1824 2172 oon-

1031 2185 1158 2216 solamur,
1175 2185 1247 2221 quod
1263 2186 1350 2220 ipsius
1361 2186 1449 2212 vicem
1458 2185 1570 2211 minime
1581 2183 1713 2213 dolemus.
1730 2190 1782 2209 non
1793 2187 1824 2209 ut

1031 2222 1158 2250 Saufeius
1168 2228 1193 2249 et
1204 2224 1299 2255 vestriz,
1323 2223 1406 2249 immo
1416 2221 1525 2249 hercule
1535 2222 1599 2256 quia
1609 2221 1650 2247 sic
1660 2219 1766 2246 amabat
1774 2227 1824 2254 pa·

1031 2260 1123 2290 triam,
1145 2265 1175 2286 ut
1190 2260 1258 2286 mihi
1274 2260 1366 2295 aliquo
1380 2259 1491 2286 deorum
1507 2258 1638 2285 beneficio
1652 2256 1776 2284 videatur
1789 2264 1823 2283 ex

1031 2297 1090 2323 eius
1102 2297 1226 2324 incendio
1237 2305 1295 2323 esse
1305 2301 1424 2332 ereptus.
1458 2297 1526 2322 Nam
1539 2295 1606 2330 quid
1618 2293 1722 2321 foedius
1733 2297 1822 2320 nostra

1031 2333 1104 2360 vita?
1122 2335 1266 2369 praecipue
1281 2334 1358 2360 mea?
1378 2334 1446 2360 Nam
1456 2337 1485 2360 tu
1495 2332 1615 2368 quidem,
1627 2331 1678 2357 etsi
1689 2339 1718 2372 es
1728 2335 1822 2357 natura

1030 2371 1168 2403 πολιτικός,
1188 2376 1277 2398 tamen
1292 2371 1395 2398 nullam
1407 2371 1490 2397 hahes
1501 2369 1637 2405 propriam
1647 2372 1819 2410 servitutem:

1030 2409 1167 2435 communi
1179 2408 1276 2435 frueris
1287 2409 1405 2435 nomine.
1430 2409 1456 2434 2.
1470 2407 1527 2442 Ego
1537 2414 1609 2436 vero,
1622 2413 1679 2440 qui,
1692 2413 1717 2430 st
1729 2404 1823 2439 loquor

1030 2445 1063 2471 de
1083 2445 1236 2481 republica.
1253 2445 1326 2481 quod
1336 2449 1451 2480 oportet,
1467 2445 1592 2473 insanus,
1614 2443 1647 2472 si,
1664 2440 1738 2477 quod
1752 2449 1821 2476 opus

1030 2487 1078 2514 est,
1096 2492 1192 2509 servus
1206 2484 1359 2514 existimor,
1381 2482 1405 2508 si
1419 2486 1502 2511 taceo,
1518 2487 1664 2515 oppressus
1674 2483 1700 2505 et
1710 2483 1819 2520 captus:

1029 2528 1083 2554 quo
1102 2519 1192 2547 dolore
1207 2528 1267 2546 esse
1282 2518 1385 2546 debeo?
1412 2518 1470 2550 Quo
1483 2526 1545 2544 sum
1554 2516 1666 2547 scilicet,
1679 2515 1729 2542 hoc
1739 2520 1821 2542 etiam

1029 2557 1138 2588 acriore,
1146 2557 1219 2592 quod
1233 2566 1266 2583 ne
1277 2557 1366 2583 dolere
1375 2555 1486 2591 quidem
1497 2562 1617 2589 possum,
1625 2558 1655 2579 ut
1666 2561 1718 2595 non
1729 2553 1821 2588 ingra-

1030 2598 1072 2620 tus
1087 2594 1191 2621 videar.
1231 2594 1312 2626 Quid,
1329 2594 1354 2620 si
1368 2600 1473 2619 cessare
1487 2591 1568 2617 libeat
1579 2596 1605 2617 et
1614 2591 1643 2616 in
1653 2595 1702 2616 otu
1713 2594 1821 2624 portum

1028 2630 1191 2667 confugere?
1215 2630 1416 2666 Nequidquam.
1455 2629 1540 2655 Immo
1550 2629 1631 2654 etiam
1641 2627 1670 2653 in
1680 2626 1783 2653 bellum
1793 2630 1821 2668 et

1028 2668 1056 2695 in
1071 2668 1169 2695 castra!
1191 2668 1262 2704 Ergo
1275 2668 1378 2695 erimus
1392 2665 1497 2698 ὀπαδοί,
1511 2666 1561 2702 qui
1575 2665 1652 2701 ταγοὶ
1660 2672 1720 2692 esse
1730 2662 1821 2691 nolin-
