1941 3052
269 203 298 228 ¹·.'.i
808 202 831 227 4.

270 273 310 298 nis
326 272 482 307 praeceptio.
518 271 636 297 Primum
650 270 780 300 dicemus,
797 271 898 305 quibus
913 271 939 297 in
953 271 1059 305 generi·
1079 279 1082 306 t

269 310 320 335 bus
334 318 438 343 semper
452 309 539 334 onmis
557 308 666 334 oratoria
681 308 794 334 elocutio
808 308 902 334 debeat
916 317 988 339 esse,
1012 307 1059 333 de·
1080 330 1081 344 ζ

270 347 330 373 iude
351 346 531 375 ostendemus,
555 354 622 379 quas
645 354 686 371 res
708 353 813 379 semper
836 345 932 370 habere
953 344 1056 370 debeat.

269 384 334 410 Vlll.
353 385 391 409 tt.
412 384 479 408 Sunt
495 383 575 415 igitur
590 383 636 408 triu
651 390 756 414 genera,
773 390 841 416 quae
855 390 951 416 genera
967 391 1013 408 nos
1029 382 1060 407 ti·
1080 376 1082 385 ’

268 430 348 454 gur-‘is
366 420 541 455 appellamus,
563 420 589 446 in
604 419 704 454 quibus
718 419 805 445 omnis
819 419 901 445 oratio
915 427 966 445 non
982 420 1059 445 vitio-

268 468 296 484 sa
318 458 498 488 consumitur,
528 466 606 482 unam
630 465 747 491 gravem,
765 456 872 482 alteram
888 455 1056 486 mediocrem,

270 496 370 521 tertiam
390 499 549 520 attenuatam
570 502 705 519 vocamus.
740 494 836 520 Gravis
850 497 898 524 est,
914 502 982 528 quae
996 502 1059 520 con-

268 538 319 559 stat
332 542 364 559 ex
380 533 520 557 verborum
534 531 656 566 gravium
678 530 729 556 levi
743 535 769 556 et
782 535 871 557 ornata
885 531 1060 557 constructio-

269 580 309 597 ne.
345 569 483 596 Mediocris
497 573 545 598 est,
561 576 629 602 (luae
643 572 744 594 constat
758 576 791 594 ex
805 567 956 598 humiliore,
973 577 1059 603 neque
1081 578 1089 604 ’ἵ

269 614 354 634 tamen
374 616 405 632 ex
422 606 510 632 intima
525 609 550 630 ct
564 605 798 639 pervulgatissima
813 605 955 631 verborum
970 605 1060 638 digni·
1080 615 1082 638 ζ

269 651 328 671 tate.
351 645 488 670 Attenuata
504 647 551 673 est,
568 650 636 677 quae
651 642 766 668 demissa
781 647 821 669 est
835 651 922 678 usque
932 643 964 669 ad
977 644 1059 669 usita-
1080 647 1082 681 j

269 683 396 708 tissimum
413 681 471 715 puri
486 679 707 706 consuetudinem
722 681 862 706 sermonis.

323 720 350 745 ln
365 718 439 751 gravi
455 717 540 751 figura
554 721 726 743 consumetur
739 717 830 747 oratio,
842 718 874 747 si,
887 725 955 752 quae
965 717 1058 743 cuius·
1080 740 1081 744 ,

266 765 318 791 que
333 757 369 782 rei
385 759 507 790 poterunt
521 755 688 780 ornatissima
704 754 782 780 verba
798 755 916 789 reperiri,
929 755 986 780 sive
998 763 1058 789 pro-
1080 759 1081 771 ¹

267 794 322 828 pria
337 794 394 819 sive
408 797 540 822 extranea,
558 800 637 818 unam
651 800 788 826 quamque
803 792 828 818 in
844 801 898 818 rem
910 801 1058 818 accommo-
1080 785 1081 826 Ῐ

266 831 414 861 dabuntur,
437 834 470 859 et,
491 829 513 855 si
532 837 627 865 graves
645 829 800 859 sententiae,
817 838 885 864 quae
901 830 926 855 in
942 829 1058 863 amplifi-

265 869 366 894 catione
380 872 405 893 et
418 867 647 893 commiseratione
662 871 813 897 tractantur,
826 866 971 901 eligentur,
988 871 1021 896 et,
1034 867 1056 892 si

266 905 448 932 exornationes
462 904 652 930 sententiarum
667 908 712 930 aut
726 904 877 934 verborum,
890 912 958 938 quae
968 904 1058 939 gravi-

266 948 343 969 tatem
359 942 503 972 habebunt,
520 941 552 967 de
566 941 666 976 quibus
678 945 735 975 post
746 941 876 971 dicemus,
889 941 1058 967 adhibebun-
1080 950 1081 975 ᾖ

266 986 317 1007 tur.
354 981 392 1006 ⁴17..
414 980 441 1005 In
462 979 510 1005 hoc
527 987 623 1013 genere
642 979 742 1013 figurae
760 979 809 1005 erit
824 979 873 1005 hoc
886 978 1054 1013 exemplum:
1079 977 1087 1017 l,

265 1019 348 1044 nNam
368 1017 429 1051 quis
448 1021 487 1042 est
505 1018 632 1046 vestrum,
653 1015 765 1047 iudices,
786 1017 833 1050 qui
852 1016 916 1042 satis
935 1016 1055 1042 idoneam
1079 1017 1087 1034 '¹

266 1055 347 1090 possit
366 1055 391 1080 in
407 1062 468 1079 eum
484 1062 594 1088 poenam
613 1054 770 1088 excogitare,
787 1053 834 1088 qui
849 1053 959 1088 prodere
974 1053 1058 1079 hosti-
1079 1064 1087 1077 π

265 1094 315 1118 bus
335 1091 444 1126 patriam
464 1089 602 1126 cogitarit?
639 1090 711 1125 quod
731 1090 892 1117 maleficium
922 1099 984 1117 eum
1009 1091 1057 1117 hoc
1079 1092 1087 1107 ¹¹

265 1129 363 1155 scelere
380 1128 536 1163 comparari,
557 1127 629 1162 quod
643 1128 706 1154 huic
720 1127 850 1154 maleficio
864 1128 976 1163 dignum
991 1137 1057 1163 sup-

265 1167 374 1201 plicium
394 1170 480 1201 potest
498 1164 631 1191 inveniri?
655 1166 683 1191 ln
699 1166 740 1196 iis,
761 1166 809 1200 qui
823 1165 968 1192 violassent
981 1166 1058 1201 inge-

265 1213 357 1235 nuam,
387 1202 616 1229 matremfamilias
643 1207 874 1237 constuprassent,
904 1203 1057 1238 pulsassent

263 1242 390 1277 aliquem,
411 1245 456 1267 aut
474 1245 608 1275 postremo
628 1245 775 1271 necassent,
792 1241 908 1266 maxima
923 1240 1056 1275 supplicia

263 1280 375 1305 maiores
388 1282 627 1312 consumpserunt3
647 1277 711 1304 huic
725 1277 954 1304 truculentissimo
967 1287 996 1304 ac
1011 1287 1058 1304 ne-
1078 1278 1087 1298 '³³

1078 1326 1086 1342 κ
1108 1314 1135 1340 id
1149 1316 1240 1341 aetatis
1255 1315 1288 1341 ab
1302 1316 1392 1351 ignoto
1405 1320 1507 1350 praeter
1517 1316 1738 1342 consuetudinem
1749 1317 1898 1351 appellatus

264 1317 328 1343 sario
342 1316 451 1342 facinori
466 1315 629 1351 singularem
644 1324 756 1350 poenam
771 1314 947 1350 reliquerunt.
968 1316 1056 1350 Atque

262 1355 289 1380 in
304 1354 364 1380 aliis
378 1353 516 1380 maleficiis
530 1352 563 1379 ad
577 1352 699 1388 singulos
713 1357 758 1379 aut
771 1352 804 1379 ad
816 1361 914 1387 paucos
928 1361 961 1379 ex
971 1352 1057 1379 alieno
1078 1367 1087 1390 3¹

262 1395 369 1426 peccato
386 1391 484 1417 iniuria
502 1391 636 1424 pervenit,
660 1390 743 1416 huius
757 1390 865 1416 sceleris
879 1391 927 1425 qui
941 1395 1004 1416 sunt
1017 1390 1057 1416 af-
1078 1397 1079 1413 t

262 1429 337 1460 fines,
353 1436 407 1455 uno
421 1427 532 1454 consilio
552 1428 686 1454 universis
700 1428 806 1454 civibus
821 1428 999 1454 atrocissimas
1012 1436 1056 1453 ca-
1078 1434 1079 1443 ¹

262 1466 392 1492 lamitates
407 1465 602 1491 machinantur.
637 1464 658 1491 Ο
672 1464 742 1491 feros
755 1466 872 1492 animos!
900 1474 916 1491 o
933 1464 1056 1491 crudeles

261 1503 447 1539 cogitationes!
476 1511 491 1528 o
513 1502 652 1528 derelictos
674 1502 797 1529 homines
820 1503 852 1529 ab
875 1502 1053 1528 humanitate!

261 1542 308 1576 qui
323 1541 349 1567 id
365 1549 441 1576 agere
455 1540 513 1566 ausi
528 1544 599 1571 sunt,
625 1544 670 1566 aut
687 1540 802 1575 cogitare
824 1544 977 1575 potuerunt,
1002 1548 1056 1574 quo
1078 1535 1086 1576 ,³

261 1583 337 1613 pacto
359 1578 458 1608 hostes,
483 1577 600 1603 revulsis
622 1577 753 1603 maiorum
776 1577 921 1612 sepulcris,
946 1577 1055 1603 deiectis

260 1615 411 1646 moenibus,
428 1619 537 1641 ovantes
551 1615 682 1640 irruerent
695 1615 722 1640 in
736 1615 884 1647 civitatem3
909 1623 964 1649 quo
978 1613 1056 1640 modo

261 1653 341 1679 deum
361 1652 468 1687 templis
487 1651 616 1686 spoliatis,
638 1652 812 1686 optimatibus
831 1651 978 1682 trucidatis,
995 1650 1055 1677 aliis

261 1690 377 1725 abreptis
396 1691 423 1716 in
442 1690 608 1720 servitutem,
629 1689 877 1715 matribusfamilias
891 1693 917 1715 et
929 1689 1055 1723 ingenuis
1084 1717 1085 1721 Ἰ

261 1728 312 1754 sub
335 1727 459 1753 hostilem
483 1726 623 1752 libidinem
645 1726 783 1757 subiectis,
804 1727 869 1753 urbs
883 1726 1055 1752 acerbissimo

260 1765 409 1791 concideret
422 1763 546 1790 incendio
559 1763 730 1799 conflagrata;
746 1764 792 1798 qui
808 1773 836 1790 se
850 1772 902 1790 non
913 1767 1006 1798 putant
1016 1763 1052 1794 id,

261 1802 333 1837 quod
347 1801 488 1830 voluerint,
505 1801 538 1828 ad
552 1801 654 1827 exitum
669 1801 838 1836 perduxisse,
851 1802 903 1827 nisi
917 1801 1056 1827 sanctissi-

261 1848 319 1866 mae
338 1840 437 1874 patriae
456 1839 639 1865 miserandum
657 1838 778 1865 scelerati
797 1839 913 1865 viderint
927 1838 1053 1864 cinerem.

261 1878 370 1912 Nequeo
392 1876 481 1902 verbis
503 1876 640 1911 consequi,
664 1876 776 1907 iudices,
796 1876 983 1912 indignitatem
1002 1876 1053 1908 rei;
1085 1899 1086 1907 ,

261 1914 308 1941 sed
331 1913 511 1950 negligentius
533 1913 561 1939 id
584 1913 647 1944 fero,
672 1914 736 1948 quia
754 1922 802 1940 vos
824 1913 876 1939 mei
891 1921 943 1939 non
957 1914 1052 1947 egetis.
1085 1911 1086 1921 ³

260 1952 353 1978 Vester
375 1952 447 1977 enim
470 1960 518 1978 vos
541 1951 647 1977 animus
670 1951 872 1977 amantissimus
891 1949 1054 1985 reipublicae

261 1989 338 2016 facile
356 1988 455 2020 edocet,
476 1993 506 2015 ut
523 1996 595 2019 eum,
611 1989 659 2023 qui
674 1987 792 2014 fortunas
806 1988 927 2015 omnium
941 1987 1055 2014 voluerit

261 2026 380 2061 prodere,
396 2026 568 2061 praeeipitem
582 2025 744 2060 proturbetis
759 2034 792 2052 ex
805 2034 835 2052 ea
849 2025 964 2055 civitate,
972 2033 1054 2060 quam

260 2064 310 2089 iste
324 2064 561 2098 spurcissimorum
574 2063 692 2090 hostium
711 2063 849 2090 dominatu
864 2062 964 2089 nefario
977 2061 1056 2089 volu-

261 2101 309 2126 erit
323 2101 443 2127 obruere.
452 2111 464 2126 α

316 2138 363 2164 ΙΧ.
389 2140 428 2164 43.
452 2139 482 2164 In
504 2137 630 2164 mediocri
652 2137 738 2173 figura
752 2137 902 2164 versabitur
920 2138 1010 2167 oratio,
1031 2137 1055 2163 si
1085 2163 1086 2166 ,

1077 2176 1080 2203 Ξ
1106 2182 1192 2207 quum
1206 2178 1252 2199 aut
1265 2173 1341 2199 novis
1355 2177 1400 2199 aut
1413 2173 1509 2207 priscis
1523 2173 1621 2204 verbis,
1637 2178 1682 2199 aut
1694 2173 1796 2200 duriter
1808 2173 1897 2201 aliun-

261 2175 334 2206 haec,
350 2179 381 2201 ut
394 2179 453 2201 ante
466 2175 532 2206 dixi,
549 2174 746 2210 aliquantulum
757 2174 954 2205 demiserimus,
967 2182 1055 2209 neque

261 2217 349 2238 tamen
368 2212 401 2238 ad
418 2212 542 2238 infimum
560 2212 788 2242 descenderimus,
805 2212 858 2238 sic:
885 2211 1054 2244 Quibuscum

261 2249 364 2276 bellum
377 2250 505 2285 gerimus,
521 2249 633 2280 iudices,
650 2249 760 2281 videtis;
776 2258 837 2275 cum
848 2250 937 2280 sociis,
949 2249 996 2284 qui
1008 2257 1055 2283 pro

262 2287 338 2313 nobis
352 2295 471 2323 pugnare
487 2291 512 2312 et
524 2287 668 2321 imperium
683 2291 803 2312 nostrum
817 2286 958 2312 nobiscum
972 2285 1054 2312 simul

262 2325 360 2351 virtute
374 2328 400 2350 et
412 2323 544 2350 industria
561 2332 717 2350 conservare
731 2323 802 2350 soliti
815 2328 888 2349 sunt.
922 2324 954 2349 Hi
968 2332 1053 2358 quum

262 2370 290 2387 se
313 2366 338 2387 et
359 2370 423 2396 opes
446 2369 509 2387 suas
527 2365 553 2387 et
571 2361 688 2395 inopiam
706 2361 856 2386 necessario
874 2365 974 2391 norant,
996 2365 1053 2386 tum
1076 2361 1085 2387 Ι

262 2407 324 2425 vero
338 2398 422 2425 nihilo
436 2399 526 2424 minus
540 2402 647 2433 propter
656 2398 883 2432 propinquitatem
894 2402 919 2424 et
932 2398 1054 2424 omnium

263 2444 351 2461 rerum
374 2436 533 2467 societatem,
558 2434 625 2470 quid
646 2435 674 2461 in
697 2435 823 2461 omnibus
841 2434 922 2461 rebus
936 2434 1054 2470 populus

262 2473 397 2499 Romanus
421 2477 518 2507 posset,
543 2473 610 2498 scire
633 2476 658 2498 et
683 2472 836 2498 existimare
858 2476 987 2506 poterant.
1021 2472 1054 2498 Hi

262 2518 348 2544 quum
362 2509 553 2536 deliberassent
567 2509 708 2536 nobiseum
720 2508 823 2536 bellum
834 2517 934 2544 gerere,
943 2517 1051 2544 quaeso,

262 2555 331 2582 quae
345 2555 386 2572 res
400 2551 462 2577 erat,
478 2555 532 2582 qua
546 2546 605 2573 freti
619 2546 722 2572 bellum
735 2547 871 2581 suscipere
885 2550 1050 2578 conarentur,
1082 2559 1085 2574 ς

1082 2600 1084 2604 -
1104 2583 1265 2616 perveniunt
1281 2582 1313 2608 ad
1328 2582 1473 2608 confinium
1486 2582 1546 2607 eius
1558 2581 1674 2617 generis,
1689 2581 1762 2616 quod
1775 2581 1895 2624 appella-

262 2592 348 2619 quum
370 2583 456 2610 multo
478 2584 623 2610 maximam
644 2588 746 2618 partem
768 2584 901 2610 sociorum
925 2584 952 2609 in
967 2582 1054 2610 officio

263 2629 369 2647 manere
386 2620 581 2656 intelligerent?
606 2629 692 2655 quum
710 2621 762 2647 sibi
781 2629 833 2647 non
852 2620 1053 2646 multitudinem
1082 2647 1083 2650 ,

262 2658 389 2689 militum,
405 2666 458 2684 non
471 2657 580 2684 idoneos
592 2658 774 2692 imperatores,
786 2666 838 2684 non
849 2658 991 2692 pecuniam
1002 2666 1054 2692 pu—

867 200 1355 227 thElt'1·tAUt;TOttts

1109 279 1170 296 cum
1190 270 1310 297 finitimis
1328 270 1361 297 de
1380 270 1479 298 tinibus
1498 271 1598 299 bellum
1615 279 1749 309 gererent,
1778 275 1800 302 si
1815 280 1898 303 totum

1109 312 1240 334 certarnen
1265 309 1291 334 in
1317 317 1370 335 uno
1391 309 1490 343 proelio
1513 310 1629 344 positum
1649 316 1782 345 putarent:
1812 317 1900 340 tamen

1110 345 1236 371 omnibus
1250 345 1330 371 rebus
1344 346 1524 372 instructiores
1538 352 1563 373 et
1577 349 1753 382 apparatiores
1765 350 1897 377 venirenh

1112 382 1209 408 nedum
1237 382 1304 408 illud
1332 383 1474 418 imperium
1501 384 1572 410 orbis
1599 389 1690 416 terrae,
1718 387 1760 412 cui
1788 387 1900 421 imperio

1110 428 1202 445 omnes
1215 424 1316 454 gentes,
1333 429 1417 455 reges,
1446 421 1564 447 nationes
1582 423 1676 456 partim
1692 423 1727 453 vi,
1744 424 1838 457 partim
1854 433 1900 451 vo-

1112 455 1211 482 luntate
1225 462 1421 487 concesserunt.
1441 466 1526 492 quum
1545 464 1590 484 aut
1603 460 1684 486 armis
1698 465 1742 486 aut
1757 460 1900 488 liberalita-

1112 498 1135 518 te
1149 502 1162 519 a
1178 493 1276 528 populo
1291 495 1408 521 Itomano
1421 495 1537 529 superati
1553 501 1649 527 essent,
1670 497 1703 523 ad
1717 507 1744 523 se
1760 497 1899 525 transferre

1112 531 1221 556 tantulis
1236 531 1339 557 viribus
1353 538 1520 558 conarentur.
1554 532 1667 564 Quaeret
1679 534 1791 569 aliquis:
1811 534 1901 567 Quid?

1112 567 1257 603 Fregellani
1278 578 1328 594 non
1347 577 1395 594 sua
1414 574 1507 604 sponte
1525 570 1610 596 conati
1626 571 1706 597 sunt?
1730 572 1768 598 Eo
1789 572 1899 608 quidem

1111 605 1200 631 minus
1220 606 1262 632 isti
1287 605 1362 632 facile
1385 612 1551 637 conarentur,
1571 607 1652 642 quod.
1673 608 1711 635 illi
1726 609 1900 644 quemadmo-

1110 642 1174 668 dum
1193 643 1390 674 discessissent,
1412 644 1546 670 videbant.
1581 645 1646 671 Nam
1666 655 1753 672 reruni
1771 647 1896 682 imperiti.

1080 686 1083 731 ζ
1110 680 1156 714 qui
1173 680 1253 706 unius
1267 681 1399 715 cuiusque
1417 682 1453 707 rei
1468 681 1501 707 de
1515 682 1595 708 rebus
1609 687 1668 708 ante
1681 684 1764 718 gestis
1777 683 1898 719 exempla

1111 721 1198 751 petere
1222 726 1273 743 non
1298 723 1419 752 possunt,
1446 719 1463 745 ii
1487 728 1534 754 per
1553 720 1758 754 imprudentiam
1774 720 1899 748 facillime

1109 754 1279 780 deducuntur
1299 756 1324 781 in
1344 755 1478 788 fraudem,
1503 762 1527 782 at
1543 757 1568 786 ii,
1585 758 1632 791 qui
1646 758 1744 788 sciunt,
1759 758 1825 793 quid
1839 758 1899 785 aliis

1109 791 1242 822 acciderit,
1268 791 1344 818 facile
1367 801 1400 819 ex
1426 793 1537 819 aliorum
1561 799 1657 820 eventu
1677 796 1734 821 suis
1753 796 1899 822 rationibus

1111 834 1222 863 possunt
1236 829 1384 863 providere.
1407 830 1484 856 Nulla
1499 831 1581 865 igitur
1595 840 1621 857 re
1636 832 1746 862 inducti,
1765 832 1837 859 nulla
1851 842 1898 868 spe

1110 866 1168 892 freti
1196 875 1267 892 arma
1294 867 1479 893 sustulerunt?
1509 868 1576 900 Quis
1602 868 1650 895 hoc
1676 869 1772 900 credat,
1801 875 1898 896 mutam

1109 904 1250 930 amentiam
1269 912 1432 939 quemquam
1452 906 1578 935 tenuisse,
1599 911 1628 932 ut
1646 907 1787 940 imperium
1807 907 1898 942 populi

1109 941 1219 967 Romani
1239 946 1338 968 tentare
1356 941 1473 973 auderet,
1494 942 1576 968 nullis
1594 943 1678 977 copiis
1697 943 1799 970 fretus?
1829 944 1900 980 Ergo

1109 978 1211 1013 aliquid
1227 978 1310 1005 fuisse
1325 988 1432 1006 necesse
1446 984 1496 1006 est.
1529 979 1599 1012 Quid
1613 980 1696 1011 aliud,
1713 981 1764 1007 nisi
1777 980 1814 1013 id,
1826 981 1899 1017 quod

1108 1015 1175 1046 dico,
1193 1020 1278 1050 potest
1292 1015 1368 1042 esse‘?

1166 1054 1205 1079 tt.
1222 1054 1249 1079 ln
1265 1058 1398 1080 attenuato
1411 1053 1512 1089 figurae
1525 1062 1630 1090 genere,
1646 1054 1718 1090 quod
1732 1055 1765 1081 ad
1776 1055 1898 1083 infimum

1109 1095 1133 1116 et
1147 1091 1332 1125 quotidianum
1347 1099 1496 1118 sermonem
1510 1091 1658 1118 demissum
1673 1097 1720 1123 est,
1733 1092 1783 1119 hoc
1793 1094 1841 1119 erit
1853 1102 1899 1120 ex-

1108 1128 1242 1162 emplum:
1277 1128 1343 1154 Nam
1363 1133 1392 1154 ut
1406 1128 1471 1155 forte
1485 1128 1528 1155 hic
1543 1129 1569 1155 in
1584 1129 1691 1156 balneas
1706 1130 1786 1161 venit,
1801 1131 1896 1166 coepit,

1108 1170 1250 1200 postquam
1274 1165 1400 1200 perfusus
1423 1171 1474 1197 est,
1500 1166 1632 1193 defricari.
1663 1166 1699 1193 X,
1714 1167 1825 1199 Deinde,
1851 1168 1899 1195 ubi

1109 1203 1197 1229 visum
1213 1207 1252 1229 est
1266 1204 1313 1234 ire,
1330 1208 1358 1229 ut
1373 1204 1399 1229 in
1414 1203 1519 1230 alveum
1534 1203 1714 1236 descenderet,
1729 1213 1789 1231 ecce
1800 1205 1836 1232 ibi
1849 1206 1899 1232 iste

1108 1240 1140 1266 de
1164 1244 1322 1271 transverso,
1351 1241 1432 1272 Heus,
1458 1241 1553 1276 inquit,
1579 1241 1741 1272 adolescens,
1765 1243 1842 1277 pueri
1860 1243 1898 1269 tui

1109 1277 1186 1304 modo
1201 1286 1242 1304 me
1257 1277 1446 1312 pulsaverunt,
1468 1278 1616 1305 satisfacias
1629 1284 1740 1313 oportet.
1774 1279 1831 1310 liic,
1850 1280 1898 1315 qui

1108 1357 1186 1383 esset,
1203 1352 1320 1378 erubuit.
1343 1353 1392 1379 Iste
1406 1353 1504 1379 clarius
1518 1353 1610 1379 eadem
1625 1358 1650 1379 et
1663 1353 1713 1379 alia
1727 1353 1814 1380 dicere
1830 1353 1899 1390 [eoe-

1108 1388 1167 1425 pit].
1201 1390 1249 1416 uie
1273 1391 1319 1416 vix
1341 1389 1446 1416 tandem
1470 1391 1570 1425 inquit:
1593 1391 1650 1416 sine
1665 1399 1707 1417 me
1720 1391 1896 1418 considerare.

1108 1427 1176 1453 Tum
1191 1435 1253 1453 vero
1266 1427 1316 1453 iste
1329 1427 1442 1454 clamare
1456 1436 1519 1454 voce
1534 1428 1592 1458 ista,
1611 1436 1681 1462 quae
1695 1428 1736 1454 vel
1751 1427 1828 1455 facile
1841 1429 1899 1456 cui-

1085 1480 1087 1482 ·
1108 1464 1149 1490 vis
1163 1464 1273 1490 rubores
1287 1464 1381 1491 elicere
1396 1469 1498 1499 posset:
1520 1465 1555 1491 lta
1567 1464 1690 1499 petulans
1700 1473 1729 1492 es
1739 1470 1819 1501 atque
1829 1474 1896 1498 acer,

1108 1505 1137 1527 ut
1151 1510 1183 1527 ne
1197 1501 1230 1527 ad
1243 1501 1371 1527 solarium
1385 1501 1504 1536 quidem,
1522 1507 1549 1528 ut
1563 1502 1629 1528 mihi
1644 1502 1758 1534 videtur,
1773 1503 1821 1529 sed
1830 1511 1898 1538 pone

1107 1547 1214 1565 scenam
1228 1543 1253 1565 et
1266 1539 1294 1565 in
1308 1539 1439 1565 eiusmodi
1455 1539 1518 1566 loeis
1532 1540 1691 1566 exercitatus
1704 1540 1751 1566 sis.
1786 1540 1899 1568 Contur-

1108 1576 1186 1602 batus
1209 1581 1249 1602 est
1272 1575 1439 1609 adolescensg
1465 1585 1513 1602 nec
1536 1577 1643 1608 mirum,
1668 1577 1713 1603 cui
1731 1577 1808 1604 etiam
1827 1586 1899 1605 nunc

1108 1613 1254 1649 paedagogi
1279 1613 1337 1639 lites
1359 1613 1391 1640 ad
1415 1613 1548 1640 auriculas
1570 1619 1747 1644 versarentur.
1775 1615 1899 1650 imperito

1108 1650 1239 1677 eiusmodi
1257 1651 1448 1677 conviciorum.
1482 1651 1532 1677 Ubi
1547 1651 1618 1677 enirn
1633 1652 1682 1677 iste
1697 1651 1809 1678 vidisset
1822 1661 1899 1679 scur-

1107 1696 1161 1714 ram
1186 1687 1316 1714 exhausto
1339 1688 1444 1719 rubore,
1469 1689 1516 1723 qui
1539 1697 1567 1715 se
1591 1689 1774 1723 putaretnihil
1790 1689 1895 1722 babere,

1107 1725 1179 1760 quod
1192 1725 1225 1751 de
1238 1725 1433 1752 existimatione
1448 1725 1576 1760 perderet,
1593 1730 1622 1752 ut
1639 1726 1728 1752 omnia
1741 1726 1799 1753 sine
1813 1726 1898 1754 famae

1084 1765 1086 1789 ἓ
1107 1763 1265 1789 detrimento
1275 1762 1360 1789 facere
1371 1762 1478 1797 posset‘?
1500 1764 1539 1789 ⁴5.
1552 1763 1636 1798 Igitur
1645 1772 1741 1799 genera
1751 1763 1897 1799 figurarum

1107 1808 1140 1826 ex
1154 1800 1212 1826 istis
1226 1799 1356 1835 exemplis
1371 1799 1485 1835 intelligi
1500 1805 1632 1835 poterunt.
1665 1800 1723 1827 Erit
1735 1801 1807 1827 enim
1820 1806 1847 1828 et
1859 1806 1899 1828 at-

1108 1841 1213 1863 tenuata
1231 1837 1374 1864 verborum
1392 1838 1554 1864 constructio
1571 1837 1711 1872 quaedam,
1731 1842 1757 1864 et
1770 1838 1832 1865 item
1846 1837 1897 1866 alia

1106 1875 1134 1900 in
1148 1875 1285 1910 gravitate,
1301 1874 1352 1901 alia
1365 1875 1450 1909 posita
1464 1875 1491 1901 in
1506 1874 1693 1902 mediocritate.

1162 1912 1210 1938 Est
1227 1916 1316 1938 autem
1333 1912 1491 1943 cavendum,
1513 1921 1554 1943 ne,
1569 1911 1635 1938 dum
1649 1912 1714 1939 haec
1725 1921 1822 1948 genera
1834 1921 1898 1940 oon-

1107 1954 1248 1980 sectamur,
1273 1950 1301 1976 in
1324 1949 1435 1976 finitima
1453 1954 1479 1975 et
1496 1949 1646 1984 propinqua
1664 1950 1728 1976 vitia
1745 1950 1895 1977 veniamus.

1107 1987 1173 2013 Nam
1187 1995 1277 2022 gravis
1297 1986 1390 2022 figura,
1406 1995 1476 2022 quae
1489 1986 1621 2013 laudanda
1634 1991 1682 2018 est,
1695 1987 1843 2023 propinqua
1857 1992 1898 2014 est

1085 2025 1086 2044 3
1107 2024 1139 2054 ei,
1152 2032 1221 2058 quae
1235 2023 1362 2059 fugienda
1376 2028 1428 2055 est;
1444 2032 1513 2059 quae
1527 2029 1596 2050 recte
1610 2024 1745 2051 videbitur
1757 2021 1894 2059 appellari.

1106 2061 1128 2087 si
1148 2060 1252 2087 sufflata
1266 2061 1456 2087 nominabitur.
1486 2061 1553 2087 Nam
1567 2065 1596 2088 ut
1609 2062 1726 2096 eorporis
1738 2061 1836 2088 bonam
1849 2062 1898 2088 ba-

1106 2098 1258 2124 bitudinem
1281 2103 1368 2125 tumor
1391 2099 1510 2125 imitatur
1531 2107 1619 2133 saepe,
1647 2098 1682 2125 ita
1703 2099 1793 2134 gravis
1815 2100 1897 2127 oratio

1106 2144 1185 2170 saepe
1206 2136 1338 2170 imperitis
1351 2135 1457 2162 videtur
1470 2143 1508 2166 ea,
1524 2144 1593 2170 quae
1606 2140 1693 2171 turget
1707 2141 1732 2162 et
1744 2135 1832 2163 inflata
1845 2142 1893 2168 est,

1106 2210 1139 2236 de
1153 2209 1286 2236 translatis
1299 2214 1345 2236 aut
1356 2209 1534 2246 gravioribus,
1561 2219 1643 2245 quam
1656 2219 1698 2236 res
1711 2210 1835 2245 postulat,
1847 2210 1896 2238 ali-

1105 2247 1172 2282 quid
1194 2247 1300 2278 dicitur,
1325 2247 1375 2274 hoc
1396 2247 1487 2274 modo:
1516 2248 1583 2273 Nam
1600 2247 1648 2282 qui
1665 2247 1895 2282 perduellionihus

1106 2284 1224 2311 venditat
1238 2285 1359 2319 patriam,
1375 2293 1427 2311 non
1441 2285 1506 2310 satis
1520 2284 1646 2319 supplicii
1660 2284 1770 2315 dederit,
1786 2285 1810 2312 si
1819 2293 1896 2320 prae-

1105 2330 1168 2356 ceps
1186 2322 1214 2348 in
1232 2322 1380 2357 Neptunias
1398 2321 1530 2356 depulsus
1547 2322 1598 2348 erit
1611 2321 1728 2348 lacunas.
1762 2322 1896 2349 Paeniteat

1106 2359 1188 2394 igitur
1201 2359 1292 2390 istum,
1308 2359 1356 2394 qui
1370 2363 1473 2385 montes
1487 2358 1552 2385 belli
1566 2358 1709 2385 fabricatus
1723 2363 1772 2390 est,
1787 2368 1895 2395 campos

1105 2396 1215 2422 sustulit
1228 2397 1310 2431 pacis.
1338 2397 1367 2422 In
1381 2396 1431 2422 hoc
1439 2405 1525 2432 genus
1534 2396 1656 2431 plerique
1666 2404 1752 2430 quum
1762 2395 1896 2423 declinant

1105 2438 1130 2459 et
1143 2433 1176 2459 ab
1185 2442 1223 2464 eo,
1236 2442 1290 2468 quo
1302 2433 1413 2468 profecti
1427 2438 1498 2464 sunt¹
1515 2433 1712 2464 aberraverunt,
1727 2433 1816 2468 specie
1833 2442 1895 2470 gra-

1083 2488 1085 2506 3
1105 2470 1194 2496 vitatis
1208 2470 1346 2501 falluntur,
1363 2479 1411 2497 nec
1425 2471 1575 2505 perspicere
1588 2475 1701 2504 possunt
1713 2471 1838 2498 orationis
1851 2475 1895 2497 tu-

1083 2515 1085 2517 ·
1105 2516 1215 2534 morem.
1237 2507 1284 2534 XI.
1298 2509 1338 2534 46.
1353 2507 1405 2540 Qui
1419 2508 1447 2534 in
1460 2507 1591 2534 mediocre
1604 2515 1690 2542 genus
1699 2508 1824 2534 orationis
1834 2517 1895 2543 pro-

1104 2543 1165 2571 fecti
1187 2550 1259 2576 sunt,
1283 2545 1306 2571 si
1329 2545 1468 2580 pervenire
1491 2552 1522 2570 eo
1539 2553 1591 2570 non
1609 2548 1761 2579 potuerunt,
1777 2550 1894 2571 errantes

1104 2628 1165 2645 mus
1183 2618 1314 2645 fluctuans
1332 2623 1358 2645 et
1375 2618 1545 2649 dissolutum,
1566 2627 1597 2644 eo
1609 2618 1682 2653 quod
1694 2619 1753 2645 sine
1765 2627 1854 2645 nervis
1867 2623 1894 2645 et

1103 2656 1223 2682 articulis
1245 2655 1355 2682 fluctuat
1375 2656 1429 2682 huc
1445 2660 1471 2681 et
1484 2655 1557 2686 illuc,
1582 2664 1629 2682 nec
1642 2659 1729 2690 potest
1740 2655 1893 2682 confirmate

263 2694 359 2721 blicam
370 2699 474 2730 praesto
485 2703 543 2721 esse
553 2694 691 2721 viderent?
704 2703 756 2721 non
766 2694 882 2729 denique
892 2694 975 2720 ullam
985 2702 1050 2724 rem,
1082 2692 1084 2708 ¹
1104 2702 1191 2728 neque
1205 2693 1317 2719 viriliter
1330 2701 1389 2719 sese
1402 2692 1537 2727 expedire.
1559 2692 1589 2719 Id
1602 2697 1642 2719 est
1655 2692 1825 2719 huiusmodi:
1845 2692 1893 2720 So-

262 2741 330 2767 quae
349 2741 390 2758 res
409 2733 551 2767 pertineret
568 2731 600 2758 ad
619 2731 720 2758 bellum
736 2730 996 2758 administrandum?
1024 2731 1054 2765 Si⁵

1075 2736 1083 2765 ,¹
1103 2731 1136 2756 cii
1157 2731 1239 2757 nostri
1256 2739 1341 2765 quum
1356 2729 1512 2765 belligerare
1525 2730 1666 2757 nobiscum
1681 2729 1788 2761 vellent,
1805 2729 1892 2765 profe-
