1941 3052
383 144 427 170 IN
456 144 486 171 C.
518 144 783 171 SALUSTIUM
812 144 1083 172 RESPONSIO.
1118 146 1208 173 CAP.
1242 149 1355 174 4—5.
1628 152 1686 176 ⁴35⁴

50 214 178 242 testarum
193 215 311 246 civium,
333 223 386 241 una
402 223 464 241 cum
480 215 535 242 illis
551 216 742 242 adnumeratus
757 215 848 242 esses?
867 216 869 247 ξ

51 252 92 280 An
104 261 154 288 ego
164 257 228 279 tunc
238 251 306 278 falso
316 253 423 287 scripsi,
868 251 869 265 l

128 289 224 316 Cedant
237 299 312 316 arma
324 294 403 323 toque,
868 270 870 313 i

50 328 99 362 qui
110 331 216 363 togatus
227 331 352 357 armatos,
367 325 411 363 [et]
424 335 489 362 pace
501 326 603 353 bellum
614 326 755 362 oppressi‘?
774 327 848 353 7.An
869 318 871 334 ¹¹

49 364 120 392 illud
131 364 259 391 mentitus
270 372 341 395 sum,

124 417 161 421 —-
171 405 330 435 fortunatam
340 406 428 427 natam
439 411 477 427 me
491 403 592 428 consule
606 402 718 431 Romam,

50 440 100 474 qui
114 443 218 466 tantum
235 439 394 465 intestinum
411 438 513 465 bellum
529 444 555 465 et
575 439 754 465 domesticum
771 438 849 464 Urbis

50 476 209 504 incendium
221 475 358 503 exstinxi?
377 477 420 502 111.
434 477 526 511 Neque
538 481 562 502 te
574 478 612 502 tui
625 477 707 512 piget,
721 476 800 502 homo
813 475 850 501 le-
870 462 871 499 l

49 514 173 545 vissime,
181 522 267 549 quum
278 523 308 540 ea
319 513 423 549 culpas.
433 522 502 548 quae
514 514 541 539 in
553 513 674 540 historiis
685 513 786 549 gloriae
798 514 850 538 mi-
869 522 871 568 1

50 551 80 578 hi
91 551 188 578 ducis?
208 551 248 578 An
265 552 372 586 turpius
383 555 436 582 est,
449 556 537 585 patres
552 552 711 585 conscripti,
729 551 851 576 scriben-
870 564 878 598 p

50 593 105 616 tem
116 589 234 619 mentiri,
248 597 330 623 quam
342 588 420 614 illum
433 588 520 623 palam
533 588 582 614 hoc
594 588 687 614 ordine
697 587 850 614 dicentem?
870 601 871 616 ι

51 627 119 653 Nam
129 626 202 661 quod
214 631 327 652 aetatem
338 627 511 660 increpuisti:
523 630 626 652 tantum
639 634 680 651 me
692 625 786 651 abesse
797 634 849 659 pu—
870 630 871 659 ξ

50 668 78 691 ω
88 664 122 690 ab
133 663 319 698 impudicitia.
340 668 473 698 quantum
488 668 515 689 tu
530 662 613 699 [abes]
626 672 639 689 a
652 663 792 697 pudicitia.
824 664 848 688 8.
870 662 872 679 ἰ

51 701 105 728 Sed
116 701 183 736 quid
194 709 244 737 ego
254 701 287 727 de
298 705 324 727 te
339 700 416 736 plura
432 700 547 736 querar?
567 700 638 732 Quid
654 701 726 726 enim
742 700 850 726 mentiri
870 702 872 726 t

51 743 129 774 turpe
139 738 236 770 duceS,
254 739 303 773 qui
319 738 386 765 mihi
401 747 484 764 ausus
496 739 534 764 sis
545 738 739 772 eloquentiam,
758 738 797 763 uti
809 737 851 762 vi-

51 777 134 807 tium,
151 775 287 802 obiicere‘?
306 777 386 802 cuius
397 784 504 810 semper
515 784 613 802 nocens
625 776 723 811 eguisti
736 775 851 809 patroci-
871 783 872 791 ι

51 813 107 840 nio.
138 813 179 839 An
189 813 277 839 ullum
289 814 429 840 existimas
440 821 519 848 posse
531 813 588 839 fieri
599 814 686 839 civem
699 813 848 847 egregium,

51 851 100 886 qui
111 859 163 877 non
176 850 219 877 his
231 851 334 877 artibus
345 856 371 877 et
381 850 536 886 disciplinis
548 851 583 876 sit
593 849 734 876 eruditus‘?
748 858 780 875 an
797 849 850 875 ulla

52 888 104 914 alia
115 892 194 923 putas
206 897 265 914 esse
276 888 429 915 rudimenta
441 893 466 914 et
478 887 641 914 incunabula
653 888 775 917 virtutis,
789 887 852 920 qui-
872 906 873 921 ,

51 925 104 952 bus
120 926 204 951 animi
216 925 248 952 ad
259 925 361 961 gloriae
372 926 547 960 cupiditatem
559 924 685 951 aluntur‘?
705 924 758 951 Sed
770 924 851 950 mini-
872 943 873 952 ,

51 971 95 989 me
107 963 206 989 mirum
220 967 273 994 est,
291 968 380 998 patres
392 963 551 997 conscripti,
569 963 593 988 si
605 962 697 993 homo,
717 963 765 997 qui
779 961 852 987 desi—

52 1000 113 1027 diae
124 1008 154 1027 ac
165 999 289 1027 luxuriae
300 1000 397 1035 plenus
409 1001 452 1031 sit,
466 1000 540 1030 haec,
554 1005 583 1026 ut
595 1009 661 1026 nova
673 1005 752 1034 atque
766 999 852 1025 inusi—

51 1042 118 1068 tata,
136 1038 258 1064 miratur.
299 1039 324 1064 9.
346 1038 414 1064 Nam
430 1037 503 1072 quod
519 1039 569 1064 ista
581 1038 707 1064 inusitata
720 1037 793 1062 rabie
804 1045 851 1070 pe-
872 1041 873 1047 ¹

52 1075 206 1102 tulanterin
217 1083 329 1101 uxorem
341 1079 367 1102 et
380 1076 407 1101 in
422 1075 504 1101 filiam
521 1083 607 1101 meam
623 1075 761 1105 invasisti,
782 1082 851 1108 quae
872 1103 880 1109 ff

52 1112 161 1139 facilius
172 1121 200 1138 se
212 1112 340 1138 mulieres
351 1121 365 1139 a
376 1113 443 1139 viris
455 1112 657 1142 abstinuerunt,
675 1121 756 1146 quam
771 1117 798 1137 tu
812 1113 852 1136 vir
872 1110 874 1123 l

53 1159 66 1176 a
83 1150 164 1176 viris:
186 1150 252 1176 satis
270 1149 346 1176 docte
362 1158 392 1176 ac
409 1150 493 1184 perite
508 1149 606 1176 fecisti.
647 1150 704 1176 Non
721 1150 792 1175 enim
809 1157 851 1174 me
873 1160 874 1163 ι

52 1188 166 1222 sperasti
178 1192 301 1214 mutuam
316 1187 365 1214 tibi
380 1188 494 1222 gratiam
510 1187 670 1217 relaturum,
688 1191 718 1213 ut
728 1187 850 1212 vicissim

52 1230 112 1251 tuas
128 1224 328 1260 compellarem.
368 1225 444 1251 Unus
459 1225 532 1251 enim
547 1225 612 1251 satis
626 1234 654 1250 es
667 1225 792 1250 materiae
804 1224 851 1249 ha-

52 1262 134 1289 bens:
158 1271 245 1297 neque
261 1262 412 1297 quidquam
424 1263 531 1297 turpius
543 1267 582 1288 est
593 1262 666 1288 domi
678 1267 751 1291 tuae,
769 1270 850 1296 quam

52 1304 92 1326 tu.
133 1299 248 1326 Multum
269 1304 294 1326 te
315 1308 378 1326 vero
393 1300 484 1335 opinio
500 1299 581 1330 fallit,
604 1300 652 1335 qui
669 1299 736 1325 mihi
753 1300 850 1334 putasti

52 1345 146 1372 parare
158 1337 292 1364 invidiam
303 1345 337 1363 ex
348 1346 407 1363 mea
419 1346 446 1363 re
458 1336 594 1368 familiari,
607 1346 675 1372 quae
689 1337 772 1363 multo
784 1336 851 1362 mihi

52 1375 141 1401 minor
151 1378 204 1405 est,
218 1383 300 1409 quam
313 1375 411 1401 habere
425 1374 525 1410 dignus
537 1383 608 1401 sum.
649 1376 736 1409 Atque
748 1375 850 1400 utinam

52 1420 86 1438 ne
101 1416 172 1438 tanta
187 1411 300 1447 quidem
316 1417 398 1443 esset,
422 1417 520 1447 quanta
537 1412 588 1438 est!
613 1413 651 1438 uti
668 1412 756 1446 potius
772 1412 851 1437 amici
873 1419 874 1424 ¹

53 1450 107 1476 mei
119 1450 250 1481 viverent,
259 1458 340 1484 quam
352 1458 401 1485 ego
412 1450 578 1476 testamentis
590 1458 682 1476 eorum
695 1449 852 1483 locupletior

52 1495 151 1513 essem.
195 1488 234 1513 40.
255 1487 312 1523 Ego
328 1486 424 1523 fugax,
445 1487 539 1521 Crispe
556 1486 674 1513 Salusti‘?
695 1487 788 1513 Furori
805 1487 850 1512 tri-

51 1524 120 1551 buni
139 1523 227 1559 plebis
243 1525 322 1551 cessi.
364 1524 461 1551 Utilius
477 1524 558 1554 duxi,
576 1525 702 1559 quamvis
720 1524 851 1550 fortunam
880 1538 882 1551 ι

52 1570 124 1588 unus
135 1562 268 1596 experiri,
290 1570 372 1596 quam
383 1562 511 1588 universo
522 1561 621 1596 populo
633 1562 750 1588 Romano
761 1561 852 1587 civilis

53 1598 163 1635 esse[m]
180 1599 360 1625 dissensionis
379 1608 484 1625 caussa.
525 1600 592 1631 Qui,
616 1604 789 1633 posteaquam
807 1598 852 1624 ille

52 1645 134 1663 suum
150 1645 251 1663 annum
267 1637 295 1663 in
312 1636 451 1671 republica
467 1637 662 1671 perbacchatus
676 1635 735 1672 [est]
747 1637 852 1663 omnia-
874 1642 875 1652 ¹

52 1682 120 1709 que,
138 1682 207 1708 quae
218 1678 413 1704 commoverat,
430 1682 494 1709 pace
506 1675 595 1700 etotio
610 1674 779 1700 resederunt:
803 1673 852 1699 hoc

51 1711 146 1738 ordine
158 1712 461 1746 revocante,atqueipsa
474 1711 611 1746 republica
624 1720 704 1737 manu
716 1711 853 1738 retrahen-

51 1752 78 1775 te
90 1756 146 1779 me,
169 1749 277 1775 reverti.
317 1748 370 1781 Qui
382 1749 450 1775 mihi
461 1748 534 1779 dies,
555 1749 652 1775 sicum
663 1749 736 1775 omni
749 1748 851 1783 reliqua

52 1786 107 1812 vita
127 1784 292 1817 conferatur,
313 1787 403 1813 animo
423 1786 536 1821 quidem
553 1794 611 1813 meo
626 1791 747 1820 superet:
767 1795 851 1820 quum

51 1823 176 1850 universi
191 1832 239 1850 vos
255 1823 428 1858 populusque
440 1824 576 1850 Romanus
592 1823 720 1859 frequens
736 1823 852 1849 adventu

51 1868 113 1887 meo
122 1860 272 1896 gratulatus
283 1865 336 1887 est:
353 1861 418 1888 tanti
429 1869 486 1892 me,
501 1860 639 1896 fugacem,
658 1861 851 1887 mercenarium

52 1902 205 1933 patronum,
218 1898 246 1924 hi
258 1899 478 1925 aestimaverunt.
510 1899 552 1925 lV.
577 1900 616 1925 tl.
638 1899 732 1933 Neque
745 1897 852 1924 hercule

53 1936 154 1962 mirum
170 1939 224 1966 est,
244 1936 268 1962 si
288 1943 338 1971 ego
353 1944 461 1970 semper
477 1936 562 1962 iustas
577 1936 699 1962 omnium
721 1936 853 1961 amicitias

53 1973 218 1999 existimavi.
259 1973 317 1999 Non
334 1973 407 1999 enim
423 1973 470 1999 uni
486 1974 612 2008 privatim
626 1972 769 1999 ancillatus
780 1981 851 2003 sum,

52 2018 141 2045 neque
152 2018 194 2036 me
205 2009 312 2036 addixi:
336 2010 397 2041 sed,
415 2015 546 2045 quantum
558 2011 675 2045 quisque
688 2010 853 2044 reipublicae

53 2047 171 2078 studuit,
194 2052 298 2074 tantum
310 2047 378 2074 mihi
390 2047 441 2074 fuit
452 2052 498 2074 aut
513 2048 630 2078 amicus,
652 2051 698 2074 aut
714 2047 851 2073 inimicus.

52 2084 109 2120 Ego
120 2084 189 2111 nihil
201 2084 263 2119 plus
275 2084 349 2111 volui
361 2084 459 2116 valere,
472 2093 554 2120 quam
568 2092 671 2119 pacem.
707 2083 785 2110 Multi
797 2085 853 2118 pri-

53 2126 175 2149 vatorum
188 2122 314 2148 audacias
326 2127 492 2149 metuerunt:
505 2130 554 2157 ego
566 2121 634 2148 nihil
647 2121 735 2152 timui,
749 2122 801 2147 nisi
815 2120 852 2147 le-

52 2167 111 2195 ges.
151 2158 228 2186 Multi
254 2168 327 2186 arma
348 2168 397 2186 sua
417 2159 507 2186 timeri
527 2158 684 2185 voluerunt:
707 2167 757 2194 ego
773 2167 852 2184 num-

52 2204 135 2232 quam
147 2196 221 2223 volui
235 2196 385 2232 quidquam
400 2205 492 2231 posse,
515 2197 567 2222 nisi
583 2204 631 2231 pro
646 2195 734 2222 vobis.
775 2195 852 2222 Multi
874 2196 875 2203 ¹

52 2241 87 2260 ex
98 2233 185 2265 vobis,
193 2235 311 2268 potentia
324 2233 393 2264 freti,
403 2234 429 2260 in
443 2242 489 2260 vos
500 2235 558 2259 suis
571 2233 676 2259 viribus
687 2233 767 2259 abusi
778 2237 850 2259 sunt.

51 2271 145 2306 Itaque
156 2279 208 2297 non
220 2275 260 2297 est
273 2271 387 2301 mirum,
409 2271 432 2297 si
449 2270 551 2297 nullius
565 2271 683 2297 amicitia
699 2278 765 2296 usus
779 2278 850 2300 sum,
881 2269 882 2298 l

52 2308 101 2343 qui
113 2316 165 2334 non
177 2312 306 2343 perpetuo
317 2307 482 2343 reipublicae
493 2309 597 2334 amicus
610 2307 669 2334 fuit.
699 2309 738 2334 ⁴2.
759 2308 851 2342 Neque

52 2345 125 2372 enim
140 2353 183 2371 me
199 2346 330 2380 poenitet,
353 2345 376 2371 si
392 2349 438 2371 aut
454 2346 552 2379 petenti
564 2345 670 2371 Vatinio
682 2353 725 2371 reo
737 2346 852 2379 patroci-
881 2353 882 2363 ι

52 2383 130 2409 nium
141 2381 278 2417 pollicitus
289 2390 364 2413 sum,
387 2386 433 2408 aut
444 2382 530 2408 Sextii
542 2381 711 2408 insolentiam
724 2383 849 2417 repressi,
881 2381 882 2384 ’

52 2424 99 2446 aut
107 2419 200 2447 Bibuli
211 2420 366 2454 patientiam
381 2419 500 2454 culpavi,
514 2424 560 2446 aut
573 2419 719 2446 virtutibus
730 2419 852 2445 Caesaris

52 2456 118 2484 favi.
155 2457 209 2484 Hae
223 2456 315 2493 [enim]
330 2456 423 2483 laudes
434 2457 536 2492 egregii
547 2457 617 2483 civis
631 2462 657 2482 et
669 2457 763 2482 unicae
777 2461 850 2482 suut.
880 2437 882 2471 Ι

51 2493 126 2526 Quae
137 2495 160 2521 si
173 2499 201 2521 tu
212 2494 281 2521 mihi
293 2495 331 2520 uti
342 2494 407 2520 vitia
418 2494 529 2525 obiicis.
553 2494 688 2520 temeritas
704 2498 748 2520 tua
760 2502 851 2528 repre-

51 2530 194 2564 hendetur,
206 2540 259 2559 non
271 2540 328 2558 mea
341 2531 406 2558 vitia
417 2531 610 2566 culpabuntur.
632 2530 710 2557 Plura
722 2530 849 2559 dicerem,

52 2569 77 2595 si
87 2569 159 2604 apud
170 2568 237 2596 alios
248 2569 317 2596 mihi
327 2573 398 2595 esset
408 2568 568 2599 dicendum,
591 2573 679 2602 putres
694 2568 848 2602 conscripti,

52 2614 106 2633 non
117 2605 189 2641 apud
200 2615 390 2642 vos‚quosego
403 2606 486 2633 habui
497 2605 619 2633 omnium
631 2605 766 2631 actionum
779 2613 851 2631 meu-

52 2651 113 2670 rum
129 2644 283 2671 monitores.
324 2643 378 2670 Sed
396 2643 444 2670 ubi
463 2651 552 2671 rerum
571 2643 722 2670 testimonia
741 2642 848 2673 adsunt,

51 2680 120 2716 quid
130 2689 199 2717 opus
209 2685 250 2709 est
260 2680 369 2708 verbis?

954 217 985 243 V.
1010 219 1048 243 ⁴3.
1070 218 1156 248 Nunc,
1173 218 1205 244 ad
1218 223 1241 244 te
1253 220 1290 244 uti
1306 223 1434 249 revertar,
1447 218 1560 249 Salusti,
1577 225 1692 254 patrem-

899 262 952 288 que
968 259 1044 280 tuum
1061 260 1236 289 praeteream:
1261 257 1308 290 qui
1323 257 1346 282 si
1363 265 1509 291 numquam
1527 257 1553 282 in
1570 257 1623 282 vita
1644 266 1690 282 sua

900 293 1033 325 peccavit,
1058 297 1144 318 tamen
1159 293 1285 319 maiorem
1300 294 1424 319 iniuriam
1442 294 1606 328 reipublicae
1623 294 1692 320 face-

901 337 927 354 re
938 337 988 355 non
1002 330 1100 363 potuit,
1117 338 1198 364 quam
1214 330 1285 364 quod
1299 335 1322 356 te
1335 331 1412 356 talem
1425 330 1509 356 silium
1521 332 1627 365 genuit:
1647 340 1693 357 ne-

900 374 966 399 que,
984 371 1011 392 tu
1027 367 1049 392 si
1063 375 1115 400 qua
1129 367 1154 392 in
1168 368 1280 401 pueritia
1294 369 1422 401 peccasti,
1439 376 1584 402 exsequar,
1602 377 1634 394 ne
1646 377 1693 402 pa—

901 407 1001 428 rentem
1018 408 1094 429 tuum
1111 404 1202 430 videar
1217 413 1355 435 accusare,
1378 406 1425 439 qui
1441 414 1471 431 eo
1487 410 1603 439 tempore
1618 414 1693 431 sum-

901 448 972 465 mam
988 441 1026 466 tui
1041 446 1196 474 potestatem
1214 441 1320 468 habuit:
1347 442 1393 468 sed
1413 442 1519 477 qualem
1539 442 1693 468 adolescen-

901 478 964 503 tiam
976 478 1072 512 egeris.
1114 479 1166 504 Hac
1177 480 1248 504 enim
1260 479 1451 510 demonstrata,
1470 479 1546 505 facile
1559 480 1693 514 intellige-

902 520 952 544 tur,
965 523 1046 549 quam
1058 515 1188 549 petulanti
1201 517 1313 550 pueritia
1329 522 1381 543 tam
1394 517 1548 551 impudicus
1559 522 1583 543 et
1596 526 1693 551 procax

901 552 1059 578 adoleveris.
1101 553 1273 587 Posteaquam
1288 555 1431 579 immensae
1443 554 1520 589 gulae
1533 554 1693 588 impudicis-

901 590 963 615 simi
977 590 1094 623 corporis
1110 595 1237 624 quaestus
1253 590 1376 616 sufficere
1393 600 1443 617 uon
1461 592 1557 625 potuit,
1580 596 1603 616 et
1622 597 1692 616 aetas

901 631 945 652 tua
959 627 1010 652 iam
1023 626 1054 652 ad
1066 636 1094 653 ea
1108 627 1317 662 patienda,quae
1329 628 1403 654 alteri
1418 628 1502 654 facere
1513 628 1690 655 collibuisset.

902 663 1263 698 exoleverat,cupiditatibus
1277 666 1387 693 infinitis
1399 665 1563 693 efferebar-is:
1579 671 1614 696 ut,
1624 676 1692 701 quae

902 702 960 735 ipse
971 702 1074 735 corpori
1088 707 1131 727 tuo
1143 703 1229 738 turpia
1242 712 1293 730 non
1307 704 1446 734 duxisses,
1470 706 1496 730 in
1512 705 1572 730 aliis
1586 705 1693 738 experi-

902 739 978 764 reris.
1021 740 1059 764 44.
1076 740 1109 764 lta
1123 748 1173 766 non
1186 746 1225 767 est
1238 741 1313 766 facile
1325 747 1460 775 exputare,
1477 747 1564 776 patres
1575 742 1693 767 conscri-

903 777 954 810 pti,
980 780 1069 801 utrum
1090 777 1116 802 in
1139 776 1336 804 honestioribus
1356 780 1473 813 corporis
1495 779 1614 813 partibus
1636 787 1693 804 rem

903 814 1055 847 quaesierit,
1068 822 1101 840 an
1113 816 1242 841 amiserit.
1275 816 1385 841 Domum
1398 821 1533 850 paternam
1547 817 1608 841 vivo
1621 821 1693 849 patre

879 872 880 876 ,
903 851 1058 884 turpissime
1071 852 1191 877 venalem
1205 852 1310 883 babuit,
1330 853 1460 879 vendidit.
1501 851 1692 888 Etcuffquam]

903 887 1017 913 dubium
1033 894 1197 922 potestesse,
1211 891 1277 924 quin
1291 891 1357 916 mori
1368 891 1483 923 coegerit
1495 899 1569 917 eum,
1585 898 1638 924 quo
1651 890 1694 915 bic

904 925 1022 951 nondum
1039 931 1140 952 mortuo
1161 936 1207 961 pro
1231 927 1326 953 herede
1348 924 1461 962 gesserit
1478 927 1584 953 omnia?
1603 928 1694 960 Neque

878 983 880 997 Υ,
903 962 986 996 pudet
998 971 1011 987 a
1023 972 1065 989 me
1077 972 1138 989 eum
1150 972 1289 998 quaerere,
1303 965 1365 999 quis
1378 965 1403 990 in
1418 965 1445 990 P.
1459 965 1547 991 Crassi
1557 964 1636 990 domo
1648 964 1695 989 ba-

904 1000 978 1029 bitet,
991 1008 1076 1034 quum
1089 1001 1146 1035 ipse
1157 1002 1316 1035 respondere
1329 1011 1379 1027 non
1391 1007 1479 1036 queat,
1495 1003 1556 1036 quis
1570 1003 1595 1027 iu
1609 1002 1695 1035 ipsius

904 1037 1005 1064 habitet
1016 1043 1123 1072 paterna
1135 1038 1224 1064 domo.
1263 1040 1304 1068 At,
1319 1039 1435 1066 hercule.
1450 1039 1540 1073 lapsus
1556 1039 1647 1063 aetatis
1663 1039 1695 1064 ti-

904 1075 1018 1105 rocinio,
1041 1080 1130 1109 postea
1147 1084 1205 1101 sese
1219 1077 1342 1102 correxit.
1383 1076 1439 1102 Non
1452 1077 1485 1102 ita
1498 1081 1549 1102 est.
1572 1075 1618 1100 sed
1631 1076 1696 1100 abiit

904 1112 930 1138 in
942 1112 1096 1138 sodalitium
1108 1113 1231 1148 sacrilegi
1240 1113 1391 1148 Nigidiani:
1405 1113 1447 1138 bis
1460 1113 1579 1139 iudicum
1588 1112 1620 1137 ad
1631 1113 1697 1137 sub-

903 1149 979 1175 sellia
991 1155 1126 1180 attractus,
1135 1155 1253 1176 extrema
1266 1150 1368 1176 fortuna
1381 1151 1465 1176 stelit:
1480 1155 1505 1176 et
1517 1151 1550 1176 ita
1562 1150 1695 1179 discessit,

903 1192 994 1213 utnon
1008 1187 1051 1213 hic
1063 1188 1189 1213 innocens
1202 1196 1269 1218 esse,
1282 1187 1329 1213 sed
1343 1188 1445 1213 iudices
1460 1188 1592 1222 peierasse
1604 1187 1697 1212 existi-

905 1230 1048 1251 marentur.
1092 1226 1130 1251 ⁴5.
1154 1225 1272 1251 Primum
1293 1225 1418 1251 honorem
1436 1226 1462 1251 in
1476 1230 1619 1259 quaestura
1635 1223 1698 1250 ade·

904 1266 978 1296 ptus,
1002 1262 1074 1288 hunc
1090 1261 1177 1288 locum
1193 1267 1218 1288 et
1235 1262 1306 1288 hunc
1321 1262 1441 1288 ordinem
1460 1262 1596 1296 despexit.
1619 1262 1697 1287 cuius

903 1299 992 1325 aditus
1007 1299 1061 1325 sibi
1075 1308 1196 1334 quoquc,
1215 1299 1403 1325 sordidissimo
1420 1300 1537 1328 homini,
1556 1299 1695 1332 patuisset.

904 1337 993 1371 ltaque
1006 1337 1112 1367 timens,
1127 1345 1158 1363 ne
1171 1336 1286 1363 facinora
1298 1338 1356 1362 eius
1367 1336 1435 1362 clam
1449 1346 1495 1362 vos
1506 1340 1603 1365 esseut.
1613 1344 1697 1370 quum

903 1374 1030 1400 omnibus
1045 1379 1159 1400 matrum
1177 1373 1361 1410 familiaſtrum]
1382 1375 1448 1399 viris
1459 1373 1602 1408 opprobrio
1616 1378 1695 1401 esset.

904 1411 1043 1437 confessus
1055 1417 1107 1442 est,
1126 1411 1202 1437 vobis
1214 1412 1400 1440 audientibus,
1419 1411 1593 1440 adulterium,
1611 1418 1697 1444 neque

904 1449 1012 1475 erubuit
1027 1458 1070 1474 ora
1088 1454 1184 1475 vestra.
1225 1449 1268 1475 vl.
1291 1449 1409 1477 vixeris,
1433 1449 1470 1474 uti
1487 1448 1563 1477 libet,
1582 1447 1695 1473 Salus-ii:

904 1487 1000 1521 egeris,
1014 1495 1083 1520 quae
1096 1486 1226 1512 volueris:
1249 1487 1314 1512 satis
1325 1487 1372 1516 sit.
1391 1494 1473 1511 uuum
1487 1491 1510 1511 te
1523 1491 1627 1511 tuorum
1640 1492 1698 1509 sce-

905 1523 989 1549 lerum
999 1525 1137 1549 conscium
1149 1532 1217 1549 esse.
1257 1524 1315 1549 Noli
1329 1524 1405 1549 uobis
1419 1522 1571 1557 languorem
1584 1527 1608 1547 ct
1620 1530 1698 1555 sopo-

905 1570 960 1587 rem
973 1562 1086 1587 nimium
1102 1561 1273 1595 exprobrare.
1313 1561 1412 1586 Sumus
1428 1560 1570 1594 diligentes
1583 1560 1609 1584 iu
1621 1564 1698 1584 tucn—

904 1599 936 1624 da
949 1599 1078 1633 pudicitia
1091 1607 1204 1625 uxorum
1218 1603 1377 1627 nostrarum,
1386 1598 1432 1623 scd
1441 1599 1474 1623 ita
1486 1597 1633 1631 experrecti
1647 1604 1698 1621 nou

905 1645 1014 1667 sumus,
1038 1641 1066 1662 ut
1086 1645 1099 1661 a
1116 1641 1139 1662 te
1155 1644 1249 1662 cavere
1266 1636 1411 1670 possimus.
1456 1637 1492 1660 16.
1516 1634 1632 1660 Audacia
1654 1639 1697 1658 tua

905 1674 989 1700 vincit
1009 1673 1097 1699 studia
1119 1678 1216 1699 nostra.
1257 1673 1288 1699 Et
1303 1673 1375 1707 quod
1393 1673 1462 1698 huuc
1479 1680 1584 1697 movere
1605 1671 1697 1704 possit,

906 1716 992 1745 patres
1004 1711 1162 1745 conscripti,
1180 1710 1277 1736 sactum
1292 1720 1321 1735 ac
1333 1710 1434 1735 dictum
1447 1715 1536 1743 turpe,
1553 1717 1634 1742 quem
1647 1716 1698 1733 nou

907 1748 1003 1782 puduit
1015 1748 1112 1782 palam,
1127 1748 1204 1773 vobis
1216 1748 1403 1775 audientibus,
1417 1746 1578 1772 adulterium
1590 1745 1699 1770 conlite-

905 1786 945 1811 ri‘?
964 1786 1039 1817 Quod
1056 1787 1078 1811 si
1095 1785 1162 1811 nibil
1179 1794 1225 1819 pro
1242 1794 1283 1810 me
1300 1785 1348 1811 tibi
1365 1784 1524 1818 responden¹
1542 1783 1697 1809 valuissem,

905 1823 952 1849 sed
966 1823 1032 1849 illud
1044 1823 1197 1848 censorium
1209 1822 1327 1857 elogium
1340 1823 1419 1856 Appii
1431 1820 1536 1847 Claudii
1547 1826 1572 1846 et
1584 1820 1612 1845 Ι..
1626 1819 1699 1844 Piso-

906 1861 961 1891 uis,
980 1861 1212 1894 integerrimorum
1230 1861 1362 1889 virorum,
1386 1868 1439 1893 quo
1456 1867 1521 1884 usus
1532 1863 1571 1883 est
1582 1858 1699 1891 quisquc

906 1906 1007 1928 eorum,
1022 1894 1069 1932 pro
1082 1897 1138 1932 lege
1150 1897 1237 1931 palam
1250 1897 1385 1923 universis
1398 1896 1533 1922 recitarem
1545 1906 1548 1920 :
1569 1903 1654 1920 imum:
1667 1894 1700 1918 ti-

907 1936 933 1961 bi
949 1935 1054 1961 viderer
1065 1940 1185 1961 aeternas
1198 1936 1302 1960 iuurcrc
1315 1933 1441 1961 maculas,
1451 1942 1518 1967 quas
1531 1932 1633 1965 reliqua
1648 1932 1699 1956 vita

907 1978 949 1999 tua
961 1972 1050 1998 eluere
1064 1981 1114 1998 non
1127 1972 1228 2006 possit‘?
1250 1972 1341 2006 Neque
1353 1976 1411 2005 post
1425 1970 1499 1996 illum
1513 1969 1646 1995 dclecuuu
1658 1977 1700 1993 sc-

906 2015 984 2036 nutus
1001 2015 1024 2036 te
1042 2018 1170 2044 umquam
1189 2009 1321 2035 vidimus:
1346 2009 1397 2034 uisi
1416 2007 1480 2033 forte
1498 2007 1523 2032 iu
1540 2016 1568 2031 ca
1582 2010 1700 2031 {ecastr-i

905 2047 1054 2077 coniecisti.
1069 2056 1124 2081 quo
1134 2047 1221 2073 omnis
1233 2047 1336 2072 sentina
1350 2045 1514 2079 reipublicae
1526 2043 1698 2069 coulluxcrat.

910 2085 947 2110 ¹7.
966 2084 998 2110 At
1011 2084 1081 2110 idem
1093 2084 1241 2114 Salustius,
1256 2085 1303 2118 qui
1318 2084 1343 2108 iu
1357 2091 1419 2117 pucc
1433 2092 1464 2108 ιιι·
1476 2087 1580 2107 senator
1590 2080 1699 2114 quidcm

906 2126 1051 2147 manserat:
1069 2126 1243 2155 posteaquam
1257 2120 1407 2154 respublica
1419 2120 1500 2145 armis
1512 2127 1638 2152 oppressa
1649 2122 1698 2143 cst.

905 2163 930 2185 et
942 2158 1013 2184 idem
1026 2159 1148 2186 victores,
1161 2158 1208 2192 qui
1220 2157 1328 2183 exsules
1341 2157 1459 2183 reduxit:
1476 2157 1500 2182 iu
1514 2161 1634 2181 scuaiuui
1643 2159 1699 2187 post

904 2200 1075 2230 quaesturam
1094 2195 1220 2221 reductus
1231 2199 1279 2220 cst.
1320 2195 1405 2225 Quem
1422 2194 1546 2219 bonorem
1560 2198 1593 2217 ιι.ι
1605 2192 1698 2224 gessit.

905 2237 934 2259 ut
946 2232 1012 2258 uibil
1027 2234 1052 2258 iu
1064 2241 1095 2258 co
1106 2242 1156 2258 nou
1171 2231 1263 2257 vcualc
1280 2231 1416 2258 babuci-it.
1434 2231 1512 2256 cuius
1529 2229 1627 2263 aliquis
1643 2236 1698 2252 cui-

905 2275 962 2304 ptor
979 2269 1068 2295 fuerit.
1111 2270 1145 2295 lta
1168 2269 1249 2303 igitur
1264 2273 1332 2303 egit,
1355 2273 1383 2293 ut
1399 2267 1466 2293 nihil
1480 2277 1529 2292 unu
1543 2274 1657 2299 acquum
1670 2273 1699 2289 uc

906 2315 998 2333 verum
1014 2307 1135 2336 duxerit,
1161 2305 1232 2340 quod
1250 2306 1301 2339 ipsi
1315 2304 1398 2330 succro
1409 2304 1589 2330 collibuisset.
1613 2310 1699 2335 ucqim

904 2344 980 2370 aliter
993 2345 1109 2373 vexavit,
1123 2353 1152 2369 ac
1163 2343 1265 2370 debuit.
1280 2343 1301 2367 si
1314 2343 1376 2376 quis
1389 2341 1501 2376 pracdac
1515 2341 1569 2366 locu
1580 2348 1699 2372 accepis-

905 2387 947 2416 pet
960 2383 1155 2417 magistratum.
1182 2382 1219 2406 1⁸.
1237 2380 1509 2413 l'cractaquincstura.
1526 2383 1698 2411 posteaquam

905 2428 1000 2453 magun
1013 2419 1122 2453 pignora
1135 2419 1173 2444 cis
1185 2417 1306 2444 dcdcrat,
1323 2425 1384 2441 cum
1403 2416 1504 2450 ιμιιΙιιμΥ
1520 2414 1699 2439 siuiibtudiuc

906 2457 974 2482 vitae
986 2465 1014 2482 se
1025 2457 1213 2482 couiuuxcrut.
1240 2462 1309 2479 uuus
1327 2454 1378 2478 iam
1395 2462 1426 2478 cx
1441 2452 1484 2477 illu
1496 2460 1575 2484 grege
1588 2450 1699 2476 videba-

905 2498 956 2519 tur.
998 2493 1064 2519 Eius
1075 2494 1146 2519 euim
1161 2492 1242 2526 partis
1254 2490 1391 2524 exemplar
1402 2495 1455 2515 crat
1468 2489 1616 2515 Salustius.
1634 2496 1697 2522 ιμιιι,

905 2535 1040 2565 tamquam
1054 2531 1080 2556 in
1094 2532 1173 2556 imam
1188 2529 1355 2561 voragiucm,
1378 2532 1468 2552 coctus
1483 2534 1604 2551 ouuuuiu
1621 2531 1698 2550 vuno-

904 2576 963 2593 rum
980 2572 1144 2594 excesserat:
1165 2565 1300 2600 quidquid
1319 2564 1531 2598 impudicorum.
1549 2562 1696 2597 cyllouum,

904 2605 1113 2639 parricidarum,
1130 2603 1335 2636 sacrilegorum.
1353 2601 1505 2626 debitorum
1519 2599 1567 2625 suu
1581 2601 1606 2625 iu
1618 2599 1697 2627 vrbo,

904 2642 1076 2677 municipiis.
1094 2641 1220 2667 coloniis.
1235 2639 1306 2665 ludia
1320 2644 1383 2666 toi-u.
1397 2640 1466 2664 sicut
1480 2647 1504 2663 ιιι
1519 2637 1591 2663 [retis
1603 2636 1699 2662 subsc-

903 2679 1010 2708 derunt,
1033 2680 1150 2706 nominis
1167 2676 1263 2712 perditi
1280 2685 1309 2702 uc
1326 2677 1474 2703 imus-simi.
1493 2674 1565 2701 nulla
1583 2675 1609 2701 in
1627 2678 1698 2708 parte
