1941 3052
235 97 283 118 ΟΜΝ
797 95 839 120 Ἳῧ,
876 94 910 119 Μ.
945 94 975 119 Τ,

237 166 292 198 ipsa
305 163 475 194 diuturnitas,
484 172 552 198 qum·
565 164 695 189 maximo*
708 163 794 189 lucum
808 168 936 189 vetustate
948 163 1023 193 tollit,

237 201 261 227 id
274 210 320 227 nost
333 202 484 235 prat-vipera
496 201 606 226 consilio
618 200 812 235 prudentiaque
827 200 968 226 debemus.
999 202 1023 226 0.

236 239 339 264 tiu-nim
362 239 383 263 xi
401 238 472 263 mdlu
491 246 617 271 umquam
635 237 697 267 fuit,
722 237 813 263 liberis
828 239 950 267 arnissis,
973 242 1025 263 tam
1055 258 1056 265 ,

236 275 372 301 nutu-vitto
384 275 479 300 mulier
491 275 592 304 animo,
613 283 681 308 quau:
697 283 747 300 non
759 274 904 308 aliquando
917 274 1025 307 lugendi
1048 301 1057 309 Η

1048 310 1057 322 ”
1079 313 1123 341 ris.
1137 313 1283 346 perficiam,
1296 321 1329 339 ne
1341 317 1364 339 te
1377 311 1473 339 frustra
1485 315 1626 348 scripsisse
1637 315 1775 342 arbitrere.

236 312 344 338 modum
362 311 464 337 fecerit:
487 316 556 337 certe
573 320 634 341 nos,
652 311 723 345 quod
736 311 844 337 osidius
855 311 980 341 allatura,
1000 311 1025 337 id

235 349 347 375 consilio
358 348 487 374 anteferre
498 348 722 382 debemusneque
733 353 887 382 exspectare
899 349 1026 382 temporis

236 386 410 416 medicinam,
434 394 514 419 quam
536 390 733 419 repracsentare
758 386 857 412 ratione
879 386 1024 420 [mamimus.
1048 379 1057 418 ¹l
1091 414 1096 420 ,
1136 416 1156 434 's
1174 415 1188 420 υ
1241 415 1246 420 ,

1056 431 1057 440 ,
1078 422 1109 434 ΙΙΙ
1121 424 1132 434 11
1153 422 1202 435 ΙΓΙΙΙ
1213 422 1267 435 ΙΙΙΙΙ.

236 424 280 448 llis
301 431 350 456 ego
372 422 465 448 titteris
486 423 509 448 si
528 422 593 456 quid
615 422 801 456 profecissem,
826 423 1024 453 existimabam,

234 459 379 494 optandum
401 459 531 494 quiddam
553 468 594 485 mo
610 468 668 485 esse
689 465 855 491 assecutum
878 461 919 486 sin
937 461 1026 486 minus

236 497 299 522 forte
313 496 564 526 vutniswnuosticio
576 501 661 523 tamen
672 505 731 522 esse
743 496 896 523 functurum
910 497 1027 523 benevo-

236 533 377 559 lentissimi
394 538 473 568 atque
487 534 658 565 nmir=issimi;
682 543 763 569 quem
780 543 821 560 me
837 534 886 560 tibi
902 539 927 560 et
943 534 1026 560 fuisse

235 580 340 605 semper
349 571 488 596 existinws
500 571 590 602 velim,
603 575 629 597 et
640 570 759 597 futurum
772 580 830 597 esse
841 571 969 597 confidas.

287 671 359 691 xvtt.
380 671 396 691 A
404 671 455 691 Ro.
476 672 586 692 Eun-nm
597 672 702 693 tarditate
713 672 836 693 litterarum
844 688 849 697 .
864 672 966 693 Sextium
976 672 1025 693 hor·
1056 679 1057 686 ¹

235 709 301 730 tatur,
312 710 336 726 ut
346 706 450 726 exsilium
463 707 575 733 nnpienter
585 708 642 727 ferat
653 711 673 727 et
685 707 780 727 fortiter.

479 744 561 765 (rm-itu,
572 745 662 762 Mun-cun·
672 752 717 761 ru...
730 746 785 766 τοι.)

373 786 408 813 Μ.
433 786 462 813 C.
485 787 512 813 S.
535 787 563 813 t).
587 788 616 813 P.
639 787 785 814 SEXTIO
805 788 834 814 P.
857 787 886 814 Ρ.

290 833 312 858 4.
334 826 399 858 Non
417 831 553 858 oblivione
573 834 706 859 amicitiae
721 838 825 859 nostrae
841 842 929 868 neque
945 834 1027 860 inter·

234 869 362 895 missione
383 869 587 895 consuetudinis
608 879 682 896 meae
697 871 883 905 superioribus
900 872 1027 905 tempori-

234 905 325 932 busad
338 911 361 932 te
374 906 462 932 nullas
475 906 575 933 litteras
587 908 658 938 misi,
667 907 714 933 sed
725 908 797 942 quod
809 908 896 942 priora
909 913 1026 942 tempora

210 965 214 972 .
234 943 260 969 in
273 944 359 969 ruinis
374 943 537 978 reipublicae
551 945 700 979 nostrisque
713 945 863 976 iacuerunt,
881 946 1025 980 posteriora

233 985 322 1007 autem
338 990 380 1007 me
395 989 409 1006 a
425 981 568 1007 scribendo
587 983 640 1008 tuis
657 983 844 1008 iniustissimis
858 987 937 1017 atque
953 992 1026 1008 acer-

232 1017 355 1044 bissimis
371 1018 548 1044 incommodis
560 1019 734 1046 retardarunt.

233 1093 370 1127 animique
392 1093 606 1127 magnitudinem
627 1093 785 1129 diligentius
806 1102 894 1120 essem
919 1102 1024 1120 mecum

233 1129 399 1156 recordatus:
426 1138 477 1155 non
493 1131 585 1164 putavi
601 1139 660 1157 esse
675 1131 792 1157 alienum
809 1131 937 1157 institutis
958 1132 1025 1157 meis

234 1166 298 1193 haec
312 1167 344 1193 ad
362 1171 385 1193 te
400 1167 528 1193 scribere.
646 1201 649 1203 Β

233 1204 400 1238 temporibus
412 1203 474 1234 iltis,
489 1204 589 1238 quibus
602 1205 627 1231 in
641 1205 770 1231 invidiam
782 1206 880 1232 absens
898 1206 960 1232 etin
972 1206 1025 1232 cri-

232 1250 293 1267 men
306 1240 443 1271 vocabarc,
452 1240 572 1274 desendi3
587 1247 620 1273 et,
633 1251 718 1277 quum
730 1243 756 1269 in
769 1243 807 1269 tui
819 1242 1024 1269 familiarissimi

233 1278 333 1304 iudicio
348 1287 377 1304 a(-
393 1278 513 1312 periculo
529 1283 604 1305 tuum
623 1278 744 1316 [crimen]
757 1281 978 1316 coniungeretur,
996 1285 1025 1307 ut

232 1315 305 1350 potui
317 1316 517 1341 accuratissime
528 1320 552 1342 te
563 1321 690 1351 tuamque
701 1325 824 1344 caussam
837 1322 936 1345 tutatus
946 1326 1021 1350 sum3

231 1356 256 1378 et
267 1353 398 1386 proxime,
410 1353 509 1379 recenti
521 1353 637 1380 adventu
650 1363 717 1385 meo,
731 1363 816 1389 quum
828 1364 883 1382 rem
895 1354 971 1381 aliter
982 1355 1025 1381 in-

231 1390 350 1416 stitutam
369 1390 554 1422 offendissem,
572 1399 602 1417 ac
618 1391 685 1417 mihi
701 1391 860 1426 placuisset,
880 1392 904 1419 si
919 1391 1024 1418 adfuis-

230 1435 301 1457 sem,
324 1431 411 1453 tamen
428 1427 501 1453 nulla
517 1436 544 1454 re
559 1428 639 1455 saluti
658 1434 717 1455 tuae
731 1429 820 1456 defui:
837 1437 978 1465 quumque
992 1437 1023 1455 co

231 1469 348 1498 tempore
363 1464 465 1490 invidia
477 1474 610 1497 annonae,
629 1466 733 1492 inimici
743 1475 795 1493 non
806 1466 894 1493 solum
906 1467 959 1495 tui.
976 1474 1024 1492 ve-

231 1510 290 1527 rum
302 1501 381 1527 etiam
393 1502 540 1529 amicorum
553 1507 669 1534 tuorum,
683 1504 812 1539 iniquitas
823 1505 904 1531 totius
916 1503 1020 1532 iudicii.

230 1538 368 1573 multaque
379 1538 430 1565 alia
443 1539 606 1574 reipublicae
618 1541 683 1567 vitia
694 1540 766 1575 plus,
774 1549 856 1576 quam
862 1549 957 1568 caussa
965 1541 1022 1575 ipsa

231 1576 383 1610 veritasque
398 1576 560 1608 valuissent,
575 1577 672 1604 Publio
686 1582 732 1604 tuo
746 1587 833 1613 neque
844 1587 923 1613 opera
935 1585 1022 1612 neque

230 1612 342 1639 consilio
357 1621 444 1648 neque
461 1613 549 1640 labore
565 1623 652 1649 neque
667 1615 752 1651 gratia
768 1624 855 1650 neque
870 1616 1022 1642 testimonio
1050 1635 1052 1643 Α

229 1649 314 1676 defui.
359 1651 384 1676 3.
409 1649 602 1683 Quamobrem,
624 1652 752 1679 omnibus
771 1652 868 1679 officiis
888 1652 1022 1678 amicitiae

229 1686 374 1722 diligenter
393 1696 407 1713 a
423 1696 465 1714 me
480 1693 626 1723 sancteque
640 1690 768 1720 servatis,
792 1698 824 1715 ne
840 1690 889 1716 hoc
909 1689 1021 1724 quidem
1050 1686 1052 1720 J

229 1724 495 1758 praetermittendum
507 1734 565 1752 esse
577 1726 658 1758 duxi,
680 1731 705 1752 te
717 1731 745 1753 ut
756 1726 874 1753 hortarer
885 1735 1022 1762 rogarem-

229 1769 295 1796 que,
318 1765 347 1787 ut
362 1766 388 1787 et
403 1761 539 1788 hominem
551 1767 575 1789 te
585 1767 611 1789 et
622 1764 710 1789 virum
719 1772 778 1789 esse
791 1764 961 1790 meminisses
970 1784 976 1794 ,
994 1762 1021 1789 id

229 1803 282 1829 est,
301 1802 329 1824 ut
339 1806 509 1825 communem
521 1800 707 1835 incertumque
718 1809 824 1832 casum,
841 1809 923 1835 quem
934 1809 1020 1835 neque

229 1835 312 1861 vitare
324 1836 469 1870 quisquam
481 1841 610 1868 nostrum,
619 1845 666 1863 nec
677 1842 810 1872 praestare
822 1838 877 1864 ullo
886 1843 962 1872 pacto
972 1846 1021 1872 po-

229 1877 288 1902 test,
301 1873 436 1907 sapienter
447 1872 529 1900 ferres
540 1878 566 1900 et
575 1873 659 1900 dolori
671 1874 772 1901 fortiter
781 1883 811 1901 ac
822 1874 942 1901 fortunae
954 1875 1021 1901 resi-

229 1914 312 1935 steres
329 1910 513 1945 cogitaresque
522 1931 528 1942 ,
546 1915 571 1937 et
583 1911 609 1937 in
622 1916 710 1938 nostra
720 1912 828 1938 civitate
839 1918 863 1939 et
875 1914 902 1938 in
913 1913 1018 1943 ceteris,

229 1955 298 1981 quae
318 1955 406 1973 rerum
427 1948 524 1981 potitae
545 1953 620 1979 sunt,
648 1948 741 1975 multis
767 1949 920 1976 fortissimis
941 1955 1020 1984 atque

228 1984 337 2017 optimis
350 1984 415 2010 viris
423 2005 429 2015 ,
447 1985 555 2011 iniustis
573 1985 694 2017 iudiciis,
712 1985 778 2012 tales
789 1995 868 2013 casus
879 1987 1018 2013 incidisse.

227 2020 297 2047 Illud
309 2022 412 2047 utinam
424 2030 456 2047 ne
471 2031 532 2048 vere
543 2023 702 2054 scriberem,
719 2031 749 2049 ea
761 2028 785 2050 te
796 2024 934 2059 republica
946 2033 1018 2050 care-

228 2066 268 2088 re,
283 2058 309 2084 in
321 2067 373 2092 qua
389 2059 523 2085 neminem
534 2059 694 2094 prudentem
706 2060 842 2087 hominem
854 2070 895 2088 res
906 2061 961 2088 ulla
972 2062 1020 2088 de-

228 2094 318 2122 lectet!
342 2096 366 2121 4.
382 2096 418 2122 De
430 2100 475 2122 tuo
485 2101 573 2123 autem
586 2097 640 2124 filio
651 2106 756 2129 vereor,
770 2107 816 2129 ne,
835 2099 858 2125 si
869 2098 937 2125 nihil
949 2099 982 2125 ad
995 2104 1019 2125 te
1042 2110 1050 2124 κ

227 2133 396 2167 scripserim,
414 2132 535 2160 debitum
551 2134 610 2160 eius
625 2135 719 2161 virtuti
730 2135 824 2161 videar
835 2136 1018 2163 testimonium

228 2177 279 2195 non
290 2169 411 2202 dedisse3
429 2170 471 2196 sin
487 2175 575 2197 autem
586 2172 689 2202 omnia,
707 2180 775 2206 quae
786 2174 884 2204 sentio,
902 2174 1019 2208 perscri-

227 2207 336 2241 pserim,
345 2215 377 2233 ne
384 2206 506 2233 refricem
513 2209 580 2234 meis
587 2208 681 2235 litteris
688 2208 853 2236 desiderium
859 2219 890 2236 ac
900 2210 1018 2238 dolorem

226 2249 313 2270 tuum.
345 2244 398 2270 Sed
409 2249 496 2271 tamen
508 2245 717 2279 prudentissime
729 2246 820 2278 facies,
839 2248 862 2274 si
874 2247 949 2274 illius
959 2249 1019 2283 pie-

225 2285 319 2312 tatem,
336 2282 476 2313 virtutem,
494 2282 667 2314 industriam,
685 2283 850 2319 ubicumque
861 2286 928 2316 eris,
945 2290 1018 2312 tuam

226 2325 293 2349 esse,
311 2322 400 2344 tecum
410 2327 469 2345 esse
480 2319 575 2352 duces,
599 2329 648 2346 nec
658 2321 731 2346 enim
743 2322 833 2347 minus
844 2326 932 2348 nostra
943 2328 1015 2354 sunt,

226 2363 294 2388 quae
312 2356 401 2382 animo
413 2356 629 2391 complectimur,
645 2366 727 2392 quam
743 2367 812 2393 quae
827 2358 913 2385 oculis
929 2360 1018 2386 intue-

226 2400 295 2418 mur.
336 2394 360 2419 5.
382 2393 561 2425 Quamobrem
581 2399 607 2420 et
627 2394 701 2420 illius
721 2396 820 2421 eximia
841 2397 926 2422 virtus
941 2406 1018 2423 sum-

227 2436 341 2463 musque
353 2430 380 2456 in
391 2435 415 2456 te
426 2439 500 2457 amor
510 2440 621 2467 magnae
633 2431 682 2457 tibi
693 2432 866 2459 consolationi
882 2433 961 2460 debet
973 2443 1017 2460 es-

226 2473 264 2495 se,
277 2470 302 2491 et
313 2475 360 2492 nos
371 2468 515 2502 ceterique,
528 2469 576 2503 qui
586 2473 610 2495 te
622 2477 674 2495 non
686 2477 718 2494 ex
731 2468 844 2500 fortuna,
858 2470 906 2496 sed
917 2479 950 2498 ex
962 2471 1017 2497 vit·-

226 2506 280 2527 tute
292 2506 336 2528 tua
347 2504 490 2536 pendimus
502 2513 661 2540 semperque
673 2505 836 2540 pendemus,
852 2512 877 2533 et
888 2509 1014 2538 maxime,

226 2538 310 2564 animi
321 2540 359 2565 tui
370 2542 540 2572 conscientia,
548 2551 633 2577 quum
643 2542 693 2568 tibi
704 2542 773 2568 nihil
782 2544 876 2570 merito
886 2545 1015 2571 accidisse

226 2575 372 2609 reputabis,
385 2582 410 2602 et
420 2577 488 2604 illud
499 2579 638 2615 adiunges,
651 2579 773 2606 homines
785 2581 918 2614 sapientes
930 2583 1017 2616 turpi—

226 2612 332 2644 tudine,
350 2621 402 2640 non
412 2622 489 2646 casu,
507 2620 533 2642 et
542 2616 639 2643 delicto
649 2625 711 2648 suo,
729 2625 782 2644 non
793 2616 906 2644 aliorum
918 2619 1016 2646 iniuria

1054 164 1056 168 “
1077 165 1249 190 commoveri.

1055 511 1057 525 t

1011 93 1294 120 CICERONIS

1290 164 1346 196 Ego
1361 169 1385 190 et
1399 166 1526 191 memoria
1543 171 1646 192 nostrae
1663 168 1759 193 veteris
1774 168 1868 194 amici-

1078 202 1137 230 tiae,
1151 206 1175 226 et
1188 202 1283 226 virtute
1295 207 1373 235 atqm:
1384 202 1551 229 observantia
1564 203 1612 229 titii
1623 204 1661 230 tui
1672 205 1798 233 monitus.
1807 205 1868 230 uul—

1079 238 1102 263 lo
1119 237 1174 264 loco
1189 237 1268 263 dec-ro
1284 247 1370 272 neque
1385 239 1418 264 ad
1429 239 1621 266 conmlnndum
1634 250 1719 275 aeque
1731 242 1763 267 ad
1777 241 1868 268 levan-

1077 275 1142 300 dum
1155 274 1286 301 fortunam
1302 280 1384 302 tuam.
1415 276 1453 302 Tu
1465 277 1488 302 si
1500 277 1565 311 quid
1577 277 1610 303 ad
1622 286 1663 303 me
1676 277 1740 304 forte
1751 279 1868 313 script&

1133 380 1214 400 xvnt.
1233 381 1308 401 ARG.
1327 381 1355 401 T.
1369 382 1459 402 Fadium
1470 382 1608 403 atalanten
1619 383 1758 407 tua-ulum.
1774 384 1866 412 pror-tv

1297 418 1395 435 ‘va-...sm
1406 419 1430 435 m
1449 419 1527 436 ,xpum
1538 427 1576 435 μ..
1596 421 1631 435 -ιν-
1644 423 1649 435 η

1221 461 1257 487 Μ.
1279 461 1421 487 ΕΗΖΕΙΗ)
1441 461 1469 488 S.
1492 462 1521 488 D.
1543 462 1573 488 T.
1596 462 1721 489 FADIO.

1134 499 1156 523 l.
1180 493 1239 524 Etsi
1255 503 1368 533 egomet,
1385 499 1432 533 qui
1445 503 1468 525 te
1478 499 1608 526 consolari
1619 500 1712 534 cupio.
1728 500 1868 527 consolan-

1077 534 1129 560 dus
1147 535 1203 569 ipse
1223 544 1297 565 suin,
1321 541 1458 570 propterea
1479 536 1551 571 quod
1568 536 1669 563 nullam
1687 545 1741 563 rem
1757 539 1868 572 gravius

1079 572 1179 598 iamdiu
1195 572 1252 602 tuli,
1265 581 1345 607 quam
1360 573 1558 600 incommodum
1571 579 1660 600 tuum:
1678 579 1764 600 tamen
1777 579 1800 600 te
1812 583 1868 600 ma-

1055 628 1057 634 ,
1076 618 1129 643 gno
1139 618 1218 644 opere
1231 619 1281 636 non
1293 609 1382 636 hortor
1392 610 1493 641 solum,
1511 611 1558 637 sed
1569 612 1648 637 etiam
1661 620 1708 646 pro
1721 620 1810 638 amore
1821 620 1868 638 no-

1077 651 1130 672 stro
1142 656 1204 681 rogo
1216 652 1293 681 atque
1304 657 1358 677 oro,
1372 652 1395 673 te
1406 647 1517 681 colligas
1530 649 1672 683 virumque
1684 649 1820 683 praebeas,
1831 653 1866 678 et,

1077 692 1128 718 qua
1140 683 1291 710 conditione
1302 693 1395 711 omnes
1409 685 1530 711 homines
1545 691 1570 711 et
1585 685 1686 720 quibus
1701 686 1869 720 temporibus

1077 721 1131 747 nati
1143 721 1238 751 simus,
1251 722 1361 754 cogites.
1403 722 1465 748 Plus
1477 722 1526 748 tibi
1539 723 1623 748 virtus
1635 728 1678 749 tua
1690 722 1772 752 dedit,
1785 731 1867 758 quam

1078 757 1181 784 fortuna
1192 758 1311 789 abstulit,
1324 764 1461 793 propterea
1473 759 1544 794 quod
1556 759 1669 794 adeptus
1679 769 1717 789 es,
1731 759 1803 794 quod
1815 768 1867 786 non

1078 794 1155 821 multi
1167 796 1288 821 homines
1300 797 1376 825 novi.
1388 797 1516 826 amisisti,
1533 806 1602 831 quae
1619 797 1729 831 plurimi
1746 797 1868 823 homines

1077 832 1250 859 nobilissimi.
1291 834 1326 859 Ea
1338 833 1455 868 denique
1468 834 1574 860 videtur
1584 834 1701 860 conditio
1713 834 1868 868 impendere

1078 869 1177 904 legum,
1192 870 1367 901 iudiciorum,
1382 876 1540 905 temporum,
1556 876 1583 897 ut
1593 872 1693 905 optime
1705 876 1792 897 actum
1804 880 1866 897 cum

1047 908 1049 917 ¹
1077 915 1107 933 eo
1120 907 1241 933 videatur
1250 916 1317 935 esse.
1326 909 1373 942 qui
1385 917 1465 942 quam
1478 908 1613 934 levissima
1625 917 1708 942 poena
1720 908 1754 934 ab
1766 908 1815 934 hac
1826 917 1868 935 re-

775 1019 864 1052 Quum
876 1029 938 1046 vero
948 1024 973 1046 et
985 1020 1026 1046 in-
1048 1051 1049 1054 Ἰ

233 1055 374 1082 tervallum
387 1056 438 1081 iam
451 1056 515 1081 satis
527 1055 636 1091 longum
649 1056 756 1087 fuisset,
774 1061 800 1083 et
815 1062 887 1083 tuam
901 1057 1025 1083 virtutem
1048 1059 1049 1082 1

569 1169 593 1194 2.
616 1169 671 1202 Ego
683 1172 720 1198 te,
738 1168 766 1194 P.
784 1168 871 1199 Sexti,
889 1173 914 1195 et
929 1169 1025 1203 primis
1047 1181 1048 1190 ³

1052 1312 1055 1350 l

1052 1359 1054 1379 1

1078 944 1186 978 publica
1205 944 1370 971 discesserit.
1411 947 1435 971 Ξ,
1458 946 1496 971 Τυ
1513 954 1587 975 vero,
1605 946 1652 980 qui
1667 951 1693 972 et
1709 945 1827 972 fortunas
1842 951 1869 972 et

1078 981 1175 1007 liberos
1192 981 1290 1008 habeas
1305 987 1330 1008 et
1346 991 1394 1008 nos
1407 987 1562 1016 ceterosque
1574 983 1773 1009 necessitudine
1783 988 1809 1009 et
1821 983 1867 1008 be-

1077 1018 1226 1045 nevolentia
1239 1024 1326 1045 tecum
1338 1020 1730 1054 coniunctissimos,quumque
1742 1028 1865 1055 magnam

1077 1055 1228 1082 facultatem
1250 1057 1287 1082 sis
1309 1056 1450 1082 habiturus
1466 1057 1607 1082 nobiscum
1622 1062 1648 1082 et
1662 1065 1724 1082 cum
1740 1057 1867 1083 omnihus

1077 1094 1130 1119 tuis
1143 1093 1260 1124 vivendi,
1274 1098 1299 1119 et
1309 1103 1395 1128 quum
1407 1102 1491 1120 unum
1502 1094 1675 1120 sitiudicium
1686 1102 1720 1120 ex
1731 1099 1783 1120 tam
1796 1093 1867 1120 mul·

1077 1130 1119 1160 tis,
1132 1130 1203 1165 quod
1216 1130 1434 1165 reprebendatur,
1447 1136 1476 1157 ut
1486 1131 1558 1165 quod
1571 1139 1622 1157 una
1634 1131 1866 1166 sententia,eaque

1076 1167 1171 1198 dubia,
1200 1168 1332 1202 potentiae
1352 1167 1468 1194 alicuius
1488 1168 1666 1194 condonatum
1686 1168 1864 1198 existimetur,

1075 1205 1203 1230 omnibus
1219 1205 1261 1231 his
1276 1205 1308 1231 de
1323 1206 1428 1231 caussis
1441 1205 1524 1231 debes
1537 1206 1613 1231 istam
1626 1205 1773 1231 molestiam
1784 1213 1865 1240 quam

1077 1241 1213 1268 levissime
1235 1242 1312 1268 ferre.
1351 1243 1427 1269 Meus
1442 1243 1549 1268 animus
1564 1243 1614 1268 erit
1629 1243 1656 1268 in
1672 1247 1696 1268 te
1713 1242 1866 1277 liberosque

1076 1283 1134 1305 tuos
1146 1288 1260 1314 semper,
1274 1287 1355 1315 quem
1367 1285 1395 1306 tu
1406 1288 1465 1306 esse
1478 1280 1519 1306 vis
1529 1284 1555 1306 et
1565 1280 1612 1315 qui
1623 1288 1682 1306 esse
1692 1279 1780 1306 debet.

1128 1349 1193 1369 th.
1212 1349 1229 1369 Α
1237 1349 1287 1369 RG.
1306 1349 1435 1370 Mescinium
1446 1350 1525 1369 Rufum
1538 1349 1642 1375 Pompeio
1654 1348 1719 1369 ltalia
1729 1348 1792 1376 pulso
1802 1347 1865 1368 dubi-

1075 1387 1157 1404 tantem
1167 1383 1275 1407 hortatur.
1284 1388 1308 1404 ut
1318 1383 1383 1404 iltius
1392 1384 1416 1404 in
1426 1388 1498 1404 castra
1508 1388 1613 1405 transcat.

1241 1421 1271 1442 (ιιι
1281 1421 1372 1440 canu-1...
1382 1421 1481 1439 stu-1111..
1492 1421 1573 1439 imum.
1584 1428 1629 1438 .0,-.
1641 1423 1696 1441 τιή.)

1305 1463 1472 1490 CICERO
1506 1463 1632 1490 RUFO.

1131 1507 1154 1532 l.
1169 1501 1233 1532 Etsi
1245 1506 1313 1532 mihi
1324 1513 1472 1540 numquam
1483 1505 1598 1531 dubium
1610 1504 1668 1535 fuit,
1683 1505 1750 1539 quin
1762 1504 1811 1531 tibi
1823 1513 1866 1531 es-

1073 1551 1130 1569 sem
1145 1543 1316 1574 carissimus,
1337 1547 1424 1569 tamen
1440 1542 1560 1577 quotidie
1576 1543 1662 1578 magis
1678 1542 1705 1568 id
1720 1543 1863 1576 perspicio,

1073 1585 1212 1614 exstatque
1228 1580 1268 1610 id,
1285 1579 1357 1614 quod
1373 1579 1439 1605 mihi
1455 1579 1608 1606 ostenderas
1618 1579 1782 1614 quibusdam
1795 1578 1865 1605 litte—

1073 1618 1123 1647 ris,
1143 1617 1192 1643 hoc
1204 1622 1228 1643 te
1239 1617 1428 1643 studiosiorem
1440 1617 1466 1642 in
1479 1625 1521 1642 me
1531 1616 1643 1642 colendo
1655 1616 1723 1646 fore,
1740 1624 1822 1650 quam
1837 1617 1864 1642 in

1050 1661 1052 1667 ’
1073 1655 1210 1688 provincia
1227 1653 1340 1685 fuisses,
1358 1654 1431 1687 (etsi,
1449 1662 1508 1679 meo
1524 1653 1637 1683 iudicio.
1656 1652 1724 1679 nihil
1739 1652 1772 1678 ad
1788 1658 1864 1679 tuum

1073 1691 1236 1725 provinciale
1255 1690 1375 1717 officium
1390 1690 1453 1716 addi
1469 1695 1575 1724 potest.)
1593 1698 1647 1724 quo
1664 1689 1776 1716 liberius
1793 1690 1865 1716 iudi-

1072 1729 1145 1754 cium
1160 1737 1219 1754 esse
1234 1733 1324 1762 posset
1338 1732 1425 1754 tuum.
1465 1728 1555 1762 ltaque
1568 1736 1609 1753 me
1620 1732 1645 1753 et
1656 1727 1808 1761 superiores
1821 1726 1865 1753 lit-

1073 1770 1141 1792 terae
1155 1770 1214 1791 tuae
1225 1765 1370 1791 admodum
1382 1764 1595 1793 delectaverunt,
1613 1764 1715 1798 quibus
1730 1769 1755 1790 et
1766 1772 1864 1799 exsp&

1072 1807 1171 1829 ctatum
1186 1811 1276 1828 meum
1287 1802 1433 1828 adventum
1445 1801 1492 1827 abs
1504 1806 1528 1828 te
1539 1807 1659 1827 amanter
1670 1801 1809 1831 videbam,
1827 1806 1861 1831 et.

1072 1848 1156 1874 quum
1167 1839 1245 1866 aliter
1255 1848 1297 1865 res
1308 1839 1449 1865 cecidisset
1461 1847 1491 1865 ac
1501 1843 1632 1873 putasses.
1647 1843 1671 1864 te
1683 1846 1741 1864 meo
1751 1838 1864 1865 oonsilio

1072 1885 1168 1912 magno
1179 1885 1258 1911 opere
1269 1885 1327 1903 esse
1339 1876 1478 1903 laetatum:
1494 1881 1519 1902 et
1530 1884 1564 1902 ex
1575 1876 1585 1887 ⁸
1598 1875 1640 1901 his
1651 1876 1783 1910 proximis
1795 1875 1865 1902 litte-

1072 1915 1109 1940 ris
1126 1922 1254 1949 magnum
1270 1914 1330 1948 cepi
1346 1913 1462 1940 fructum
1474 1918 1499 1940 et
1511 1913 1605 1939 iudicii
1616 1917 1641 1939 et
1651 1911 1734 1939 officii
1745 1913 1797 1943 tuig
1820 1913 1864 1939 iu-

1071 1951 1149 1981 dicii,
1163 1951 1234 1986 quod
1247 1951 1380 1986 intelligo,
1395 1956 1428 1980 te,
1442 1950 1469 1977 id
1481 1950 1553 1985 quod
1563 1958 1656 1977 omnes
1668 1949 1748 1976 fortes
1759 1958 1789 1976 ac
1799 1949 1863 1976 boni

1072 1989 1123 2014 viri
1139 1988 1224 2014 facere
1240 1988 1350 2018 debent.
1369 1988 1436 2014 nihil
1453 1992 1546 2023 putare
1561 1987 1627 2014 utile
1637 1995 1709 2017 esse,
1726 1987 1780 2013 nisi
1790 1986 1864 2021 quod

1071 2031 1173 2052 rectum
1194 2025 1390 2060 honestumque
1410 2026 1457 2058 sit,
1489 2024 1585 2055 officii,
1607 2023 1680 2059 quod
1700 2029 1724 2050 te
1745 2032 1860 2054 mecum,

1070 2063 1262 2098 quodcumque
1276 2064 1408 2097 cepissem
1423 2061 1544 2092 consilii,
1567 2061 1702 2096 polliceris
1717 2060 1786 2087 fore:
1808 2069 1863 2096 quo

1071 2109 1158 2135 neque
1169 2100 1238 2126 mihi
1247 2101 1359 2135 gratius,
1373 2108 1468 2134 neque,
1482 2104 1512 2126 ut
1521 2107 1571 2134 ego
1581 2098 1702 2129 arbitror,
1718 2098 1767 2124 tibi
1779 2097 1863 2124 hone-

1070 2138 1139 2163 stius
1153 2145 1212 2163 esse
1227 2137 1378 2172 quidquam
1393 2142 1488 2171 potest.
1528 2137 1553 2163 2.
1574 2135 1641 2162 Mihi
1659 2135 1802 2162 consilium
1817 2143 1863 2161 ca-

1071 2180 1146 2209 ptum
1158 2174 1260 2200 iamdiu
1272 2179 1324 2200 est:
1346 2174 1379 2200 de
1390 2182 1444 2209 quo
1455 2173 1488 2200 ad
1499 2178 1524 2200 te
1532 2194 1538 2203 ,
1552 2181 1604 2199 non
1614 2181 1668 2207 quo
1678 2171 1807 2198 celandus
1818 2180 1862 2198 es—

1069 2220 1122 2243 ses,
1136 2211 1204 2238 nihil
1216 2212 1312 2246 scripsi
1323 2216 1408 2241 antea,
1421 2210 1469 2237 sed
1480 2211 1544 2245 quia
1555 2209 1761 2236 communicatio
1771 2209 1863 2236 consi-

1071 2248 1099 2274 lii
1111 2248 1156 2274 tali
1168 2253 1286 2283 tempore
1296 2249 1374 2283 quasi
1385 2247 1518 2283 quaedam
1529 2247 1674 2274 admonitio
1684 2245 1793 2272 videtur
1801 2254 1862 2273 esse

1068 2285 1151 2312 officii
1166 2285 1208 2312 vel
1225 2286 1314 2320 potius
1329 2284 1483 2321 efflagitatio
1498 2284 1532 2311 ad
1546 2283 1694 2310 coeundam
1707 2284 1861 2310 societatem

1069 2322 1110 2348 vel
1121 2322 1235 2357 periculi
1247 2322 1289 2348 vel
1302 2323 1410 2349 laboris.
1449 2322 1538 2354 Quum
1548 2329 1611 2347 vero
1622 2329 1651 2346 ea
1663 2325 1707 2347 tua
1718 2321 1754 2347 sit
1763 2319 1862 2347 volun—

1068 2365 1116 2390 tas,
1127 2360 1287 2390 humanitas,
1300 2359 1485 2386 benevolentia
1495 2367 1557 2394 erga
1568 2366 1619 2387 me,
1634 2357 1748 2384 libenter
1757 2356 1861 2392 ample-

1067 2402 1123 2423 ctor
1132 2397 1211 2424 talem
1222 2397 1357 2423 animum:
1370 2397 1418 2423 sed
1429 2397 1473 2426 ita,
1482 2396 1544 2431 (non
1553 2395 1626 2421 enim
1632 2394 1766 2421 dimittam
1772 2394 1860 2429 pudo-

1068 2442 1124 2460 rem
1138 2435 1166 2460 in
1177 2434 1294 2469 rogando
1304 2433 1416 2468 meum,)
1431 2434 1455 2459 si
1470 2432 1564 2459 feceris
1579 2431 1620 2462 id,
1639 2431 1712 2466 quod
1727 2431 1857 2462 ostendis,

1067 2479 1192 2506 magnam
1209 2471 1313 2497 habebo
1327 2471 1453 2506 gratiam:
1470 2470 1494 2495 si
1509 2477 1562 2495 non
1577 2468 1687 2499 feceris,
1704 2469 1856 2504 ignoscam:

1067 2513 1092 2534 et
1102 2508 1215 2534 alterum
1225 2508 1323 2538 timori,
1331 2507 1445 2534 alterum
1454 2506 1523 2532 mihi
1533 2511 1557 2532 te
1568 2514 1664 2541 negare
1675 2514 1728 2532 non
1737 2506 1858 2540 potuisse

1067 2545 1224 2571 arbitrabor.
1264 2545 1312 2571 Est
1330 2545 1403 2571 enim
1423 2552 1465 2570 res
1485 2542 1603 2578 profecto
1618 2543 1746 2569 maxima.
1785 2541 1856 2575 Quid

1067 2587 1169 2608 rectum
1180 2583 1223 2613 sit,
1236 2587 1358 2616 apparet;
1374 2581 1441 2616 quid
1451 2580 1585 2615 expediat,
1597 2579 1744 2606 obscurum
1754 2584 1808 2606 est:
1821 2579 1856 2606 ita

1067 2624 1167 2650 tamen,
1182 2624 1223 2650 ut,
1235 2620 1259 2645 si
1270 2627 1319 2645 nos
1329 2619 1349 2645 ii
1360 2626 1468 2649 sumus,
1481 2618 1530 2653 qui
1542 2625 1601 2644 esse
1611 2616 1752 2648 debemus,
1766 2616 1795 2643 id
1805 2620 1854 2647 est.
