1941 3052
424 120 478 145 DE
512 117 742 145 ORATORE

24 201 110 229 quum
123 193 151 218 in
165 191 277 218 dicendo
290 199 394 225 semper
408 191 500 224 putavi
513 190 603 220 deum,
620 194 677 215 tum
691 197 753 215 vero
766 188 815 214 tibi
836 187 838 192 '

26 238 173 265 numquam
186 229 353 263 eloquentiae
367 228 492 254 maiorem
506 227 588 253 tribui
603 226 718 257 laudem,
733 233 815 260 quam
837 258 839 266 ,

26 267 212 299 humanitatis,
239 274 292 300 qua
311 273 382 291 nunc
399 269 423 290 te
437 265 476 290 uti
489 264 532 291 vel
546 265 662 290 maxime
675 263 750 289 decet
769 271 817 288 ne-
837 272 839 292 ς

25 313 78 341 que
91 303 217 339 defugere
230 311 288 329 eam
302 302 518 337 disputationem,
535 301 568 327 ad
581 309 663 336 quam
672 306 697 327 te
707 300 761 327 duo
769 308 817 326 ex-
838 298 839 323 ἶ

0 350 2 353 ’
26 342 144 370 00110οῑ15
157 340 259 376 ingenii
273 339 452 366 adolescentes
466 339 579 373 cupiunt
592 338 725 365 accedere.
838 326 839 371 ¹

83 379 140 405 ⁴07.
154 378 211 414 Ego
224 386 295 408 vero,
312 377 408 412 inquit,
421 377 480 402 istis
494 376 607 411 obsequi
621 375 715 402 studeo
730 382 816 409 neque

0 435 2 443 ,ψ
26 416 155 454 gravabor
167 415 284 442 breviter
297 423 357 440 meo
371 423 451 445 more,
467 413 534 448 quid
547 422 654 448 quaque
668 413 700 439 de
714 421 742 438 re
756 420 818 437 sen-
838 416 840 450 ¹

0 451 1 462 ³
27 455 98 485 tiam,
115 453 212 479 dicere.
234 452 271 478 Ac
285 452 403 486 primurn
413 451 480 477 illud
490 451 626 485 (quoniam
636 450 817 476 auctoritatem
839 458 840 472 1

27 496 100 518 tuam
114 490 258 526 negligere,
271 489 405 519 Scaevola,
420 488 459 514 fas
470 489 537 514 mihi
547 496 605 514 esse
620 495 672 513 non
688 486 761 521 puto)
776 494 818 512 re-
839 482 840 503 ¹

27 528 144 564 spondeo
167 527 235 553 mihi
257 526 363 552 dicendi
387 530 433 552 aut
451 525 552 552 nullam
571 528 654 551 artem
672 528 717 549 aut
730 528 818 558 perte·
839 530 841 549 z

27 574 107 593 nuem
122 565 216 595 videri,
233 564 279 590 sed
293 572 399 590 omnem
413 571 471 589 esse
484 562 678 588 contentionem
692 561 760 586 inter
770 560 819 586 ho-
840 580 841 598 ,

27 603 114 630 mines
127 602 217 629 doctos
231 602 258 627 in
274 601 346 627 verbi
357 600 535 627 controversia
545 599 668 634 positam.
686 598 818 624 ⁴08.Nam
840 604 841 622 l

27 641 51 667 si
64 649 106 666 ars
120 640 155 666 ita
169 639 303 669 definitur,
320 642 349 664 ut
361 637 452 672 paullo
466 641 525 663 ante
541 636 665 671 exposuit
675 636 815 665 Antonius,

27 686 62 704 ex
74 677 158 703 'rebus
176 676 283 711 penitus
301 674 447 709 perspectis
465 674 598 708 planeque
611 673 724 709 cognitis
738 677 819 707 atque

28 715 61 742 ab
82 714 215 749 opinionis
238 713 346 739 arbitrio
369 712 497 740 seiunctis
516 711 680 745 scientiaque
699 718 820 744 compre*

28 751 128 782 heusis,
144 760 196 777 non
211 750 277 777 mihi
292 749 398 775 videtur
411 758 453 775 ars
466 749 576 775 oratoris
591 757 649 774 esse
663 748 727 774 ulla.
750 747 819 773 Sunt
840 747 841 779 j

29 789 100 816 enim
121 788 192 814 varia
216 791 241 814 et
263 787 296 813 ad
317 786 456 822 vulgarem
478 786 689 821 popularemque
708 793 818 811 sensum
840 806 842 823 1

30 825 221 853 accommodata
235 825 323 851 omnia
337 833 433 860 genera
446 824 529 850 huius
541 823 654 850 forensis
665 827 767 849 nostrae
778 822 821 848 (1ίὲ
827 821 842 845 Γ

29 863 132 891 ctionis.
168 864 224 888 ⁴09.
239 862 286 888 Sin
308 866 397 888 autem
415 870 453 892 ea,
473 869 542 896 quae
559 861 697 887 observata
716 864 778 885 sunt
792 860 819 885 in
840 874 842 889 1,

30 909 81 928 usu
95 909 124 926 ac
138 900 237 926 ratione
250 899 365 930 dicendi,
382 899 446 925 haec
459 899 493 925 ab
502 898 658 924 hominibus
671 897 776 923 callidis
790 905 819 922 ac

30 938 121 974 peritis
139 937 322 964 animadversa
340 945 370 962 ac
388 940 483 966 notata,
504 936 593 962 verbis
611 935 757 971 designata,
773 943 820 969 ge-

30 975 139 1002 neribus
157 974 296 1005 illustrata,
317 974 438 1008 partibus
452 973 594 999 distributa
613 978 675 999 sunt
693 972 729 1007 (ici
747 971 820 1007 quod

30 1011 86 1039 fieri
101 1013 219 1047 potuisse
232 1011 332 1045 video):
358 1020 409 1037 non
423 1010 552 1046 intelligo,
568 1010 741 1045 quamobrem
757 1018 818 1040 non,

30 1050 54 1077 si
71 1050 161 1076 minus
180 1049 224 1075 illa
243 1049 335 1075 subtili
354 1048 515 1078 definitione,
541 1052 566 1074 at
584 1048 632 1074 1130
644 1047 748 1083 vulgari
763 1047 821 1081 opi-

31 1087 108 1114 nione
131 1095 172 1113 ars
195 1095 254 1113 esse
272 1086 403 1112 videatur.
440 1085 491 1111 Sed
505 1085 562 1111 sive
576 1089 616 1111 est
630 1094 672 1111 ars
686 1086 743 1111 sive
757 1085 820 1110 artis

31 1124 160 1160 quaedam
179 1123 336 1154 similitudo,
358 1132 410 1149 non
424 1128 464 1149 est
477 1131 506 1148 ca
521 1122 631 1157 quidem
646 1121 818 1158 negligenda,

31 1170 124 1188 verum
138 1161 342 1197 intelligendum
357 1165 397 1187 est
411 1160 462 1186 alia
471 1160 602 1195 quaedam
613 1160 645 1186 ad
655 1168 822 1194 consequen-

31 1198 91 1226 dam
106 1198 285 1234 eloquentiam
299 1207 358 1224 esse
371 1198 479 1224 maiora.
501 1197 598 1224 XXIV.
616 1199 672 1223 410.
689 1197 757 1223 Tum
767 1196 822 1223 An—
843 1212 844 1229 ;

31 1237 120 1263 tonius
135 1236 304 1262 vehementer
317 1244 345 1262 se
359 1236 487 1262 assentire
501 1235 595 1261 Crasso
608 1234 765 1269 dixit,quod
775 1243 823 1260 ne-
843 1236 845 1267 ζ

31 1282 84 1309 que
97 1273 133 1300 ita
147 1273 349 1308 amplecteretur
359 1277 488 1304 artem,ut
497 1273 517 1298 ii
527 1272 705 1307 solerent‚qui
716 1280 822 1298 omnem
844 1270 845 1283 ¹

31 1311 87 1338 vim
104 1311 209 1337 dicendi
227 1311 255 1337 in
270 1315 323 1337 arte
337 1314 472 1346 ponerent,
489 1318 575 1344 neque
589 1318 697 1335 rursum
711 1317 768 1335 eam
784 1313 824 1335 to·
844 1287 845 1333 ¹

32 1353 94 1380 tam,
119 1349 189 1374 sicut
207 1347 327 1383 plerique
344 1347 497 1383 philosophi
511 1346 635 1378 facerent,
661 1346 821 1381 repudiaret.

33 1385 84 1413 Sed
98 1385 231 1416 existimo,
248 1385 458 1421 inquit,gratum
473 1389 497 1411 te
508 1383 821 1415 his‚Crasse,facturum,

33 1423 55 1450 si
77 1423 127 1449 ista
150 1423 314 1457 exposueris,
339 1431 408 1457 quae
432 1426 509 1457 putas
533 1421 566 1448 ad
588 1421 731 1448 dicendum
750 1420 821 1456 plus,
845 1423 847 1449 l

89 1499 145 1524 ili.
160 1498 250 1523 Dicam
265 1497 400 1532 equidem,
416 1497 542 1532 quoniam
553 1496 667 1527 institui,
681 1499 824 1530 petamque

34 1543 48 1562 a
61 1534 145 1566 vobis.
160 1535 257 1570 inquit,
274 1543 307 1560 ne
321 1534 369 1560 has
379 1543 452 1560 meas
462 1533 576 1568 ineptias
587 1533 713 1565 efferatis,
729 1541 825 1567 quam-

35 1654 68 1674 ex
85 1645 182 1674 forensi
199 1655 253 1673 usu
266 1646 346 1673 homo
359 1645 500 1672 mediocris
515 1653 602 1680 neque
615 1645 724 1671 omnino
737 1644 822 1675 rudis,
846 1638 848 1671 ¹

35 1683 125 1711 videar
142 1692 194 1711 non
211 1684 270 1719 ipse
287 1683 390 1718 aliquid
403 1692 417 1709 a
428 1691 470 1709 me
480 1681 709 1717 prompsisse.sed
719 1681 826 1708 fortuito
847 1678 849 1711 ’ς

35 1721 63 1749 10
75 1729 224 1748 sermonem
239 1725 357 1749 vestrum
371 1720 507 1747 incidisse.
524 1719 825 1754 ⁴⁴2.Equidem‚quum

36 1762 151 1794 peterem
163 1759 357 1794 magistratum,
366 1758 483 1784 solebam
494 1758 522 1783 in
533 1757 682 1792 prensando
693 1757 826 1783 dimittere

37 1803 51 1823 a
67 1804 110 1823 me
128 1795 291 1827 Scaevolam,
311 1804 397 1831 quum
411 1795 447 1821 ita
460 1795 484 1821 ei
498 1794 613 1820 dicerem
627 1803 670 1820 me
683 1794 753 1821 velle
767 1802 826 1820 esse

37 1833 170 1868 ineptum:
197 1833 234 1869 (id
252 1837 307 1860 erat
325 1837 413 1868 petere
432 1831 566 1863 blandius,
585 1831 658 1866 quod
672 1832 723 1858 nisi
737 1832 827 1866 inepte

37 1869 116 1902 fieret,
132 1870 200 1897 bene
213 1879 265 1897 non
280 1874 369 1905 posset
382 1870 437 1896 fieri
446 1869 463 1905 3)
481 1869 553 1896 hunc
566 1873 655 1896 autem
669 1877 728 1896 esse
741 1877 826 1896 unum

37 1906 171 1934 hominem
185 1916 219 1935 ex
231 1908 366 1939 omnibus,
375 1915 429 1942 quo
442 1911 579 1941 praesente
593 1915 642 1942 ego
652 1907 758 1941 ineptus
768 1914 827 1932 esse

37 1945 147 1972 minime
161 1945 271 1978 vellem3
286 1953 367 1980 quem
381 1944 492 1979 quidem
503 1952 574 1970 nunc
584 1952 703 1970 mearum
713 1944 828 1978 ineptia-

37 1990 97 2009 rum
116 1986 209 2009 testem
228 1986 254 2009 et
270 1986 443 2017 spectatorem
462 1981 566 2008 fortuna
579 1981 726 2008 constituit.
760 1981 826 2007 Nam

37 2019 104 2055 quid
127 2023 167 2046 est
187 2019 313 2054 ineptius,
337 2027 417 2054 quam
440 2018 473 2044 de
494 2018 607 2045 dicendo
625 2018 721 2050 dicere,
741 2026 826 2053 quum

37 2057 129 2092 ipsum
145 2058 229 2083 dicere
247 2065 395 2091 numquam
413 2055 448 2082 sit
464 2064 516 2082 non
530 2056 660 2090 ineptum,
677 2056 728 2082 nisi
741 2063 827 2090 quum

39 2098 79 2122 est
91 2092 290 2120 necessarium?
304 2095 360 2120 113.
376 2094 458 2128 Perge
472 2101 542 2123 vero,
556 2092 658 2123 Crasse,
670 2093 759 2128 inquit
768 2093 828 2119 Mu-

39 2131 107 2159 cius.
141 2131 220 2157 Istam
239 2131 310 2157 enim
328 2130 444 2165 culpam,
461 2138 543 2165 quam
561 2130 670 2161 vereris,
690 2138 740 2166 ego
753 2138 830 2165 prae-

40 2168 123 2196 stabo.

93 2205 180 2232 XXV.
196 2204 240 2231 Sic
254 2205 345 2241 igitur,
361 2204 450 2239 inquit
463 2203 583 2235 Crassus,
596 2204 690 2235 sentio,
707 2208 829 2231 naturam

41 2243 157 2278 primum
179 2247 259 2278 atque
283 2242 420 2277 ingenium
443 2241 476 2268 ad
498 2241 641 2268 dicendum
661 2242 715 2268 vim
739 2241 830 2268 afferre

41 2280 198 2313 maximam3
226 2288 313 2314 nequo
333 2287 394 2305 vero
412 2278 480 2310 istis,
505 2278 538 2305 de
550 2278 651 2313 quibus
665 2278 756 2313 paullo
769 2283 830 2305 ante
851 2290 853 2300 v

42 2315 110 2344 dixit
120 2317 260 2348 Antonius,
277 2316 453 2351 scriptoribus
467 2316 530 2342 artis
544 2316 670 2342 rationem
684 2316 791 2342 dicendi
805 2320 830 2342 et

43 2353 122 2386 viam,
136 2354 184 2381 sed
198 2358 318 2381 naturam
333 2353 461 2380 defuisse.
484 2353 550 2379 Nam
563 2357 589 2379 et
602 2353 683 2379 animi
698 2358 777 2388 atque
788 2354 830 2380 in-

43 2391 114 2428 genii
134 2391 233 2418 celeres
255 2391 365 2426 quidam
390 2396 477 2417 motus
495 2398 553 2416 esse
571 2389 676 2421 debent,
691 2391 739 2425 qui
758 2390 830 2417 etad

43 2428 245 2465 excogitandum
264 2429 343 2459 acuti,
368 2432 394 2454 et
411 2428 444 2454 ad
461 2427 650 2462 explicandum
667 2427 830 2454 ornandum-

43 2472 96 2501 que
107 2465 162 2492 sint
175 2465 270 2493 uberes
283 2470 309 2492 et
317 2465 351 2492 ad
362 2465 515 2492 memoriam
531 2464 599 2490 firmi
609 2469 688 2499 atque
697 2464 828 2491 diuturni.

46 2502 103 2530 fu.
120 2502 154 2530 Et
170 2503 194 2530 si
207 2503 270 2538 quis
283 2507 332 2535 est,
347 2504 395 2538 qui
410 2502 474 2529 haec
488 2506 562 2536 putet
575 2506 630 2527 arte
643 2501 726 2536 accipi
740 2510 828 2536 posse,

4 2547 6 2551 ’
54 2538 125 2575 quod
147 2539 245 2567 falsum
265 2545 318 2574 est;
346 2539 479 2575 praeclare
501 2539 572 2565 enim
590 2547 619 2564 se
633 2547 674 2565 res
688 2538 791 2570 habeat,
807 2539 830 2566 si

8 2610 9 2614 Ἰ
65 2583 109 2605 uec
120 2577 227 2604 accendi
241 2582 286 2605 aut
298 2577 459 2605 commoveri
473 2581 527 2603 arte
542 2576 657 2610 possint,
678 2576 759 2602 inseri
769 2576 832 2611 qui-

6 2631 8 2633 »
46 2611 106 2641 dem
118 2618 144 2641 et
155 2613 246 2641 donari
260 2615 293 2642 ab
306 2619 359 2641 arte
374 2623 425 2642 non
440 2618 565 2648 possunt;
581 2613 670 2639 omnia
683 2617 746 2640 sunt
759 2613 830 2640 enim

45 2648 91 2678 ill·
111 2649 179 2678 dona
202 2651 336 2687 natur-nez)
355 2652 421 2687 quid
444 2651 477 2677 (10
500 2650 555 2678 illis
577 2650 655 2681 dicet,
675 2659 744 2685 quae
761 2655 831 2677 certe

800 117 886 142 LlB.
921 117 940 141 1.

841 187 845 196 v

848 1086 850 1106 ἴ
873 1084 961 1113 tuerit,
978 1083 1005 1109 in
1020 1082 1133 1108 dicendo
1147 1082 1374 1108 mediocritatem‘.>

843 1123 850 1173 ¹¹
872 1120 988 1156 qualem,
1005 1120 1036 1152 Q.
1052 1120 1170 1151 Varium,
1192 1124 1298 1146 vastum
1315 1120 1451 1146 hominem
1465 1125 1544 1155 atque
1559 1119 1666 1146 foedum

849 1171 851 1187 ι

32 1468 112 1496 quam
126 1460 213 1495 ipsam
227 1464 309 1486 artem
323 1468 401 1494 posse
415 1460 550 1494 prodesse.
845 1455 847 1479 ¹

976 115 1073 142 CAP.

1107 117 1134 141 0¹

1160 130 1196 134 —-
1215 117 1257 141 26,
1623 117 1655 141 79

866 196 928 213 cum
950 187 1010 221 ipso
1031 186 1139 212 homine
1161 190 1315 216 nascuntur,
1342 186 1448 221 linguae
1462 186 1567 217 solutio,
1585 187 1657 212 vocis

867 233 958 255 500115,
984 223 1072 254 latera,
1093 224 1172 253 vires,
1196 222 1368 249 conformatio
1385 223 1516 257 quaedam
1535 228 1559 249 et
1574 223 1657 258 figura

868 262 948 287 totius
962 262 1015 287 oris
1029 266 1054 287 et
1067 259 1202 295 corporis?
1235 262 1292 286 445.
1313 261 1405 295 Neque
1419 260 1483 286 haec
1496 261 1532 286 ita
1545 260 1613 291 dico,
1630 266 1658 286 ut

867 307 909 324 ars
928 298 1030 333 aliquid
1054 298 1147 325 limare
1165 307 1217 324 non
1235 298 1332 332 possit;
1359 298 1456 332 (neque
1470 298 1541 323 enim
1556 298 1656 333 ignoro.

868 340 893 362 et
906 344 974 370 quae
989 336 1056 362 bona
1068 336 1130 366 sint,
1142 335 1199 361 fieri
1212 334 1321 361 meliora
1332 343 1411 370 posse
1421 334 1548 366 doctrina,
1556 339 1581 361 et
1591 344 1660 370 quae

838 377 839 407 ξ
869 382 921 399 000
935 374 1044 407 optima,
1060 373 1150 407 aliquo
1160 372 1238 399 modo
1248 373 1306 398 acui
1317 377 1405 399 tamen
1415 377 1440 398 et
1449 373 1545 407 corrigi
1556 381 1634 406 posse
1643 372 1660 407 2)

869 410 916 436 sed
938 415 1002 436 sunt
1023 410 1134 445 quidam
1157 414 1203 436 aut
1220 410 1257 436 ita
1275 409 1366 445 lingma
1384 409 1544 435 haesitantes
1563 414 1608 435 aut
1626 410 1660 436 ita

870 456 932 474 voce
951 448 1043 474 absoni
1062 452 1107 474 aut
1124 448 1159 473 ita
1172 447 1250 473 vultu
1268 452 1396 482 motuque
1409 447 1526 481 corporis
1540 447 1608 473 vasti
1622 451 1662 472 at-

869 494 921 519 que
936 490 1061 520 agrestes,
1083 489 1120 515 ut,
1137 485 1241 511 etiamsi
1255 485 1370 519 ingeniis
1385 489 1464 519 atque
1477 489 1531 510 arte
1544 483 1658 515 valeant,

870 527 956 549 tamen
980 523 1009 548 in
1031 527 1163 548 oratorum
1187 530 1329 548 numerum
1353 523 1443 548 venire
1470 530 1521 547 non
1548 522 1659 556 possint.

871 560 939 586 Sunt
959 564 1047 586 autem
1066 559 1176 594 quidam
1194 559 1229 585 ita
1246 560 1275 585 in
1294 559 1389 585 iisdem
1404 559 1484 585 rebus
1499 558 1610 590 habiles,
1627 559 1662 585 ita

870 602 978 623 naturae
992 597 1150 622 muneribus
1164 597 1256 627 ornati,
1274 601 1303 622 ut
1317 606 1368 622 non
1383 597 1445 627 nati,
1463 596 1511 622 sed
1525 596 1558 622 ab
1572 596 1663 630 aliquo

870 635 919 661 deo
934 634 986 660 ficti
1001 642 1059 659 esse
1073 634 1222 659 videantur.
1257 635 1313 660 116.
1333 634 1460 669 Magnum
1474 633 1608 668 quoddam
1623 638 1663 659 est

840 685 841 708 3
870 681 937 698 onus
956 676 1035 706 atque
1054 680 1154 697 munus
1173 671 1309 705 suscipere
1327 676 1406 705 atque
1420 671 1545 705 profiteri,
1562 680 1590 697 se
1604 679 1662 696 esse

870 709 996 736 omnibus
1018 708 1160 734 silentibus
1179 717 1264 734 unum
1283 709 1409 734 maximis
1427 708 1459 734 de
1473 708 1553 734 rebus
1567 717 1663 743 magno

870 748 897 773 in
915 750 1049 773 conventu
1066 746 1206 772 hominum
1221 745 1393 772 audiendum.
1429 745 1511 771 Adest
1524 747 1595 772 enim
1610 746 1663 772 fere

871 792 956 815 nemo,
981 784 1048 818 quin
1070 783 1174 809 acutius
1197 787 1275 817 atque
1303 783 1390 809 acrius
1413 783 1476 809 vitia
1499 784 1526 809 in
1549 783 1660 813 dicente,

870 830 951 856 quam
966 825 1034 847 recta
1049 820 1146 846 videat.
1182 821 1218 846 lta
1232 820 1367 855 quidquid
1380 825 1428 851 est,
1445 821 1472 846 in
1486 829 1540 855 quo
1553 820 1664 846 offendi—

871 864 922 890 tur,
942 858 969 884 id
987 859 1066 884 etiam
1084 857 1138 888 illa,
1159 866 1228 892 quae
1242 858 1373 884 laudanda
1388 863 1459 889 sunt,
1475 858 1572 884 obruit.
1605 859 1662 883 117.

871 897 964 931 Neque
982 896 1046 922 haec
1064 896 1093 921 10
1111 904 1169 921 eam
1187 896 1343 921 sententiam
1358 895 1474 930 disputo,
1500 900 1529 921 ut
1543 895 1664 921 homines

871 933 1064 964 adolescentes,
1094 933 1117 958 si
1143 932 1209 967 quid
1231 932 1350 958 naturale
1372 932 1438 959 forte
1461 941 1513 959 non
1540 933 1662 963 habeant,

842 999 843 1002 ,
871 972 980 998 omuino
998 979 1012 996 a
1030 970 1136 996 dicendi
1154 970 1244 996 studio
1257 970 1412 996 deterream.
1446 970 1513 1002 Quis
1527 971 1598 996 enim
1613 979 1665 996 non

842 1012 850 1036 1.
872 1008 944 1035 videt
969 1008 997 1035 C.
1019 1007 1115 1038 Caelio,
1140 1007 1245 1042 aequali
1263 1016 1331 1038 meo,
1352 1016 1449 1043 magno
1475 1008 1567 1034 honori
1583 1007 1666 1034 fuisse

872 1046 974 1072 homini
989 1054 1065 1076 novo.
1081 1045 1156 1071 illam
1169 1046 1265 1079 ipsam,
1282 1053 1482 1080 quamcumque
1496 1046 1603 1080 assequi
1619 1054 1667 1080 po-

1405 1082 1471 1114 Quis
1486 1087 1604 1109 vestrum
1623 1091 1665 1108 ae-

874 1167 925 1185 non
939 1157 1066 1193 iutelligit
1078 1157 1126 1183 illa
1139 1158 1198 1192 ipsa
1212 1157 1345 1188 facultate,
1361 1166 1561 1192 quamcumque
1577 1157 1664 1187 babet,

874 1204 997 1231 magnam
1012 1204 1070 1221 esse
1084 1195 1112 1221 10
1126 1195 1232 1221 civitate
1241 1195 1353 1230 gratiam
1363 1194 1555 1221 consecutum‘?
1569 1195 1664 1221 XXYl.

875 1235 932 1259 118.
958 1232 1009 1259 Sed
1033 1233 1096 1267 quia
1115 1232 1148 1258 de
1166 1237 1266 1259 oratore
1284 1232 1449 1267 quaerimus,
1470 1232 1614 1268 fingendus
1628 1238 1667 1258 est

874 1271 951 1297 nobis
965 1271 1081 1296 oratione
1096 1274 1183 1296 nostra
1197 1269 1320 1296 detractis
1343 1270 1468 1296 omnibus
1487 1271 1561 1296 vitiis
1583 1275 1669 1296 orator

874 1313 953 1343 atque
966 1308 1039 1334 omni
1054 1307 1132 1333 laude
1146 1307 1310 1333 cumulatus.
1334 1308 1427 1342 Neque
1441 1308 1521 1338 enim,
1538 1308 1561 1334 si
1576 1307 1669 1334 multi-

874 1346 939 1372 tudo
957 1345 1054 1376 litium,
1074 1345 1097 1371 si
1116 1345 1229 1371 varietas
1248 1353 1412 1375 caussarum,
1433 1345 1456 1371 si
1475 1345 1539 1371 haec
1554 1345 1630 1371 turba
1644 1350 1670 1371 et

845 1410 846 1418 ἵ
875 1383 995 1409 barbaria
1015 1381 1128 1408 forensis
1146 1382 1191 1408 dat
1205 1381 1293 1409 locum
1307 1382 1349 1408 vel
1364 1383 1546 1409 vitiosissimis
1560 1383 1670 1409 oratori—

875 1420 935 1451 bus,
960 1420 1060 1446 idcirco
1082 1428 1129 1446 nos
1151 1419 1210 1449 hoc,
1231 1419 1303 1454 quod
1322 1420 1486 1454 quaerimus.
1503 1420 1667 1446 omittemus.

876 1458 967 1492 Itaque
981 1457 1008 1483 iu
1022 1457 1056 1483 iis
1070 1457 1181 1487 artibus,
1198 1457 1225 1482 in
1239 1456 1341 1491 quibus
1355 1465 1406 1483 non
1422 1457 1522 1483 utilitas
1532 1458 1670 1492 quaeritur

852 1502 854 1523 ὲ
877 1495 1032 1525 necessaria,
1045 1493 1092 1520 sed
1103 1494 1184 1519 animi
1196 1494 1278 1520 libera
1287 1493 1418 1528 quaedam
1430 1494 1669 1529 oblectatio,quam

846 1529 854 1562 ¹¹
876 1532 1019 1567 diligenter
1031 1536 1056 1557 et
1070 1540 1151 1566 quam
1166 1539 1247 1566 prope
1261 1530 1398 1557 fastidiose
1412 1531 1578 1558 iudicamus!
1604 1531 1671 1558 Nul-

34 1580 114 1608 quam
133 1572 288 1598 moderabor
306 1572 372 1606 ipse,
389 1579 422 1597 ne
436 1575 466 1597 ut
478 1570 589 1605 quidam
603 1571 732 1605 magister
745 1574 824 1604 atque
846 1576 854 1600 ¹]

35 1608 136 1641 artifex,
161 1609 209 1636 sed
232 1609 309 1644 quasi
333 1617 405 1635 unus
423 1617 437 1634 e
455 1613 603 1644 togatorum
621 1616 732 1634 numero
746 1612 825 1642 a·que
846 1613 855 1631 μ

877 1569 916 1595 lae
934 1569 1006 1595 enim
1025 1568 1084 1595 lites
1099 1576 1186 1603 neque
1199 1569 1393 1595 controversiae
1407 1573 1478 1600 sunt,
1494 1577 1563 1603 quae
1576 1574 1671 1604 cogant

876 1607 999 1633 homines
1013 1607 1083 1632 sicut
1095 1606 1123 1632 in
1138 1605 1194 1632 foro
1207 1614 1260 1632 non
1270 1605 1354 1632 bonos
1364 1610 1488 1637 oratores,
1501 1607 1563 1632 item
1575 1606 1601 1632 in
1613 1606 1671 1632 the-

877 1648 932 1670 atro
945 1648 1045 1670 actores
1060 1642 1143 1669 malos
1157 1643 1269 1678 perpeti.
1296 1644 1353 1669 149.
1368 1643 1416 1669 Est
1429 1644 1511 1679 igitur
1524 1644 1618 1670 oratori
1629 1643 1671 1669 di-

878 1681 990 1717 113001οπ
1009 1680 1215 1716 providendum,
1236 1688 1287 1707 non
1307 1681 1345 1707 uti
1363 1680 1418 1707 illis
1436 1680 1589 1711 satisfaciat,
1609 1681 1672 1715 qui—

877 1719 929 1745 bus
943 1727 1052 1745 necesse
1065 1722 1113 1748 est.
1135 1717 1182 1744 sed
1196 1722 1226 1744 ut
1239 1718 1273 1745 iis
1286 1717 1452 1744 admirabilis
1466 1726 1525 1744 esse
1539 1718 1670 1749 videatur,

877 1757 978 1791 quibus
993 1755 1075 1782 libere
1090 1755 1167 1782 liceat
1180 1755 1307 1782 iudicare.
1353 1755 1390 1782 Ac
1404 1756 1427 1782 si
1441 1756 1578 1790 quaeritis,
1595 1755 1672 1790 plane

877 1793 944 1829 quid
962 1793 1074 1820 sentiam
1093 1793 1238 1819 enuntiabo
1255 1792 1327 1827 apud
1345 1792 1468 1819 homines
1495 1792 1673 1819 familiarissi-

878 1840 944 1862 mos,
969 1830 1043 1866 quod
1060 1830 1148 1857 adhuc
1165 1838 1272 1865 semper
1290 1831 1360 1857 tacui
1373 1834 1399 1857 et
1412 1830 1553 1857 tacendum
1569 1831 1670 1865 putavi.

856 1898 857 1904 ἵ
878 1869 943 1895 Mihi
967 1868 1055 1899 etiam,
1079 1867 1127 1902 qui
1145 1868 1245 1902 optime
1262 1867 1364 1898 dicunt,
1389 1868 1491 1903 quique
1506 1868 1531 1894 id
1548 1867 1672 1894 facillime

878 1911 957 1941 atque
975 1906 1143 1932 ornatissime
1163 1904 1247 1931 facere
1262 1910 1382 1939 possunt,
1401 1910 1496 1935 tamen,
1513 1906 1564 1931 nisi
1580 1905 1672 1931 timide

878 1943 911 1970 ad
924 1943 1069 1970 dicendum
1084 1942 1213 1969 accedunt
1228 1943 1294 1969 etin
1309 1942 1470 1969 exordienda
1483 1943 1598 1969 oratione
1613 1950 1672 1977 per-

878 1981 1028 2011 turbantur,
1044 1988 1128 2015 paene
1141 1979 1312 2015 impudentes
1323 1979 1461 2010 videntum
1477 1980 1581 2006 tametsi
1592 1980 1619 2006 id
1630 1988 1673 2005 ac—

878 2018 965 2045 cidere
979 2026 1031 2044 uon
1046 2022 1140 2052 potest.
1177 2019 1233 2045 120.
1253 2017 1286 2044 Ut
1304 2017 1375 2043 enim
1389 2018 1506 2052 quisque
1519 2018 1618 2052 optime
1632 2017 1673 2043 di-

878 2056 922 2086 cit,
938 2056 973 2082 ita
988 2055 1103 2081 maxime
1117 2054 1223 2081 dicendi
1237 2054 1431 2085 difficultatem,
1442 2055 1582 2089 variosque
1592 2063 1673 2080 even-

879 2097 922 2119 tus
945 2093 1072 2119 orationis
1092 2092 1371 2127 exspectationemque
1390 2091 1530 2118 hominum
1548 2093 1673 2126 pertime-

879 2130 938 2156 scit.
960 2129 1011 2162 Qui
1027 2137 1089 2156 vero
1103 2129 1169 2156 nihil
1185 2134 1271 2164 potest
1283 2129 1396 2165 dignum
1411 2138 1447 2160 re,
1463 2129 1575 2163 dignum
1588 2129 1674 2155 nomi-

881 2176 912 2193 ne
930 2167 1048 2197 oratoris,
1069 2166 1182 2202 dignum
1197 2167 1337 2193 hominum
1351 2167 1462 2193 auribus
1476 2165 1580 2192 efficere
1594 2171 1673 2200 atque

880 2204 966 2235 edere,
979 2205 1002 2230 is
1016 2204 1092 2234 mihi,
1101 2204 1204 2230 etiamsi
1218 2208 1401 2230 commovetur
1414 2204 1442 2230 in
1452 2203 1573 2233 dicendo,
1586 2208 1672 2229 tamen

880 2241 1024 2276 impudens
1039 2240 1152 2267 videtur.
1187 2241 1244 2267 Non
1263 2241 1334 2267 enim
1354 2240 1487 2275 pudendo,
1507 2240 1554 2267 sed
1568 2249 1619 2266 non
1635 2240 1673 2266 fa-

880 2278 975 2305 ciendo
988 2278 1024 2309 id,
1044 2277 1117 2313 quod
1132 2286 1183 2304 non
1197 2277 1281 2309 decet.
1302 2277 1484 2312 impudentiae
1498 2286 1593 2304 00111011
1607 2277 1674 2303 effu-

880 2324 942 2351 gere
955 2315 1096 2342 debemus.
1132 2317 1189 2342 ⁴2⁴.
1208 2314 1294 2347 Quem
1309 2323 1371 2341 vero
1389 2324 1440 2341 uon
1455 2314 1538 2349 pudet
1550 2314 1587 2349 (id
1601 2315 1673 2349 quod

881 2353 908 2379 in
927 2352 1062 2387 plerisque
1077 2352 1172 2386 video).
1194 2352 1265 2379 hunc
1279 2360 1328 2388 ego
1346 2360 1398 2378 0011
1413 2352 1617 2386 reprehensione
1631 2360 1674 2378 so-

883 2389 947 2420 111111,
968 2389 1015 2415 sed
1033 2390 1111 2415 etiam
1127 2397 1209 2424 poena
1223 2389 1336 2424 dignum
1351 2394 1424 2423 puto.
1462 2388 1594 2424 Equidem
1607 2394 1633 2415 et
1646 2390 1673 2416 in

882 2427 958 2453 vobis
981 2426 1191 2452 animadvertere
1214 2426 1286 2453 soleo
1303 2431 1329 2452 et
1347 2427 1373 2452 in
1388 2435 1430 2452 me
1445 2426 1504 2461 ipso
1516 2427 1674 2461 saepissime

881 2464 1011 2499 experior,
1034 2468 1062 2490 ut
1079 2463 1245 2490 exalbescam
1264 2461 1291 2490 in
1310 2463 1450 2498 principiis
1464 2463 1569 2490 dicendi
1583 2469 1608 2490 01
1623 2469 1673 2490 tota

881 2505 969 2528 mente
983 2505 1062 2536 utque
1075 2501 1188 2527 artubus
1201 2501 1327 2527 omnibus
1340 2501 1552 2527 contremiscam.
1579 2501 1675 2528 Adole-

881 2538 1019 2565 sccntulus
1029 2546 1092 2565 vero
1104 2538 1143 2564 sic
1153 2538 1229 2564 initio
1237 2538 1413 2565 accusationis
1424 2538 1591 2565 exanimatus
1601 2547 1672 2567 sum.

882 2581 911 2602 ut
933 2575 982 2602 hoc
1003 2584 1141 2602 summum
1160 2575 1320 2602 beneficium
1338 2575 1370 2607 Q.
1391 2575 1506 2602 Maximo
1522 2576 1671 2604 debuerim.

881 2613 954 2648 quod
975 2613 1101 2640 continuo
1117 2612 1260 2639 0005111001
1278 2612 1418 2644 dimiserit.
1438 2612 1551 2640 simulac
1566 2622 1608 2639 1110
1622 2612 1674 2639 fra-

881 2655 953 2677 ctum
967 2658 996 2677 ac
1010 2650 1178 2677 debilitatum
1193 2654 1264 2676 1110111
1280 2649 1385 2677 viderit.
