1941 3052
521 143 819 171 PHILIPPICA
854 144 932 170 XIV⁴
975 145 1060 171 CAP.
1098 147 1106 170 1

46 220 92 249 bis,
102 218 205 253 inquit,
218 221 241 243 et
251 217 400 243 audacibus.
440 216 507 242 Nam
518 216 557 242 sic
568 224 612 242 eos
624 215 740 250 appellat
750 215 843 241 claris-

45 256 131 282 simus
151 256 206 281 vir:
226 263 296 289 quae
314 258 377 280 sunt
397 253 560 280 urbanarum
581 253 721 280 maledicta
743 253 840 284 litium,

46 302 98 320 non
108 293 212 319 inustae
221 291 286 318 belli
298 291 454 317 internecini
469 296 552 317 notae.
592 292 769 322 Testamenta,
787 299 843 317 cre-

45 330 92 362 do,
106 330 266 360 subiiciunt,
283 333 328 355 aut
339 329 449 355 eiiciunt
462 329 564 355 vicinos
576 333 621 355 aut
632 327 843 355 adolescentulos

44 367 282 394 circumscribunt:
296 367 338 393 his
350 367 422 392 enim
434 367 506 392 vitiis
518 366 623 392 affectos
633 370 659 392 et
669 365 778 397 talibus,
787 374 844 391 ma·-

46 405 85 432 los
97 409 122 431 et
132 404 246 431 audaces
257 403 392 439 appellare
405 403 570 430 consuetudo
581 403 657 430 solet.
698 405 722 429 8.
738 402 843 429 Bellum

44 441 209 477 inexpiabile
229 441 310 468 infert
323 446 448 476 quattuor
461 441 620 468 consulibus
636 449 707 467 unus
722 441 843 467 omnium

46 479 178 507 latronum
195 480 376 511 taeterrimus;
398 479 466 514 gerit
481 479 552 505 idem
564 478 665 505 bellum
676 487 738 504 cum
750 481 843 504 senatu

45 517 201 553 populoque
211 517 338 543 Romano.
380 516 513 543 Omnibus
529 516 703 551 (quamquam
719 516 772 541 ruit
786 515 844 550 ipse

26 567 30 572 ·
45 555 103 582 suis
114 554 247 589 cladibus)
258 558 369 589 pestem,
378 554 701 584 vastitatem,cruciatum,
715 556 844 579 tormenta

45 592 200 619 denuntiat:
222 592 371 618 Dolabellae
383 591 469 618 ferum
481 596 506 617 et
516 592 632 617 immane
643 590 755 621 facinus,
771 589 844 624 quod

46 629 120 656 nulla
132 629 253 656 barbaria
264 634 354 664 posset
365 637 516 665 agnoscere,
524 628 552 655 id
563 637 612 655 suo
621 627 732 655 consilio
744 627 843 653 factum

46 676 107 694 esse
118 672 242 694 testatur:
260 675 384 702 quaeque
395 671 465 693 esset
474 666 592 692 facturus
603 666 631 692 in
642 666 691 692 hac
702 665 778 695 urbe,
791 665 843 691 nisi

47 713 109 731 eum
125 705 168 731 hic
184 705 243 739 ipse
255 705 374 739 Iuppiter
384 704 417 730 ab
429 704 478 730 hoc
489 703 588 738 templo
598 708 677 738 atque
688 703 731 729 his
742 703 844 729 moeni-

46 742 99 769 bus
110 742 267 777 repulisset,
285 742 429 768 declaravit
445 742 472 767 in
483 742 668 767 Parmensium
683 739 841 771 calamitate,

47 788 129 815 quos,
147 781 262 814 optimos
278 780 349 806 viros
365 779 622 813 honestissimosque
634 778 770 809 homines,
787 786 845 803 ma-

47 818 119 844 xime
130 826 190 843 cum
203 817 356 843 auctoritate
367 817 450 843 huius
461 816 562 842 ordinis
574 815 721 851 populique
732 815 844 842 Romani

46 855 175 891 dignitate
185 855 350 885 coniunctos,
359 853 554 880 crudelissimis
567 853 700 888 exemplis
711 853 845 880 interemit

46 892 210 927 propudium
226 891 295 918 illud
310 896 334 918 et
350 896 515 926 portentum,
532 892 562 918 L.
575 891 721 922 Antonius,
739 891 844 926 insigne

46 930 139 956 odium
155 930 276 956 omnium
295 929 449 960 hominum,
473 928 529 960 vel,
552 930 575 955 si
591 930 670 955 etiam
687 929 724 955 dii
741 928 846 955 oderint

46 976 114 1002 quos
132 971 246 1002 oportet,
263 968 385 994 omnium
400 967 520 993 deorum.
561 968 585 993 9.
607 966 716 1002 Refugit
727 967 842 996 animus,

46 1009 134 1040 patres
145 1005 298 1040 conscripti,
312 1013 396 1039 eaque
407 1002 495 1030 dicere
506 1003 668 1035 reformidat,
680 1013 749 1039 quae
756 1005 783 1030 L.
791 1004 846 1030 An-

46 1043 135 1069 tonius
151 1043 179 1069 in
191 1042 377 1069 Parmensium
394 1042 486 1068 liberis
503 1047 528 1068 et
542 1042 703 1078 coniugibus
720 1041 843 1068 effecerit.

46 1079 118 1112 Quas
129 1081 200 1106 enim
212 1080 394 1115 turpitudines
400 1079 508 1106 Antonii
523 1079 635 1106 libenter
644 1088 706 1106 cum
718 1079 846 1106 dedecore

46 1118 199 1148 subierunt,
213 1118 320 1144 easdem
332 1126 379 1152 per
390 1118 446 1144 vim
458 1117 589 1144 laetantur
600 1117 659 1144 aliis
671 1126 699 1144 se
711 1117 844 1143 intulisse.

48 1155 100 1181 Sed
117 1156 157 1182 vis
171 1154 323 1182 calamitosa
339 1159 391 1186 est,
408 1163 490 1190 quam
507 1155 561 1181 illis
577 1155 739 1181 intulerunt:
763 1154 846 1181 libido

47 1192 188 1228 flagitiosa,
206 1201 259 1228 qua
270 1192 446 1219 Antoniorum
458 1192 539 1219 oblita
551 1197 591 1219 est
603 1193 665 1219 vita.
706 1193 753 1219 Est
764 1193 847 1228 igitur

46 1231 205 1265 quisquam,
227 1230 274 1265 qui
286 1230 375 1257 hostes
387 1229 521 1265 appellare
532 1239 584 1257 non
599 1230 707 1262 audeat,
730 1239 846 1265 quorum

47 1267 146 1294 scelere
157 1267 340 1294 crudelitatem
351 1268 616 1303 Karthaginiensium
629 1268 725 1294 victam
737 1277 796 1294 esse
808 1267 847 1294 sa-

48 1304 150 1332 teatur‘?
179 1305 221 1331 IV.
242 1304 298 1337 Qua
313 1305 425 1331 enimin
437 1305 503 1331 urbe
514 1310 566 1331 tam
577 1306 703 1332 immanis
715 1305 845 1332 Hannibal

48 1347 138 1378 capta,
155 1351 236 1377 quam
252 1343 279 1369 in
295 1343 388 1369 Parma
404 1347 526 1378 surrepta
541 1342 691 1369 Antonius?
711 1343 769 1369 Nisi
782 1343 847 1369 forte

47 1380 129 1406 huius
140 1380 257 1406 coloniae
269 1384 294 1406 et
304 1384 461 1411 ceterarum,
475 1381 502 1406 in
513 1389 580 1415 quas
592 1380 685 1407 eodem
697 1385 737 1407 est
747 1381 845 1411 animo,

47 1426 99 1444 non
115 1422 155 1444 est
166 1418 250 1446 hostis
261 1417 393 1444 Antonius
409 1418 554 1453 putandus.
599 1420 637 1446 10,
660 1418 689 1444 Si
703 1427 766 1445 vero
776 1418 848 1445 colo-

48 1455 153 1482 niarum
168 1459 194 1481 ct
210 1455 419 1490 municipiorum
435 1456 494 1482 sine
509 1455 563 1482 ulla
580 1455 746 1483 dubitatione
763 1456 847 1482 hostis

47 1497 101 1519 est:
123 1492 189 1527 quid
205 1492 311 1519 tandem
330 1493 413 1519 huius
429 1494 544 1520 censetis
558 1493 647 1524 urbis,
665 1502 746 1528 quam
758 1493 803 1520 ille
815 1493 847 1520 ad

47 1530 194 1565 explendas
215 1534 346 1566 egestates
366 1530 496 1557 latrocinii
517 1531 560 1557 sui
576 1531 747 1566 concupivit?
766 1539 847 1566 quam

46 1568 100 1594 iam
116 1568 219 1602 peritus
235 1572 345 1594 metator
360 1572 386 1594 et
400 1568 514 1594 callidus
531 1568 693 1603 decempeda
714 1577 763 1595 sua
779 1569 847 1595 Saxa

46 1604 192 1632 diviserat‘?
211 1605 409 1637 Recordamini,
428 1614 474 1640 per
485 1606 548 1632 deos
560 1606 738 1633 immortales!
760 1611 848 1642 patres

47 1643 202 1678 conscripti,
225 1643 291 1678 quid
307 1643 356 1669 1100
371 1643 455 1670 biduo
471 1644 642 1670 timuerimus
659 1653 673 1670 a
693 1644 847 1671 domesticis

47 1680 184 1712 hostibus,
201 1680 354 1707 rumoribus
370 1681 581 1716 improbissimis
592 1681 740 1716 dissipatis.
781 1682 847 1714 Quis

48 1716 154 1749 liberos,
163 1718 225 1752 quis
231 1719 373 1754 coniugem
379 1719 498 1753 aspicere
510 1723 612 1754 poterat
622 1719 681 1745 sine
692 1719 774 1746 ssetu‘?
784 1720 847 1755 quis

47 1754 177 1782 domum‘?
196 1756 258 1790 quis
270 1755 355 1782 tecta‘?
374 1757 436 1791 quis
448 1756 529 1783 larem
542 1756 720 1783 familiarem?
735 1758 788 1784 Iam
802 1762 848 1784 aut

47 1792 231 1820 foedissimam
248 1798 358 1820 mortem
374 1802 480 1825 omnes,
499 1798 544 1820 aut
559 1795 741 1821 miserabilem
755 1794 846 1831 fugam

47 1830 207 1893 cogitabant.
238 1831 307 1857 Haec
318 1839 331 1857 a
343 1831 445 1866 quibus
457 1831 628 1863 timebantur,
642 1841 686 1858 eos
699 1832 788 1859 hostes
800 1842 847 1868 ap-

47 1875 80 1902 pe
94 1867 146 1894 lare
162 1867 335 1895 dubitamus?
356 1868 472 1895 Gravius
487 1870 510 1895 si
525 1870 588 1904 quis
604 1869 723 1896 attulerit
738 1879 844 1902 nomen,

48 1904 162 1948 libenter
172 1906 313 1932 assentiar:
331 1905 381 1933 hoc
392 1905 498 1943 vulgari
509 1911 649 1934 contentus
661 1908 707 1934 vix
718 1916 794 1939 sum,
809 1907 847 1934 le-

47 1950 120 1969 vrore
131 1951 183 1969 11011
195 1947 263 1970 3131.

105 2019 146 2044 11.
168 2018 258 2052 Itaque
274 2026 360 2053 quum
371 2018 581 2054 supplicationes
592 2019 756 2046 iustissimas
767 2028 800 2047 ex
812 2021 846 2047 iis

48 2054 151 2086 litteris,
167 2063 236 2090 quae
248 2056 370 2082 recitatae
382 2061 454 2087 sunt,
467 2056 609 2083 decernere
620 2057 775 2088 debeamus,
785 2058 846 2084 Ser-

47 2092 185 2127 viliusque
201 2092 361 2119 decreverit:
384 2094 488 2129 augebo
506 2095 615 2121 omnino
631 2103 773 2121 numerum
790 2095 847 2122 die-

47 2138 122 2161 rum,
141 2131 295 2165 praesertim
311 2139 396 2165 quum
413 2140 464 2157 non
477 2133 537 2163 uni,
554 2132 601 2158 sed
612 2133 790 2158 communiter
801 2133 847 2159 tri—

47 2167 99 2194 bus
115 2167 231 2194 ducibus
245 2168 298 2194 sint
313 2168 503 2195 decernendae.
545 2169 597 2196 Sed
614 2170 663 2196 1100
678 2170 796 2205 primum
810 2170 848 2196 fa-

47 2205 129 2236 ciam,
148 2209 176 2231 ut
195 2206 366 2240 imperatores
383 2206 514 2241 appellem
530 2215 589 2238 eos,
606 2215 722 2242 quorum
737 2208 844 2238 virtute.

47 2242 172 2274 consilio.
187 2242 325 2274 felicitate,
340 2244 465 2270 maximis
477 2244 604 2279 periculis
616 2245 755 2272 servitutis
767 2250 847 2280 atque

47 2279 171 2306 interitus
184 2280 286 2307 liberati
297 2289 404 2307 sumus.
435 2281 540 2308 Etenim
551 2282 595 2308 cui
606 2283 702 2318 viginti
715 2282 757 2308 his
769 2283 846 2309 annis

48 2317 208 2353 supplicatio
219 2317 321 2345 decreta
333 2323 382 2350 cst,
395 2322 425 2345 ut
437 2327 488 2345 non
503 2319 646 2354 imperator
655 2319 844 2354 appellaretur,

48 2355 219 2382 autminimis
226 2355 306 2382 rebus
313 2357 406 2392 gestis.
415 2356 626 2392 autplerumque
633 2357 734 2383 nullis?
747 2358 847 2389 Quam-

47 2391 138 2419 obrem
150 2397 195 2419 aut
206 2393 367 2428 supplicatio
378 2394 411 2420 ab
422 2402 465 2424 eo,
482 2395 528 2429 qui
541 2399 600 2420 ante
611 2394 689 2425 dixit,
702 2395 847 2421 decernen-

48 2428 81 2456 da
96 2438 147 2457 non
164 2429 227 2457 fuit:
250 2435 296 2457 aut
312 2431 426 2457 usitatus
445 2431 528 2458 honos
551 2431 779 2467 pervulgatusque
801 2432 847 2458 tri-

48 2465 172 2494 buendus
183 2468 230 2499 iis,
247 2468 348 2503 quibus
362 2469 442 2495 ctiam
457 2469 517 2495 novi
529 2469 735 2505 singularesque
746 2469 846 2496 deben-

49 2506 101 2531 tur.
132 2504 159 2531 V.
177 2506 217 2532 ⁴2.
235 2505 283 2536 An,
297 2507 319 2532 si
331 2507 393 2541 quis
405 2507 584 2541 Hispanorum
596 2511 641 2532 aut
652 2506 790 2533 Gallorum
803 2511 848 2533 aut

50 2539 180 2569 Thracum
191 2542 265 2569 mille
276 2548 322 2570 aut
332 2543 386 2570 duo
398 2543 481 2570 millia
493 2544 643 2573 occidisset,
661 2553 712 2570 non
724 2552 786 2570 cum
799 2544 847 2570 1130

49 2579 253 2611 consuetudine,
266 2589 335 2616 quae
347 2581 506 2611 increbruit,
530 2581 715 2616 imperatorem
728 2581 848 2616 appella-

50 2619 89 2642 ret
98 2616 225 2643 senatus?
245 2621 282 2644 tot
298 2617 448 2654 legionibus
463 2619 562 2650 caesis,
586 2623 656 2645 tanta
673 2618 847 2645 multitudine

49 2652 183 2680 interfecta
196 2653 327 2681 hostium:
341 2656 375 2682 ita
388 2657 508 2690 inquam.
517 2656 646 2685 hostium,
659 2657 785 2690 quamvis
798 2656 847 2682 hoc

50 2689 93 2717 isti
106 2690 194 2718 hostes
209 2691 348 2720 domestici
365 2692 462 2720 nolint:
480 2693 637 2720 clarissimis
653 2693 769 2720 ducibus
781 2702 847 2728 sup—

1132 160 1167 164 ——
1187 146 1213 171 7.
1641 146 1689 171 657

894 215 1067 250 plicationum
1079 216 1207 242 honorem
1219 216 1379 247 tribuemus,
1392 216 1583 250 imperatorum
1596 224 1691 242 nomen

894 253 1064 279 adimemus?
1079 253 1183 285 Quanto
1192 254 1263 279 enirn
1276 254 1383 284 honore,
1398 253 1504 283 laetitia,
1516 252 1692 288 gratulatione

894 291 921 317 in
933 291 982 317 hoc
993 290 1124 325 templum
1137 291 1241 326 ingredi
1253 291 1351 317 debent
1361 290 1401 317 illi
1415 291 1468 326 ipsi
1480 291 1561 317 huius
1573 290 1648 316 urbis
1661 290 1694 316 li-

895 328 1036 359 beratores,
1045 337 1130 363 quum
1138 329 1261 355 hesterno
1268 329 1320 359 die,
1328 333 1435 363 propter
1446 337 1538 355 eorum
1551 336 1593 354 res
1604 332 1692 364 gestas

896 374 938 391 me
948 370 1071 392 ovantem
1083 370 1108 392 et
1118 375 1200 401 prope
1212 366 1421 401 triumphantem
1433 366 1550 401 populus
1556 366 1693 392 Romanus

896 403 923 429 in
939 402 1100 437 Capitolium
1116 403 1195 430 domo
1210 404 1313 434 tulerit,
1335 403 1446 430 domum
1463 403 1526 430 inde
1541 402 1694 430 reduxerit‘?

897 441 937 466 13.
960 441 984 466 Is
995 441 1066 466 enim
1078 440 1187 467 demum
1199 445 1247 472 est,
1262 450 1319 467 mea
1330 441 1440 476 quidem
1451 441 1591 472 sententia,
1604 441 1693 467 iustus

895 478 1050 512 triumphus
1065 486 1094 504 ac
1110 487 1202 509 verus,
1220 487 1305 514 quum
1322 478 1389 505 bene
1399 478 1431 504 de
1443 478 1580 514 republica
1592 478 1694 505 meritis

896 515 1080 541 testimonium
1092 524 1105 541 a
1116 524 1248 542 consensu
1260 516 1375 542 civitatis
1386 516 1473 542 datur.
1514 516 1582 542 Nam
1598 516 1655 541 sive
1666 516 1693 541 in

895 553 1033 579 communi
1052 553 1151 588 gaudio
1171 553 1263 588 populi
1279 554 1389 580 Romani
1411 554 1458 580 uni
1478 553 1691 589 gratulabantur,

896 590 1177 625 magnumiudicium:
1190 592 1247 617 sive
1254 591 1300 616 uni
1312 591 1539 626 gratiasagebant,
1549 599 1579 617 eo
1591 591 1692 616 maius:

895 628 953 654 sive
965 632 1119 662 utrumque,
1134 628 1200 654 nihil
1213 628 1429 664 magnificentius
1440 629 1584 664 excogitari
1597 632 1691 662 potest.

950 665 990 691 Tu
1001 665 1084 701 igitur
1094 665 1152 699 ipse
1163 665 1196 691 de
1207 665 1250 692 1οῩ
1267 665 1363 691 dixerit
1373 666 1520 700 quispiam.
1560 665 1694 701 Equidem

895 703 1012 729 invitus:
1034 702 1081 729 sed
1096 703 1211 729 iniuriae
1226 702 1300 729 dolor
1311 702 1373 729 fecit
1384 712 1426 729 me
1437 707 1540 737 praeter
1550 707 1694 729 consuetu-

895 739 986 766 dinem
997 739 1153 775 gloriosum.
1195 741 1288 766 Nonne
1301 741 1366 766 satis
1377 745 1417 766 est
1428 740 1461 766 ab
1473 741 1629 767 hominibus
1641 740 1695 766 vir-

897 778 960 803 tutis
981 778 1081 813 ignaris
1104 778 1216 813 gratiam
1236 778 1304 803 bene
1329 778 1493 804 merentibus
1513 786 1565 804 non
1586 777 1696 804 referri‘?

896 815 975 841 etiam
986 815 1014 841 in
1026 823 1084 845 eos,
1107 815 1154 850 qui
1170 824 1263 841 omnes
1278 824 1340 841 suas
1352 824 1429 841 curas
1440 816 1467 841 in
1479 815 1642 849 reipublicae
1653 824 1696 840 sa-

897 852 952 879 lute
963 852 1092 888 defigunt,
1108 853 1211 879 crimen
1222 853 1378 887 invidiaque
1389 852 1550 888 quaeretur‘?
1581 854 1621 878 ⁴4.
1639 852 1695 878 Sci-

896 890 930 916 tis
946 891 1017 916 enim
1034 898 1081 925 per
1097 890 1145 916 hos
1157 890 1214 916 dies
1225 890 1417 916 creberrimum
1434 890 1518 916 fuisse
1534 898 1693 919 sermonem,

897 936 939 954 me
951 927 1037 963 pridie
1049 928 1151 954 Vinalia
1164 928 1189 959 *,
1207 928 1254 963 qui
1267 928 1324 954 dies
1336 927 1415 954 hodie
1427 932 1480 958 est,
1498 936 1559 954 cum
1578 927 1695 953 fascibus

896 965 1099 992 descensurum.
1141 966 1169 992 ln
1185 965 1303 1000 aliquem
1317 965 1396 991 credo
1407 965 1456 992 hoc
1466 965 1640 1001 gladiatorem
1652 968 1697 991 aut

899 1003 1025 1030 latronem
1042 1008 1088 1029 aut
1103 1003 1243 1030 Catilinam
1259 1011 1318 1029 esse
1334 1002 1491 1033 confictum,
1510 1012 1561 1029 non
1578 1003 1605 1028 in
1622 1011 1693 1030 eum,

897 1041 953 1076 qui,
969 1049 1000 1067 ne
1011 1041 1077 1076 quid
1088 1041 1139 1067 tale
1150 1042 1177 1067 in
1189 1040 1325 1076 republica
1337 1040 1393 1066 fieri
1405 1045 1503 1075 posset,
1512 1040 1635 1067 effecerit.
1656 1041 1697 1066 An

897 1083 927 1105 ut
947 1087 1008 1114 ego,
1032 1079 1079 1113 qui
1099 1078 1240 1105 Catilinam
1265 1078 1330 1104 haec
1353 1078 1507 1105 molientem
1528 1077 1695 1107 sustulerim,

898 1117 1048 1147 everterim,
1060 1115 1210 1147 afflixerim,
1219 1116 1277 1150 ipse
1289 1116 1445 1142 exsisterem
1454 1120 1561 1150 repente
1568 1114 1698 1142 Catilina‘?

898 1153 1003 1186 Quibus
1015 1155 1143 1189 auspiciis
1154 1155 1219 1180 istos
1231 1154 1315 1180 fasces
1327 1162 1413 1189 augur
1424 1152 1589 1188 acciperem‘?
1604 1157 1699 1188 quate·

898 1200 950 1218 nus
961 1191 1106 1218 haberem‘?
1117 1193 1161 1218 cui
1173 1191 1323 1218 traderem?
1332 1190 1536 1226 Quemquamne
1549 1190 1633 1217 fuisse
1644 1195 1697 1216 tam

898 1229 1065 1260 sceleratum,
1083 1230 1131 1265 qui
1143 1230 1192 1256 hoc
1204 1229 1333 1265 fingeret?
1353 1233 1406 1255 tam
1418 1229 1564 1260 furiosum,
1582 1229 1629 1263 qui
1641 1236 1698 1254 cre-

898 1267 990 1293 deret‘?
1010 1267 1085 1294 Unde
1100 1268 1182 1303 igitur
1198 1267 1248 1294 ista
1259 1267 1391 1302 suspicio,
1410 1266 1451 1293 vel
1464 1267 1553 1302 potius
1565 1266 1636 1292 unde
1649 1266 1698 1291 iste

898 1304 1004 1331 sermo‘?
1033 1305 1075 1331 Vl.
1100 1307 1140 1331 ⁴5.
1162 1305 1266 1337 Quum,
1281 1310 1310 1331 ut
1321 1305 1404 1335 scitis,
1418 1304 1467 1330 1100
1478 1304 1567 1330 triduo
1578 1303 1619 1329 vel
1631 1311 1699 1338 qua-

899 1342 987 1369 triduo
999 1343 1082 1368 tristis
1094 1352 1106 1368 a
1120 1343 1221 1369 Mutina
1234 1342 1302 1368 [31113
1314 1346 1440 1372 manaret,
1455 1341 1535 1368 1311311
1550 1341 1647 1367 laetitia
1659 1345 1694 1366 at-

898 1389 951 1415 que
963 1379 1113 1411 insolentia,
1127 1380 1203 1415 impii
1214 1381 1288 1406 cives
1300 1388 1384 1406 unum
1396 1388 1425 1405 se
1436 1380 1462 1405 in
1477 1379 1572 1409 loc-um,
1582 1378 1614 1404 ad
1625 1378 1697 1404 illam

898 1419 1014 1449 curiam,
1033 1418 1137 1444 viribus
1153 1418 1242 1453 potius
1253 1418 1324 1448 suis,
1342 1426 1423 1452 quam
1437 1416 1598 1451 reipublicae
1610 1415 1700 1441 infeli-

899 1464 970 1486 cem,
988 1455 1193 1491 congregabant.
1234 1455 1273 1481 Ibi
1288 1463 1373 1490 quum
1389 1454 1533 1481 consilium
1552 1454 1651 1480 inirent
1666 1452 1698 1478 de

899 1493 978 1519 caede
990 1497 1092 1524 nostra,
1106 1493 1321 1528 partirenturque
1332 1493 1400 1519 inter
1411 1500 1452 1522 se.
1466 1492 1513 1527 qui
1525 1490 1697 1526 Capitolium,

899 1531 945 1566 qui
958 1535 1050 1562 rostra,
1063 1531 1196 1565 quiUrhis
1208 1535 1296 1565 portas
1307 1534 1476 1565 occuparent,
1490 1529 1522 1555 ad
1534 1537 1576 1555 me
1587 1537 1700 1554 concur-

899 1577 960 1594 sum
978 1567 1099 1595 t’uturum
1115 1569 1232 1595 civitatis
1247 1568 1386 1603 putabant.
1426 1566 1504 1599 Quod
1516 1571 1543 1593 ut
1555 1575 1617 1592 03111
1628 1567 1699 1592 invi-

899 1606 942 1632 dia
959 1615 1017 1632 mea
1033 1606 1120 1637 fieret,
1143 1610 1169 1632 et
1183 1614 1244 1632 cum
1262 1607 1331 1632 vitae
1347 1605 1426 1632 etiam
1443 1604 1575 1640 periculo,
1601 1603 1699 1630 [31113111

900 1644 978 1670 istam
995 1643 1109 1670 fascium
1125 1643 1339 1678 dissipaverunt:
1364 1642 1448 1669 fasces
1464 1642 1516 1677 ipsi
1528 1642 1561 1668 ad
1574 1650 1615 1668 1110
1626 1640 1700 1667 dela-

900 1682 951 1708 turi
968 1681 1086 1708 fuerunt.
1127 1681 1204 1714 Quod
1220 1690 1306 1716 quum
1323 1685 1393 1707 esset
1404 1681 1482 1716 quasi
1495 1688 1552 1706 mea
1564 1679 1701 1706 voluntate

899 1718 1013 1750 factum,
1030 1723 1087 1746 tum
1103 1719 1130 1745 in
1146 1727 1188 1745 me
1204 1720 1322 1754 impetus
1338 1718 1530 1745 conductorum
1547 1717 1698 1747 hominum,

899 1758 977 1792 quasi
994 1758 1020 1783 in
1036 1761 1195 1793 tyrannum,
1217 1756 1374 1792 parabatur:
1398 1764 1430 1782 ex
1446 1764 1500 1791 quo
1519 1754 1614 1781 caedes
1630 1759 1701 1780 esset

899 1799 1017 1821 vestrum
1030 1795 1151 1821 omnium
1163 1799 1314 1821 consecuta.
1340 1794 1413 1826 Quae
1425 1802 1467 1819 res
1478 1792 1598 1828 patescit,
1613 1797 1700 1826 patres

898 1833 1056 1867 conscripti:
1079 1832 1126 1859 sed
1141 1840 1190 1858 suo
1202 1837 1320 1866 tempore
1332 1832 1412 1858 totius
1425 1831 1506 1857 liuius
1521 1829 1629 1856 sceleris
1642 1829 1700 1855 sons

898 1871 1040 1905 aperietur.
1084 1872 1123 1896 16.
1147 1870 1238 1905 Itaque
1249 1870 1278 1895 P.
1292 1869 1451 1904 Appuleius,
1465 1868 1590 1895 tribunus
1602 1867 1698 1902 plebis,

899 1916 1019 1935 meorum
1040 1909 1162 1934 omnium
1183 1907 1356 1934 consiliorum
1375 1905 1625 1942 periculorumque,
1648 1906 1700 1931 iam

899 1945 960 1972 inde
971 1954 984 1972 a
996 1945 1137 1972 consulatu
1151 1954 1222 1976 meo,
1241 1945 1330 1976 testis,
1344 1945 1482 1974 conscius,
1496 1943 1613 1973 adiutor,
1627 1942 1702 1969 dolo-

899 1991 954 2009 rem
969 1983 1036 2009 ferre
1052 1992 1104 2010 non
1121 1984 1207 2018 potuit
1222 1982 1321 2009 doloris
1343 1983 1409 2008 mei:
1432 1981 1586 2008 concionem
1608 1980 1701 2006 habuit

899 2021 1059 2048 maximam.
1083 2020 1183 2056 populo
1203 2021 1321 2047 Romano
1341 2028 1426 2046 unum
1447 2024 1527 2054 atque
1548 2018 1618 2045 idem
1640 2026 1702 2044 sen-

899 2059 989 2085 tiente.
1031 2059 1059 2085 ln
1071 2067 1123 2093 qua
1135 2059 1260 2084 concione
1272 2066 1357 2093 quum
1371 2066 1422 2087 1110,
1436 2066 1484 2092 pro
1494 2065 1601 2082 summa
1614 2060 1700 2082 nostra

899 2097 1086 2123 coniunctione
1101 2100 1126 2122 et
1145 2095 1337 2126 familiaritate,
1361 2094 1472 2121 liberare
1492 2094 1647 2128 suspicione
1663 2092 1701 2118 fa-

899 2134 984 2160 scium
997 2133 1090 2163 vellet,
1112 2142 1164 2159 uua
1177 2142 1240 2159 voce
1251 2137 1345 2159 cuncta
1355 2132 1447 2159 concio
1457 2131 1614 2160 declaravit,
1634 2130 1700 2156 1111111

899 2180 958 2197 csse
975 2180 988 2197 3
1005 2180 1047 2197 1110
1065 2179 1194 2205 umquam
1211 2170 1244 2196 de
1255 2169 1406 2205 republica.
1426 2170 1477 2195 nisi
1489 2170 1589 2203 optimc
1600 2169 1701 2202 cogita-

900 2213 967 2235 tum.
1008 2209 1069 2234 Post
1085 2208 1152 2234 lianc
1168 2207 1285 2233 habitam
1297 2208 1450 2233 concionem
1463 2206 1569 2232 duabus
1581 2206 1701 2232 tribusve

900 2246 972 2272 horis
989 2245 1149 2280 optatissimi
1166 2245 1253 2271 nuntii
1269 2249 1294 2270 01
1311 2244 1411 2270 litterae
1428 2248 1570 2269 venerunt:
1590 2248 1617 2269 ut
1629 2242 1699 2268 idem

899 2283 956 2309 dies
974 2292 1024 2309 nou
1042 2282 1120 2308 310110
1136 2290 1178 2308 me
1194 2282 1364 2316 iniquissima
1381 2281 1482 2307 invidia
1500 2281 1630 2309 liberarit,
1653 2279 1699 2304 sed

899 2321 978 2346 0113111
990 2320 1162 2346 celeberrima
1176 2319 1386 2354 populissomaui
1400 2318 1575 2354 gratulatione
1587 2317 1698 2343 33110111,

959 2395 997 2420 17.
1021 2395 1089 2420 llaec
1101 2394 1259 2428 interposui.
1274 2398 1361 2428 patres
1372 2393 1529 2427 conscripti.
1544 2401 1595 2418 non
1608 2397 1659 2417 tam
1672 2396 1699 2417 ut

900 2441 947 2467 pro
958 2441 999 2458 1110
1006 2431 1130 2461 dicerem,
1140 2432 1218 2466 (male
1230 2431 1300 2457 enim
1314 2439 1418 2457 1110011111
1431 2435 1560 2465 ageretur.
1570 2430 1591 2455 si
1605 2437 1698 2463 parum

900 2470 976 2496 vobis
988 2478 1074 2495 essem
1087 2470 1145 2495 sinc
1157 2468 1312 2495 defensione
1324 2468 1474 2503 purgatus.)
1486 2476 1565 2502 quam
1579 2471 1700 2501 11103οε-

899 2507 960 2533 dam
973 2507 1053 2533 nimis
1066 2507 1155 2532 ieiuno
1166 2507 1255 2532 animo
1267 2511 1290 2531 01
1302 2510 1416 2541 angusto
1428 2513 1576 2534 monerem,
1589 2504 1615 2530 id
1626 2504 1698 2539 quod

898 2553 1005 2579 semper
1021 2545 1078 2578 ipse
1095 2543 1232 2572 fecissem,
1251 2544 1288 2569 uti
1300 2542 1487 2569 excellentium
1500 2542 1600 2568 civium
1615 2542 1699 2568 virtu-

899 2587 950 2608 tem
964 2582 1110 2608 imitatione
1122 2581 1241 2617 diguam,
1256 2589 1306 2606 11011
1319 2580 1419 2606 invidia
1432 2584 1563 2614 putarent.
1585 2579 1699 2614 Magnus

898 2624 938 2645 cst
953 2620 978 2645 iu
996 2618 1132 2654 republica
1148 2627 1274 2653 campus,
1293 2623 1321 2643 ut
1333 2618 1466 2652 sapienter
1481 2617 1569 2643 dicere
1585 2617 1698 2643 Crassus

898 2656 1014 2682 solebat:
1032 2656 1125 2682 multis
1137 2661 1244 2691 apertus
1257 2664 1352 2681 cursus
1364 2655 1396 2681 nd
1409 2654 1524 2681 laudem.
1566 2655 1619 2680 Vll.
1643 2654 1699 2680 Uti-

899 2702 959 2720 uam
971 2693 1080 2729 quidem
1094 2693 1132 2721 illi
1145 2694 1279 2728 principes
1289 2693 1416 2722 viverent,
1425 2693 1472 2728 qui
1484 2700 1526 2719 1110
1538 2697 1595 2727 post
1608 2700 1697 2718 meum

1461 2742 1492 2765 ss
