1941 3052
451 129 637 157 ORATIO
670 130 759 157 PRO
792 130 821 158 C.
856 130 1074 157 RABIRIO.

82 199 241 228 servandam
256 204 282 227 et
296 200 329 227 ad
340 201 534 236 rempublicam
545 202 757 229 constituendam
769 201 878 229 illuxis-

81 246 111 265 se
121 238 264 273 patiantur.
304 238 404 264 Deinde
415 248 476 270 vos,
489 238 620 271 Quirites,
633 248 749 275 quorum
762 244 876 274 potestas

81 276 203 311 proxime
214 275 247 301 ad
258 275 368 302 deorum
380 276 572 303 immortalium
584 286 684 303 numen
696 277 809 308 accedit,
833 286 877 304 oro

81 317 161 348 atque
171 313 294 344 obsecro,
311 314 439 348 quoniam
456 323 508 340 uno
525 319 642 349 tempore
658 315 711 341 vita
724 314 752 341 C.
765 315 874 346 Rabirii,

80 350 199 377 hominis
211 351 353 377 miserrimi
365 356 444 386 atque
461 351 688 383 innocentissimi,
705 356 731 379 et
741 352 814 378 salus
826 352 878 378 rei-

80 387 206 422 publicae
226 389 322 414 vestris
344 389 468 415 manibus
489 389 678 425 suffragiisque
704 390 874 424 permittitur,

80 425 230 452 adhibeatis
242 426 269 452 in
282 425 398 452 hominis
410 425 524 453 fortunis
539 427 763 458 misericordiam,
782 427 809 453 in
825 427 878 453 rei-

80 462 204 498 publicae
216 462 300 489 salute
312 464 481 498 sapientiam,
494 473 575 499 quam
587 464 688 490 soletis.

137 502 161 527 6.
184 501 270 532 Nunc,
288 502 429 536 quoniam,
447 502 476 528 T.
490 502 619 533 Labiene,
637 501 791 537 diligentiae
804 510 877 527 meae

80 538 208 573 temporis
220 539 352 574 angustiis
368 539 508 570 obstitisti,
527 548 623 574 meque
639 548 673 565 ex
686 543 837 573 comparato
853 543 878 565 et

79 576 223 603 constituto
239 577 325 611 spatio
336 575 500 603 defensionis
511 577 537 602 in
550 576 699 602 semihorae
710 576 876 602 curriculum

79 614 204 649 coegisti,
219 614 368 649 parebitur,
382 618 420 645 et,
433 614 505 649 quod
517 614 720 649 iniquissimum
733 618 784 644 est,
799 622 878 639 accu—

79 651 174 677 satoris
185 651 340 683 conditioni,
353 655 387 683 et,
400 651 472 686 quod
484 652 675 682 miserrimum,
689 651 791 677 inimici
803 655 877 685 pote-
898 670 899 686 3

79 689 151 715 stati.
173 688 342 724 Quamquam
353 689 381 715 in
393 689 441 715 hac
452 689 659 724 praescriptione
670 689 818 714 semihorae
829 697 877 723 Ra-

78 726 148 752 troni
164 726 230 753 mihi
246 731 333 761 partes
349 726 496 761 reliquisti,
519 726 638 752 consulis
654 726 792 752 ademisti:
815 734 877 760 pro-

77 767 181 798 pterea,
199 763 271 798 quod
287 763 319 790 ad
335 763 532 790 defendendum
546 764 740 799 propemodum
752 763 816 789 satis
827 764 876 789 erit

77 801 129 827 hoc
140 801 206 827 mihi
218 802 355 835 temporis,
369 801 402 827 ad
412 801 631 836 conquerendum
643 810 749 836 parum.
779 802 804 827 7.
818 801 875 826 Nisi

77 837 144 865 forte
155 838 188 864 de
200 838 264 865 locis
276 838 408 874 religiosis
420 847 450 865 ac
460 839 493 865 de
505 838 587 870 lucis,
605 847 674 874 quos
686 839 718 865 ab
731 839 780 865 hoc
792 838 876 865 viola-

77 880 118 902 tos
139 884 198 902 esse
219 876 325 908 dixisti,
349 876 474 911 pluribus
491 876 581 903 verbis
597 877 646 903 tibi
658 876 875 911 respondendum

75 917 171 949 putas:
193 922 247 949 quo
263 914 290 940 in
305 914 417 941 crimine
433 914 500 941 nihil
517 919 557 941 est
575 923 704 949 umquam
721 914 768 940 abs
789 918 813 940 te
834 913 876 939 di-

76 955 150 977 ctum
158 972 164 983 ,
187 952 239 978 nisi
251 961 265 978 a
276 951 304 978 C.
318 952 405 979 Macro
416 952 549 979 obiectum
562 960 620 978 esse
631 953 732 978 crimen
744 951 771 978 id
782 951 811 978 C.
824 951 876 977 Ra-

75 988 154 1015 birio.
176 989 205 1015 In
217 998 270 1024 quo
281 998 330 1025 ego
341 989 465 1021 demiror,
479 990 635 1016 meminisse
647 994 680 1021 te⁷
693 989 759 1025 quid
770 989 876 1015 obiece-

75 1026 111 1053 rit
121 1026 151 1053 C.
163 1026 270 1054 Rabirio
281 1027 367 1054 Macer
378 1028 519 1059 inimicus,
541 1027 656 1054 oblitum
668 1036 740 1058 esse,
754 1027 820 1062 quid
831 1035 875 1053 ae-

74 1064 124 1099 qui
135 1068 161 1091 et
172 1064 250 1091 iurati
262 1064 365 1091 iudices
376 1065 528 1092 iudicarint.
559 1066 602 1092 111.
616 1067 640 1091 8.
652 1065 693 1091 An
705 1065 738 1091 de
749 1064 874 1100 peculatu

75 1100 158 1133 facto,
176 1110 209 1129 an
226 1102 259 1128 de
275 1102 406 1129 tabulario
421 1104 530 1130 incenso
546 1102 624 1138 longa
639 1103 722 1129 oratio
733 1107 773 1128 est
784 1103 875 1137 expri-

74 1139 192 1166 menda?
211 1140 303 1175 quoin
315 1141 426 1167 crimine
437 1142 607 1176 propinquus
619 1140 648 1167 C.
662 1140 762 1167 Rabirii
774 1140 874 1166 iudicio

74 1176 238 1209 clarissimo,
252 1177 281 1205 C.
295 1177 417 1210 Curtius,
436 1187 483 1214 pro
495 1179 593 1205 virtute
604 1187 653 1205 sua
664 1182 704 1204 est
715 1178 874 1204 honestissi-

74 1222 119 1241 me
135 1214 276 1242 liberatus:
299 1215 358 1251 ipse
373 1225 436 1243 vero
451 1216 576 1243 Rabirius
591 1225 643 1242 non
660 1216 738 1242 modo
754 1216 780 1242 in
801 1215 874 1242 iudi-

74 1252 148 1278 cium
160 1253 255 1279 horum
267 1253 420 1285 criminum,
428 1254 476 1280 sed
487 1263 519 1281 ne
529 1255 556 1281 in
567 1254 751 1280 tenuissimam
762 1253 873 1288 quidem

75 1290 257 1324 suspicionem
270 1291 351 1317 verbo
362 1295 401 1318 est
413 1300 542 1327 umquam
555 1296 673 1318 vocatus.
704 1291 744 1318 An
756 1291 789 1317 de
800 1299 874 1317 soro-

74 1327 113 1353 ris
125 1327 180 1354 [ilio
190 1327 348 1363 diligentius
364 1329 582 1364 respondendum
599 1328 657 1355 est?
675 1337 758 1364 quem
774 1328 807 1355 ab
824 1328 873 1355 hoc

74 1370 199 1391 necatum
212 1374 270 1392 esse
281 1365 383 1397 dixisti,
397 1375 482 1402 quum
494 1367 526 1393 ad
539 1367 632 1393 iudicii
645 1375 745 1393 moram
758 1365 873 1392 familia-

73 1403 112 1429 ris
124 1402 226 1429 funeris
238 1404 375 1431 excusatio
385 1409 567 1439 quaereretur.
603 1404 674 1436 Quid
685 1405 756 1430 enim
768 1408 808 1430 est
819 1408 872 1430 tam

73 1441 132 1466 veri
153 1440 255 1472 simile,
278 1449 360 1476 quam
381 1442 508 1468 cariorem
531 1442 594 1468 huic
614 1442 712 1468 sororis
734 1442 870 1473 maritum,

73 1486 156 1513 quam
167 1478 265 1505 sororis
278 1478 363 1505 tilium
376 1479 478 1506 fuisse?
488 1484 568 1515 atque
579 1480 612 1506 ita
623 1480 759 1511 cariorem,
769 1483 798 1505 ut
808 1478 872 1505 alter

72 1516 128 1542 vita
139 1515 326 1542 crudelissime
337 1517 500 1551 privaretur,
517 1526 603 1552 quum
615 1516 689 1543 alteri
701 1517 734 1543 ad
746 1516 873 1552 prolatio-

74 1561 135 1579 nem
148 1553 240 1580 iudicii
252 1553 367 1581 biduum
378 1554 570 1590 quaereretur?
584 1555 624 1581 An
635 1554 668 1581 de
679 1555 765 1581 servis
777 1554 871 1580 alienis

72 1595 164 1617 contra
176 1590 261 1627 legem
274 1592 383 1618 Fabiam
395 1593 513 1624 retentis,
527 1597 572 1619 aut
583 1593 616 1619 de
627 1593 733 1618 civibus
745 1592 871 1618 Romanis

73 1633 163 1655 eontra
179 1627 263 1664 legem
276 1629 395 1656 Porciam
411 1630 558 1656 verberatis
573 1634 618 1657 aut
630 1630 729 1656 necatis
741 1630 817 1664 plura
829 1630 872 1656 di-

72 1666 156 1692 cenda
166 1671 238 1698 sunt,
252 1675 337 1702 quum
351 1671 421 1694 tanto
432 1667 522 1695 studio
533 1668 562 1695 C.
570 1668 696 1694 Rabirius
708 1669 788 1694 totius
796 1667 872 1702 Apu—

73 1702 137 1735 liae,
155 1704 287 1740 singulari
304 1704 439 1732 voluntate
456 1706 616 1741 Campaniae
632 1705 777 1732 vicinitatis
793 1713 871 1732 orne-

72 1740 134 1768 tur?
153 1750 295 1777 quumque
310 1742 342 1768 ad
358 1743 417 1769 eius
429 1743 642 1778 propulsandum
655 1743 805 1779 periculum
818 1752 870 1770 non

72 1778 151 1805 modo
163 1779 294 1811 homines,
308 1780 354 1806 sed
367 1789 448 1816 prope
459 1781 581 1817 regiones
592 1782 666 1817 ipsae
677 1781 868 1813 concurrerint,

72 1815 209 1852 aliquanto
220 1818 299 1844 etiam
312 1817 392 1845 latius
404 1819 540 1851 excitatae,
553 1828 635 1854 quam
647 1819 735 1855 ipsius
749 1820 871 1845 vicinita-

71 1854 106 1880 tis
119 1862 214 1881 nomen
225 1863 255 1881 ac
266 1856 372 1882 termini
385 1856 572 1891 postulabant?
583 1858 649 1884 Nam
661 1857 727 1892 quid
739 1865 788 1893 ego
799 1857 831 1883 ad
843 1856 871 1883 id

72 1890 179 1927 longam
190 1893 334 1919 orationem
346 1902 507 1929 comparem,
520 1895 592 1930 quod
604 1900 644 1922 est
655 1895 681 1921 in
694 1894 786 1921 eadem
799 1894 871 1921 mul-

71 1932 128 1956 ctae
139 1929 298 1965 irrogatione
310 1932 502 1966 perscriptum,
521 1932 593 1959 hunc
608 1942 656 1959 nec
667 1941 731 1959 suae
744 1940 791 1958 nec
805 1932 870 1959 alie-

70 1974 120 1993 nae
132 1967 276 2001 pudicitiae
287 1968 455 2003 pepercisse?
484 1971 508 1996 9.
521 1969 592 2002 Quin
603 1971 682 1996 etiam
694 1971 825 2005 suspicor,
839 1979 870 1997 eo

71 2003 139 2030 mihi
154 2005 315 2032 semihoram
332 2014 345 2032 a
362 2006 478 2033 Labieno
495 2008 678 2042 praestitutam
695 2016 767 2039 esse,
791 2012 820 2034 ut
837 2017 869 2034 ne

71 2040 150 2076 plura
170 2041 203 2068 de
223 2042 352 2077 pudicitia
372 2043 499 2070 dicerem.
531 2044 601 2081 Ergo
616 2045 648 2072 ad
666 2045 729 2071 haec
745 2046 866 2077 crimina,

70 2086 140 2114 quae
161 2080 264 2114 patroni
284 2079 450 2116 diligentiam
467 2081 632 2114 desiderant,
655 2082 784 2119 intelligis
801 2083 869 2110 mihi

71 2116 232 2143 semihoram
244 2118 322 2144 istam
335 2118 449 2145 nimium
463 2119 568 2155 longam
580 2119 674 2147 fuisse.

127 2153 202 2180 lllam
215 2154 323 2181 alteram
336 2160 437 2190 partem
449 2156 481 2183 de
494 2166 557 2183 nece
568 2157 706 2185 Saturnini
719 2158 800 2184 nimis
811 2159 870 2185 exi-

70 2199 151 2227 guam
163 2196 243 2226 atque
254 2197 394 2228 angustam
407 2202 466 2220 esse
478 2194 601 2221 voluisti:
614 2204 683 2230 quae
695 2204 746 2222 non
758 2197 868 2222 oratoris

70 2229 223 2264 ingenium,
241 2230 288 2256 sed
304 2230 423 2257 consulis
438 2231 570 2258 auxilium
586 2232 710 2267 implorat
721 2238 747 2259 et
758 2232 866 2269 flagitat.

75 2266 187 2293 lO.Nam
199 2266 231 2293 de
243 2267 436 2302 perduellionis
448 2269 556 2300 iudicio,
567 2270 639 2305 quod
651 2279 665 2297 a
677 2279 719 2297 me
730 2271 868 2297 sublatum

70 2310 129 2330 esse
139 2305 274 2331 criminari
286 2305 369 2337 soles,
394 2314 484 2332 meum
499 2307 600 2334 crimen
616 2312 669 2339 est,
691 2317 742 2335 non
755 2308 866 2335 Rabirii.

69 2339 146 2373 Quod
158 2342 269 2374 utinam,
282 2342 409 2375 Quirites,
423 2352 472 2379 ego
483 2343 510 2370 id
521 2349 567 2370 aut
578 2345 682 2379 primus
694 2350 739 2372 aut
750 2346 824 2372 solus
835 2355 868 2373 ex

69 2376 119 2405 hac
130 2379 267 2414 republica
279 2380 467 2407 sustulissem!
491 2382 607 2413 utinam,
625 2383 698 2417 quod
710 2383 754 2409 ille
765 2384 866 2410 crimen

69 2422 128 2442 esse
144 2416 215 2448 vult,
233 2418 371 2452 proprium
389 2418 572 2445 testimonium
589 2428 662 2446 meae
679 2420 766 2447 laudis
781 2421 865 2447 essct!

68 2451 140 2485 Quid
151 2454 222 2480 enim
234 2456 319 2489 optari
332 2460 431 2491 potest,
448 2456 522 2491 quod
534 2465 583 2491 ego
595 2457 717 2489 mallem,
730 2467 812 2492 quam
825 2467 867 2484 nio

68 2489 97 2516 in
107 2491 246 2518 consulatu
259 2501 318 2519 meo
329 2494 480 2520 carnificem
492 2493 525 2519 ‹le
537 2493 600 2524 foro,
609 2503 715 2521 crucem
729 2495 762 2521 de
773 2504 868 2531 campo

68 2528 232 2555 sustulisse?
243 2529 296 2556 Sed
307 2531 356 2557 ista
370 2531 427 2558 laus
440 2531 557 2566 primum
569 2537 609 2558 est
621 2532 751 2559 mulorum
765 2538 868 2559 nostro·

68 2572 137 2597 rum,
150 2565 277 2599 Quirites,
290 2569 347 2603 qui,
362 2569 483 2603 expulsis
495 2569 614 2605 regibus,
628 2569 734 2596 nullum
745 2570 771 2596 in
785 2570 866 2597 libero

67 2603 168 2637 populo
199 2605 343 2640 vestigium
373 2606 539 2633 crudelitatis
569 2607 657 2642 rogiae
684 2608 864 2635 retinuerunt:

67 2638 164 2667 deinde
176 2641 321 2669 multorum
334 2644 452 2670 virorum
464 2643 583 2675 fortium,
596 2644 645 2679 qui
658 2650 772 2671 vestram
787 2645 867 2672 liher-

68 2680 146 2704 tatem
159 2687 210 2705 non
222 2679 362 2708 acerbitate
373 2681 570 2717 suppliciorum
583 2681 721 2715 infestam,
739 2682 786 2710 sed
799 2682 866 2710 leui-

1109 131 1128 157 C
1143 131 1164 157 A
1178 131 1206 157 P.
1246 132 1252 157 l
1276 146 1312 150 —
1333 133 1356 158 ’j
1675 134 1723 159 4⁴3

930 206 980 228 tate
993 201 1083 238 legum
1095 203 1226 229 munitam
1242 211 1301 228 esse
1318 202 1468 229 voluerunt.
1508 203 1551 229 lv.
1567 205 1607 229 Η.
1624 203 1725 235 Quam-

929 239 1019 265 obrem
1033 244 1090 265 uter
1101 244 1221 266 nostrum
1233 240 1352 271 tandem,
1372 240 1500 270 Labiene,
1518 240 1656 275 popularis
1669 241 1726 267 est?

929 281 1001 308 tune,
1011 278 1058 312 qui
1069 278 1176 303 civibus
1182 278 1307 304 Romanis
1318 279 1345 304 in
1357 278 1482 304 concione
1493 278 1551 313 ipsa
1562 278 1722 309 carnificem,

929 314 976 348 qui
989 314 1075 340 vincla
1088 315 1208 341 adhiberi
1221 320 1298 350 putas
1309 320 1439 350 oportere,
1452 316 1499 350 qui
1511 316 1539 342 in
1550 324 1643 350 campo
1655 316 1725 341 Mar-

929 352 978 382 tio,
991 352 1107 378 comitiis
1119 353 1287 384 centuriatis,
1301 354 1436 388 auspicato
1448 353 1474 379 in
1488 352 1556 384 loco,
1574 362 1680 380 crucem
1692 353 1725 379 ad

929 389 1030 415 civium
1044 389 1210 424 supplicium
1224 390 1304 426 defigi
1319 395 1344 416 et
1357 391 1482 417 constitui
1501 391 1593 417 iubes:
1618 399 1651 417 an
1665 399 1723 426 ego,

929 426 976 461 qui
999 426 1127 453 funestari
1149 428 1303 454 concionem
1323 429 1479 463 contagione
1499 428 1632 454 carnificis
1648 428 1726 454 veto'?

928 464 975 498 qui
992 464 1156 498 expiandum
1172 464 1258 491 forum
1275 465 1367 500 populi
1383 466 1494 492 Romani
1511 466 1543 492 ab
1559 465 1614 492 illis
1631 465 1725 492 nefarii

929 500 1036 527 sceleris
1058 503 1179 537 vestigiis
1201 511 1260 528 esse
1280 502 1357 529 dico?
1377 503 1424 538 qui
1445 508 1543 529 castam
1559 504 1722 533 concionem,

929 543 1051 564 sanctum
1061 548 1200 574 campum,
1214 540 1371 566 inviolatum
1383 549 1480 575 corpus
1491 541 1612 567 omnium
1623 541 1724 567 civium

929 576 1122 608 Romanorum,
1145 577 1278 612 integrum
1295 578 1337 603 ius
1354 578 1483 604 libertatis
1499 578 1613 605 defendo
1624 579 1724 604 servari

928 613 1066 647 oportere?
1097 616 1136 641 42.
1160 614 1299 649 Popularis
1311 624 1372 641 vero
1384 616 1508 642 tribunus
1521 616 1616 650 plebis,
1634 620 1724 642 custos

928 650 1105 686 defensorque
1121 652 1188 678 iuris
1204 657 1230 678 et
1246 652 1383 679 libertatis,
1425 654 1513 679 Porcia
1530 653 1573 680 lex
1589 654 1679 689 virgas
1691 653 1724 679 ab

928 689 1048 714 omnium
1059 689 1161 715 civium
1172 690 1351 716 Romanorum
1363 699 1471 724 corpore
1483 691 1595 717 amovit:
1619 691 1662 717 hic
1674 691 1725 717 mi-

928 726 1039 751 sericors
1051 725 1154 761 flagella
1166 726 1266 753 retulit.
1306 728 1396 753 Porcia
1409 728 1452 754 lex
1464 728 1611 754 libertatem
1622 729 1724 754 civium

928 762 1012 789 lictori
1033 764 1145 798 eripuit:
1168 764 1315 796 Labienus,
1339 765 1418 791 homo
1438 765 1584 800 popularis,
1607 766 1724 792 carnifici

929 800 1046 827 tradidit.
1069 801 1098 828 C.
1107 801 1245 828 Gracchus
1257 801 1342 837 legem
1355 802 1423 833 tulit,
1438 811 1470 828 ne
1481 802 1514 828 de
1525 804 1611 837 capite
1622 803 1723 829 civium

927 838 1106 865 Romanorum
1119 839 1225 865 iniussu
1238 844 1326 866 vestro
1337 839 1512 866 iudicaretur:
1532 840 1575 866 hic
1587 841 1724 875 popularis

927 884 941 901 a
952 875 1115 907 duumviris,
1133 877 1241 903 iniussu
1254 882 1353 908 vestro,
1372 886 1423 904 non
1435 878 1547 904 iudicari
1559 877 1592 903 de
1603 879 1661 904 cive
1674 879 1724 904 Ro-

927 921 1013 944 mano,
1027 914 1075 940 sed
1086 914 1185 940 indicta
1196 923 1289 941 caussa
1300 915 1387 941 civem
1394 916 1543 942 Romanum
1555 916 1650 950 capitis
1661 924 1725 942 con-

926 950 1045 977 demnari
1057 952 1151 987 coegit.
1176 954 1215 978 ⁴3,
1229 953 1268 978 Tu
1281 953 1347 978 mihi
1358 953 1438 979 etiam
1451 952 1517 988 legis
1530 953 1644 983 Porciae,
1658 958 1685 979 tu
1694 953 1722 979 C.

927 988 1054 1020 Gracchi,
1073 990 1209 1016 tuborum
1223 990 1366 1022 libertatis,
1385 995 1412 1017 tu
1428 991 1590 1025 cuiusquam
1607 990 1724 1026 deniquo

927 1025 1044 1053 hominis
1066 1027 1202 1062 popularis
1224 1029 1385 1054 mentionem
1407 1027 1481 1059 facis,
1504 1029 1551 1063 qui
1573 1036 1624 1054 non
1646 1028 1725 1055 modo

926 1064 1068 1099 suppliciis
1079 1065 1224 1096 inusitatis,
1232 1065 1280 1092 sed
1290 1066 1369 1092 etiam
1381 1066 1523 1092 verborum
1534 1066 1652 1092 inaudita
1663 1075 1724 1092 cru-

926 1101 1033 1128 delitate
1045 1102 1144 1129 violare
1156 1103 1304 1129 libertatem
1317 1104 1399 1130 huius
1411 1103 1503 1139 populi
1512 1125 1518 1135 ,
1537 1108 1637 1130 tentare
1648 1113 1724 1130 man-

925 1139 1112 1171 suetudinem,
1144 1146 1308 1167 commutare
1337 1141 1509 1176 disciplinam
1539 1146 1648 1167 conatus
1678 1150 1705 1167 es
1712 1142 1724 1166 ἰ)

925 1177 1047 1212 Namque
1059 1178 1123 1204 haec
1135 1182 1188 1210 tua,
1201 1188 1271 1214 quae
1282 1184 1307 1205 te
1319 1179 1456 1206 hominem
1467 1179 1625 1205 clementem
1637 1187 1723 1214 popu—

926 1214 1062 1250 laremque
1073 1215 1217 1247 delectant,
1241 1226 1380 1248 [mci-oa,
1401 1226 1527 1244 conricA
1542 1226 1649 1248 nasus,
1671 1226 1722 1243 non

925 1252 1003 1279 modo
1016 1253 1097 1279 huius
1110 1253 1239 1280 libertatis
1251 1255 1522 1289 mansuetudinisque
1534 1263 1585 1281 non
1596 1259 1667 1285 sunt,
1676 1255 1723 1281 sed

925 1299 958 1316 ne
974 1290 1079 1316 Romuli
1095 1291 1206 1326 quidem
1226 1297 1271 1318 aut
1292 1293 1395 1319 Numae
1412 1292 1549 1327 Pompilii:
1574 1292 1721 1326 Tarquinii,

924 1328 1114 1363 superbissimi
1126 1333 1206 1364 atque
1217 1330 1399 1356 crudelissimi
1416 1331 1499 1365 regis,
1518 1330 1567 1356 ista
1584 1334 1647 1356 sunt
1662 1338 1724 1356 cru-

924 1366 1010 1392 ciatus
1021 1367 1153 1393 carmina:
1176 1376 1245 1402 quae
1258 1372 1298 1399 tu,
1313 1367 1392 1394 homo
1404 1367 1471 1394 lenis
1484 1376 1512 1393 ac
1525 1366 1676 1401 popularis,
1692 1367 1724 1393 li-

924 1403 1081 1430 bentissime
1092 1413 1295 1432 commemoras.
1330 1414 1422 1432 entur
1435 1414 1486 1432 oua·
1494 1414 1507 1431 u
1515 1414 1540 1430 ni
1551 1414 1592 1435 ro,
1616 1414 1630 1430 Λ
1638 1414 1650 1430 a
1658 1414 1723 1430 noni

924 1450 1057 1468 1NF1-3LICt
1071 1451 1265 1469 SUSPENDlTo.
1276 1463 1298 1469 ..
1328 1442 1401 1475 Quae
1414 1442 1502 1473 verba,
1516 1442 1642 1474 Quirites,
1657 1442 1723 1468 iam-

924 1478 1028 1513 pridem
1044 1479 1071 1505 in
1089 1479 1137 1506 hac
1153 1480 1290 1514 republica
1306 1489 1357 1506 non
1374 1480 1462 1507 solum
1475 1480 1592 1506 tenebris
1605 1484 1723 1506 vetusta-

924 1516 967 1548 tis,
982 1525 1075 1543 verum
1087 1517 1166 1543 etiam
1181 1517 1238 1544 luce
1251 1518 1380 1544 libertatis
1392 1526 1518 1553 oppressa
1531 1522 1604 1543 sunt.

979 1554 1010 1581 V.
1026 1555 1065 1581 14.
1083 1555 1123 1581 An
1136 1564 1206 1586 vero,
1220 1556 1243 1581 si
1255 1556 1323 1582 actio
1335 1556 1384 1582 ista
1396 1555 1533 1590 popularis
1545 1559 1627 1586 esset,
1641 1559 1679 1586 et,
1699 1556 1721 1581 si

924 1591 1006 1618 ullam
1019 1596 1119 1627 partem
1131 1593 1274 1628 aequitatis
1286 1594 1395 1620 haberet
1406 1598 1451 1619 aut
1463 1594 1538 1623 iuris,
1547 1592 1576 1620 C.
1585 1592 1722 1619 Gracchus

923 1638 981 1655 eam
994 1630 1166 1665 reliquisset?
1187 1630 1294 1658 Scilicet
1311 1631 1358 1657 tibi
1374 1631 1523 1666 graviorem
1540 1630 1658 1657 dolorem
1676 1639 1723 1664 pa-

924 1667 975 1693 trui
989 1668 1026 1693 tui
1039 1677 1110 1694 mors
1122 1668 1224 1700 attulit,
1243 1678 1324 1704 quam
1337 1668 1366 1696 C.
1380 1669 1500 1696 Graccho
1511 1668 1612 1694 fratris:
1636 1673 1661 1694 et
1674 1668 1721 1694 tihi

923 1705 1041 1731 acerbior
1052 1705 1111 1732 eius
1124 1707 1210 1742 patrui
1223 1716 1294 1733 mors
1306 1711 1354 1737 est,
1363 1715 1444 1741 quem
1457 1714 1606 1741 numquam
1619 1705 1719 1731 vidisti.

922 1751 1004 1778 quam
1017 1742 1056 1769 illi
1068 1744 1127 1770 eius
1140 1744 1241 1776 fratris,
1259 1745 1371 1779 quicum
1382 1743 1592 1771 concordissime
1605 1743 1719 1769 vixerat:

923 1785 948 1807 et
959 1780 1057 1807 similis
1069 1782 1120 1808 viri
1132 1786 1160 1808 tu
1173 1782 1311 1808 ulcisceris
1328 1782 1415 1817 patrui
1433 1786 1558 1812 mortem,
1581 1786 1660 1815 atque
1677 1780 1722 1806 illc

923 1824 1129 1854 persequeretur
1145 1819 1233 1846 fratris
1248 1820 1305 1851 sui,
1323 1821 1345 1846 si
1359 1820 1408 1846 ista
1420 1819 1519 1846 ratione
1530 1827 1608 1854 agere
1622 1818 1722 1844 voluis-

922 1861 976 1883 set:
1000 1861 1025 1883 et
1036 1866 1083 1892 par
1094 1857 1258 1884 desiderium
1270 1858 1313 1884 sui
1326 1857 1434 1892 reliquit
1445 1856 1516 1891 apud
1529 1856 1659 1891 populum
1673 1856 1723 1882 lto-

923 1903 1033 1922 manum
1046 1895 1180 1922 Labienus
1193 1896 1255 1926 iste,
1274 1900 1386 1930 patruus
1403 1900 1503 1925 vester,
1521 1894 1648 1929 quisquis
1662 1893 1719 1921 snit.

921 1941 951 1959 ac
958 1933 998 1959 Ti.
1007 1933 1145 1960 Gracchus
1157 1932 1320 1968 reliquerat?
1330 1932 1370 1959 An
1383 1933 1466 1967 pictas
1479 1937 1522 1958 tua
1535 1932 1626 1962 ιιιειίοπ,
1640 1940 1721 1966 quam

922 1970 1054 1998 Gracchi?
1073 1980 1106 1997 an
1118 1970 1245 1997 animus?
1264 1980 1297 1997 an
1309 1969 1473 1997 consilium?
1489 1978 1520 1996 an
1532 1969 1615 2004 opes?
1630 1978 1662 1995 an
1674 1978 1722 1994 au-

920 2008 1047 2036 ctoritas?
1066 2017 1099 2035 an
1111 2007 1282 2043 eloquentia?
1301 2017 1384 2043 quae,
1398 2009 1420 2034 si
1433 2008 1460 2034 in
1473 2007 1519 2034 illo
1531 2008 1641 2033 minima
1654 2006 1722 2032 suis-

920 2051 989 2077 sent,
999 2051 1086 2073 tamen
1100 2054 1162 2081 prae
1174 2046 1227 2072 tuis
1241 2045 1413 2072 facultatibus
1425 2045 1541 2071 maxima
1554 2049 1719 2080 putarentur.

922 2085 962 2111 ⁴5.
975 2084 1065 2116 Quum
1077 2092 1140 2110 vcro
1152 2084 1194 2110 his
1206 2083 1288 2110 rebus
1299 2083 1426 2110 omnibus
1438 2082 1467 2109 C.
1481 2083 1618 2109 Gracchus
1629 2091 1721 2108 omncs

921 2122 1023 2153 vicerit,
1036 2125 1168 2156 quantum
1181 2120 1352 2147 intervallum
1365 2120 1471 2147 tandem
1484 2121 1551 2146 intcr
1563 2125 1586 2146 te
1598 2125 1677 2154 atque
1690 2119 1722 2145 il-

922 2159 977 2185 lum
990 2160 1158 2185 interiectum
1171 2158 1268 2194 putas?
1289 2158 1341 2185 Sed
1358 2162 1505 2185 moreretur
1517 2158 1592 2192 prius
1604 2157 1721 2183 acerbis-

920 2197 989 2223 sima
1002 2201 1084 2223 morte
1097 2196 1197 2223 millies
1209 2196 1361 2226 Gracchus,
1379 2204 1460 2231 quam
1478 2195 1504 2221 in
1520 2195 1579 2220 cius
1595 2195 1721 2221 concione

919 2234 1040 2261 carnifex
1049 2234 1220 2260 consisteret:
1242 2242 1324 2268 quem
1337 2242 1388 2259 non
1400 2232 1480 2259 modo
1491 2232 1558 2260 soro.
1577 2231 1624 2258 scil
1641 2233 1719 2257 etiam

919 2271 995 2298 caelo
1005 2271 1053 2298 hoc
1064 2280 1093 2297 uc
1104 2271 1201 2305 spiritu
1213 2270 1349 2297 censoriae
1362 2270 1442 2305 leges,
1456 2274 1535 2304 atque
1543 2269 1622 2296 Urbis
1634 2269 1720 2294 ‹lotui-

919 2309 981 2335 cilio
992 2317 1080 2335 carere
1092 2308 1244 2334 voluerunt.
1267 2308 1314 2334 llic
1325 2316 1354 2333 so
1367 2307 1521 2342 popularem
1533 2307 1619 2332 dicere
1630 2306 1718 2335 audet,

921 2355 963 2372 me
978 2346 1097 2372 alienum
1113 2355 1127 2371 a
1138 2345 1287 2372 commodis
1299 2345 1409 2371 vesu-is:
1432 2353 1518 2379 quum
1531 2345 1579 2370 istc
1591 2353 1683 2370 munes
1695 2349 1720 2370 ct

919 2383 1116 2418 suppliciorum
1129 2388 1154 2409 et
1166 2383 1307 2409 verborum
1319 2382 1475 2409 acerbitates
1487 2391 1537 2408 non
1549 2390 1582 2408 cx
1593 2382 1719 2408 memoria

921 2426 1008 2447 vestra
1019 2430 1048 2446 ac
1061 2425 1166 2455 patruni
1179 2425 1342 2450 vestrorum,
1366 2419 1412 2446 sed
1429 2428 1463 2446 ex
1474 2419 1611 2446 auuulium
1624 2428 1720 2445 mouu-

921 2458 1018 2485 mentis
1039 2463 1119 2492 atque
1139 2466 1172 2484 ex
1193 2466 1287 2493 regum
1308 2457 1508 2484 commentariis
1528 2457 1716 2491 conquisierit:

919 2504 969 2530 ego
979 2495 1106 2522 omnibus
1120 2495 1187 2521 meis
1198 2495 1306 2529 opibus,
1314 2494 1441 2521 omnihus
1452 2494 1582 2525 consiliis,
1591 2495 1718 2521 omnibus

919 2533 998 2560 dictis
1014 2538 1094 2567 atque
1111 2532 1187 2559 sactis
1199 2533 1370 2567 repugnarim
1382 2537 1408 2558 et
1419 2532 1562 2558 restiterim
1574 2531 1718 2559 crmlelita-

919 2571 957 2597 ti?
986 2571 1044 2597 Nisi
1067 2570 1132 2596 sorte
1155 2570 1222 2596 lianc
1242 2569 1422 2596 conditionem
1445 2569 1521 2596 vobis
1543 2578 1602 2596 esse
1624 2569 1715 2599 vultis,

918 2617 999 2643 quam
1015 2608 1099 2639 servi,
1118 2608 1141 2634 si
1159 2607 1288 2634 libertatis
1303 2616 1379 2642 spem
1396 2608 1560 2642 propositam
1572 2616 1622 2634 nou
1636 2607 1718 2633 habc-

918 2650 989 2676 rent,
1007 2645 1075 2672 ferra
1088 2644 1162 2671 nullo
1174 2645 1252 2671 mmlo
1264 2650 1382 2679 possent.
1426 2646 1465 2671 ts».
1480 2645 1575 2671 Misera
1587 2650 1626 2671 cst
1640 2646 1716 2677 ifann-

918 2683 1000 2710 miuia
1012 2683 1174 2710 iudiciorum
1187 2682 1366 2718 publicorum.
1377 2683 1472 2710 misera
1485 2682 1623 2708 mulctatio
1635 2683 1716 2708 hono—
