1941 3052
740 135 1068 162 FRAGMENTA.

84 214 163 243 posse
178 205 334 232 consistere.
376 205 496 231 Primum
512 206 584 231 enim
600 204 668 231 illud
684 206 786 237 iuieczt,
810 206 878 232 nihil

85 252 163 280 posse
178 243 239 270 dolo
255 242 325 269 malo
342 241 458 268 familiae
476 242 542 269 fleri.
584 243 637 268 Hoc
653 242 709 269 loco
724 251 776 269 non
792 243 879 269 solum

86 281 162 312 fecit,
179 285 208 307 ut
218 279 374 306 defenderet
385 279 512 310 Fabium,
531 279 578 305 sed
592 284 621 306 ut
631 281 741 306 omnino
753 280 881 306 huiusce-

85 318 158 345 modi
170 317 270 344 iudicia
282 316 450 343 dissolveret.
473 317 540 343 Nam
552 318 575 342 si
586 318 660 343 venit
672 317 698 343 id
710 318 736 343 in
749 317 881 343 iudicium

85 356 118 383 de
130 355 245 386 familia,
258 354 331 390 quod
342 354 452 380 omnino
464 353 565 379 familia
577 354 648 380 nulla
660 359 747 389 potest
758 355 882 381 commit-

85 398 153 420 tere:
176 392 283 419 nullum
294 396 334 418 est
344 391 491 423 iudicium;
515 390 686 417 absolvantur
696 400 789 418 omnes
800 392 833 418 de
844 395 882 418 si-

85 430 141 457 mili
156 438 251 456 caussa
265 437 374 456 necesse
385 432 434 455 est.
476 430 517 454 36.
539 429 593 454 Hoc
604 428 701 459 solum,
715 429 807 463 (bona,
826 437 882 455 me-

85 467 204 498 hercule,
217 468 282 501 res!)
295 467 318 492 si
330 466 380 492 hoc
390 465 479 492 solum
490 470 573 496 esset.
591 470 679 492 tamen
691 475 751 496 vos,
766 466 828 492 tales
840 467 883 492 vi-

85 505 121 537 ri,
144 504 214 531 nolle
230 503 360 530 deberetis
377 504 524 529 maximam
540 511 611 534 rem,
633 504 803 529 coniunctam
819 512 881 530 cum

85 550 192 569 summa
203 550 230 568 re
242 541 410 576 fortunisque
426 541 605 575 privatorum,
623 541 827 566 severissimum
840 541 883 566 iu-

85 579 188 606 dicium
200 579 372 613 maximaque
387 579 488 604 ratione
498 578 678 612 compositum
690 586 737 612 per
748 587 795 604 vos
807 578 884 604 vide-

85 620 109 644 ri
122 625 181 643 esse
196 616 370 643 dissolutum.
411 615 464 642 Sed
480 623 532 641 non
547 615 575 640 id
591 614 678 641 solum
694 616 782 650 agitur
797 618 824 641 in
838 617 882 641 hoc

85 657 193 684 iudicio,
210 658 415 686 recuperatores,
437 657 464 678 ut
480 653 517 679 M.
540 652 638 678 Tullius
655 661 701 685 per
721 655 883 678 interdictum

85 700 159 718 suum
169 694 210 717 ius
221 695 302 717 teneat
313 695 390 724 atquc
401 692 525 716 iniuriam
535 690 583 715 aP.
591 689 666 715 Fabii
676 691 777 723 familia
788 692 884 723 factam

83 733 254 764 persequatur
260 738 268 761 ,·
279 736 367 754 verum
376 728 394 761 -1-
405 727 455 754 hoc
465 726 599 753 iudicium
611 727 651 752 sic
661 731 840 761 exspectatur,
854 731 884 753 ut

85 775 138 793 non
160 766 209 792 uni
229 766 267 792 rei
288 766 383 796 statui,
406 764 453 791 sed
473 764 601 791 omnibus
623 765 749 791 constitui
765 768 882 798 putetur.

86 803 160 826 (Prisc.
171 803 184 822 1.
195 803 230 821 Vl.
243 808 260 820 ι·-
272 803 289 820 1.
300 802 318 825 ς.
328 803 356 824 5.)

393 835 404 849 ῆι
480 834 493 848 1⁸<
569 834 582 847 ιιι

144 883 187 909 [Π.
209 882 228 916 †
242 883 334 908 Dicam
351 883 406 908 vim
423 881 518 908 factam
531 889 544 906 a
555 881 585 907 P.
599 880 676 907 Fabii
687 879 807 906 samilia‘?
830 880 885 907 Ad-

88 920 199 946 versarii
211 928 263 946 non
275 923 383 955 negant.
412 919 544 945 Damnum
556 918 649 945 datum
660 926 719 944 esse
731 918 766 944 M.
779 917 885 944 Tullio‘?

86 957 230 990 Concedis;
254 957 308 983 vici
324 965 405 983 unam
422 965 489 983 rem.
530 956 590 982 Vim
607 955 764 982 hominibus
776 956 885 981 armatis

86 994 201 1021 factam?
221 995 280 1020 Non
292 1002 387 1029 negas3
402 995 455 1020 vici
467 993 587 1020 alteram.
628 992 691 1019 Dolo
704 993 773 1019 malo
785 992 883 1019 factum

87 1040 181 1068 negas,
196 1032 229 1058 de
241 1032 290 1059 hoc
302 1032 435 1058 iudicium
447 1035 494 1057 est.
509 1039 620 1061 (Victoria.
632 1039 653 1057 ln
663 1038 679 1057 1.
689 1038 750 1057 Rliet.
761 1038 804 1057 cic.
816 1043 833 1056 e.
844 1039 884 1060 57.)

394 1076 405 1091 ιι
481 1076 494 1090 ια
570 1075 583 1090 *

141 1124 180 1150 lv.
195 1124 238 1150 37.
260 1124 313 1151 Nec
323 1132 383 1149 vero
393 1124 456 1156 quid
469 1125 577 1148 attineat
588 1127 740 1155 argumenta
750 1131 882 1155 quaerere,

85 1163 177 1195 quibus
191 1163 302 1195 defensio
317 1163 391 1186 istius
406 1165 458 1186 tam
472 1162 533 1186 levis
543 1162 731 1193 nuyatoriaque
742 1161 885 1192 infirmetur

85 1208 117 1226 ac
129 1200 258 1228 diluatur,
276 1206 325 1233 ego
341 1197 475 1232 intelligo;
497 1202 523 1223 et
538 1201 625 1223 tamen
641 1196 785 1222 (licendum
801 1201 840 1222 est
851 1195 883 1222 ad

86 1244 130 1267 ea,
152 1244 221 1270 quae
236 1235 306 1262 dixit
321 1235 463 1267 Quintius,
483 1243 534 1260 non
550 1243 604 1269 quo
620 1234 654 1260 ad
670 1242 726 1260 rem
742 1235 882 1268 pertineat,

86 1273 133 1300 sed
149 1282 182 1300 ne
197 1273 278 1308 quid,
296 1273 360 1308 quia
375 1282 389 1299 a
401 1280 444 1298 me
454 1273 675 1307 praetermissum
687 1276 739 1302 est.
758 1280 805 1306 pro
820 1280 885 1298 con-

86 1319 162 1338 cesso
175 1314 294 1346 putetur.

142 1366 184 1391 38.
206 1365 278 1391 Dicis
292 1368 413 1399 oportere
429 1364 537 1399 quaeri,
555 1363 678 1389 homines
694 1363 729 1389 M.
743 1362 825 1388 Tullii
842 1363 884 1389 in-

86 1403 155 1429 iuria
167 1403 250 1429 occisi
261 1406 359 1432 essent,
373 1410 466 1428 necne.
495 1402 530 1427 De
544 1409 597 1435 quo
610 1400 659 1426 hoc
670 1401 789 1435 primum
801 1408 884 1435 quae-

86 1449 128 1471 ro,
146 1441 249 1466 venerit
262 1449 292 1466 ea
301 1448 342 1466 res
353 1440 380 1466 in
394 1439 443 1465 hoc
456 1438 597 1469 iudicium,
611 1446 704 1464 necne.
733 1437 761 1463 Si
775 1446 826 1464 non
838 1446 885 1463 ve-

86 1478 138 1504 nit:
152 1477 219 1512 quid
231 1478 332 1508 attinet,
345 1481 391 1503 aut
401 1485 449 1503 nos
460 1476 563 1506 dicere,
577 1480 623 1501 aut
632 1477 678 1501 hos
690 1474 836 1509 quaerere?
856 1474 884 1500 Si

86 1519 175 1541 autem
189 1515 274 1547 venit3
288 1514 356 1549 quid
368 1514 476 1540 attinuit
487 1517 511 1539 te
522 1518 575 1539 tam
587 1512 680 1539 multis
687 1512 797 1539 verbisa
808 1520 885 1547 prae-

86 1556 141 1578 tore
153 1551 297 1586 postulare,
306 1556 335 1578 ut
346 1551 456 1577 adderet
467 1551 494 1577 in
506 1550 639 1576 iudicium
652 1550 885 1584 iuinniA,etq11ia

86 1598 139 1615 non
151 1590 337 1624 impetrasses,
350 1588 474 1615 tribunos
485 1587 523 1623 pl.
535 1587 669 1622 appellare
682 1587 761 1613 ethic
774 1587 801 1613 in
814 1587 886 1613 iudi-

86 1627 128 1653 cio
138 1627 215 1661 queri
228 1627 357 1661 praetoris
369 1626 549 1660 iniquitatem⁷
567 1624 639 1659 quod
649 1624 682 1650 de
699 1634 761 1651 ικιυ
770 1634 817 1650 nm
833 1633 885 1650 non

86 1663 272 1690 addidissem
301 1665 343 1690 39.
368 1664 437 1689 Haec
451 1671 537 1698 quum
554 1666 702 1697 praetorem
719 1661 884 1696 postulabas,

86 1710 166 1735 quum
178 1701 301 1728 tribunos
312 1700 477 1736 appellabas,
490 1709 581 1733 nempe
591 1702 627 1726 ila
638 1699 757 1730 dicebas,
770 1703 886 1734 potesta-

86 1743 140 1765 tem
152 1739 202 1765 tibi
214 1738 272 1765 fieri
286 1743 421 1774 oportere,
439 1742 482 1768 ut,
499 1738 523 1763 si
534 1745 641 1772 possae,
659 1739 886 1771 recuperatoribus

87 1776 277 1811 persuaderes,
294 1784 347 1802 non
362 1783 421 1802 esse
437 1775 535 1801 iniuria
550 1775 585 1801 M.
599 1774 687 1800 Tullio
697 1774 827 1800 damnum
838 1774 887 1800 da-

87 1818 154 1840 tum.
188 1813 266 1846 Quod
276 1822 339 1849 ergo
350 1813 411 1840 ideo
421 1813 449 1839 in
461 1812 594 1839 iudicium
606 1811 669 1838 addi
680 1811 799 1843 voluisti,
814 1816 842 1838 ut
853 1811 886 1838 de

86 1859 118 1878 eo
129 1851 178 1878 tibi
190 1850 262 1885 apud
273 1855 473 1885 recuperatores
483 1850 573 1876 dicere
586 1849 688 1881 liceret;
703 1857 733 1875 eo
745 1858 796 1875 non
809 1849 887 1875 addi-

88 1893 113 1915 to
124 1888 210 1914 nihilo
222 1888 313 1914 minus
324 1892 413 1914 tamen
425 1888 460 1913 ita
472 1887 550 1918 dicis,
563 1887 642 1921 quasi
655 1886 681 1912 id
694 1887 794 1921 ipsum,
808 1895 822 1912 a
833 1895 886 1922 quo

86 1927 212 1958 depulsus
223 1933 265 1956 es,
283 1924 454 1959 impeti-aris?
474 1923 520 1954 At,
538 1923 640 1958 quibus
653 1923 742 1949 verbis
756 1924 781 1950 in
794 1924 887 1950 decer-

87 1962 176 1989 nendo
189 1961 313 1989 Metellus
329 1970 395 1988 usus
411 1965 464 1992 est,
480 1961 576 1991 ceteri.
594 1969 662 1995 quos
679 1961 833 1995 appellasti,
851 1977 887 1981 —

88 2008 176 2027 nonne
192 1999 258 2026 haec
272 1999 395 2026 omnium
412 1997 463 2024 fuit
477 1998 574 2028 oratio,
597 1997 670 2032 quod
687 1998 713 2023 vi
730 1998 887 2024 bominibus

88 2037 197 2064 armatis
208 2038 341 2064 coactisve
353 2035 454 2062 familia
469 2035 564 2061 secisse
575 2034 723 2065 (liceretur,
743 2035 769 2061 id
782 2037 886 2061 tametsi

88 2074 163 2101 nullo
175 2075 232 2101 iure
245 2074 302 2101 sieri
313 2074 438 2108 potuerit,
453 2077 540 2099 tamen
552 2080 580 2098 se
592 2071 660 2098 nihil
672 2071 830 2098 additui-os?
844 2074 885 2099 40.

87 2112 121 2138 Et
135 2116 220 2143 recte,
238 2115 446 2146 recuperatores.
487 2110 554 2136 Nam
571 2117 656 2144 quum
673 2109 796 2144 perfugio
813 2109 887 2136 nullo

88 2149 233 2176 constituto
253 2154 342 2176 tamen
364 2148 429 2175 haec
446 2147 546 2173 scelera
562 2147 633 2173 servi
650 2146 830 2173 audacissime
848 2146 887 2172 su-

88 2186 280 2218 ciant,domini
292 2185 530 2221 impudentissime
541 2184 730 2210 conliteamur:
744 2184 811 2218 quid
823 2193 887 2210 cen-

88 2224 153 2250 setis
165 2223 228 2255 sore,
245 2224 267 2250 si
279 2228 384 2258 praetor
395 2222 496 2249 iudicet
506 2221 640 2248 eiusmodi
653 2221 748 2247 caedes
761 2222 817 2247 lieri
830 2223 887 2247 iuro

88 2260 185 2296 posse?
195 2261 236 2288 An
247 2261 398 2296 quidquam
411 2261 626 2289 intercst,11ti·uin
641 2259 812 2294 magistratus
825 2267 887 2293 pcc-

88 2303 145 2325 cato
156 2297 341 2325 defensionem
352 2298 528 2327 constituant,
542 2305 573 2322 nn
586 2296 714 2330 peccandi
730 2301 885 2330 potestatem

89 2335 280 2371 licentiamque
292 2334 465 2371 permittant?
490 2335 530 2360 M.
546 2334 662 2364 Etenim,
677 2339 884 2368 recuperatores.

88 2381 140 2400 non
152 2373 250 2400 damno
261 2376 465 2400 commoventur
477 2371 658 2402 munisti-atus,
673 2376 700 2398 ut
712 2372 738 2397 in
751 2371 816 2397 haec
827 2380 887 2397 ver-

88 2410 121 2437 ba
134 2411 267 2438 iudicium
278 2411 352 2437 dent.
393 2411 459 2436 Nam
471 2412 494 2435 si
509 2392 537 2435 id>
551 2413 634 2434 esset.-
658 2417 706 2435 nec
718 2413 887 2443 recuperato-

88 2456 131 2475 res
146 2449 236 2483 potius
251 2448 358 2479 darent,
376 2455 458 2483 quam
474 2446 606 2476 iudicem,
624 2454 672 2472 nec
689 2446 714 2472 in
731 2447 886 2472 universam
909 2453 910 2456 ¹

89 2485 228 2516 familiam,
251 2486 299 2512 sed
316 2486 342 2512 in
358 2493 435 2515 eum,
452 2486 560 2518 quicum
578 2483 735 2509 nominatim
752 2488 884 2518 ageretur,

89 2531 137 2549 nec
152 2523 179 2550 in
195 2523 393 2558 quadruplum,
412 2521 459 2548 sed
476 2521 503 2547 in
519 2520 648 2555 duplum,
672 2524 698 2547 et
715 2522 749 2546 ad
765 2530 886 2547 nanuum

88 2560 230 2587 adderetur
241 2569 368 2587 ιΝιυιιιΛ.
398 2560 490 2594 Ncquo
501 2559 573 2584 enim
587 2558 618 2588 is.
632 2558 679 2593 qui
693 2557 741 2584 hoc
753 2557 885 2584 iudicium

88 2597 175 2629 dedit,
193 2597 226 2624 de
241 2598 338 2624 ceteris
354 2597 460 2624 damnis
477 2595 510 2623 ab
523 2595 580 2631 lego
592 2594 711 2630 Aquillia
728 2594 840 2626 recedit,
860 2598 886 2621 in

88 2634 190 2670 quibus
207 2634 274 2661 nihil
286 2635 374 2671 agitur
385 2635 438 2661 nisi
448 2634 588 2660 damnum.
628 2632 686 2665 Qun
698 2632 731 2658 de
743 2641 770 2659 re
782 2637 887 2667 praetor

89 2672 210 2699 animum
221 2671 301 2699 debet
312 2672 459 2699 advertere.

1661 143 1722 167 4305

989 208 1028 234 42.
1050 208 1078 234 In
1090 208 1139 235 hoc
1151 208 1251 235 iudicio
1264 209 1360 235 videtis
1372 210 1414 244 agi
1426 209 1458 235 de
1470 211 1510 240 vi,
1528 210 1624 236 videtis
1637 213 1678 242 am
1691 212 1723 237 de

934 244 1089 271 hominibus
1104 248 1225 277 armatiS,
1244 246 1340 273 videtis
1353 247 1535 273 aedificiorum
1547 244 1721 283 expugnatio<

934 290 989 313 nes,
1003 283 1060 317 agri
1073 284 1246 313 vastationes,
1264 284 1401 310 hominum
1415 284 1618 315 trucidationes,
1633 286 1725 311 incen-

933 319 986 350 dia,
1000 321 1116 354 rapinas,
1131 321 1291 355 sanguinem
1302 322 1329 347 in
1342 321 1473 347 iudicium
1487 323 1586 348 venire.
1628 323 1659 348 Et
1674 323 1725 348 mi-

935 357 1031 383 ramini
1043 358 1107 383 satis
1119 358 1246 383 habuisse
1258 366 1311 389 eos.
1320 359 1368 393 qui
1380 358 1429 384 hoc
1441 358 1572 385 iudicium
1582 359 1722 386 dederunt.

936 394 961 419 id
972 395 1079 428 quaeri,
1096 399 1185 420 utrum
1201 395 1266 421 haec
1279 400 1330 421 tam
1343 398 1447 426 act-rba,
1465 401 1517 422 tam
1530 396 1654 431 indigna,
1672 402 1724 422 tam

934 431 1030 457 atrocia
1043 431 1109 457 sacta
1120 437 1209 458 essent
1221 440 1315 458 necne:
1339 441 1403 461 non.
1423 438 1511 459 utrum
1524 435 1581 459 iure
1594 433 1674 463 facta,
1692 443 1724 460 au

934 468 1051 494 iniuria?
1071 469 1128 495 Non
1144 477 1206 504 ergo
1222 474 1355 504 praetores
1372 479 1384 495 a
1403 470 1458 505 lege
1474 470 1592 505 Aquillia
1608 479 1726 497 recesse-

934 510 1004 536 runt,
1027 514 1095 540 quae
1118 515 1152 532 ne
1173 516 1270 533 nauso
1286 512 1367 539 essetg
1392 507 1438 533 sed
1455 516 1489 533 οε
1506 517 1533 533 vi
1549 517 1582 534 ετ
1600 518 1726 534 ΛιυιΑτιε

934 551 1059 569 severum
1071 543 1203 569 iudicium
1214 544 1420 570 constituerunt:
1445 553 1492 570 nec
1506 546 1548 570 ius
1563 550 1587 571 et
1599 546 1725 571 iniuriam

934 581 1027 615 quaeri
1039 589 1172 615 nusquam
1185 585 1311 615 putarunt
1324 586 1452 616 oportere,
1466 582 1512 607 sed
1524 590 1577 612 eos,
1586 584 1632 617 qui
1645 583 1726 608 armis

933 626 1015 652 quam
1028 619 1084 643 iure
1096 626 1173 653 agere
1186 618 1351 648 maluissent,
1368 618 1400 644 de
1414 619 1469 644 iure
1483 624 1508 645 et
1523 619 1619 645 iniuria
1631 620 1726 654 dispu-

935 660 988 681 tare
1000 654 1150 681 noluerunt.
1191 657 1232 681 43.
1254 656 1347 690 Neque
1359 655 1418 681 ideo
1432 656 1464 682 de
1479 665 1595 682 isuram
1612 666 1662 683 non
1679 657 1727 682 ad-

935 692 1069 723 diderunt,
1078 692 1150 727 quod
1162 693 1188 718 in
1200 692 1260 719 aliis
1272 693 1352 719 rebus
1364 702 1415 719 nou
1427 692 1562 723 adderent,
1571 694 1618 719 sed
1630 703 1661 720 ne
1674 695 1725 728 ipsi

935 730 1085 756 iudicarent
1100 738 1178 764 posse
1194 730 1316 756 homines
1332 739 1422 756 servos
1438 731 1495 756 iure
1511 739 1582 757 arma
1597 739 1690 765 capere
1702 737 1727 757 et

936 776 1045 793 manum
1056 775 1163 802 cogere,
1187 776 1273 802 neque
1285 767 1356 802 quod
1368 772 1503 802 putarent,
1517 769 1540 793 si
1551 768 1672 794 additum
1684 777 1727 794 es-

936 809 988 834 set,
1007 813 1084 839 posse
1100 804 1148 830 lioc
1160 804 1260 830 talibus
1272 805 1337 830 viris
1349 804 1505 838 persuaderi
1517 814 1567 831 non
1580 806 1676 831 iniuria
1689 805 1727 831 sa—

936 846 1022 872 ctum,
1045 841 1093 867 sed
1109 850 1141 867 ne
1157 841 1228 876 quod
1244 846 1329 867 tamen
1342 847 1449 868 scutum
1460 841 1522 867 dare
1535 843 1561 868 in
1574 842 1674 868 iudicio
1686 844 1727 868 vi-

936 879 1063 905 derentur
1074 879 1121 909 iis,
1139 887 1207 913 quos
1219 884 1325 913 propter
1337 879 1401 905 haec
1413 888 1485 905 arma
1497 880 1524 905 in
1537 879 1668 905 iudicium
1680 888 1727 906 vo-

936 921 1080 942 cavissent.

993 955 1033 980 44.
1056 954 1117 979 Fuit
1133 952 1201 979 illud
1218 953 1388 980 interdictum
1405 953 1475 988 apud
1493 954 1606 979 maiores
1627 958 1728 980 nostros

937 1000 970 1017 nr:
992 1001 1033 1022 vl,
1056 990 1129 1025 quod
1149 990 1229 1016 hodie
1248 999 1356 1025 quoque
1375 995 1427 1017 est:
1455 1000 1529 1017 uuor,
1551 1000 1583 1016 ri:
1605 1001 1657 1017 ,ιι-τ
1678 1000 1729 1016 ιιι·

937 1037 1021 1055 ΜιιιΑ
1044 1037 1100 1054 Aur
1124 1036 1315 1053 rnocuumoa
1339 1037 1410 1054 rous
1440 1037 1526 1054 ιιιιῑιι
1558 1037 1611 1054 Aur
1641 1037 1729 1055 rui-

936 1075 1005 1092 LiAu
1031 1074 1085 1092 Λυτ
1109 1074 1342 1091 Ριιοουιιᾼτοιιειι
1368 1074 1463 1091 innius
1489 1074 1514 1090 is
1535 1074 1588 1091 noc
1609 1074 1683 1091 axso
1704 1075 1730 1090 ιι

936 1112 1098 1130 υειεαιετι.
1139 1101 1239 1128 Deinde
1261 1102 1369 1128 additur
1389 1101 1463 1128 illius
1485 1102 1537 1128 iam
1558 1102 1607 1128 hoc
1626 1110 1728 1130 caussa,

936 1141 1047 1176 quicum
1059 1140 1156 1175 agitur,
1177 1149 1254 1169 Quum
1277 1148 1340 1165 itti:
1363 1148 1556 1170 POSSlnERET,
1579 1139 1664 1165 etlioc
1675 1148 1731 1165 am-

936 1178 1021 1213 plius:
1044 1186 1120 1208 Quon
1141 1186 1194 1202 Nnc
1217 1186 1243 1202 vi
1264 1186 1317 1203 sec
1338 1186 1412 1202 etan
1432 1185 1485 1202 uec
1502 1185 1648 1202 rutenio
1667 1186 1733 1201 ros-

935 1224 1071 1241 srnaanr.
1105 1215 1145 1240 45.
1168 1213 1249 1239 Multa
1261 1213 1358 1239 dantur
1368 1214 1402 1244 ei,
1418 1214 1465 1248 qui
1478 1214 1504 1239 vi
1516 1213 1628 1239 alterum
1640 1213 1732 1239 detru-

936 1253 1004 1279 sisse
1015 1252 1127 1282 dicitur,
1145 1250 1270 1286 (quorum
1287 1251 1309 1277 si
1324 1259 1408 1277 unum
1421 1250 1559 1285 quodlibet
1572 1251 1678 1285 probari
1691 1252 1732 1276 iu—

936 1290 989 1316 dici
1005 1289 1133 1324 potuerit:
1156 1289 1262 1315 etiamsi
1279 1287 1418 1314 confessus
1434 1288 1483 1314 erit
1498 1296 1526 1313 se
1544 1289 1569 1313 vi
1585 1288 1729 1313 deiecisse

936 1329 1026 1353 vincat
1041 1334 1148 1353 necesse
1164 1326 1212 1361 est)
1229 1325 1269 1351 vel
1287 1334 1338 1352 non
1350 1325 1502 1360 possedisse
1514 1334 1585 1355 eum,
1599 1326 1646 1359 qui
1659 1325 1732 1351 deie-

936 1370 995 1391 ctus
1006 1365 1053 1395 sit,
1072 1363 1114 1389 vel
1127 1364 1153 1389 vi
1165 1365 1195 1388 ab
1206 1371 1234 1388 se
1247 1362 1412 1397 possedisse,
1431 1362 1472 1387 vel
1484 1362 1568 1391 clam,
1586 1362 1627 1387 vel
1641 1371 1732 1396 preca—

937 1403 985 1428 rio.
1027 1402 1067 1431 Ei,
1080 1401 1128 1435 qui
1139 1400 1171 1426 de
1185 1401 1210 1426 vi
1222 1400 1362 1426 confessus
1373 1404 1451 1429 esset,
1466 1404 1501 1425 tot
1513 1399 1682 1425 defensiones
1695 1404 1732 1425 ta-

937 1448 998 1466 men
1010 1439 1042 1465 ad
1054 1446 1176 1464 caussam
1187 1437 1360 1463 obtinendam
1374 1438 1487 1462 maiores
1500 1436 1675 1471 reliquerunt.

991 1478 1032 1503 46.
1054 1476 1109 1510 Age
1126 1474 1193 1501 illud
1210 1474 1321 1500 alterum
1335 1474 1506 1500 interdictum
1519 1474 1729 1500 consideremus.

937 1514 1009 1549 quod
1026 1514 1088 1540 item
1105 1521 1175 1539 nunc
1191 1517 1231 1538 est
1242 1513 1416 1538 constitutum
1429 1516 1535 1545 propter
1546 1511 1667 1537 eamdem
1682 1512 1732 1536 ini-

937 1552 1068 1586 quitatem
1082 1555 1232 1584 temporum
1246 1550 1412 1584 nimiamque
1425 1549 1564 1575 hominum
1578 1550 1714 1574 licentiam.

1245 1587 1255 1598 Φ
1332 1586 1343 1598 ⁸
1421 1585 1432 1597 ί

993 1626 1024 1652 V.
1046 1626 1057 1637 *
1070 1625 1079 1637 *
1093 1624 1103 1637 *
1115 1625 1179 1650 honi
1192 1624 1291 1650 debent
1302 1623 1400 1650 dicere.
1434 1624 1473 1649 Π.
1491 1623 1577 1657 Atque
1590 1622 1634 1648 ille
1648 1622 1731 1657 legem

939 1663 1006 1689 mihi
1017 1663 1050 1689 de
1062 1670 1099 1688 ,λιιι
1111 1661 1210 1688 tabulis
1223 1662 1351 1691 recitavit,
1368 1669 1436 1695 quae
1448 1661 1590 1694 permittit,
1609 1665 1635 1685 ut
1649 1659 1732 1685 furem

939 1705 1017 1727 noctu
1031 1700 1109 1726 liceat
1118 1699 1249 1729 occidere,
1262 1703 1287 1725 et
1301 1698 1393 1728 luci,si
1405 1707 1433 1723 se
1445 1697 1495 1723 telo
1506 1697 1644 1723 defendat.
1660 1702 1684 1722 et
1697 1696 1733 1721 le-

938 1747 998 1773 gem
1011 1738 1148 1772 antiquam
1160 1736 1193 1763 de
1207 1736 1312 1771 legibus
1323 1736 1445 1765 sacratis.
1462 1743 1531 1769 quae
1544 1734 1633 1760 iubeat
1646 1735 1734 1768 impu<

939 1784 971 1802 ne
987 1775 1073 1801 occidi
1094 1783 1170 1803 eum,
1202 1783 1249 1804 0121
1272 1782 1417 1800 iniucxru
1440 1782 1518 1798 buxu.
1542 1781 1721 1798 rursm-itum

938 1812 1022 1844 Nibil,
1038 1816 1067 1838 ut
1076 1812 1181 1846 opinor,
1198 1816 1332 1845 praeterea
1344 1810 1377 1836 dc
1391 1809 1506 1845 legibus.

995 1851 1036 1876 48.
1049 1849 1106 1881 Qua
1120 1849 1145 1875 in
1157 1857 1183 1874 rc
1196 1848 1244 1874 hoc
1257 1849 1375 1883 primum
1385 1856 1494 1882 quaem,
1507 1845 1573 1881 quid
1586 1845 1618 1871 ad
1632 1845 1679 1871 boc
1694 1846 1734 1870 iu-

938 1887 1041 1913 dicium
1063 1887 1166 1912 recitari
1190 1886 1252 1912 istas
1271 1885 1342 1920 leges
1360 1885 1527 1919 pertinuerit.
1570 1884 1638 1908 Num
1654 1891 1734 1916 quem

940 1925 1078 1951 tribunum
1092 1923 1163 1958 pleb.
1177 1924 1248 1949 servi
1261 1923 1295 1948 M.
1308 1922 1378 1948 Tulli
1391 1920 1583 1956 pulsaverunt&
1598 1920 1664 1949 Non,
1677 1921 1735 1954 opi-

940 1971 996 1988 nor.
1038 1962 1107 1987 Num
1121 1960 1237 1995 furatum
1249 1960 1359 1986 domum
1373 1960 1400 1985 l‘.
1410 1959 1484 1985 Fabii
1500 1963 1577 1984 noctu
1591 1957 1737 1983 venerunt*

939 2000 977 2025 Ne
990 1999 1015 2025 id
1027 1998 1148 2033 quidem.
1191 1998 1257 2024 Num
1271 1997 1328 2023 lure
1341 1997 1456 2022 furatum
1470 1999 1599 2021 venerunt
1611 2000 1634 2020 οι
1646 2003 1674 2019 se
1687 1994 1736 2019 {clu

939 2035 1135 2062 defenderunt?
1160 2036 1215 2061 Dici
1238 2044 1289 2061 uon
1312 2039 1405 2069 potest.
1448 2034 1517 2067 Ergo
1539 2033 1597 2058 istis
1619 2031 1733 2066 legibus.

937 2082 1006 2108 quas
1026 2073 1156 2102 recitasti.
1178 2077 1248 2098 certe
1265 2081 1316 2098 non
1333 2071 1419 2106 potuit
1436 2071 1514 2096 istius
1531 2068 1630 2095 familia
1646 2077 1736 2093 servos

939 2111 974 2137 M.
990 2109 1072 2136 Tullii
1084 2109 1216 2135 occidere.

995 2148 1036 2173 49.
1059 2147 1115 2172 Non
1125 2167 1130 2176 ,
1145 2146 1247 2181 inquit.
1266 2145 1297 2171 ad
1310 2153 1368 2171 cam
1381 2153 1435 2170 rem
1449 2145 1571 2170 recitavi.
1589 2142 1634 2168 sed
1647 2148 1674 2167 ιιι
1687 2142 1734 2167 110«-

940 2183 1114 2219 intelligeres,
1124 2192 1174 2209 non
1188 2184 1277 2208 visum
1290 2191 1349 2207 esse
1361 2182 1510 2208 maioribus
1522 2181 1618 2207 nostris
1631 2184 1681 2204 ιιιιιι
1696 2180 1734 2204 in-

938 2222 1052 2256 dignum
1066 2221 1134 2247 istuc
1147 2221 1236 2246 nescio
1247 2219 1328 2254 quid.
1351 2228 1431 2253 quam
1449 2223 1475 2244 tn
1491 2224 1582 2252 putas.
1601 2217 1735 2242 hominem

938 2258 1036 2285 occidi.
1051 2273 1085 2277 —
1103 2257 1134 2284 At
1150 2258 1267 2292 primum
1285 2257 1348 2282 istm·
1362 2258 1434 2290 ipsae
1448 2255 1532 2290 luges,
1551 2263 1618 2289 quas
1631 2259 1733 2279 rovitas.

940 2301 968 2322 ut
981 2296 1083 2322 mittam
1095 2300 1190 2323 cetera.
1204 2294 1357 2329 significant
1366 2314 1371 2322 ,
1384 2301 1465 2328 quam
1479 2292 1611 2318 noluerint
1623 2291 1735 2316 maiores·

940 2333 1022 2359 nostri
1031 2354 1036 2362 ,
1055 2333 1107 2359 nisi
1119 2341 1204 2366 quum
1217 2339 1374 2366 pernecesse
1388 2335 1458 2356 osset
1467 2351 1472 2358 .
1491 2329 1625 2355 bomini-ui
1637 2327 1722 2353 occidi

940 2371 1059 2396 Primum
1073 2370 1121 2396 istu
1135 2369 1176 2395 lex
1188 2373 1288 2394 sacrata
1300 2372 1348 2396 est.
1362 2376 1442 2402 quam
1456 2371 1580 2401 rogarunt
1593 2370 1695 2392 ιιι-ιιιιιιι.
1709 2370 1735 2390 ιιι

939 2408 1056 2434 inermes
1070 2407 1129 2433 siue
1141 2406 1261 2441 periculo
1273 2411 1379 2439 possent
1391 2413 1459 2430 esse.
1499 2405 1586 2434 Quare
1598 2411 1649 2428 mm
1663 2403 1735 2428 iuiu-

939 2445 1049 2479 1·ia,quo
1061 2445 1218 2478 magistratu
1231 2444 1348 2468 munitae
1361 2441 1433 2475 leges
1443 2446 1515 2469 suut.
1524 2441 1583 2465 eius
1595 2440 1736 2473 magistru-

939 2487 982 2508 tus
992 2490 1090 2516 corpus
1103 2481 1209 2516 legibus
1222 2480 1348 2506 vallatum
1361 2487 1419 2504 esso
1435 2477 1586 2503 volucrunt.
1620 2478 1661 2503 50.
1683 2477 1735 2502 Fu<

939 2528 1008 2550 rem,
1027 2519 1077 2545 hou
1092 2523 1131 2544 ost
1148 2518 1308 2553 praedonem
1323 2522 1347 2542 et
1360 2516 1501 2543 lau-onom.
1521 2514 1578 2540 luco
1590 2513 1676 2539 occidi
1691 2522 1734 2537 νυ-

939 2561 994 2583 tnnt
1004 2565 1042 2582 xu
1055 2556 1171 2585 tabulae,
1189 2564 1274 2590 quum
1288 2555 1353 2580 intra
1366 2554 1480 2588 parietes
1492 2557 1550 2578 tuos
1563 2551 1665 2577 hostem
1677 2559 1734 2576 cer-

939 2594 1075 2620 tissimum
1093 2598 1191 2619 tenens.
1219 2601 1274 2617 uisi
1300 2600 1330 2616 s:
1357 2599 1429 2616 reto
1450 2598 1610 2616 net-asem.
1637 2589 1732 2622 inquit.

938 2631 1043 2658 etiamsi
1060 2639 1122 2657 cum
1139 2630 1190 2656 telo
1207 2630 1322 2657 venerit.
1346 2628 1398 2653 nisi
1411 2632 1499 2653 utetur
1511 2626 1561 2652 telo
1572 2634 1603 2651 eo
1614 2634 1643 2652 uc
1656 2632 1733 2659 repu-

938 2668 1044 2704 gnabit:
1073 2676 1126 2695 sor<
1147 2676 1281 2694 occu-its.
1313 2674 1389 2695 ouon
1409 2674 1432 2690 si
1454 2673 1619 2690 nsi-rcum:
1643 2671 1735 2688 nnn-

1486 2712 1530 2736 16³
