1941 3052
343 138 672 165 EPISTOLARUM
702 138 755 164 AD
787 138 1181 164 ATTICUMLIB.1X.
1213 138 1412 163 Ena—6.

62 219 143 246 quam
156 218 207 245 ego
222 210 349 235 amissam
363 214 428 244 puto
438 218 524 244 quum
534 209 696 236 vulneribus
707 210 778 239 suis,
797 214 854 235 tum

63 247 267 275 medicamentis
281 247 330 277 iis,
347 255 416 281 quae
434 251 574 281 parantur;
598 247 631 273 de
646 247 772 281 Pompeio
787 246 855 281 quid

63 284 158 321 agam?
172 284 216 310 cui
231 283 309 318 plane
324 283 401 318 (quid
418 284 490 310 enim
500 283 550 310 hoc
562 283 685 319 negem?)
700 284 854 310 succensui.

63 323 176 356 Semper
185 321 257 347 enim
267 329 377 347 caussae
388 326 545 347 eventorum
556 322 642 357 magis
649 326 765 351 movent,
774 329 856 356 quam

63 361 122 394 ipsa
132 363 236 385 eventa.
276 358 346 384 Haec
361 359 444 393 igitur
458 358 542 389 mala,
559 358 671 393 (quibus
682 359 783 384 maiora
797 366 856 384 esse

62 404 132 431 quae
142 394 282 430 possunffl)
293 395 475 426 considerans,
489 395 531 421 vel
543 396 633 430 potius
644 395 781 426 iudicans,
795 396 855 421 eius

62 441 141 468 opera
153 432 285 459 accidisse
295 437 321 459 et
333 433 426 467 culpa,
444 433 580 459 inimicior
594 441 667 459 eram
678 433 756 463 huic,
773 441 856 467 quam

62 471 116 505 ipsi
127 470 247 502 Caesari;
266 474 295 496 ut
306 470 420 496 maiores
432 471 515 496 nostri
526 469 701 496 funestiorem
712 470 785 496 diem
797 478 856 496 esse

63 507 206 534 voluerunt
216 506 345 533 Alliensis
355 515 472 543 pugnae,
486 516 567 542 quam
573 507 653 533 Urbis
664 512 768 542 captae:v
784 506 856 541 quod

63 545 113 573 hoc
124 544 226 571 malum
237 553 271 570 ex
282 544 342 570 illo:
360 545 450 579 itaque
461 544 527 570 alter
538 544 681 580 religiosus
692 545 773 570 etiam
784 552 857 570 nuuc

62 582 130 613 dies,
139 581 205 608 alter
216 582 243 608 in
255 581 355 617 vulgus
367 582 490 617 ignotus:
503 582 542 607 sic
553 590 612 617 ego,
620 581 713 607 decem
725 590 856 607 annorum

61 624 170 654 peccata
185 618 340 649 recordans,
358 619 385 645 in
399 619 500 653 quibus
512 619 597 645 inerat
608 618 653 645 ille
664 619 744 645 etiam
758 627 854 648 annuS,

61 657 110 692 qui
125 665 173 683 nos
189 656 239 683 hoc
249 665 301 682 non
313 656 485 687 defendente,
504 664 537 682 ne
548 656 635 682 dicam
646 657 771 691 gravius,
787 655 858 681 affli-

64 699 148 726 xerat,
172 694 375 728 praesentisque
395 694 523 728 temporis
543 701 707 728 cognoscens
722 693 857 719 temerita-

62 736 124 762 tem,
138 731 285 766 ignaviam,
299 730 501 766 negligentiam,
515 730 719 756 succensebam.
759 731 784 756 3.
804 729 857 755 Sed

62 777 92 794 ea
108 769 162 794 iam
178 768 247 794 mihi
262 767 430 794 exciderunt.
470 767 602 793 Beneficia
618 767 741 793 eiusdem
753 768 853 802 cogito,

61 806 148 841 cogito
164 806 244 832 etiam
259 805 428 840 dignitatem.
468 804 604 840 Intelligo,
618 806 705 830 serius
717 804 854 839 equidem,

61 851 144 878 quam
159 842 271 873 vellem,
292 846 400 876 propter
415 841 542 876 epistolas
557 850 749 876 sermonesque
763 841 853 874 Balbi;

61 880 110 906 sed
122 879 200 906 video
211 879 299 914 plane,
313 878 381 905 nihil
393 878 467 905 aliud
478 879 530 914 agi,
544 878 613 905 nihil
625 883 713 905 actum
724 878 757 905 ab
769 880 854 909 initio,

60 925 143 952 quam
158 921 187 943 ut
202 916 274 942 hunc
293 915 437 943 occideret.
476 916 533 951 Ego
548 916 644 951 igitur,
667 917 690 942 si
706 917 769 951 quis
784 916 857 951 apud

61 955 215 985 Homerum,
229 962 314 988 quum
326 954 351 979 ei
362 958 388 980 et
398 957 482 979 mater
493 958 519 980 et
529 952 579 979 dea
589 953 713 985 dixisset,

97 990 196 1018 Αὐτίκα
206 990 259 1027 γάρ
271 1001 311 1018 τοι
321 990 409 1017 ἔπειτα
419 990 483 1026 μεθ’
495 990 606 1027 Ἕκτορα
616 990 716 1026 πότμος
727 990 836 1026 ἕτοιμος,

61 1029 138 1055 matri
149 1029 207 1063 ipse
218 1027 365 1063 respondit,

96 1065 195 1093 Αὐτίκα
206 1066 340 1099 τεθναίην,
356 1065 413 1092 ἐπεὶ
427 1064 474 1092 οὐκ
485 1064 524 1102 ἄρ’
538 1064 643 1101 {pauor
653 1065 745 1102 ἑταίρῳ

97 1104 250 1138 κτεινομένῳ
260 1104 389 1138 ἐπαμῦναι
400 1113 451 1129 -;

59 1140 127 1175 quid
135 1161 141 1171 ,
154 1141 178 1166 si
189 1149 241 1167 non
253 1140 344 1175 ἑταίρῳ
354 1139 443 1166 solum
451 1161 457 1171 ‚
470 1140 519 1166 sed
529 1140 611 1166 etiam
622 1138 761 1176 εὖεργέτῃῖ)
775 1139 854 1171 adde,

59 1177 107 1204 tali
117 1178 185 1208 viro,
201 1177 282 1204 talem
292 1186 416 1204 caussam
427 1178 530 1213 agenti,
547 1182 573 1204 et
585 1186 634 1213 ego
646 1185 708 1204 vero
720 1177 785 1204 haec
796 1177 857 1204 offi-

59 1215 100 1241 cia
117 1214 259 1241 mercanda
272 1215 327 1241 vita
338 1219 413 1249 puto.
453 1214 636 1249 Optimatibus
647 1223 710 1241 vero
721 1215 775 1241 tuis
786 1214 855 1241 nihil

59 1252 178 1283 confido,
192 1251 260 1278 nihil
271 1252 324 1278 iam
336 1260 369 1278 ne
381 1253 499 1279 inservio
510 1252 631 1287 quidem.
672 1252 770 1283 Video,
788 1256 817 1279 ut
827 1261 856 1278 se

59 1289 125 1316 huic
140 1289 216 1320 dent,
239 1293 269 1316 ut
283 1289 372 1316 daturi
386 1290 450 1316 sint.
491 1289 646 1324 Quidquam
666 1294 695 1316 tu
716 1289 762 1316 illa
777 1294 856 1324 putas

59 1326 145 1353 fuisse
158 1326 192 1353 de
206 1326 360 1353 valetudine
375 1327 481 1353 decreta
497 1327 710 1361 municipiorum
728 1335 792 1361 prae
813 1327 856 1353 his

59 1363 93 1390 de
105 1364 216 1390 victoria
227 1363 470 1399 gratulationibus?
481 1365 596 1395 Timent,
610 1364 728 1398 inquies.
759 1364 792 1391 At
802 1364 857 1399 ipsi

59 1406 116 1428 tum
128 1409 157 1427 se
168 1401 292 1428 timuisse
306 1401 409 1428 dicunt.
451 1401 504 1428 Sed
516 1401 671 1432 videamus,
689 1401 756 1436 quid
767 1406 856 1428 actum

59 1439 95 1465 sit
109 1438 257 1465 Brundisii.
296 1439 338 1465 Ex
352 1447 384 1466 eo
400 1438 510 1466 fortasse
529 1448 560 1466 ea
574 1438 687 1466 consilia
702 1444 854 1471 nascentur,

59 1475 181 1512 aliaeque
193 1475 305 1503 litterae.

113 1545 152 1566 VI.
237 1547 333 1569 (Formiis,
344 1547 443 1569 Marcello,
453 1547 535 1566 Lentulo
544 1554 589 1566 coss.
601 1548 657 1568 70⁵.)

245 1589 412 1617 CICERO
444 1590 614 1618 ATTICO
643 1591 671 1618 S.

116 1629 140 1654 l.
165 1627 219 1654 Nos
242 1627 332 1654 adhuc
351 1627 495 1655 Brundisio
519 1628 599 1655 nihil.
640 1629 722 1656 Roma
746 1629 856 1664 scripsit

57 1663 167 1695 Balbus,
182 1669 276 1699 putare
288 1665 340 1691 iam
355 1665 499 1692 Lentulum
510 1665 648 1693 consulem
661 1667 853 1697 transmisisse,

58 1710 108 1728 nec
119 1710 181 1728 eum
193 1710 206 1728 a
218 1703 321 1729 minore
334 1702 415 1729 Balbo
426 1708 603 1736 conventum,
620 1703 692 1738 quod
704 1704 727 1730 is
739 1704 789 1730 hoc
800 1704 853 1730 iam

57 1739 169 1766 Canusii
185 1739 318 1766 audisset:
336 1739 399 1766 inde
413 1740 447 1766 ad
462 1748 491 1766 se
506 1749 569 1767 eum
584 1742 741 1776 scripsisse:
759 1741 856 1768 cohor—

57 1781 153 1812 tesque
163 1785 220 1808 sex,
233 1785 302 1812 quae
313 1776 397 1803 Albae
408 1776 532 1809 ruissent,
545 1777 578 1804 ad
585 1778 698 1805 Curium
710 1779 753 1806 via
764 1779 856 1805 Minu—

57 1814 99 1841 cia
114 1814 256 1840 transisse:
275 1814 302 1841 id
313 1814 454 1841 Caesarem
470 1815 504 1841 ad
519 1823 548 1842 se
563 1816 720 1851 scripsisse,
737 1821 763 1843 et
777 1816 852 1843 brevi

57 1855 176 1886 tempore
192 1859 255 1878 eum
270 1851 304 1878 ad
314 1851 413 1878 Urbem
424 1851 557 1879 futurum.
596 1853 654 1889 Ego
665 1858 724 1880 utar
734 1858 780 1880 tuo
790 1862 855 1880 con-

57 1887 133 1921 silio,
151 1896 239 1923 neque
254 1897 296 1915 me
311 1888 444 1924 Arpinum
459 1889 509 1916 hoc
524 1895 643 1925 tempore
657 1890 770 1918 abdam:
792 1891 851 1922 etsi,

57 1925 179 1952 Ciceroni
191 1933 250 1952 meo
261 1930 348 1961 togam
360 1934 455 1960 puram
466 1935 552 1962 quum
563 1927 626 1954 dare
636 1928 732 1963 Arpini
744 1928 852 1960 vellem,

58 1963 127 1989 hanc
142 1970 214 1989 eram
229 1963 316 1997 ipsam
332 1964 532 1990 excusationem
551 1964 695 1992 relicturus
709 1965 743 1992 ad
757 1966 855 1992 Caesa-

58 2008 124 2026 rem.
165 1999 216 2025 Sed
227 1999 338 2027 fortasse
350 2001 377 2026 in
388 2009 419 2027 eo
430 2001 490 2035 ipso
499 2001 662 2033 offendetur,
679 2010 728 2029 cur
738 2011 790 2029 non
802 2004 855 2030 Ro-

57 2045 116 2063 mae
127 2037 228 2071 potius.
268 2036 320 2064 Sed
331 2042 430 2068 tamen,
443 2038 467 2064 si
478 2043 518 2064 est
528 2039 740 2071 conveniendus,
750 2040 794 2066 hic
805 2049 854 2075 po-

56 2075 205 2101 tissimum.
245 2074 314 2101 Tum
326 2074 430 2109 reliqua
441 2074 606 2106 videbimus,
616 2076 643 2102 id
655 2081 703 2108 est,
717 2082 743 2104 et
753 2086 816 2112 quo,
829 2082 855 2104 et

57 2111 281 2147 qua,etquando.
321 2113 346 2138 2.
368 2112 509 2143 Domitius,
521 2117 551 2139 ut
561 2113 651 2144 audio,
666 2114 693 2140 in
704 2114 815 2145 Cosano,
828 2119 855 2141 et

57 2148 183 2184 quidem,
201 2153 230 2175 ut
240 2149 328 2180 aiunt,
346 2154 454 2183 paratus
470 2149 503 2175 ad
515 2150 713 2186 navigandum:
731 2152 854 2178 51111111-
882 2183 884 2188 ,

57 2186 194 2221 spaniam,
212 2194 264 2212 non
280 2186 377 2221 probo:
400 2187 424 2213 si
440 2186 473 2213 ad
489 2186 621 2219 Cnaeum,
640 2187 732 2215 laudo.
755 2189 854 2224 quovis

38 2244 41 2246 ,
57 2223 147 2258 potius
157 2227 242 2254 certe,
260 2232 341 2258 quam
353 2228 383 2250 ut
393 2224 516 2251 Curtium
528 2224 629 2257 videat,
647 2234 730 2260 quem
744 2234 794 2261 ego
806 2235 854 2261 pa-

57 2265 151 2287 tronus
166 2261 286 2295 aspicere
301 2269 353 2287 non
364 2269 486 2295 possum.
525 2261 597 2294 Quid
609 2262 694 2289 alios‘?
709 2263 776 2294 Sed,
793 2264 854 2298 opi-

57 2306 118 2329 nor,
140 2298 325 2332 quiescamus;
349 2306 382 2324 ne
403 2303 519 2325 nostram
540 2299 648 2334 culpam
663 2308 850 2336 coarguamus,

56 2335 119 2370 qui,
136 2334 202 2361 dum
213 2335 325 2367 Urbem,
344 2335 371 2361 id
382 2340 423 2362 est
432 2336 559 2370 patriam,
578 2345 713 2369 amamus,
731 2337 853 2373 dumque

56 2380 113 2399 rem
123 2377 316 2399 conventuram
327 2377 464 2408 putamus,
474 2373 509 2400 ita
521 2382 569 2400 nos
580 2374 726 2410 gessimus,
734 2380 764 2402 ut
773 2375 852 2410 plane

56 2408 197 2436 interclusi
207 2410 333 2445 captique
343 2411 441 2436 simus.

110 2448 135 2473 3.
150 2446 254 2482 Scripta
266 2447 319 2473 iam
330 2447 452 2483 epistola,
465 2447 555 2482 Capua
569 2447 670 2475 litterae
681 2454 745 2476 sunt
757 2448 851 2476 1111111110

56 2483 107 2510 11οο
117 2484 252 2519 exemplo.

112 2521 270 2556 »Pompeius
285 2530 358 2548 mare
372 2522 479 2549 transiit
491 2530 554 2548 cum
564 2521 693 2549 omnibus
705 2522 849 2554 militibus,

55 2565 138 2592 »quos
148 2566 240 2585 secum
253 2558 357 2586 habuit.
384 2560 432 2586 llic
443 2568 572 2586 numerus
584 2564 624 2586 est
636 2559 777 2586 hominum
789 2560 852 2586 mil·-

56 2594 105 2621 »lia
124 2603 194 2622 xxx.
233 2595 267 2623 Et
285 2595 411 2623 consules
431 2596 485 2623 duo
505 2601 531 2623 et
546 2597 648 2623 tribuni
664 2596 753 2632 plebis
767 2602 794 2624 et
808 2606 852 2624 se-

56 2636 184 2664 »naiton-es,
197 2633 246 2668 qui
255 2632 365 2661 fuerunt
373 2642 436 2661 cum
447 2642 491 2665 eo,
504 2642 598 2661 omnes
609 2642 671 2660 cum
683 2634 815 2661 uxoribus
825 2639 851 2662 et

56 2668 174 2697 »liberis
214 2669 410 2698 Conscendisse
424 2671 525 2699 dicitur
539 2680 563 2698 11.
579 2671 607 2698 d.
624 2679 659 2698 iv.
673 2672 761 2698 Nonas
772 2672 848 2699 Mart.

1651 140 1699 163 >30¹5

906 209 959 235 »Ex
970 217 999 235 ea
1011 209 1055 234 die
1067 208 1139 234 fuere
1151 209 1354 243 septemtriones
1366 208 1448 234 venti.
1490 208 1585 237 Naves,
1599 208 1701 242 quibus

907 255 986 272 »usus
998 255 1050 272 non
1062 251 1114 276 est,
1132 254 1225 272 omnes
1237 244 1282 271 aut
1292 245 1469 279 praecidisse,
1487 250 1532 271 aut
1548 245 1701 271 incendisse

907 283 1038 309 »dicunt«
1078 284 1113 309 De
1126 283 1174 309 hac
1186 292 1213 308 re
1226 282 1326 309 litterae
1339 283 1368 308 L.
1377 282 1481 308 Metello
1492 282 1601 308 tribuno
1612 282 1701 316 plebis

906 320 1026 354 Capuam
1040 320 1133 346 allatae
1144 325 1206 346 sunt
1218 320 1251 346 al)
1262 319 1354 346 Clodia
1366 328 1452 349 socru,
1466 328 1535 354 quae
1546 320 1604 354 ipsa
1616 324 1702 345 trans-

907 358 947 383 iit.
994 359 1018 383 4.
1040 358 1106 384 Ante
1127 357 1259 383 sollicitus
1283 366 1354 383 eram
1375 362 1400 383 et
1421 357 1551 391 angebar,
1573 357 1644 383 sicut
1658 365 1702 382 res

907 394 1011 421 scilicet
1026 395 1083 429 ipsa
1099 395 1223 430 cogebat,
1246 403 1331 429 quum
1350 394 1462 420 consilio
1482 393 1616 428 explicare
1632 393 1700 420 nihil

907 440 1027 466 possem:
1047 440 1117 458 nunc
1134 437 1236 462 autem,
1254 437 1397 466 postquam
1411 432 1555 465 Pompeius
1569 437 1593 457 et
1604 439 1702 457 consu·

908 469 946 495 les
957 477 991 495 ex
1002 468 1075 495 Italia
1087 469 1220 499 exierunt,
1234 477 1286 494 non
1298 477 1389 505 a—ngor,
1403 468 1451 494 sed
1463 468 1541 494 ardeo
1552 468 1642 495 dolore
1653 479 1656 494 :

1180 506 1242 533 οὐδέ
1250 517 1294 540 μοι
1305 507 1367 541 ἦτορ

982 541 1107 577 ἔμπεδον,
1119 542 1171 569 ἀλλ’
1186 542 1360 577 ἀλαλύκτημαι
1371 553 1419 568 -ῑ

908 588 960 605 11011
971 588 1045 610 sum,
1064 581 1188 614 inquam,
1209 580 1276 605 mihi
1288 579 1379 610 crede,
1396 580 1493 605 mentis
1505 588 1626 614 composg
1644 585 1702 606 tan-

908 621 964 643 tum
980 617 1049 642 mihi
1064 617 1204 643 dedecoris
1220 617 1362 643 admisisse
1380 616 1481 643 videor.
1522 618 1563 643 Me
1580 626 1631 643 non
1646 618 1702 651 pri-

908 662 982 680 mum
994 662 1055 680 cum
1070 655 1206 688 Pompeio,
1220 654 1413 689 qualicumque
1424 653 1537 680 consilio
1549 663 1610 684 uso,
1624 654 1701 680 dein-

907 691 940 717 de
951 699 1013 717 cum
1025 691 1104 717 bonis
1115 700 1187 722 esse,
1205 692 1331 726 quamvis
1347 700 1441 717 caussa
1454 696 1552 718 temere
1565 692 1699 717 instituta!

908 729 1064 762 praesertim
1076 737 1162 763 quum
1174 729 1193 754 ii
1205 729 1271 762 ipsi,
1285 737 1400 763 quorum
1412 737 1461 763 ego
1472 737 1567 754 caussa
1579 728 1702 754 timidius

908 774 950 791 me
962 765 1082 791 fortunae
1093 766 1303 796 committebam,
1317 774 1392 796 uxor,
1406 765 1469 795 iilia,
1483 766 1623 792 Cicerones
1635 774 1702 799 pue-

908 803 940 833 ri,
953 811 995 828 me
1008 802 1076 829 illud
1087 803 1165 837 sequi
1177 802 1300 833 mallent,
1319 803 1367 829 hoc
1379 808 1455 837 turpe
1468 808 1493 829 et
1503 812 1545 828 me
1559 803 1701 837 indignum

908 844 1040 874 putarent.
1072 841 1139 866 Nam
1150 839 1266 871 Quintus
1277 840 1388 874 quidem
1401 839 1488 871 frater,
1504 839 1639 874 quidquid
1651 841 1703 866 mi-

909 878 937 903 hi
947 877 1076 911 placeret,
1094 877 1122 903 id
1137 882 1240 903 rectum
1251 886 1279 903 se
1292 882 1384 912 putare
1396 877 1496 907 aiebat,
1514 877 1542 902 id
1556 878 1645 902 animo
1659 886 1703 902 ae-

908 915 1041 949 quissimo
1056 914 1229 949 sequebatur.
1269 916 1294 940 5.
1316 915 1386 941 Tuas
1402 923 1473 941 nunc
1485 914 1611 948 epistolas
1622 923 1636 940 3
1648 915 1703 948 pri-

908 961 951 978 mo
962 951 1031 987 lego.
1071 952 1125 978 Hae
1136 960 1179 978 me
1190 951 1312 986 paullum
1325 956 1453 978 recreant.
1479 952 1583 977 Primae
1595 956 1705 977 monent

908 994 933 1016 et
953 994 1059 1024 rogant,
1080 998 1113 1016 ne
1129 997 1171 1015 me
1191 989 1341 1024 proiiciam.
1382 989 1520 1015 Proximae
1542 994 1566 1015 te
1586 988 1704 1024 gaudere

907 1026 1064 1057 ostendunt,
1081 1035 1124 1053 me
1140 1027 1312 1053 remansisse.
1352 1026 1404 1052 Eas
1420 1035 1505 1061 quum
1518 1026 1589 1061 lego,
1613 1027 1703 1052 minus

908 1064 976 1090 mihi
992 1065 1078 1099 turpis
1094 1064 1202 1095 videor,
1220 1064 1269 1090 sed
1284 1069 1338 1090 tam
1353 1064 1414 1094 diu,
1432 1064 1498 1090 dum
1515 1063 1586 1099 lego:
1605 1062 1703 1089 deinde

907 1102 1022 1137 emergit
1032 1110 1140 1128 rursum
1151 1101 1239 1130 dolor,
1256 1106 1282 1128 ct
1297 1101 1408 1137 αἰσχροῦ
1419 1102 1562 1135 φαντασία.
1603 1100 1703 1133 Quam-

907 1139 1000 1165 obrem
1011 1139 1122 1165 obsecro
1132 1143 1171 1170 te,
1189 1139 1228 1165 mi
1239 1139 1309 1170 Tite,
1323 1139 1397 1173 eripe
1409 1138 1477 1164 mihi
1488 1138 1561 1164 hunc
1572 1137 1701 1168 dolorem,

907 1181 953 1203 aut.
968 1177 1060 1202 minue
1075 1176 1169 1202 saltem
1186 1181 1232 1203 aut
1247 1176 1441 1206 consolatione,
1459 1180 1505 1202 aut
1515 1175 1641 1205 consilio,
1659 1180 1704 1201 aut

907 1222 1079 1249 quacumque
1090 1222 1118 1240 re
1128 1218 1213 1248 potes.
1236 1213 1307 1245 Quid
1321 1218 1349 1240 tu
1361 1218 1450 1240 autem
1461 1213 1567 1248 possis?
1581 1218 1626 1239 aut
1636 1212 1704 1247 quid

908 1251 987 1277 homo
1002 1250 1167 1286 quisquam?
1184 1251 1236 1278 Vix
1250 1250 1318 1277 deus
1333 1251 1397 1276 iam.
1438 1252 1462 1277 6.
1485 1249 1619 1285 Equidem
1635 1249 1703 1275 illud

908 1288 1015 1319 molior,
1032 1288 1105 1323 quod
1117 1293 1145 1315 tu
1156 1297 1248 1314 mones
1259 1296 1406 1322 sperasque
1421 1287 1477 1314 lieri
1488 1296 1581 1322 posse,
1595 1292 1624 1313 ut
1636 1287 1704 1312 mihi

907 1326 1004 1352 Caesar
1021 1325 1161 1357 concedat,
1179 1330 1208 1352 ut
1221 1325 1323 1356 absim,
1343 1333 1429 1360 quum
1445 1324 1550 1360 aliquid
1567 1325 1593 1350 in
1609 1329 1703 1350 senatu

906 1368 996 1389 contra
1007 1363 1127 1389 Cnaeum
1137 1367 1240 1398 agatur.
1271 1362 1324 1389 Sed
1336 1363 1426 1394 timeo,
1442 1371 1475 1388 ne
1486 1370 1538 1388 non
1550 1362 1702 1396 impetrem.

907 1401 986 1427 Venit
999 1400 1033 1426 ab
1048 1409 1079 1426 eo
1091 1401 1221 1431 Furnius,
1239 1400 1279 1435 (ut
1293 1399 1405 1435 quidem
1420 1401 1503 1430 scias,
1521 1408 1590 1434 quos
1605 1407 1704 1433 sequa-

907 1438 993 1473 murg)
1004 1437 1035 1470 Q.
1049 1438 1142 1464 Titinii
1154 1437 1240 1464 filium
1251 1446 1314 1464 cum
1326 1437 1437 1464 Caesare
1449 1445 1507 1462 csse
1519 1437 1637 1462 nuntiat:
1655 1435 1704 1461 sed

907 1475 986 1502 illum
998 1475 1112 1501 maiores
1123 1475 1192 1501 mihi
1203 1476 1302 1510 gratias
1314 1483 1402 1510 agere,
1411 1483 1493 1509 quam
1506 1473 1613 1500 vellem.
1631 1472 1703 1505 Quid

907 1518 996 1540 autem
1008 1521 1050 1539 nie
1060 1517 1142 1548 roget,
1156 1512 1260 1547 (paucis
1271 1511 1317 1538 ille
1328 1511 1441 1547 quidem
1453 1511 1552 1542 verbis,
1561 1510 1608 1537 sed
1620 1513 1646 1537 ἐν
1658 1510 1701 1537 δυ-

906 1550 1000 1586 νάμει,)
1023 1558 1154 1586 cognosce
1175 1558 1208 1576 ex
1228 1550 1316 1585 ipsius
1336 1548 1458 1584 epistola.
1498 1549 1540 1575 Me
1561 1549 1701 1578 miserum,

906 1587 979 1622 quod
1005 1592 1033 1614 tu
1054 1596 1106 1614 non
1131 1586 1251 1614 valuisti.
1291 1587 1347 1614 Una
1371 1586 1532 1618 suissemus3
1558 1584 1702 1612 consilium

906 1629 976 1652 certe
988 1633 1040 1651 non
1050 1624 1192 1651 defuisset.

1016 1661 1071 1689 Σύν
1082 1672 1109 1688 τε
1120 1661 1158 1689 δύ’
1171 1662 1309 1697 ἐρχομένω.

906 1699 958 1726 Sed
968 1704 1025 1726 acta
1037 1707 1070 1726 ne
1081 1707 1206 1734 agamus3
1221 1698 1325 1734 reliqua
1338 1706 1474 1733 paremus.
1515 1698 1539 1724 7.
1562 1697 1603 1723 Me
1614 1696 1703 1723 adhuc

906 1737 972 1763 haec
987 1737 1041 1763 duo
1057 1736 1223 1768 fefellerunt,
1242 1737 1319 1762 initio
1334 1744 1397 1771 spes
1412 1734 1629 1770 compositionis,
1649 1742 1702 1769 qua

906 1774 973 1801 facta
985 1774 1108 1801 volebam
1120 1775 1158 1800 uti
1169 1773 1293 1808 populari
1305 1774 1368 1803 vita,
1385 1772 1567 1799 sollicitudine
1579 1776 1704 1798 senectu-

906 1817 959 1839 tem
971 1816 1088 1838 nostram
1101 1811 1238 1843 liberanti,
1257 1810 1354 1837 deinde
1369 1810 1472 1837 bellum
1487 1809 1594 1836 crudele
1610 1814 1634 1835 et
1645 1809 1704 1834 exi-

906 1850 1004 1876 tiosum
1029 1849 1133 1883 suscipi
1158 1857 1172 1875 a
1198 1848 1325 1883 Pompeio
1349 1847 1543 1883 intelligebam.
1584 1846 1704 1872 Melioris

906 1886 1096 1913 mediusfidius
1110 1886 1179 1912 civis
1191 1890 1217 1912 et
1232 1886 1283 1911 Viri
1298 1885 1439 1920 putabam,
1457 1885 1556 1920 quovis
1567 1883 1704 1918 supplicio

905 1924 986 1955 affici,
995 1932 1077 1959 quam
1089 1923 1128 1950 illi
1139 1922 1292 1950 crudelitati
1304 1931 1355 1949 non
1367 1922 1455 1948 solum
1466 1930 1598 1956 praeesse,
1608 1929 1702 1947 verum

905 1962 986 1988 etiam
1001 1962 1140 1988 interesse.
1163 1960 1274 1987 Videtur
1284 1959 1327 1986 vel
1339 1960 1407 1986 mori
1417 1960 1502 1986 satius
1514 1958 1607 1989 fuisse,
1621 1966 1703 1993 quam

904 2007 964 2025 esse
979 2007 1042 2025 cum
1057 1998 1110 2025 his.
1150 1997 1191 2024 Ad
1204 1997 1269 2024 haec
1280 1998 1363 2033 igitur
1374 1998 1475 2033 cogita,
1493 1998 1530 2022 mi
1542 1996 1641 2026 Attice,
1661 1994 1702 2021 vel

904 2037 995 2071 potius
1015 2036 1148 2071 excogita.
1188 2034 1319 2067 Quemvis
1340 2039 1468 2062 eventum
1489 2033 1584 2061 fortius
1609 2032 1700 2062 seram,

905 2081 987 2108 quam
999 2073 1071 2100 hunc
1082 2072 1213 2099 dolorem.

939 2142 979 2167 Vl,
992 2141 1032 2167 Δ.)
1048 2142 1156 2166 (Marcelle.
1167 2143 1248 2161 Lentulo
1258 2150 1304 2161 coss.
1317 2144 1371 2163 705.)

971 2185 1123 2213 CAESAR
1144 2186 1221 2213 IMP.
1243 2185 1272 2212 S.
1294 2186 1324 2212 D.
1347 2184 1534 2212 ClCERONt
1556 2183 1632 2210 lMP.

960 2223 1058 2260 Quum
1070 2229 1200 2255 Furnium
1213 2234 1334 2255 nostrum
1347 2232 1449 2254 tantum
1461 2226 1601 2257 vidissem,
1615 2233 1702 2260 neque

906 2265 979 2301 loqui
995 2274 1082 2301 neque
1097 2266 1190 2292 audire
1203 2274 1262 2292 meo
1273 2264 1413 2291 commodo
1425 2265 1588 2299 potuissem,
1606 2271 1702 2298 prope-

905 2312 990 2329 rarem
1003 2308 1082 2338 atquc
1094 2312 1181 2329 essem
1194 2303 1220 2329 in
1233 2303 1337 2331 itinere,
1353 2302 1510 2337 praemissis
1523 2302 1575 2327 iam
1588 2300 1702 2334 legioni-

906 2341 969 2372 bus;
986 2341 1128 2375 praeterire
1141 2345 1228 2366 tamen
1241 2349 1292 2366 non
1304 2339 1463 2374 potui,quin
1475 2343 1500 2364 et
1510 2337 1656 2364 scriberem
1669 2336 1701 2362 ad

905 2383 942 2408 te,
960 2382 986 2404 01,
999 2377 1075 2404 11111111
1092 2378 1225 2403 mitterem
1242 2377 1397 2412 gratiasque
1408 2383 1528 2411 agerem:
1547 2375 1597 2401 etsi
1614 2374 1662 2400 lioc
1677 2379 1702 2400 et

905 2414 955 2441 leri
967 2423 1057 2450 saepe,
1073 2419 1099 2441 et
1110 2415 1219 2449 saepius
1231 2414 1299 2440 1111111
1312 2413 1430 2440 [aeturus
1443 2411 1548 2439 videon
1568 2412 1601 2437 ita
1613 2411 1646 2437 de
1659 2419 1701 2437 1110

905 2453 1026 2478 mereris.
1067 2453 1096 2478 ln
1117 2452 1212 2486 primis
1228 2460 1241 2478 a
1258 2456 1282 2478 tc
1298 2456 1372 2486 peto,
1394 2450 1522 2485 quoniam
1538 2448 1643 2474 conlido
1659 2456 1701 2474 1110

903 2489 1025 2515 celeriter
1035 2489 1068 2515 ml
1081 2489 1178 2515 Urbem
1191 2493 1345 2518 venturum,
1358 2492 1387 2514 ut
1398 2492 1422 2514 te
1436 2486 1474 2513 ibi
1487 2485 1602 2515 videam,
1617 2490 1645 2512 ut
1656 2490 1701 2512 tuo

902 2526 1024 2555 consilio,
1037 2527 1131 2561 gratia,
1144 2526 1342 2561 ‹lignitate.ope
1352 2525 1474 2551 omnium
1487 2532 1575 2549 rerum
1587 2523 1625 2549 uti
1638 2531 1701 2557 pos-

902 2564 965 2590 sim.
998 2563 1038 2590 Ad
1050 2565 1217 2598 propositum
1230 2568 1361 2589 revertar:
1379 2561 1542 2588 festinationi
1553 2569 1626 2587 1110110
1639 2560 1700 2586 brc-

903 2601 1033 2636 vitatiquo
1059 2600 1206 2628 litterarum
1233 2601 1366 2636 ignosces.
1412 2598 1524 2634 Reliqua
1545 2606 1579 2625 ex
1600 2597 1700 2624 Furnio

900 2646 1056 2674 cognosces.
