1941 3052
780 167 818 193 47.
855 167 888 192 M.
924 167 952 192 T.

211 169 259 194 1520

210 239 287 265 frater
298 239 369 266 cius.
382 238 414 262 ilc·
428 238 460 263 M.
474 238 561 263 (laelio
572 238 718 264 existimet.
732 245 764 263 ex
777 238 851 271 ipsis.
865 238 886 263 ai
900 236 999 271 produ-
1018 238 1019 242 ’

208 277 241 302 cti
263 280 354 305 crunt,
377 275 499 300 arulis-tis.
522 277 563 300 2¹5.
580 275 647 309 Ergo
669 275 732 300 baec
754 279 951 305 removeantur,
970 279 999 300 ut
1018 275 1019 298 ἶ

208 313 360 348 aliquando,
376 312 512 345 inquibus
523 319 616 336 caussa
629 311 730 341 nititur,
743 311 775 337 ad
787 319 815 337 ea
829 313 978 337 veniamus.
1018 314 1027 347 ζ’

266 350 309 375 xt.
328 349 507 374 Animadverti
529 349 614 378 enim.
639 348 754 378 iudices.
777 348 862 374 audiri
887 357 900 374 a
922 349 998 375 vobis
1018 351 1027 359 '¹

209 395 297 412 uicum
311 386 477 414 familiarem.
493 385 520 411 L.
535 385 705 414 llcrennium.
720 390 874 420 perattente.
906 386 932 412 ln
945 394 1000 420 quo
1018 388 1027 416 J.

208 424 255 449 etsi
278 431 371 455 magna
392 431 424 448 ex
446 426 518 456 parte
538 423 645 457 ingenio
665 423 724 448 eius
743 427 768 448 et
781 422 887 449 dicendi
902 431 998 457 genere

207 461 321 495 quodam
334 459 508 485 tenebamini:
527 464 612 485 tamen
626 468 827 495 nonnumquam
840 461 957 491 verebar,
967 468 999 486 ne

207 497 251 523 illa
264 497 398 523 subtiliter
418 496 450 522 ud
465 496 661 522 criminandum
678 497 784 523 inducta
799 498 882 523 oratio
896 498 999 524 animos

209 539 308 560 vestros
333 535 433 560 sensim
459 542 488 559 ac
517 533 610 560 leniter
633 534 796 560 accenderet.
837 535 907 561 Dixit
927 535 998 561 enim

208 571 290 597 inulta
301 571 334 597 de
346 571 460 602 luxuria,
470 570 553 597 multa
565 571 598 596 «te
610 570 730 602 libidine,
739 571 821 598 multa
828 571 861 598 de
874 572 946 598 vitiis
957 573 1000 598 iu-

208 609 338 639 ventutis,
361 608 443 634 multa
464 608 497 634 de
516 608 650 636 moribus:
673 613 711 640 et,
728 609 776 644 qui
793 609 819 635 in
832 609 933 644 reliqua
946 609 999 635 vita

207 646 278 672 initis
293 650 364 671 esset
379 650 405 672 et
415 646 441 672 in
455 645 502 672 bac
514 646 645 672 suavitate
657 645 840 677 humanitatis,
852 655 906 681 qna
918 654 999 681 prope

207 684 257 709 inm
270 682 434 709 delectantur
444 691 545 714 omnes,
555 684 653 709 versari
665 683 940 718 periucundesoleret,
949 683 1000 710 fuit
1018 705 1021 718 ,

206 721 232 746 in
249 721 297 746 liac
307 728 401 746 caussa
412 721 544 755 pertristis
553 720 664 755 quidam
677 725 900 755 patruus,censor.
915 721 1000 757 magi·
1018 720 1021 748 ἵ

205 762 268 784 ster.
291 757 450 793 Obiurgavit
461 758 712 787 M.Caelium,sicut
724 759 856 784 neminem
869 766 997 793 umquam
1018 757 1021 779 l

207 803 311 830 parens.
338 795 421 821 Multa
432 795 465 821 de
476 795 664 822 incontinentia
676 796 932 830 intemperantiaque
942 795 999 821 ‹lis-

205 833 298 859 seruit.
339 832 409 864 Quid
433 833 576 867 quaeritis,
593 832 716 859 iudices?
734 832 904 868 ignoscebam
922 833 998 859 vobis

205 874 302 896 attente
314 869 494 900 audientibus,
508 874 654 905 propterea.
663 869 734 905 quod
745 874 849 905 egomet
860 874 912 896 tam
924 870 998 896 triste

205 906 273 933 illud
284 911 310 933 et
321 911 373 933 tam
387 915 512 941 asperum
523 907 740 943 genusorationis
748 907 897 933 horrebam.
912 908 999 934 26.Αο

206 944 290 979 prima
307 952 367 978 pars
383 943 433 971 fuit
450 944 508 974 illa,
525 953 593 980 quae
609 953 651 971 me
662 945 753 971 minus
765 944 899 976 movebat¹
915 944 998 971 fuisse
1019 955 1021 961 ·

206 989 265 1008 meo
279 982 427 1008 necessario
442 981 543 1008 Bestiae
559 981 678 1009 Caelium
695 981 862 1012 familiarem,
874 989 999 1008 caenasse

205 1018 276 1053 apud
297 1027 372 1049 eum,
391 1019 534 1045 ventitasse
549 1019 673 1051 domurn,
696 1019 834 1045 studuisse
849 1024 996 1054 praeturae.
1018 1034 1021 1050 ς

205 1057 262 1082 Non
289 1064 331 1083 me
356 1056 419 1082 haec
442 1061 562 1087 movent,
587 1065 656 1091 quae
677 1057 817 1091 perspicue
837 1055 903 1083 falsa
923 1061 996 1083 sunt.
1019 1060 1020 1066 ¹

205 1093 309 1120 Etenim
330 1101 374 1120 eos
394 1101 446 1120 una
464 1101 589 1120 caenasse
607 1093 685 1125 dicit,
702 1094 748 1128 qui
765 1098 809 1120 aut
825 1094 936 1124 absunt,
953 1099 999 1120 aut
1019 1126 1021 1133 Ι

204 1131 305 1166 quibus
322 1139 428 1157 necesse
439 1135 479 1157 est
489 1131 560 1157 idem
572 1131 668 1158 dicere.
700 1131 792 1166 Neque
803 1139 866 1158 vero
876 1130 944 1158 illud
957 1139 998 1157 me
1019 1137 1021 1165 l

204 1172 366 1199 commovet,
382 1167 455 1203 quod
471 1168 523 1194 sibi
539 1169 566 1194 in
583 1169 711 1203 Lupercis
725 1168 843 1195 sodalem
859 1176 918 1195 esse
934 1168 999 1195 Cae·
1019 1169 1020 1172 ’

207 1205 272 1231 lium
284 1205 362 1232 dixit.
403 1205 467 1232 Pera
478 1205 609 1240 quaedam
621 1205 747 1232 sodalitas
759 1211 784 1232 et
795 1206 874 1241 plane
884 1206 999 1240 pastori-

204 1243 243 1268 cia
256 1247 334 1277 atque
346 1243 458 1278 agrestis
469 1251 656 1279 germanorum
668 1244 864 1278 Lupercorum:
881 1251 997 1278 quorum

203 1281 282 1306 coitio
292 1279 337 1306 illa
349 1279 482 1306 silvestris
493 1284 553 1307 ante
564 1285 605 1307 est
614 1281 746 1311 instituta,
754 1289 836 1316 quam
843 1280 998 1307 humanitas

203 1321 283 1352 atque
295 1316 377 1352 leges.
398 1316 538 1352 Siquidem
550 1326 602 1344 non
614 1317 693 1345 modo
703 1319 810 1345 nomina
822 1317 946 1345 deferunt
956 1318 999 1344 in-

204 1359 243 1380 ter
253 1363 281 1380 se
293 1354 396 1380 sodales
404 1375 410 1385 ,
424 1354 471 1381 sed
482 1355 561 1381 etiam
573 1360 781 1382 commemorant
791 1355 958 1382 sodalitatem
970 1355 998 1382 in

203 1392 361 1422 accusando.
370 1392 381 1404 ’
396 1396 433 1423 ut,
447 1400 480 1418 ne
490 1393 552 1427 quis
563 1391 590 1418 id
603 1392 669 1419 forte
680 1393 788 1424 nesciat,
802 1393 896 1420 timere
908 1392 1000 1419 videa-

203 1433 255 1455 tur.
282 1430 325 1455 27.
345 1428 397 1455 Sed
414 1429 478 1456 haec
493 1430 628 1456 omittam:
649 1430 682 1457 ad
696 1429 754 1462 illa,
771 1438 841 1466 quae
856 1438 898 1457 me
912 1431 998 1466 magis

204 1471 352 1497 moverunt,
366 1466 541 1501 respondebo.

259 1503 418 1530 Deliciarum
447 1504 597 1540 obiurgatio
621 1503 672 1530 fuit
699 1503 775 1540 longa
801 1509 826 1531 et
849 1511 879 1531 ea
903 1503 995 1536 lenior,

203 1540 320 1576 plusque
335 1541 526 1576 disputationis
542 1540 649 1572 habuit,
666 1549 748 1577 quam
764 1541 922 1568 atrocitatis:
944 1550 1000 1577 quo

202 1579 281 1605 etiam
297 1578 387 1605 audita
403 1583 443 1605 est
458 1579 593 1605 attentius.
635 1579 702 1605 Nam
716 1579 746 1605 P.
763 1578 882 1610 Clodius,
895 1580 999 1606 amicus

203 1623 292 1647 meuS,
305 1624 391 1650 quum
407 1624 434 1642 se
445 1617 605 1651 gravissime
615 1616 907 1652 vehementissimeque
918 1617 999 1643 iacta·
1019 1633 1021 1653 2

203 1658 241 1679 ret
262 1657 287 1680 et
309 1653 397 1679 omnia
418 1653 598 1680 inflammatus
613 1657 703 1689 ageret
716 1653 881 1680 tristissimis
896 1653 995 1685 verbis,
1018 1683 1020 1690 γ

203 1698 266 1717 voce
287 1691 417 1717 maxima:
440 1691 545 1717 tametsi
565 1690 710 1725 probabam
731 1691 790 1717 eius
805 1690 995 1726 eloquentiam,
1019 1691 1021 1709 ἲ

203 1731 291 1754 tamen
308 1735 360 1754 non
375 1728 605 1762 pertimescebam.
645 1727 755 1763 Aliquot
769 1728 840 1754 enim
855 1728 883 1754 in
894 1728 997 1754 caussis

203 1772 264 1791 eum
280 1764 400 1790 videram
412 1764 510 1791 frustra
523 1764 682 1801 litigantem.
722 1765 782 1791 Tibi
794 1769 893 1796 autem,
906 1764 995 1796 Balbe,

203 1800 369 1836 respondebo
380 1802 497 1837 primum
509 1803 641 1836 precario;
657 1803 680 1829 si
692 1801 760 1833 licet,
774 1803 796 1828 si
809 1801 849 1829 fas
860 1802 998 1829 estdefen-

202 1838 230 1865 di
242 1847 255 1864 a
268 1846 309 1864 me
321 1847 391 1870 cum,
405 1840 452 1874 qui
465 1838 570 1866 nullum
581 1839 736 1866 convivium
748 1840 874 1870 renuerit,
888 1840 935 1875 qui
946 1848 999 1866 un·
1018 1838 1022 1851 '

202 1880 300 1912 guenta
316 1877 475 1910 sumpserit.
492 1877 540 1911 qui
554 1877 630 1903 Baias
646 1877 753 1903 viderit.
784 1876 843 1903 ΧΠ.
858 1878 900 1903 28.
913 1877 998 1912 Equi-
1018 1881 1021 1912 1

202 1913 264 1940 dem
275 1912 373 1939 multos
385 1917 410 1940 et
421 1913 477 1940 vidi
489 1914 516 1940 in
528 1914 577 1940 hac
586 1914 694 1940 civitate
705 1918 730 1940 et
740 1913 842 1945 audivi,
855 1922 907 1941 non
920 1914 998 1942 modo
1018 1913 1027 1948 l¹

202 1951 250 1985 qui
267 1950 430 1985 primoribus
447 1950 528 1977 labris
545 1955 700 1987 gustassent
714 1959 801 1987 genus
817 1951 867 1978 boc
877 1952 947 1978 vitae
973 1957 999 1978 et
1018 1951 1021 1975 i

202 1987 342 2018 extremis,
356 1991 386 2014 ut
396 1987 507 2018 dicitur,
520 1988 612 2024 digitis
623 1988 788 2023 attigissent,
801 1988 848 2015 sed
859 1989 906 2024 qui
917 1993 997 2015 totam
1018 1987 1020 2022 ῗ

202 2024 408 2051 adolescentiam
425 2024 606 2060 voluptatibus
624 2025 774 2056 dedissent,
792 2027 934 2052 emersisse
949 2026 998 2053 ali-

202 2061 310 2097 quando
325 2066 350 2088 et
364 2069 393 2088 se
405 2061 439 2088 ad
454 2061 558 2098 frugem
574 2063 680 2094 bonam.
693 2067 723 2089 ut
733 2063 840 2094 dicitur,
853 2063 995 2098 recepisse,

202 2107 353 2135 gravesque
364 2099 487 2126 homines
499 2104 578 2135 atque
587 2099 706 2127 illustres
718 2099 811 2127 fuisse.
833 2101 915 2127 Datur
925 2101 997 2128 enirn

202 2144 331 2163 concessu
351 2137 472 2163 omnium
494 2137 557 2163 huic
577 2137 676 2172 aliquis
692 2137 774 2164 ludus
789 2138 880 2169 aetati,
898 2143 924 2165 et
938 2138 997 2174 ipsa

203 2178 295 2200 natura
317 2173 455 2209 profundit
475 2173 668 2201 adolescentiae
687 2175 863 2209 cupiditates:
884 2183 953 2211 quae
973 2177 998 2203 si
1018 2183 1021 2205 l

203 2211 237 2237 ita
259 2215 417 2246 erumpunt,
440 2215 469 2238 ut
485 2211 587 2238 nullius
607 2212 688 2238 vitam
706 2211 876 2243 labefactent,
893 2212 997 2239 nullius

202 2248 313 2274 domum
324 2253 451 2280 evertant,
465 2247 556 2275 faciles
567 2253 592 2275 et
603 2248 754 2276 tolerabiles
766 2249 858 2276 haberi
869 2249 964 2277 solent.

257 2287 299 2312 ⁶29.
322 2285 375 2312 Sed
390 2290 419 2312 tu
430 2285 497 2312 mihi
508 2286 634 2313 videbare
644 2294 677 2313 ex
687 2287 824 2314 communi
835 2287 944 2314 infamia
955 2288 998 2314 iu-

203 2323 320 2349 ventutis
336 2322 454 2358 aliquam
470 2323 599 2350 invidiam
611 2323 700 2350 Caelio
710 2323 780 2350 velle
792 2323 915 2351 conflare.
946 2325 999 2351 Ita-

202 2367 255 2394 que
269 2368 348 2386 omne
365 2359 434 2387 illud
450 2360 597 2392 silentium,
610 2361 683 2396 quod
693 2365 734 2388 est
744 2362 855 2388 orationi
866 2362 996 2389 tributum

203 2401 271 2427 tuae,
286 2396 336 2424 fuit
346 2397 380 2424 ob
391 2405 449 2424 eam
460 2406 591 2429 caussam,
599 2398 681 2433 quod,
689 2406 744 2425 uno
753 2407 799 2425 reo
808 2399 952 2434 proposito,
964 2399 998 2426 de

204 2433 348 2460 multorum
373 2435 447 2461 vitiis
468 2435 661 2472 cogitabamus.
705 2435 793 2462 Facile
813 2440 854 2462 est
873 2444 998 2463 accusare

204 2469 348 2497 luxuriem.
377 2472 439 2498 Dies
449 2472 502 2498 iam
514 2480 556 2499 me
566 2471 698 2503 deficiat*,
711 2473 743 2503 si,
756 2481 826 2508 quae
835 2473 889 2500 dici
899 2474 928 2500 in
938 2481 996 2500 eam

203 2509 361 2534 sententiam
373 2513 493 2543 possunt,
506 2518 584 2536 coner
593 2517 763 2544 expromere:
783 2510 816 2536 de
826 2510 994 2545 corruptelis,

204 2543 237 2569 de
248 2543 394 2575 adulteriis,
408 2545 441 2572 de
452 2547 629 2580 protervitate,
642 2546 676 2573 de
687 2547 842 2581 sumptibus
864 2548 996 2574 immensa

204 2581 288 2606 oratio
298 2585 346 2607 est.
371 2581 405 2608 Ut
415 2583 464 2609 tibi
475 2592 549 2610 reum
561 2583 706 2614 neminem,
718 2583 766 2610 sed
777 2584 841 2610 vitia
852 2592 993 2620 proponas,

205 2624 246 2643 res
262 2621 349 2644 tamen
364 2618 421 2652 ipsa
436 2623 462 2645 et
476 2621 582 2655 copiose
597 2624 624 2647 et
637 2621 754 2656 graviter
768 2622 887 2648 accusari
898 2626 994 2656 potest.

206 2653 258 2680 Sed
269 2659 371 2681 vestrae
382 2656 527 2690 sapientiae
537 2662 585 2688 est,
599 2657 710 2688 iudices,
719 2665 772 2684 non
783 2658 880 2684 abduci
890 2658 924 2685 ab
934 2666 994 2685 reo:

206 2698 262 2718 nec.
275 2699 343 2726 quos
353 2691 459 2719 aculeos
470 2693 564 2720 habeat
575 2695 702 2721 severitas
713 2695 885 2731 gravitasque
896 2700 992 2725 vestra,
1014 2690 1019 2719 l

989 167 1262 193 ‹lttzttttoxts

1050 245 1134 271 quum
1146 245 1191 262 cos
1202 242 1339 263 accusator
1347 239 1460 264 erexerit
1471 239 1497 264 in
1510 247 1574 267 rem,
1583 240 1609 265 in
1623 239 1694 268 vitia.
1704 249 1730 266 in
1743 248 1838 268 morea.

1051 283 1076 300 in
1089 279 1215 308 tempora.
1228 275 1347 300 emittere
1358 275 1384 300 in
1397 275 1530 302 bominem
1543 277 1605 302 etin
1617 285 1705 302 reum:
1721 285 1805 311 quum
1819 278 1842 303 ia

1050 320 1101 337 non
1118 319 1167 337 suo
1181 311 1305 337 crimine.
1324 311 1371 337 sed
1387 312 1531 339 multorum
1549 314 1612 339 vitio
1622 314 1657 339 sit
1668 314 1694 340 in
1705 314 1841 348 quoddam

1049 348 1140 374 odium
1163 349 1293 374 iniustum
1311 354 1428 374 vooetus.
1459 351 1500 375 30.
1515 350 1606 385 ltaque
1621 352 1754 377 severitati
1771 356 1840 380 tune,

1051 390 1079 410 ut
1103 390 1218 420 oportet,
1246 386 1280 411 ita
1308 386 1468 420 respondere
1491 395 1542 413 non
1567 387 1664 414 audeo:
1691 393 1746 414 crat
1769 396 1842 414 enim

1051 430 1150 453 meum,
1163 423 1299 457 deprecari
1310 424 1473 449 vacationem
1484 423 1676 451 adolescentiae
1684 427 1844 460 veniamque

1051 464 1152 494 petere;
1174 468 1241 489 non,
1258 460 1383 494 inquam.
1401 460 1498 488 audeo:
1521 460 1651 497 perfugiis
1667 470 1717 489 non
1730 468 1788 488 utor
1799 471 1844 489 ae-

1051 498 1120 526 tatis.
1133 505 1258 523 concessa
1270 498 1396 523 omnibus
1407 498 1464 524 iura
1475 498 1593 524 dimitto:
1610 502 1712 525 tantum
1724 505 1792 534 peto.
1803 505 1840 527 ut.

1050 535 1072 560 si
1088 542 1141 568 qua
1156 538 1196 560 est
1208 534 1308 560 invidia
1319 535 1471 561 communis
1483 535 1532 561 boc
1543 539 1661 570 tempore
1672 537 1740 562 aeris
1751 537 1840 565 alieni.

1051 571 1225 606 petulantiae.
1249 571 1392 598 libidinum
1413 573 1575 602 iuventutis.
1596 581 1678 607 quam
1694 573 1771 600 video
1785 581 1844 601 esse

1052 617 1188 643 magnam,
1207 617 1240 635 ne
1256 608 1319 635 huic
1330 609 1415 635 aliena
1427 614 1541 644 peccata,
1555 618 1588 636 ne
1598 610 1690 636 aetatis
1700 618 1730 636 ac
1741 615 1844 645 κῦφι»

1026 664 1027 671 .
1051 654 1110 672 rum
1123 647 1184 672 vitia
1197 651 1317 672 noceant.
1342 647 1430 681 Atque
1440 655 1489 681 ego
1500 646 1580 677 idem,
1593 648 1640 681 qui
1653 647 1716 674 haec
1727 648 1841 682 postulo.

1050 683 1116 717 quin
1136 683 1308 714 criminibus,
1325 692 1395 718 quae
1411 685 1437 710 in
1454 684 1524 710 hunc
1539 685 1645 719 proprie
1659 684 1842 715 conteruntur.

1050 720 1255 755 diligentissime
1267 721 1450 756 respondeam.
1465 730 1515 747 non
1528 729 1631 748 recuso.

1106 757 1175 784 Xlll.
1197 757 1266 784 Sunt
1277 763 1365 784 autem
1377 758 1432 784 duo
1441 759 1562 789 crimina.
1575 759 1633 785 auri
1645 763 1670 785 et
1684 759 1793 785 veneni:
1815 760 1843 786 in

1050 794 1151 829 quibus
1172 803 1223 821 una
1240 801 1319 830 atque
1333 795 1426 822 eadem
1443 804 1553 830 persona
1570 801 1699 822 versatur.
1739 797 1843 823 Aurum

1050 837 1189 866 sumptum
1201 841 1215 858 a
1226 832 1326 863 Clodia,
1335 841 1468 859 venenum
1479 833 1641 868 quaesitum.
1653 832 1726 868 quod
1737 833 1844 860 Clodiae

1050 869 1170 899 daretur,
1187 869 1295 896 dicitur.
1335 870 1430 896 Omnia
1446 875 1509 897 sunt
1525 870 1575 896 alia
1592 879 1642 897 non
1658 871 1783 899 crimina.
1796 871 1844 897 sed

1051 906 1189 933 maledicta
1214 908 1294 943 iurgii
1319 907 1463 942 petulantis
1487 908 1586 943 magis,
1612 915 1693 942 quam
1719 907 1845 942 publicae

1050 945 1224 978 quaestionis.
1265 944 1388 975 Adulter,
1406 944 1574 979 impudicus.
1587 949 1737 979 sequester.
1751 946 1845 972 convi-

1050 981 1121 1007 cium
1137 986 1190 1011 est,
1204 989 1254 1008 non
1266 983 1412 1008 accusatio:
1434 982 1540 1008 nullum
1552 987 1592 1008 est
1601 983 1672 1008 enim
1685 981 1844 1009 fundamen-

1051 1023 1107 1044 tum
1124 1018 1219 1045 horum
1234 1019 1391 1049 criminum,
1406 1019 1478 1045 nulla
1488 1019 1575 1046 sedes.
1615 1019 1697 1045 Voces
1707 1024 1846 1046 suntoon-

1051 1055 1219 1087 tumeliosae,
1237 1061 1335 1082 temere
1350 1057 1384 1082 ab
1395 1057 1460 1083 irato
1471 1061 1630 1086 accusatore.
1642 1056 1718 1082 nullo
1727 1061 1842 1086 auctore,

1050 1094 1174 1119 emissae.
1196 1095 1237 1120 34.
1253 1093 1352 1120 Horum
1364 1093 1478 1120 duorum
1489 1094 1632 1120 criminum
1645 1093 1722 1120 video
1733 1093 1841 1123 fontem,

1050 1129 1128 1156 video
1143 1135 1290 1161 auctorem,
1303 1131 1382 1158 video
1391 1136 1493 1157 certum
1507 1139 1602 1157 nomen
1614 1135 1639 1157 et
1649 1135 1738 1165 caput.
1771 1131 1844 1157 Auro

1049 1175 1118 1202 opus
1134 1167 1198 1199 fuit;
1221 1168 1338 1202 sumpsit
1352 1177 1366 1194 a
1381 1167 1486 1198 Clodia,
1499 1168 1615 1202 sumpsit
1630 1168 1688 1194 sine
1703 1172 1783 1197 teste,
1796 1167 1845 1194 ha-

1050 1204 1109 1231 buit
1119 1205 1248 1240 quamdiu
1262 1205 1354 1232 voluit.
1385 1205 1533 1232 Maximum
1545 1204 1622 1232 video
1632 1206 1740 1241 signum
1751 1205 1844 1232 cuius-

1049 1241 1112 1268 dam
1126 1243 1248 1278 egregiae
1265 1242 1462 1269 familiaritatis.
1494 1243 1592 1269 Necare
1606 1242 1726 1269 eamdem
1743 1241 1841 1269 voluit:

1049 1280 1185 1314 quaesivit
1196 1288 1344 1312 venenum3
1366 1279 1519 1306 sollicitavit
1530 1287 1599 1314 quos
1611 1280 1709 1314 potuit3
1725 1279 1841 1314 paravit.

1051 1316 1137 1343 locum
1163 1317 1314 1344 constituit:
1345 1316 1443 1344 attulit.
1482 1317 1609 1353 Magnum
1634 1325 1728 1343 rursus
1751 1316 1843 1344 odium

1050 1354 1128 1380 video
1147 1362 1209 1381 cum
1224 1354 1411 1381 crudelissimo
1426 1354 1539 1381 discidio
1553 1354 1698 1381 exstitisse.
1738 1354 1789 1380 Ros
1803 1358 1845 1380 est

1049 1392 1136 1418 omnis
1153 1391 1180 1418 in
1195 1391 1245 1418 hac
1259 1400 1354 1418 caussa
1366 1392 1452 1422 nobis,
1466 1391 1577 1422 iudicas,
1591 1399 1653 1418 cum
1664 1390 1769 1421 Clodia.
1782 1399 1844 1418 mu-

1019 1423 1027 1452 3.
1051 1428 1113 1455 liere
1135 1437 1186 1455 non
1207 1429 1294 1456 solum
1317 1429 1412 1459 nobili,
1430 1429 1477 1455 sed
1492 1430 1572 1455 etiam
1588 1433 1662 1455 nota:
1683 1428 1717 1455 de
1731 1437 1783 1463 qua
1794 1436 1845 1464 ego

1050 1465 1117 1492 nibil
1128 1466 1224 1498 dicam,
1239 1467 1290 1493 nisi
1301 1466 1453 1502 depellendi
1464 1467 1586 1493 criminis
1599 1474 1704 1492 caussa.
1735 1467 1777 1493 32.
1790 1465 1843 1492 Sed

1050 1503 1178 1539 intelligis
1189 1512 1238 1538 pro
1247 1508 1291 1530 tua
1298 1504 1440 1539 praestanti
1449 1503 1596 1539 prudentia,
1606 1503 1768 1532 Cn.Domiti.
1780 1511 1843 1529 cum

1050 1540 1099 1567 hac
1118 1541 1174 1567 sola
1195 1549 1251 1568 rem
1270 1549 1330 1568 esse
1349 1541 1441 1568 nobis:
1463 1549 1532 1576 quae
1551 1541 1576 1567 si
1595 1549 1624 1567 se
1644 1549 1740 1567 aurum
1756 1539 1845 1567 Caelio

1049 1578 1234 1605 commodasse
1249 1587 1300 1605 non
1316 1578 1393 1609 dicit,
1411 1579 1434 1605 si
1449 1586 1582 1605 venenum
1599 1577 1632 1604 ab
1644 1577 1693 1604 hoc
1703 1577 1756 1604 sibi
1767 1585 1844 1612 para-

1050 1619 1107 1641 tum
1122 1623 1182 1642 esse
1197 1624 1248 1642 non
1263 1617 1364 1651 arguit;
1387 1615 1536 1650 petulanter
1547 1615 1669 1645 facimus.
1683 1615 1706 1641 si
1718 1619 1844 1641 matrem-

1051 1651 1179 1683 familias,
1195 1661 1274 1679 secus
1289 1661 1371 1687 quam
1387 1657 1567 1679 matronarum
1579 1653 1705 1679 sanctitas
1714 1651 1841 1686 postulat.

1050 1690 1230 1716 nominamus.
1270 1690 1331 1719 Sin,
1353 1691 1403 1716 ista
1422 1689 1534 1716 muliere
1549 1693 1661 1720 remota,
1679 1697 1728 1715 nec
1742 1689 1843 1715 crimen

1049 1726 1136 1753 ullum
1144 1747 1151 1757 ,
1164 1735 1212 1754 nec
1223 1735 1287 1761 opes
1298 1727 1330 1753 ad
1341 1726 1553 1763 oppugnandum
1564 1725 1683 1753 Caelium
1695 1725 1750 1752 illis
1761 1725 1844 1752 relin-

1049 1769 1179 1799 quentur;
1201 1764 1267 1799 quid
1283 1769 1324 1790 est
1337 1764 1424 1793 aliud,
1441 1763 1513 1799 quod
1529 1772 1576 1790 nos
1587 1763 1690 1798 patroni
1701 1762 1786 1790 facere
1795 1762 1844 1789 de-

1050 1801 1176 1831 beamus,
1199 1802 1250 1828 nisi
1272 1806 1303 1828 ut
1323 1809 1380 1832 eos.
1402 1801 1451 1836 qui
1469 1802 1646 1830 insectantur.
1664 1799 1844 1835 repellamus?

1049 1838 1125 1871 Quod
1135 1838 1246 1874 quidem
1258 1838 1371 1865 facerem
1383 1838 1577 1868 vehementius,
1586 1838 1638 1864 nisi
1649 1837 1843 1864 intercederent

1049 1876 1116 1902 mihi
1136 1876 1292 1902 inimicitiae
1312 1884 1374 1903 cum
1395 1876 1474 1902 istius
1495 1875 1618 1901 mulieris
1639 1875 1708 1901 viro:
1736 1874 1843 1901 fratrem

1049 1912 1123 1939 volui
1138 1913 1239 1940 dicere:
1262 1922 1368 1948 semper
1382 1912 1426 1939 liic
1440 1920 1506 1939 erro.
1545 1913 1622 1939 Nunc
1636 1920 1713 1947 agam
1729 1911 1841 1942 modice,

1049 1958 1097 1977 nec
1113 1950 1219 1986 longius
1234 1950 1400 1986 progrediar,
1417 1958 1499 1985 quam
1514 1958 1557 1976 me
1567 1957 1626 1976 mea
1637 1949 1703 1976 tides
1713 1954 1739 1976 et
1747 1956 1842 1976 caussa

1049 1988 1107 2022 ipsa
1121 1992 1205 2024 coget.
1245 1988 1337 2023 Neque
1348 1988 1419 2014 enim
1431 1986 1576 2014 muliebres
1585 1994 1716 2021 umquam
1725 1986 1844 2013 iuimici-

1049 2025 1098 2051 tias
1115 2026 1181 2052 mihi
1196 2025 1327 2061 gerendas
1342 2025 1449 2060 putavi,
1466 2025 1622 2059 praesertim
1631 2032 1694 2050 cum
1705 2031 1748 2054 ea,
1759 2031 1842 2058 quam

1048 2071 1142 2089 omnes
1158 2071 1264 2097 semper
1278 2063 1391 2089 amicam
1406 2062 1526 2089 omnium
1539 2062 1641 2096 potius,
1657 2069 1739 2096 quam
1749 2061 1843 2087 cuius-

1048 2108 1129 2134 quam
1141 2100 1278 2126 inimicam
1289 2104 1460 2134 putaverunt.
1500 2099 1570 2125 XIV.
1592 2100 1633 2125 33.
1647 2097 1699 2125 Sed
1711 2103 1798 2124 tamen
1809 2106 1843 2124 ex

1049 2137 1107 2172 ipsa
1122 2145 1248 2172 quaeram
1263 2138 1353 2172 prius,
1370 2142 1461 2163 utrum
1477 2145 1520 2163 me
1534 2144 1626 2162 secum
1641 2143 1735 2162 severe
1746 2139 1842 2170 etgra—

1050 2176 1118 2201 viter
1127 2179 1154 2201 et
1163 2174 1250 2209 prisce
1261 2182 1338 2210 agere
1349 2173 1434 2204 malit,
1446 2182 1479 2200 au
1491 2173 1603 2200 remisse
1613 2181 1643 2199 ac
1653 2172 1748 2199 leniter
1757 2176 1783 2198 et
1797 2180 1843 2198 ur-

1049 2212 1126 2238 bane.
1167 2211 1195 2238 Si
1206 2211 1254 2238 illo
1265 2216 1372 2238 austero
1382 2219 1455 2238 more
1465 2219 1496 2237 ac
1506 2210 1598 2237 modo:
1619 2209 1718 2245 aliquis
1729 2209 1796 2236 mihi
1806 2209 1841 2236 ab

1049 2248 1142 2275 inferis
1157 2248 1315 2275 excitandus
1326 2253 1380 2279 est,
1393 2257 1427 2275 ex
1438 2248 1555 2275 barbatis
1564 2247 1634 2279 inis:
1656 2255 1708 2273 non
1720 2246 1769 2273 hac
1779 2246 1842 2273 bar-

1049 2286 1126 2316 bula,
1142 2294 1196 2321 qua
1210 2287 1261 2312 ista
1277 2285 1435 2316 delectatur,
1457 2285 1505 2311 sed
1519 2284 1564 2311 illa
1579 2283 1699 2313 horrida,
1715 2291 1797 2318 quam
1813 2284 1840 2310 in

1048 2323 1144 2349 statuis
1159 2324 1278 2358 antiquis
1289 2328 1315 2350 et
1324 2323 1490 2359 imaginibus
1499 2321 1637 2348 videmus:
1658 2321 1706 2355 qui
1717 2321 1842 2356 obiurget

1049 2360 1188 2387 mulierem
1196 2381 1202 2391 ,
1219 2365 1245 2387 et
1259 2369 1308 2395 pro
1320 2369 1364 2387 me
1375 2360 1508 2395 loquatur,
1521 2367 1554 2385 ne
1563 2359 1615 2385 ista
1625 2358 1692 2384 mibi
1702 2357 1768 2384 sorte
1778 2366 1841 2384 suc-

1047 2401 1163 2424 censeat.
1196 2397 1317 2425 Exsistat
1326 2398 1408 2434 igitur
1418 2406 1452 2424 ex
1462 2396 1511 2423 hac
1519 2397 1578 2430 ipsa
1588 2394 1689 2422 familia
1700 2394 1800 2430 aliquis
1810 2403 1841 2421 ac.

1047 2435 1221 2470 potissimum
1246 2435 1346 2462 Caecus
1370 2434 1426 2461 itte.
1465 2433 1609 2460 Minimum
1629 2433 1700 2458 enim
1720 2431 1839 2459 dolorem

1047 2473 1146 2507 capiet,
1164 2472 1212 2508 qui
1227 2472 1305 2498 istam
1320 2480 1373 2499 non
1383 2470 1493 2498 videbit.
1532 2469 1585 2502 Qui
1596 2469 1713 2504 profecto
1722 2470 1747 2496 si
1756 2469 1840 2496 exsti-

1048 2511 1121 2539 terit,
1133 2510 1173 2536 sic
1188 2514 1249 2545 aget
1262 2514 1289 2536 et
1307 2510 1347 2536 sic
1362 2508 1499 2543 loquetur:
1520 2506 1625 2537 Mulier,
1637 2506 1705 2541 quid
1716 2506 1765 2533 tibi
1775 2514 1840 2532 cum

1048 2545 1154 2573 Caelio?
1173 2546 1239 2581 quid
1258 2554 1321 2573 cum
1337 2546 1444 2573 homine
1461 2543 1676 2571 adolescentulo?
1694 2543 1762 2578 quid
1775 2551 1838 2570 cum

1047 2582 1151 2610 alieno?
1171 2583 1225 2610 Cur
1239 2587 1285 2610 aut
1297 2588 1351 2610 tam
1367 2581 1506 2609 familiaris
1521 2581 1584 2608 huic
1597 2580 1687 2611 fuisti,
1702 2585 1732 2607 ut
1741 2588 1837 2607 aurum

1046 2620 1241 2651 commodares,
1258 2625 1304 2647 aut
1319 2624 1372 2647 tam
1387 2619 1507 2646 inimica.
1524 2623 1554 2645 ut
1567 2626 1702 2645 venenum
1712 2616 1838 2651 timeres?

1046 2658 1104 2684 Non
1119 2662 1220 2693 patrem
1235 2662 1311 2684 tuum
1326 2656 1445 2686 videras,
1462 2664 1515 2682 non
1529 2660 1669 2691 patruum,
1682 2663 1735 2682 non
1744 2662 1835 2684 avum.

1046 2703 1175 2729 proavum
1183 2715 1190 2726 ,
1205 2699 1311 2721 atavum
1322 2693 1444 2721 audieras
1453 2692 1578 2720 consules
1589 2691 1693 2720 fuisse?
1721 2693 1762 2719 3⁴.
1778 2691 1836 2718 Non
