1941 3052
263 95 310 119 578
833 86 874 112 73.

261 162 407 190 rationibus
423 161 497 187 mois.
520 161 544 185 Ξ.
559 157 637 184 Vidi-s
653 165 685 183 ex
701 154 930 182 senatusconsulto
944 154 1050 188 provin·
1070 158 1071 162 ¹

259 203 327 227 ciam
339 209 397 225 esse
411 197 566 224 hain-mium.
590 196 615 220 Si
628 193 787 227 cauisquoad
799 193 856 218 ciue
865 192 946 217 facere
959 196 1050 225 potue·
1077 209 1079 224 ⁴.

261 240 306 270 ris)
320 246 399 272 quum
412 233 639 268 expeditissimam
652 231 716 256 milii
730 229 878 258 tradideris,
892 228 992 254 facilior
1002 228 1050 254 erit

260 275 325 300 milii
342 273 418 308 (pinni
434 272 563 297 ‹lerursus
576 269 625 294 mei
639 268 774 302 temporis.
796 266 864 298 Quid
878 266 903 291 in
916 274 946 291 eo
955 274 1050 299 genere

259 311 361 337 efficere
374 309 468 343 possis.
483 307 519 333 tui
532 305 635 331 consilii
647 309 696 330 est.
720 304 774 336 ligo
786 308 818 333 tc,
834 302 905 337 quod
918 303 963 328 tibi
978 303 1051 328 veni-

260 353 284 374 ct
297 349 322 374 in
334 351 448 372 montem
462 352 517 369 men
530 344 665 372 interesse,
681 341 755 366 valde
768 349 838 375 roga.
862 340 985 366 Pluribus
993 348 1051 365 vcr-

260 385 301 411 his
318 384 350 409 ad
367 388 390 408 tc
407 382 559 409 scriberem,
577 380 600 405 si
617 383 660 404 aut
677 383 719 404 tua
737 378 889 404 humanitas
907 377 1049 412 longiorem

259 422 402 447 orationem
419 422 591 453 exspectaret,
609 421 654 442 aut
669 415 695 441 id
712 415 766 441 lieri
779 419 866 440 nostra
878 414 993 440 amicitia
1005 422 1051 448 pa·

259 462 364 486 teretur,
379 461 424 482 aut
436 465 476 481 res
490 454 568 480 verba
580 453 742 480 desideraret
753 460 781 478 nc
793 461 844 478 non
857 460 903 486 pro
914 451 1052 486 scipsalo-

258 499 394 530 queretur.
426 493 479 519 lloc
503 491 583 518 velini
604 491 651 517 tibi
674 489 843 524 persuadeas.
866 490 888 514 si
906 488 1051 515 rationibus

260 533 326 558 uicis
341 540 354 557 a
376 536 399 557 tc
411 530 548 565 provisum
560 537 619 555 csse
632 527 794 557 intellexero,
809 535 930 562 magnam
943 530 966 552 tc
976 534 1008 552 ex
1022 533 1053 551 eo

259 574 283 596 ct
294 572 449 604 perpetuam
463 566 624 601 voluptatem
636 573 694 591 csse
705 568 854 599 capturum.
879 563 949 589 Vale.

301 638 347 658 ΙΙΙ,
365 637 382 657 Α
391 637 443 657 RG.
465 635 579 656 ttrumtinii
595 635 684 654 immin
696 633 763 660 Appii
775 632 846 657 legato
857 639 918 652 nuum
931 635 1051 659 exoptent.

259 674 336 697 ungat.
348 679 382 696 ne,
393 678 457 698 quum
469 670 602 698 impediente
613 668 713 695 Sulpicio
724 675 769 688 con.
786 667 847 688 null·
857 667 901 688 nihi
912 667 997 694 script·
1007 666 1053 687 nint

258 707 418 735 supplementa,
430 705 516 733 Appius·
528 712 580 725 ιιιοι
591 703 674 724 milite·
685 703 789 724 dimin-1.

472 742 583 765 (Brundi-ii,
594 741 652 761 Rutu,
661 741 752 758 Marullo
760 747 806 757 cuu-
818 741 873 760 703.)

371 787 405 812 M.
421 786 452 812 T.
470 786 499 811 C.
517 785 544 810 S.
562 785 591 810 D.
614 782 730 810 Al'l'lO
749 781 939 809 PULciino.

316 830 339 854 l.
363 824 398 853 A.
412 827 441 853 D.
454 836 486 852 xi.
500 825 727 852 Kalendaslunias
736 824 999 858 Brundisiumquum
1008 831 1053 849 ve-

258 867 368 895 nissem,
381 864 412 897 Q.
427 864 534 892 Fabius.
550 863 651 898 legatus
663 867 735 892 tuus,
749 861 815 888 mihi
828 866 932 896 praesto
944 860 1054 889 fuit,ea-

257 911 310 938 que
323 911 364 928 me
375 910 408 928 ex
419 902 472 927 tuis
484 900 615 927 mandatis
628 899 738 929 monuit,
752 907 820 934 quae
833 907 883 924 non
892 897 968 924 modo
976 898 1050 928 mihi,

259 940 291 966 ad
311 948 392 975 quem
410 938 585 973 pertinebant,
605 937 652 963 scd
669 937 794 963 universo
809 936 912 962 senatui
929 938 1054 961 venerant

259 978 286 1003 in
303 981 428 1006 mentem.
446 975 579 1011 pracsidio
594 975 702 1000 firmiori
713 982 781 1008 opus
791 981 850 999 esse
861 973 893 999 ad
905 974 980 999 istam
994 980 1054 1007 pro—

259 1015 385 1041 vinciam.
408 1013 557 1040 Censebam
568 1013 638 1038 enim
650 1019 742 1038 omnes
755 1010 817 1041 fere,
831 1011 896 1036 utin
909 1010 1054 1044 Italiasup-

259 1051 424 1087 plementum
441 1051 508 1076 meis
524 1054 549 1076 et
564 1049 651 1075 Bibuli
669 1048 820 1084 legionibus
835 1047 1004 1074 scriberetur.
1027 1045 1054 1072 ld

258 1097 344 1124 quum
365 1087 503 1122 Sulpicius
524 1086 616 1113 consul
632 1094 776 1121 passurum
792 1093 820 1111 se
837 1089 951 1121 negaret,
970 1083 1054 1110 multa

260 1135 307 1153 nos
319 1125 429 1160 quidem
440 1125 528 1160 questi
539 1132 649 1150 sumus:
672 1122 719 1149 scd
731 1126 1056 1149 tantusconsensussena-

258 1168 301 1190 tus
319 1163 377 1193 fuit,
395 1167 424 1188 ut
434 1167 537 1188 mature
549 1161 785 1196 proficisceremur,
799 1159 945 1194 parendum
957 1163 987 1185 ut
997 1158 1056 1185 fue—

259 1201 306 1227 rit:
329 1201 417 1235 itaque
430 1199 551 1225 fecimus.
578 1199 665 1228 Nunc,
678 1197 750 1232 quod
764 1206 778 1223 a
791 1201 815 1223 te
827 1197 890 1232 petii
904 1196 997 1222 litteris
1009 1196 1053 1226 iis,

259 1246 327 1273 quas
342 1238 441 1263 Romae
458 1235 603 1262 tabellariis
615 1235 669 1262 tuis
680 1234 752 1265 dedi,
768 1234 849 1260 velim
861 1234 909 1260 tibi
921 1242 998 1259 curae
1009 1233 1053 1263 sit.

259 1279 297 1306 ut,
306 1283 375 1309 quae
388 1273 535 1300 successori
547 1272 767 1299 coniunctissimo
777 1276 802 1298 et
813 1271 1054 1297 amicissimocom-

258 1312 366 1338 modare
377 1315 463 1346 potest
473 1311 505 1342 is,
522 1311 569 1345 qui
582 1309 745 1345 provinciam
758 1308 844 1339 tradit,
857 1316 896 1339 ea,
910 1317 957 1343 pro
969 1312 1055 1334 nostra

258 1349 486 1376 consociatissima
501 1347 645 1377 voluntate,
662 1355 725 1373 cura
736 1355 766 1372 ac
779 1346 917 1382 diligentia
929 1350 973 1372 tua
984 1353 1057 1372 com-

260 1386 388 1422 plectare;
416 1390 445 1412 ut
459 1393 551 1412 omnes
563 1384 721 1420 intelligant,
735 1391 783 1410 nec
795 1392 837 1409 me
847 1382 1055 1410 benevolentiori

260 1424 386 1459 cuiquam
403 1422 554 1453 succedere,
572 1430 620 1448 nec
636 1426 660 1447 te
679 1421 798 1447 amiciori
813 1421 932 1455 potuisse
948 1420 1057 1455 provin-

259 1462 328 1488 ciam
344 1460 455 1487 tradere.
487 1462 512 1487 2.
529 1460 571 1487 Ex
582 1459 615 1485 iis
627 1458 729 1489 litteris.
742 1466 858 1493 quarum
870 1457 902 1484 ad
913 1466 955 1484 me
966 1465 1057 1484 exem-

260 1498 335 1533 plum
348 1497 454 1527 misisti,
467 1498 574 1532 quasin
586 1500 679 1523 senatu
691 1496 795 1522 recitari
806 1494 1057 1526 voluisti,sicintel-

261 1536 386 1566 lexeram,
409 1534 556 1569 permultos
577 1542 590 1560 a
611 1538 636 1560 te
651 1532 750 1560 milites
766 1541 825 1559 esse
843 1532 983 1559 dimissos:
1009 1530 1057 1558 sed

260 1572 328 1599 mihi
343 1572 442 1599 Fabius
453 1571 524 1598 idem
536 1571 737 1601 demonstravit,
750 1569 778 1596 id
788 1574 814 1596 te
824 1570 954 1605 cogitasse
961 1569 1054 1595 facere:

260 1609 308 1636 sed
323 1618 409 1645 quum
424 1610 482 1644 ipse
497 1617 511 1635 a
528 1613 552 1635 te
563 1607 720 1639 discederet,
733 1607 868 1643 integrum
878 1606 995 1632 militum
1006 1614 1058 1632 nu-

261 1655 366 1673 merum
381 1646 475 1673 fuisse.
501 1645 530 1672 ld
545 1646 569 1672 si
584 1646 619 1672 ita
633 1649 686 1676 est,
709 1649 862 1680 pergratum
873 1643 940 1669 mibi
952 1643 1054 1673 feceris,

261 1684 285 1710 si
301 1685 366 1710 istas
381 1684 493 1719 exiguas
513 1683 613 1717 copias,
628 1691 696 1718 quas
707 1681 835 1712 habuisti,
850 1689 932 1716 quam
946 1681 1057 1707 minime

261 1721 445 1748 imminueris:
468 1728 521 1755 qua
541 1720 574 1746 de
593 1728 621 1746 re
640 1718 880 1749 senatusconsulta,
901 1726 970 1753 quae
991 1717 1058 1744 facta

262 1762 334 1788 sunt.
348 1758 381 1784 ad
393 1762 418 1784 te
429 1757 511 1783 missa
522 1756 708 1783 essearbitror.
730 1755 863 1790 Equidem
870 1763 962 1790 proeo,
971 1763 1058 1790 quan-

262 1796 281 1822 ti
293 1800 317 1822 te
329 1795 404 1826 facio,
417 1794 552 1830 quidquid
563 1793 665 1824 feceris,
679 1793 844 1828 approbabo:
867 1792 913 1818 sed
921 1796 1058 1827 tequoque

262 1832 366 1859 confido
377 1840 406 1858 ea
421 1832 561 1862 facturum,
575 1839 644 1866 quae
654 1831 720 1857 mihi
732 1830 865 1866 intelliges
877 1830 1057 1856 maximeesse

263 1869 470 1896 accommodata.
499 1869 557 1904 Ego
577 1868 606 1895 C.
621 1868 814 1903 Pomptinium,
829 1867 943 1903 legatum
956 1875 1055 1898 meum,

261 1907 398 1934 Brundisii
421 1906 621 1941 exspectabam:
644 1913 761 1940 eumque
776 1909 836 1931 ante
851 1903 982 1931 Kalendas
998 1905 1056 1930 lun.

263 1944 438 1971 Brundisium
453 1947 595 1970 venturum
607 1942 760 1969 arbitrabar.
781 1941 833 1974 Qui
846 1950 931 1976 quum
946 1942 1055 1973 venerit,

263 1989 333 2016 quae
353 1982 472 2016 primum
487 1979 631 2016 navigandi
647 1980 724 2007 nobis
736 1979 847 2006 facultas
857 1979 917 2005 data
929 1980 986 2009 erit,
1000 1983 1059 2005 ute-

264 2027 334 2045 mur.
359 2017 453 2055 [Vale.]

316 2087 356 2108 lv.
375 2087 452 2108 ABG.
473 2087 595 2114 Exspectat
612 2087 637 2107 L.
657 2085 760 2107 Clodium
777 2092 825 2106 cnm
844 2084 961 2106 mandatis.
991 2084 1058 2106 Suum

265 2122 365 2143 studium
376 2121 503 2149 pollicetur,
513 2121 577 2142 cuius
588 2127 678 2142 caunas
688 2120 789 2148 exponit.

458 2158 570 2180 (Brundisii.
580 2158 639 2179 Ruso,
648 2158 740 2177 Marcello
751 2164 797 2175 ensa.
807 2159 862 2178 70³.)

364 2201 400 2228 M.
423 2201 453 2228 T.
475 2201 504 2229 C.
526 2201 555 2228 S.
576 2202 607 2228 D.
627 2200 744 2228 APPIO
766 2199 958 2227 PULCHRO.

322 2248 345 2273 l.
366 2243 460 2274 Pridie
470 2248 558 2274 Nonas
569 2248 627 2274 Iun.
640 2255 725 2282 quum
737 2255 822 2273 essem
829 2245 975 2278 Brundisii,
989 2245 1059 2272 litte-

266 2289 373 2311 rastuas
380 2284 483 2319 accepi:
496 2284 802 2319 quibuseratscriptum,
818 2283 1060 2311 teL.Clodioman-

266 2321 353 2351 dasse.
366 2330 435 2357 quae
445 2321 523 2349 illum
535 2331 640 2348 meeum
651 2321 724 2357 loqui
736 2321 829 2348 velles.
860 2321 928 2347 Eum
940 2329 1004 2347 sane
1013 2328 1060 2347 ex-

267 2359 429 2393 spectabam,
452 2363 482 2386 ut
501 2368 539 2391 ea,
559 2368 629 2394 quae
647 2368 661 2386 a
677 2364 701 2385 te
716 2358 828 2390 afferret,
844 2367 926 2394 quam
940 2358 1059 2393 primum

268 2404 463 2431 cognoscerem.
495 2398 520 2423 2.
539 2397 629 2424 Meum
650 2396 771 2422 studium
787 2404 847 2432 erga
861 2400 886 2422 te
900 2400 927 2422 et
941 2395 1059 2422 officium

268 2433 373 2459 tametsi
384 2433 477 2460 multis
487 2434 541 2460 iam
552 2434 633 2460 rebus
644 2442 722 2468 spero
733 2433 781 2459 tibi
792 2441 851 2459 esse
860 2433 1007 2468 cognitum,
1021 2436 1061 2458 ta—

269 2477 330 2495 men
340 2470 368 2496 in
378 2471 412 2496 iis
423 2471 540 2497 maxime
550 2470 698 2501 declarabo,
710 2470 811 2505 quibus
822 2469 1061 2505 plurimumsigni—

271 2505 347 2547 ficare
362 2511 460 2541 potero,
473 2512 545 2534 tuam
556 2508 623 2534 mihi
634 2507 858 2535 existimationem
868 2511 894 2533 et
903 2506 1061 2542 dignitatem

270 2543 436 2570 carissimam
456 2553 524 2571 esse.
564 2545 630 2572 Mihi
649 2549 675 2571 et
693 2544 724 2577 Q.
740 2544 839 2571 Fabius
858 2544 1022 2579 virgilianus
1035 2547 1062 2570 et

271 2578 301 2605 C.
313 2579 432 2611 Flaccus,
446 2581 520 2607 Lucii
533 2581 612 2613 filius,
628 2586 655 2609 et
664 2581 870 2618 diligentissime
880 2580 1059 2611 Mucianus,

272 2615 353 2643 Cnaei
363 2616 442 2648 lilius,
455 2617 655 2650 demonstravit,
662 2627 706 2646 me
716 2627 731 2646 a
741 2623 766 2646 te
775 2617 886 2654 plurimi
897 2617 968 2645 fieri:
989 2616 1062 2654 quod

910 84 944 110 M.
977 84 1007 109 T.
1041 81 1312 109 ClCERONlS

1101 156 1203 187 egomet
1218 151 1309 177 multis
1321 151 1483 186 argumentis
1498 151 1548 177 iam
1561 149 1796 181 nnteaiudicaram,
1805 151 1890 176 maxi-

1102 197 1197 223 meque
1219 188 1264 214 illo
1283 190 1348 213 libro
1362 189 1492 220 auqurali,
1507 196 1587 222 quern
1603 187 1635 213 ad
1655 196 1696 214 me
1707 187 1890 214 amantissime

1078 232 1079 241 ¹
1101 227 1245 260 scriptum,
1267 225 1459 251 suavissimum
1480 225 1586 251 misisti.
1609 226 1632 251 Ξ.
1651 225 1706 250 Mu
1725 225 1750 251 in
1763 230 1787 250 te
1801 225 1891 251 omnin

1078 268 1079 280 i

1078 323 1079 335 i

1071 364 1080 399 ,i

1072 411 1080 426 u

1080 574 1081 584 i
1105 565 1206 586 nostras
1217 559 1388 595 copulandas.

1102 271 1206 289 munima
1223 261 1427 288 neeesnitudini»
1442 261 1527 288 officia
1537 262 1705 288 constabunt.
1728 262 1792 288 Nam
1804 270 1890 296 quum

1102 305 1125 326 te
1138 301 1235 334 ipsum.
1244 308 1276 325 ex
1287 308 1340 334 quo
1351 303 1468 333 tempore
1479 303 1506 325 tu
1518 307 1559 325 me
1569 299 1679 334 diligere
1690 300 1810 333 coepisti,
1823 307 1891 333 quo-

1078 346 1079 352 *
1103 337 1165 363 tidie
1177 336 1262 371 pluris
1275 336 1322 362 feci
1331 357 1337 366 ,
1355 341 1410 362 turn
1422 341 1590 362 accesserunt
1602 337 1680 362 etiarn
1691 337 1891 362 coniunctiones

1103 375 1311 400 necessariorum
1332 378 1448 399 tuorum.
1493 373 1548 399 Duo
1561 373 1631 399 enim
1647 375 1759 399 duarum
1775 378 1891 399 aetatum

1072 429 1080 457 Χ.
1104 411 1211 445 plurimi
1233 410 1311 441 facio.
1329 411 1377 437 Cn.
1390 410 1554 444 Pompeium,
1569 410 1636 436 liliae
1648 415 1707 436 tuae
1722 419 1852 440 socerum.
1866 414 1891 436 et

1072 454 1081 495 γ’
1103 449 1138 475 Μ.
1159 449 1283 478 Brutum,
1300 456 1427 483 generum
1444 452 1533 473 tuum:
1556 447 1715 482 collegiique
1729 448 1889 477 coniunctio.

1104 486 1257 520 praesertim
1272 490 1324 511 tam
1336 484 1478 510 honorilice
1489 494 1501 510 a
1514 484 1694 519 tcapprobata,
1703 493 1754 511 non
1761 484 1892 511 mediocre

1105 523 1241 549 vinculum
1254 522 1319 548 milii
1332 522 1441 556 quidem
1453 521 1573 548 attulisse
1586 522 1690 547 videtur
1699 521 1732 547 ad
1743 521 1892 548 voluntates

1425 558 1477 586 Sed
1489 564 1514 585 et
1523 560 1545 585 si
1557 558 1678 585 Clodium
1690 567 1846 590 convenere.
1859 567 1892 585 ex

1104 597 1178 624 illius
1197 605 1317 623 sermone
1337 596 1369 623 ad
1385 601 1409 622 te
1424 596 1538 622 scribam
1553 595 1643 630 plura:
1675 601 1700 622 et
1716 596 1772 630 ipse
1785 604 1891 630 operam

1104 634 1180 665 dabo,
1199 640 1223 661 te
1235 639 1263 660 ut
1274 643 1354 669 quam
1367 634 1483 668 primum
1497 633 1610 659 videam.
1651 632 1726 665 Quod
1737 633 1833 660 scribis
1844 632 1892 659 tibi

1104 673 1227 698 manendi
1249 680 1370 698 caussam
1389 680 1446 697 eam
1463 670 1560 701 fuisse,
1577 675 1606 696 ut
1621 679 1662 696 me
1677 671 1845 700 convenire..
1866 668 1893 696 id

1105 709 1180 741 milii,
1194 718 1226 736 ne
1241 710 1360 739 mentiar,
1374 714 1413 734 est
1427 713 1542 743 gratum.
1566 706 1660 744 [Vale]

1158 783 1184 803 V.
1204 782 1280 802 Ano.
1300 781 1371 809 Appia
1385 781 1469 807 [ir-tiu
1483 781 1527 805 ugit
1537 797 1542 804 ,
1557 781 1618 801 danii
1630 786 1724 808 operam.
1735 784 1759 800 nt
1768 779 1893 807 expediu-

1105 817 1238 846 prtninriun
1259 817 1367 836 truleret:
1387 820 1408 836 et
1427 815 1483 835 riam
1494 815 1608 837 describit.
1623 819 1647 835 ut
1662 815 1734 842 Appio
1749 814 1893 835 convenienti

1105 853 1139 874 nui
1150 856 1280 880 potantem
1292 851 1365 871 ῐιι-ὶιι.
1404 852 1517 874 (Tuum-n,
1527 852 1687 871 Ειιῐο,)1υ««ιιο
1697 859 1743 870 ω...
1756 852 1810 875 τοι.)

1205 896 1240 923 Μ.
1262 896 1292 922 T.
1313 895 1343 922 C.
1365 894 1393 921 S.
1415 895 1444 921 D.
1466 895 1580 922 APPIO
1601 894 1788 922 PULCHRO.

1162 941 1185 966 l.
1202 934 1311 965 Tralles
1323 938 1383 964 veni
1395 947 1418 963 a.
1431 937 1458 963 d.
1472 947 1504 963 vi.
1514 937 1756 964 Kalend.Sextiles.
1778 938 1816 964 lbi
1828 937 1893 964 mihi

1106 982 1208 1012 praesto
1220 976 1269 1003 fuit
1280 976 1309 1002 L.
1322 975 1440 1002 Lucilius
1450 984 1511 1001 curn
1525 975 1617 1001 litteris
1630 975 1813 1009 mandatisque
1825 975 1892 1000 tuis:

1105 1023 1160 1050 quo
1179 1013 1287 1049 quidem
1303 1013 1410 1039 homine
1424 1013 1556 1038 neminem
1574 1013 1682 1046 potuisti
1694 1020 1742 1038 nec
1752 1011 1818 1038 mihi
1829 1013 1896 1038 ami—

1106 1053 1217 1081 ciorem,
1244 1059 1291 1077 nec
1311 1050 1350 1085 (ut
1369 1049 1490 1083 arbitror)
1509 1049 1541 1075 ad
1560 1057 1590 1075 ea
1609 1048 1806 1084 cognoscenda,
1827 1057 1896 1083 quae

1106 1090 1174 1115 scire
1204 1087 1338 1117 volebam,
1369 1087 1496 1122 aptiorem
1522 1086 1753 1121 prudentioremve
1782 1087 1894 1112 mittere.

1106 1127 1163 1162 Ego
1179 1130 1266 1152 autem
1281 1129 1307 1151 et
1317 1129 1376 1150 tuas
1393 1124 1492 1150 litteras
1512 1123 1563 1159 legi
1580 1123 1692 1149 libenter
1706 1128 1731 1149 et
1742 1123 1832 1149 audivi
1844 1123 1897 1149 Lu-

1107 1163 1200 1190 cilium
1220 1162 1372 1197 diligenter.
1413 1161 1503 1191 Nunc.
1525 1161 1650 1196 quoniam
1667 1165 1692 1187 et
1707 1165 1735 1186 tu
1752 1161 1785 1186 ita
1802 1161 1894 1190 sentis.

1106 1201 1212 1237 (scribis
1232 1200 1312 1229 enim,
1330 1206 1398 1234 quae
1415 1198 1448 1224 de
1463 1199 1560 1225 nostris
1575 1198 1670 1224 officiis
1685 1206 1734 1233 ego
1749 1197 1782 1224 ad
1793 1203 1817 1224 te
1831 1199 1897 1224 scri·

1107 1239 1216 1273 pserim,
1240 1237 1291 1263 etsi
1306 1236 1354 1262 tibi
1368 1235 1483 1262 iucunda
1496 1235 1602 1265 fuerint,
1617 1241 1713 1264 tamen.
1725 1235 1851 1270 quoniam
1864 1243 1897 1261 ex

1107 1275 1159 1302 alto
1178 1274 1288 1309 repetita
1303 1274 1369 1305 sint,
1392 1282 1444 1299 non
1464 1273 1610 1299 necessaria
1632 1277 1656 1298 te
1672 1272 1805 1307 putasse3)
1825 1277 1850 1298 et
1871 1280 1897 1298 re

1108 1321 1178 1343 vera,
1200 1311 1353 1338 confirmata
1372 1310 1488 1337 amicitia
1504 1314 1529 1336 et
1544 1315 1681 1345 perspecta
1697 1309 1761 1340 fide,
1781 1317 1898 1336 comme-

1107 1350 1218 1377 moratio
1239 1348 1389 1376 officiorum
1413 1355 1609 1382 supervacanea
1629 1352 1682 1380 est;
1717 1355 1775 1373 eam
1797 1351 1897 1381 partem

1107 1387 1232 1415 orationis
1252 1386 1472 1421 praetermittam:
1495 1385 1543 1411 tibi
1559 1389 1646 1411 tamen
1661 1393 1747 1420 agam,
1764 1389 1793 1410 ut
1803 1383 1896 1415 debeo,

1107 1425 1214 1461 gratias».
1255 1423 1438 1450 Animadverti
1457 1423 1529 1449 enim
1549 1426 1574 1448 et
1589 1421 1671 1448 didici
1682 1430 1715 1448 ex
1726 1422 1779 1448 tuis
1794 1421 1896 1452 litteris.

1108 1468 1133 1489 te
1151 1460 1278 1489 omnibus
1293 1461 1321 1487 in
1336 1460 1416 1486 rebus
1430 1459 1557 1486 habuisse
1569 1459 1705 1490 rationem,
1718 1463 1748 1485 ut
1759 1458 1825 1485 mihi
1835 1467 1900 1485 con-

1108 1499 1211 1526 suleres
1231 1498 1473 1534 praestitueresque
1488 1501 1514 1523 et
1524 1505 1693 1532 praeparares
1703 1495 1900 1531 quodammodo

1108 1537 1206 1567 omnia,
1226 1544 1281 1571 quo
1301 1543 1359 1561 mea
1378 1535 1444 1561 ratio
1459 1533 1562 1561 facilior
1571 1539 1597 1560 et
1607 1533 1718 1561 solutior
1728 1541 1788 1560 esse
1798 1537 1897 1568 posset.

1108 1576 1133 1601 2.
1159 1574 1212 1600 Hoc
1233 1578 1309 1599 tuum
1325 1571 1444 1598 officium
1458 1580 1544 1606 quum
1560 1570 1626 1598 mihi
1641 1571 1824 1606 gratissimum
1840 1577 1900 1596 esse

1108 1611 1205 1642 dicam,
1229 1610 1351 1645 sequitur
1371 1608 1449 1639 illud,
1466 1613 1495 1635 ut
1510 1613 1534 1634 te
1548 1609 1702 1634 existimare
1717 1607 1812 1637 velim.
1831 1607 1899 1633 mihi

1108 1656 1219 1684 magnae
1237 1655 1316 1673 curae
1331 1645 1385 1672 fore
1395 1651 1475 1681 atque
1485 1653 1544 1672 esse
1555 1646 1617 1676 iam,
1634 1645 1751 1679 primum
1764 1649 1793 1670 ut
1803 1645 1860 1679 ipse
1871 1649 1899 1670 tu

1109 1686 1202 1720 tuique
1221 1692 1322 1715 omnes,
1345 1682 1442 1709 deinde
1456 1687 1485 1709 ut
1500 1682 1579 1708 etiam
1594 1681 1690 1717 reliqui
1706 1682 1774 1708 scire
1786 1682 1897 1716 possint,

1109 1731 1151 1749 nie
1172 1722 1219 1748 tibi
1233 1729 1293 1747 esse
1307 1721 1512 1747 amicissimum.
1551 1718 1628 1751 Quod
1638 1719 1739 1754 quibus
1749 1718 1837 1746 adhuc
1847 1727 1900 1745 non

1109 1760 1173 1786 satis
1194 1763 1234 1786 est
1253 1762 1438 1793 perspectum,
1460 1757 1478 1783 ii
1500 1756 1567 1783 mihi
1583 1756 1652 1783 nolle
1667 1756 1767 1792 magis,
1787 1764 1835 1783 nos
1851 1755 1900 1782 hoc

1109 1797 1198 1823 animo
1208 1804 1275 1827 esse,
1288 1803 1370 1830 quam
1381 1803 1433 1821 non
1443 1793 1593 1830 intelligere
1602 1793 1736 1820 videntur.
1776 1792 1828 1820 Sed
1839 1801 1901 1828 pro-

1110 1834 1178 1861 fecto
1195 1832 1358 1868 intelligent3
1390 1840 1477 1867 neque
1492 1832 1563 1858 enim
1579 1831 1701 1857 obscuris
1716 1831 1836 1865 personis
1853 1838 1901 1857 nec

1110 1871 1199 1907 parvis
1219 1871 1247 1897 in
1262 1870 1366 1896 caussis
1380 1878 1423 1896 res
1434 1873 1536 1904 agetur.
1577 1868 1630 1895 Sed
1646 1868 1710 1894 haec
1723 1867 1780 1894 fieri
1791 1867 1898 1899 melius,

1109 1917 1190 1944 quam
1206 1908 1258 1934 dici
1277 1912 1323 1934 aut
1335 1907 1417 1933 scribi
1428 1905 1497 1932 volo.
1519 1907 1544 1931 3.
1556 1904 1633 1938 Quod
1643 1906 1769 1932 itinerum
1781 1913 1900 1931 meorum

1110 1947 1177 1973 ratio
1196 1950 1220 1972 te
1240 1944 1396 1971 nonnullam
1410 1944 1439 1970 in
1453 1943 1646 1970 dubitationem
1662 1942 1768 1969 videtur
1785 1941 1901 1969 adduce-

1109 1992 1146 2015 re,
1160 1983 1304 2009 visurusne
1315 1990 1358 2008 me
1369 1982 1407 2007 sis
1418 1982 1446 2007 in
1457 1981 1607 2015 provincia;
1629 1988 1659 2006 ea
1670 1988 1712 2006 res
1722 1980 1761 2006 sic
1771 1987 1800 2006 se
1810 1978 1899 2006 habet.

1109 2020 1245 2047 Brundisii
1258 2028 1344 2055 quum
1356 2018 1477 2053 loquerer
1487 2026 1549 2044 cum
1559 2018 1668 2047 Phania,
1683 2016 1777 2044 liberto
1787 2021 1842 2047 tuo,
1854 2024 1902 2043 ve-

1109 2059 1137 2085 ni
1152 2059 1180 2084 in
1195 2066 1256 2084 eum
1271 2064 1430 2087 sermonem,
1443 2060 1473 2081 ut
1485 2055 1609 2085 dicerem,
1624 2054 1736 2081 libenter
1746 2062 1788 2080 me
1799 2053 1832 2080 ad
1842 2061 1900 2080 eam

1110 2100 1210 2131 partem
1221 2094 1372 2129 provinciae
1382 2093 1500 2128 primum
1508 2100 1567 2119 esse
1578 2096 1729 2122 venturum.
1742 2099 1797 2126 quo
1809 2095 1835 2117 te
1845 2099 1902 2117 ma-

1110 2133 1183 2160 xime
1194 2131 1263 2159 velle
1273 2131 1424 2157 arbitrarer.
1446 2130 1521 2156 Tunc
1533 2129 1601 2156 mihi
1613 2128 1659 2156 ille
1670 2127 1902 2163 dixit.quodclas·

1109 2179 1138 2197 se
1153 2174 1183 2196 tu
1197 2168 1278 2195 velles
1292 2168 1429 2198 decedere,
1446 2175 1492 2202 per
1506 2166 1561 2194 fore
1570 2165 1796 2193 accommodatum
1807 2164 1864 2196 tibi,
1877 2165 1902 2192 si

1110 2207 1144 2234 ad
1161 2206 1262 2237 Sidam.
1280 2205 1471 2242 *[maritimam
1490 2209 1591 2239 partem
1606 2200 1769 2238 provinciae]
1786 2201 1901 2229 navibus

1109 2244 1292 2271 accessissem.
1312 2243 1374 2269 Dixi
1384 2251 1427 2269 me
1437 2249 1496 2268 esse
1507 2241 1652 2268 facturum:
1670 2241 1759 2275 itaque
1765 2239 1899 2270 fecissem,

1110 2282 1163 2309 nisi
1179 2281 1246 2307 mihi
1257 2281 1287 2307 L.
1299 2280 1409 2307 Clodius
1419 2283 1507 2306 noster
1517 2278 1644 2314 Corcyrae
1654 2277 1777 2307 dixisset,
1789 2276 1901 2303 minime

1110 2319 1137 2346 id
1147 2327 1207 2345 esse
1216 2317 1381 2344 faciendum:
1404 2321 1430 2343 te
1440 2315 1581 2342 Laodiceae
1592 2315 1646 2341 fore
1656 2313 1689 2340 ad
1700 2322 1791 2340 meum
1801 2313 1903 2340 adven-

1111 2361 1178 2383 tum.
1206 2356 1270 2382 Erat
1283 2355 1312 2381 id
1327 2354 1394 2381 mihi
1408 2353 1494 2380 multo
1506 2353 1616 2380 brevius
1635 2351 1772 2386 multoque
1783 2359 1902 2378 commo-

1110 2393 1180 2424 dius,
1197 2401 1282 2428 quum
1298 2392 1453 2427 praesertim
1469 2390 1539 2417 teita
1549 2388 1628 2416 malle
1639 2389 1786 2415 arbitrarer.
1807 2389 1832 2415 4.
1844 2388 1902 2415 Tun

1110 2431 1176 2457 ratio
1186 2435 1275 2465 postea
1285 2434 1326 2456 est
1335 2432 1503 2456 commutata.
1524 2427 1610 2457 Nunc,
1621 2425 1689 2461 quid
1700 2425 1756 2452 fieri
1766 2425 1859 2460 possit,
1871 2429 1900 2452 tu

1111 2467 1237 2494 facillime
1246 2471 1357 2493 statues.
1377 2466 1434 2501 Ego
1443 2464 1491 2492 tibi
1501 2472 1592 2490 meum
1603 2463 1746 2490 consilium
1757 2471 1898 2498 exponam.

1110 2505 1199 2532 Pridie
1216 2503 1275 2531 Kal.
1296 2503 1390 2531 Sextii.
1410 2506 1476 2537 puto
1489 2509 1532 2527 me
1546 2500 1688 2527 Laodiceae
1701 2500 1769 2527 fore:
1789 2500 1829 2526 ibi
1839 2507 1900 2534 per-

1111 2551 1210 2577 paucos
1221 2541 1287 2572 dies,
1299 2541 1365 2567 dum
1376 2539 1488 2575 pecunia
1497 2538 1635 2572 accipitur,
1648 2545 1717 2572 quae
1727 2536 1795 2563 mihi
1805 2544 1839 2563 ex
1847 2545 1900 2571 pu-

1111 2579 1180 2606 blica
1191 2579 1384 2614 permutatione
1393 2576 1514 2606 debetur,
1527 2575 1718 2602 commorabor.
1740 2573 1840 2600 Deinde
1849 2574 1900 2600 iter

1113 2615 1207 2643 faciam
1227 2615 1261 2642 ad
1279 2615 1433 2644 exercitum,
1455 2616 1485 2639 ut
1499 2613 1602 2640 circiter
1617 2611 1680 2639 Idus
1691 2610 1784 2638 Sextii.
1806 2614 1898 2646 putem
1934 2642 1941 2646 <
