<?xml version="1.0" encoding="UTF-8"?>
<!DOCTYPE html PUBLIC "-//W3C//DTD XHTML 1.0 Transitional//EN"
    "http://www.w3.org/TR/xhtml1/DTD/xhtml1-transitional.dtd">
<html xmlns="http://www.w3.org/1999/xhtml" xml:lang="en" lang="en">
 <head>
  <title>
</title>
<meta http-equiv="Content-Type" content="text/html;charset=utf-8" />
  <meta name='ocr-system' content='tesseract 3.04.00' />
  <meta name='ocr-capabilities' content='ocr_page ocr_carea ocr_par ocr_line ocrx_word'/>
</head>
<body>
  <div class='ocr_page' id='page_1' title='image "./operaomniaunovol00ciceuoft_0039.png"; bbox 0 0 1941 3052; ppageno 0'>
   <div class='ocr_carea' id='block_1_1' title="bbox 219 156 1665 187">
    <p class='ocr_par' dir='ltr' id='par_1_1' title="bbox 219 156 1665 187">
     <span class='ocr_line' id='line_1_1' title="bbox 219 156 1665 187; baseline 0.003 -6"><span class='ocrx_word' id='word_1_1' title='bbox 219 156 919 183; x_wconf 68' lang='lat' dir='ltr'>ADHERENNIUMLIR11.CAP.</span> <span class='ocrx_word' id='word_1_2' title='bbox 957 159 1481 185; x_wconf 68' lang='lat' dir='ltr'>26—21.1.1B.111.CAP.‹.</span> <span class='ocrx_word' id='word_1_3' title='bbox 1635 164 1665 187; x_wconf 69' lang='lat'>15</span> 
     </span>
    </p>
   </div>
   <div class='ocr_carea' id='block_1_2' title="bbox 25 226 854 2225">
    <p class='ocr_par' dir='ltr' id='par_1_2' title="bbox 34 226 853 413">
     <span class='ocr_line' id='line_1_2' title="bbox 34 226 852 263; baseline 0 -11"><span class='ocrx_word' id='word_1_4' title='bbox 34 230 107 263; x_wconf 85' lang='lat' dir='ltr'>guat,</span> <span class='ocrx_word' id='word_1_5' title='bbox 128 226 263 252; x_wconf 87' lang='lat' dir='ltr'>hominem</span> <span class='ocrx_word' id='word_1_6' title='bbox 280 226 418 257; x_wconf 87' lang='lat' dir='ltr'>occidisse,</span> <span class='ocrx_word' id='word_1_7' title='bbox 438 231 464 252; x_wconf 87' lang='lat' dir='ltr'>et</span> <span class='ocrx_word' id='word_1_8' title='bbox 480 230 623 261; x_wconf 79' lang='lat' dir='ltr'>antequam</span> <span class='ocrx_word' id='word_1_9' title='bbox 637 227 701 252; x_wconf 89' lang='lat' dir='ltr'>satis</span> <span class='ocrx_word' id='word_1_10' title='bbox 714 227 823 253; x_wconf 90' lang='lat' dir='ltr'>idoneas</span> <span class='ocrx_word' id='word_1_11' title='bbox 843 227 852 259; x_wconf 46' lang='lat' dir='ltr'>ll,</span> 
     </span>
     <span class='ocr_line' id='line_1_3' title="bbox 35 249 853 309; baseline 0 -19"><span class='ocrx_word' id='word_1_12' title='bbox 35 265 275 300; x_wconf 74' lang='lat' dir='ltr'><strong>argumentationes</strong></span> <span class='ocrx_word' id='word_1_13' title='bbox 298 263 422 294; x_wconf 87' lang='lat' dir='ltr'>attulerit,</span> <span class='ocrx_word' id='word_1_14' title='bbox 443 267 540 298; x_wconf 79' lang='lat' dir='ltr'>augeat</span> <span class='ocrx_word' id='word_1_15' title='bbox 553 268 690 298; x_wconf 89' lang='lat' dir='ltr'>peccatum</span> <span class='ocrx_word' id='word_1_16' title='bbox 705 269 730 290; x_wconf 91' lang='lat' dir='ltr'>et</span> <span class='ocrx_word' id='word_1_17' title='bbox 743 264 820 295; x_wconf 87' lang='lat' dir='ltr'>dicat,</span> <span class='ocrx_word' id='word_1_18' title='bbox 843 249 853 309; x_wconf 32' lang='lat' dir='ltr'>ll</span> 
     </span>
     <span class='ocr_line' id='line_1_4' title="bbox 35 288 853 336; baseline -0.002 -8"><span class='ocrx_word' id='word_1_19' title='bbox 35 301 101 328; x_wconf 88' lang='lat' dir='ltr'>nihil</span> <span class='ocrx_word' id='word_1_20' title='bbox 115 300 254 336; x_wconf 76' lang='lat' dir='ltr'>indignius</span> <span class='ocrx_word' id='word_1_21' title='bbox 268 309 335 331; x_wconf 82' lang='lat' dir='ltr'>esse,</span> <span class='ocrx_word' id='word_1_22' title='bbox 352 309 433 335; x_wconf 91' lang='lat' dir='ltr'>quam</span> <span class='ocrx_word' id='word_1_23' title='bbox 448 300 582 326; x_wconf 88' lang='lat' dir='ltr'>hominem</span> <span class='ocrx_word' id='word_1_24' title='bbox 598 301 725 327; x_wconf 84' lang='lat' dir='ltr'>occidere.</span> <span class='ocrx_word' id='word_1_25' title='bbox 766 302 823 327; x_wconf 90' lang='lat' dir='ltr'>Non</span> <span class='ocrx_word' id='word_1_26' title='bbox 843 288 853 330; x_wconf 60' lang='lat' dir='ltr'>l&lt;</span> 
     </span>
     <span class='ocr_line' id='line_1_5' title="bbox 34 337 853 373; baseline 0.001 -9"><span class='ocrx_word' id='word_1_27' title='bbox 34 339 114 369; x_wconf 89' lang='lat' dir='ltr'>enim,</span> <span class='ocrx_word' id='word_1_28' title='bbox 130 342 220 364; x_wconf 90' lang='lat' dir='ltr'>utrum</span> <span class='ocrx_word' id='word_1_29' title='bbox 233 338 375 373; x_wconf 86' lang='lat' dir='ltr'>indignum</span> <span class='ocrx_word' id='word_1_30' title='bbox 390 338 424 364; x_wconf 89' lang='lat' dir='ltr'>sit</span> <span class='ocrx_word' id='word_1_31' title='bbox 437 346 470 364; x_wconf 90' lang='lat' dir='ltr'>an</span> <span class='ocrx_word' id='word_1_32' title='bbox 484 346 545 369; x_wconf 88' lang='lat' dir='ltr'>non,</span> <span class='ocrx_word' id='word_1_33' title='bbox 574 338 621 364; x_wconf 89' lang='lat' dir='ltr'>sed</span> <span class='ocrx_word' id='word_1_34' title='bbox 634 337 768 364; x_wconf 86' lang='lat' dir='ltr'>factumne</span> <span class='ocrx_word' id='word_1_35' title='bbox 790 339 825 364; x_wconf 90' lang='lat' dir='ltr'>sit</span> <span class='ocrx_word' id='word_1_36' title='bbox 844 339 853 365; x_wconf 61' lang='lat' dir='ltr'>:l</span> 
     </span>
     <span class='ocr_line' id='line_1_6' title="bbox 34 369 853 413; baseline 0 -11"><span class='ocrx_word' id='word_1_37' title='bbox 34 376 179 411; x_wconf 87' lang='lat' dir='ltr'>quaeritur.</span> <span class='ocrx_word' id='word_1_38' title='bbox 844 369 853 413; x_wconf 64' lang='lat' dir='ltr'>l</span> 
     </span>
    </p>

    <p class='ocr_par' dir='ltr' id='par_1_3' title="bbox 33 412 854 664">
     <span class='ocr_line' id='line_1_7' title="bbox 89 412 853 450; baseline -0.001 -11"><span class='ocrx_word' id='word_1_39' title='bbox 89 412 244 447; x_wconf 81' lang='lat' dir='ltr'>Complexio</span> <span class='ocrx_word' id='word_1_40' title='bbox 258 413 352 439; x_wconf 87' lang='lat' dir='ltr'>vitiosa</span> <span class='ocrx_word' id='word_1_41' title='bbox 365 417 414 443; x_wconf 86' lang='lat' dir='ltr'>est,</span> <span class='ocrx_word' id='word_1_42' title='bbox 430 421 498 447; x_wconf 86' lang='lat' dir='ltr'>quae</span> <span class='ocrx_word' id='word_1_43' title='bbox 513 420 574 443; x_wconf 91' lang='lat' dir='ltr'>non,</span> <span class='ocrx_word' id='word_1_44' title='bbox 590 416 620 438; x_wconf 92' lang='lat' dir='ltr'>ut</span> <span class='ocrx_word' id='word_1_45' title='bbox 633 412 759 447; x_wconf 84' lang='lat' dir='ltr'>quodque</span> <span class='ocrx_word' id='word_1_46' title='bbox 770 413 825 447; x_wconf 89' lang='lat' dir='ltr'>pri-</span> <span class='ocrx_word' id='word_1_47' title='bbox 844 416 853 450; x_wconf 56' lang='lat' dir='ltr'>{l</span> 
     </span>
     <span class='ocr_line' id='line_1_8' title="bbox 34 449 853 485; baseline -0.001 -9"><span class='ocrx_word' id='word_1_48' title='bbox 34 459 109 476; x_wconf 92' lang='lat' dir='ltr'>mum</span> <span class='ocrx_word' id='word_1_49' title='bbox 127 450 229 476; x_wconf 86' lang='lat' dir='ltr'>dictum</span> <span class='ocrx_word' id='word_1_50' title='bbox 244 455 292 481; x_wconf 85' lang='lat' dir='ltr'>est,</span> <span class='ocrx_word' id='word_1_51' title='bbox 308 450 427 485; x_wconf 92' lang='lat' dir='ltr'>primum</span> <span class='ocrx_word' id='word_1_52' title='bbox 440 449 633 484; x_wconf 82' lang='lat' dir='ltr'>complectitur,</span> <span class='ocrx_word' id='word_1_53' title='bbox 650 454 675 475; x_wconf 91' lang='lat' dir='ltr'>et</span> <span class='ocrx_word' id='word_1_54' title='bbox 689 458 757 484; x_wconf 85' lang='lat' dir='ltr'>quae</span> <span class='ocrx_word' id='word_1_55' title='bbox 772 459 824 476; x_wconf 90' lang='lat' dir='ltr'>non</span> <span class='ocrx_word' id='word_1_56' title='bbox 844 451 853 483; x_wconf 52' lang='lat' dir='ltr'>l,</span> 
     </span>
     <span class='ocr_line' id='line_1_9' title="bbox 34 486 854 526; baseline -0.002 -12"><span class='ocrx_word' id='word_1_57' title='bbox 34 487 149 514; x_wconf 88' lang='lat' dir='ltr'>breviter</span> <span class='ocrx_word' id='word_1_58' title='bbox 162 487 305 518; x_wconf 82' lang='lat' dir='ltr'>concludit,</span> <span class='ocrx_word' id='word_1_59' title='bbox 322 492 347 513; x_wconf 88' lang='lat' dir='ltr'>et</span> <span class='ocrx_word' id='word_1_60' title='bbox 360 496 429 522; x_wconf 87' lang='lat' dir='ltr'>quae</span> <span class='ocrx_word' id='word_1_61' title='bbox 443 495 495 513; x_wconf 92' lang='lat' dir='ltr'>non</span> <span class='ocrx_word' id='word_1_62' title='bbox 509 495 543 513; x_wconf 81' lang='lat' dir='ltr'>ex</span> <span class='ocrx_word' id='word_1_63' title='bbox 556 487 754 513; x_wconf 80' lang='lat' dir='ltr'>enumeratione</span> <span class='ocrx_word' id='word_1_64' title='bbox 768 496 824 513; x_wconf 88' lang='lat' dir='ltr'>cer-</span> <span class='ocrx_word' id='word_1_65' title='bbox 844 486 854 526; x_wconf 61' lang='lat' dir='ltr'>ll</span> 
     </span>
     <span class='ocr_line' id='line_1_10' title="bbox 35 524 853 559; baseline -0.001 -8"><span class='ocrx_word' id='word_1_66' title='bbox 35 529 90 551; x_wconf 88' lang='lat' dir='ltr'>tum</span> <span class='ocrx_word' id='word_1_67' title='bbox 114 529 140 551; x_wconf 88' lang='lat' dir='ltr'>et</span> <span class='ocrx_word' id='word_1_68' title='bbox 160 529 284 551; x_wconf 76' lang='lat' dir='ltr'>constans</span> <span class='ocrx_word' id='word_1_69' title='bbox 307 524 409 559; x_wconf 91' lang='lat' dir='ltr'>aliquid</span> <span class='ocrx_word' id='word_1_70' title='bbox 432 524 571 558; x_wconf 84' lang='lat' dir='ltr'>relinquit,</span> <span class='ocrx_word' id='word_1_71' title='bbox 596 529 627 550; x_wconf 93' lang='lat' dir='ltr'>ut</span> <span class='ocrx_word' id='word_1_72' title='bbox 648 524 821 559; x_wconf 74' lang='lat' dir='ltr'>intelligatur,</span> <span class='ocrx_word' id='word_1_73' title='bbox 845 527 853 542; x_wconf 62' lang='lat'>&#39;¹</span> 
     </span>
     <span class='ocr_line' id='line_1_11' title="bbox 33 561 846 597; baseline -0.001 -9"><span class='ocrx_word' id='word_1_74' title='bbox 33 562 99 597; x_wconf 89' lang='lat' dir='ltr'>quid</span> <span class='ocrx_word' id='word_1_75' title='bbox 118 563 283 596; x_wconf 87' lang='lat' dir='ltr'>propositum</span> <span class='ocrx_word' id='word_1_76' title='bbox 301 562 329 588; x_wconf 92' lang='lat' dir='ltr'>in</span> <span class='ocrx_word' id='word_1_77' title='bbox 348 562 574 597; x_wconf 80' lang='lat' dir='ltr'>argumentatione</span> <span class='ocrx_word' id='word_1_78' title='bbox 588 562 631 593; x_wconf 90' lang='lat' dir='ltr'>sit,</span> <span class='ocrx_word' id='word_1_79' title='bbox 647 561 714 596; x_wconf 90' lang='lat' dir='ltr'>quid</span> <span class='ocrx_word' id='word_1_80' title='bbox 728 562 824 587; x_wconf 86' lang='lat' dir='ltr'>deinde</span> <span class='ocrx_word' id='word_1_81' title='bbox 844 573 846 593; x_wconf 49' lang='lat' dir='ltr'>,x</span> 
     </span>
     <span class='ocr_line' id='line_1_12' title="bbox 34 594 853 635; baseline -0.001 -9"><span class='ocrx_word' id='word_1_82' title='bbox 34 600 141 630; x_wconf 88' lang='lat' dir='ltr'>ratione,</span> <span class='ocrx_word' id='word_1_83' title='bbox 157 599 223 634; x_wconf 88' lang='lat' dir='ltr'>quid</span> <span class='ocrx_word' id='word_1_84' title='bbox 237 599 442 630; x_wconf 86' lang='lat' dir='ltr'>confirmatione,</span> <span class='ocrx_word' id='word_1_85' title='bbox 458 598 525 633; x_wconf 91' lang='lat' dir='ltr'>quid</span> <span class='ocrx_word' id='word_1_86' title='bbox 534 603 586 625; x_wconf 88' lang='lat' dir='ltr'>tota</span> <span class='ocrx_word' id='word_1_87' title='bbox 596 600 824 635; x_wconf 76' lang='lat' dir='ltr'>argumentatione</span> <span class='ocrx_word' id='word_1_88' title='bbox 844 594 853 632; x_wconf 64' lang='lat' dir='ltr'>ll</span> 
     </span>
     <span class='ocr_line' id='line_1_13' title="bbox 33 637 251 664; baseline -0.005 0"><span class='ocrx_word' id='word_1_89' title='bbox 33 637 251 664; x_wconf 87' lang='lat' dir='ltr'>demonstratum.</span> 
     </span>
    </p>

    <p class='ocr_par' dir='ltr' id='par_1_4' title="bbox 25 672 851 2131">
     <span class='ocr_line' id='line_1_14' title="bbox 88 672 823 708; baseline 0 -8"><span class='ocrx_word' id='word_1_90' title='bbox 88 675 177 700; x_wconf 78' lang='lat' dir='ltr'>XXX.</span> <span class='ocrx_word' id='word_1_91' title='bbox 194 675 234 700; x_wconf 80' lang='lat'>47.</span> <span class='ocrx_word' id='word_1_92' title='bbox 254 672 453 703; x_wconf 87' lang='lat' dir='ltr'>Conclusiones‚</span> <span class='ocrx_word' id='word_1_93' title='bbox 473 681 541 708; x_wconf 88' lang='lat' dir='ltr'>quae</span> <span class='ocrx_word' id='word_1_94' title='bbox 555 672 626 708; x_wconf 86' lang='lat' dir='ltr'>apud</span> <span class='ocrx_word' id='word_1_95' title='bbox 641 673 754 700; x_wconf 88' lang='lat' dir='ltr'>Graecos</span> <span class='ocrx_word' id='word_1_96' title='bbox 769 675 823 700; x_wconf 78' lang='grc' dir='ltr'><em>ἐπί-</em></span> 
     </span>
     <span class='ocr_line' id='line_1_15' title="bbox 33 710 824 748; baseline 0 -11"><span class='ocrx_word' id='word_1_97' title='bbox 33 713 106 748; x_wconf 76' lang='grc' dir='ltr'><em>λογοι</em></span> <span class='ocrx_word' id='word_1_98' title='bbox 124 712 302 742; x_wconf 83' lang='lat' dir='ltr'>nominantur,</span> <span class='ocrx_word' id='word_1_99' title='bbox 319 710 463 744; x_wconf 80' lang='lat' dir='ltr'>tripartitae</span> <span class='ocrx_word' id='word_1_100' title='bbox 477 715 549 736; x_wconf 90' lang='lat' dir='ltr'>sunt.</span> <span class='ocrx_word' id='word_1_101' title='bbox 576 711 642 736; x_wconf 89' lang='lat' dir='ltr'>Nam</span> <span class='ocrx_word' id='word_1_102' title='bbox 657 716 777 737; x_wconf 86' lang='lat' dir='ltr'>constant</span> <span class='ocrx_word' id='word_1_103' title='bbox 791 720 824 737; x_wconf 78' lang='lat' dir='ltr'>ex</span> 
     </span>
     <span class='ocr_line' id='line_1_16' title="bbox 33 747 851 785; baseline -0.001 -10"><span class='ocrx_word' id='word_1_104' title='bbox 33 749 237 780; x_wconf 85' lang='lat' dir='ltr'>enumeratione,</span> <span class='ocrx_word' id='word_1_105' title='bbox 254 747 457 783; x_wconf 89' lang='lat' dir='ltr'>amplificatione</span> <span class='ocrx_word' id='word_1_106' title='bbox 471 753 496 774; x_wconf 90' lang='lat' dir='ltr'>et</span> <span class='ocrx_word' id='word_1_107' title='bbox 510 748 747 774; x_wconf 80' lang='lat' dir='ltr'>commiseratione.</span> <span class='ocrx_word' id='word_1_108' title='bbox 785 748 822 785; x_wconf 90' lang='lat' dir='ltr'>[In</span> <span class='ocrx_word' id='word_1_109' title='bbox 850 761 851 781; x_wconf 68' lang='lat' dir='ltr'>l</span> 
     </span>
     <span class='ocr_line' id='line_1_17' title="bbox 32 785 844 825; baseline 0 -13"><span class='ocrx_word' id='word_1_110' title='bbox 32 790 156 821; x_wconf 86' lang='lat' dir='ltr'>quattuor</span> <span class='ocrx_word' id='word_1_111' title='bbox 169 785 233 812; x_wconf 88' lang='lat' dir='ltr'>locis</span> <span class='ocrx_word' id='word_1_112' title='bbox 247 786 286 812; x_wconf 90' lang='lat' dir='ltr'>uti</span> <span class='ocrx_word' id='word_1_113' title='bbox 300 794 444 820; x_wconf 87' lang='lat' dir='ltr'>possumus</span> <span class='ocrx_word' id='word_1_114' title='bbox 459 785 690 811; x_wconf 85' lang='lat' dir='ltr'>conclusionibus:</span> <span class='ocrx_word' id='word_1_115' title='bbox 707 786 734 812; x_wconf 89' lang='lat' dir='ltr'>in</span> <span class='ocrx_word' id='word_1_116' title='bbox 748 787 823 820; x_wconf 92' lang='lat' dir='ltr'>prin-</span> <span class='ocrx_word' id='word_1_117' title='bbox 842 820 844 825; x_wconf 26' lang='lat' dir='ltr'>y</span> 
     </span>
     <span class='ocr_line' id='line_1_18' title="bbox 31 822 851 858; baseline -0.001 -9"><span class='ocrx_word' id='word_1_118' title='bbox 31 824 109 858; x_wconf 90' lang='lat' dir='ltr'>cipio,</span> <span class='ocrx_word' id='word_1_119' title='bbox 121 823 271 849; x_wconf 88' lang='lat' dir='ltr'>secundum</span> <span class='ocrx_word' id='word_1_120' title='bbox 282 823 466 853; x_wconf 80' lang='lat' dir='ltr'>narrationem,</span> <span class='ocrx_word' id='word_1_121' title='bbox 479 822 629 848; x_wconf 90' lang='lat' dir='ltr'>secundum</span> <span class='ocrx_word' id='word_1_122' title='bbox 640 822 821 849; x_wconf 83' lang='lat' dir='ltr'>firmissimam</span> <span class='ocrx_word' id='word_1_123' title='bbox 843 826 851 848; x_wconf 50' lang='grc' dir='ltr'><em>Δ</em></span> 
     </span>
     <span class='ocr_line' id='line_1_19' title="bbox 32 858 819 896; baseline 0.001 -10"><span class='ocrx_word' id='word_1_124' title='bbox 32 861 295 896; x_wconf 81' lang='lat' dir='ltr'>argumentationem,</span> <span class='ocrx_word' id='word_1_125' title='bbox 315 861 342 886; x_wconf 94' lang='lat' dir='ltr'>in</span> <span class='ocrx_word' id='word_1_126' title='bbox 361 858 552 896; x_wconf 58' lang='lat' dir='ltr'>conclusione]</span> <span class='ocrx_word' id='word_1_127' title='bbox 585 860 757 887; x_wconf 85' lang='lat' dir='ltr'>Enumeratio</span> <span class='ocrx_word' id='word_1_128' title='bbox 771 865 819 891; x_wconf 85' lang='lat' dir='ltr'>est,</span> 
     </span>
     <span class='ocr_line' id='line_1_20' title="bbox 31 897 822 933; baseline 0.001 -10"><span class='ocrx_word' id='word_1_129' title='bbox 31 906 77 933; x_wconf 88' lang='lat' dir='ltr'>per</span> <span class='ocrx_word' id='word_1_130' title='bbox 90 906 171 933; x_wconf 88' lang='lat' dir='ltr'>quam</span> <span class='ocrx_word' id='word_1_131' title='bbox 185 897 337 933; x_wconf 88' lang='lat' dir='ltr'>colligimus</span> <span class='ocrx_word' id='word_1_132' title='bbox 356 901 380 923; x_wconf 87' lang='lat' dir='ltr'>et</span> <span class='ocrx_word' id='word_1_133' title='bbox 393 905 603 929; x_wconf 87' lang='lat' dir='ltr'>commonemus,</span> <span class='ocrx_word' id='word_1_134' title='bbox 619 898 720 933; x_wconf 86' lang='lat' dir='ltr'>quibus</span> <span class='ocrx_word' id='word_1_135' title='bbox 735 898 766 924; x_wconf 88' lang='lat' dir='ltr'>de</span> <span class='ocrx_word' id='word_1_136' title='bbox 781 907 822 924; x_wconf 92' lang='lat' dir='ltr'>re-</span> 
     </span>
     <span class='ocr_line' id='line_1_21' title="bbox 30 935 822 967; baseline 0.001 -6"><span class='ocrx_word' id='word_1_137' title='bbox 30 935 82 962; x_wconf 90' lang='lat' dir='ltr'>bus</span> <span class='ocrx_word' id='word_1_138' title='bbox 101 935 180 962; x_wconf 91' lang='lat' dir='ltr'>verba</span> <span class='ocrx_word' id='word_1_139' title='bbox 194 935 346 966; x_wconf 81' lang='lat' dir='ltr'>fecerimus,</span> <span class='ocrx_word' id='word_1_140' title='bbox 366 935 489 966; x_wconf 86' lang='lat' dir='ltr'>breviter,</span> <span class='ocrx_word' id='word_1_141' title='bbox 505 939 535 962; x_wconf 91' lang='lat' dir='ltr'>ut</span> <span class='ocrx_word' id='word_1_142' title='bbox 548 940 697 967; x_wconf 90' lang='lat' dir='ltr'>renovetur,</span> <span class='ocrx_word' id='word_1_143' title='bbox 715 945 766 962; x_wconf 93' lang='lat' dir='ltr'>non</span> <span class='ocrx_word' id='word_1_144' title='bbox 780 944 822 962; x_wconf 84' lang='lat' dir='ltr'>re-</span> 
     </span>
     <span class='ocr_line' id='line_1_22' title="bbox 31 972 818 1008; baseline 0.001 -10"><span class='ocrx_word' id='word_1_145' title='bbox 31 972 196 1008; x_wconf 87' lang='lat' dir='ltr'>dintegretur</span> <span class='ocrx_word' id='word_1_146' title='bbox 213 973 308 1004; x_wconf 80' lang='lat' dir='ltr'>orati03</span> <span class='ocrx_word' id='word_1_147' title='bbox 337 977 362 999; x_wconf 89' lang='lat' dir='ltr'>et</span> <span class='ocrx_word' id='word_1_148' title='bbox 379 972 480 1004; x_wconf 81' lang='lat' dir='ltr'>ordine,</span> <span class='ocrx_word' id='word_1_149' title='bbox 500 973 631 1008; x_wconf 87' lang='lat' dir='ltr'>quicquid</span> <span class='ocrx_word' id='word_1_150' title='bbox 645 973 694 999; x_wconf 90' lang='lat' dir='ltr'>erit</span> <span class='ocrx_word' id='word_1_151' title='bbox 707 973 818 1004; x_wconf 86' lang='lat' dir='ltr'>dictum,</span> 
     </span>
     <span class='ocr_line' id='line_1_23' title="bbox 30 1009 821 1041; baseline 0 -5"><span class='ocrx_word' id='word_1_152' title='bbox 30 1009 185 1041; x_wconf 86' lang='lat' dir='ltr'>referamus,</span> <span class='ocrx_word' id='word_1_153' title='bbox 205 1014 235 1036; x_wconf 87' lang='lat' dir='ltr'>ut</span> <span class='ocrx_word' id='word_1_154' title='bbox 254 1009 370 1040; x_wconf 78' lang='lat' dir='ltr'>auditor,</span> <span class='ocrx_word' id='word_1_155' title='bbox 392 1010 415 1035; x_wconf 90' lang='lat' dir='ltr'>si</span> <span class='ocrx_word' id='word_1_156' title='bbox 434 1011 576 1036; x_wconf 86' lang='lat' dir='ltr'>memoriae</span> <span class='ocrx_word' id='word_1_157' title='bbox 594 1010 767 1038; x_wconf 81' lang='lat' dir='ltr'>mandaverit.</span> <span class='ocrx_word' id='word_1_158' title='bbox 789 1011 821 1037; x_wconf 92' lang='lat' dir='ltr'>ad</span> 
     </span>
     <span class='ocr_line' id='line_1_24' title="bbox 31 1047 850 1082; baseline 0.001 -9"><span class='ocrx_word' id='word_1_159' title='bbox 31 1047 66 1078; x_wconf 91' lang='lat' dir='ltr'>id,</span> <span class='ocrx_word' id='word_1_160' title='bbox 82 1047 154 1082; x_wconf 90' lang='lat' dir='ltr'>quod</span> <span class='ocrx_word' id='word_1_161' title='bbox 164 1047 222 1082; x_wconf 91' lang='lat' dir='ltr'>ipse</span> <span class='ocrx_word' id='word_1_162' title='bbox 233 1047 391 1078; x_wconf 90' lang='lat' dir='ltr'>meminerit,</span> <span class='ocrx_word' id='word_1_163' title='bbox 405 1047 555 1073; x_wconf 82' lang='lat' dir='ltr'>reducatur.</span> <span class='ocrx_word' id='word_1_164' title='bbox 571 1049 599 1074; x_wconf 93' lang='lat' dir='ltr'>In</span> <span class='ocrx_word' id='word_1_165' title='bbox 610 1056 662 1082; x_wconf 92' lang='lat' dir='ltr'>qua</span> <span class='ocrx_word' id='word_1_166' title='bbox 672 1048 820 1074; x_wconf 88' lang='lat' dir='ltr'>curandum</span> <span class='ocrx_word' id='word_1_167' title='bbox 848 1054 850 1072; x_wconf 81' lang='lat'>1</span> 
     </span>
     <span class='ocr_line' id='line_1_25' title="bbox 30 1084 850 1120; baseline 0.001 -10"><span class='ocrx_word' id='word_1_168' title='bbox 30 1089 78 1115; x_wconf 90' lang='lat' dir='ltr'>est,</span> <span class='ocrx_word' id='word_1_169' title='bbox 96 1093 128 1111; x_wconf 87' lang='lat' dir='ltr'>ne</span> <span class='ocrx_word' id='word_1_170' title='bbox 141 1089 187 1111; x_wconf 86' lang='lat' dir='ltr'>aut</span> <span class='ocrx_word' id='word_1_171' title='bbox 200 1085 233 1111; x_wconf 92' lang='lat' dir='ltr'>ab</span> <span class='ocrx_word' id='word_1_172' title='bbox 246 1084 363 1115; x_wconf 79' lang='lat' dir='ltr'>exordio,</span> <span class='ocrx_word' id='word_1_173' title='bbox 380 1089 425 1110; x_wconf 89' lang='lat' dir='ltr'>aut</span> <span class='ocrx_word' id='word_1_174' title='bbox 438 1093 452 1110; x_wconf 91' lang='lat' dir='ltr'>a</span> <span class='ocrx_word' id='word_1_175' title='bbox 462 1085 610 1111; x_wconf 86' lang='lat' dir='ltr'>narratione</span> <span class='ocrx_word' id='word_1_176' title='bbox 620 1090 754 1120; x_wconf 84' lang='lat' dir='ltr'>repetatur</span> <span class='ocrx_word' id='word_1_177' title='bbox 763 1094 821 1112; x_wconf 89' lang='lat' dir='ltr'>ora-</span> <span class='ocrx_word' id='word_1_178' title='bbox 841 1095 850 1114; x_wconf 63' lang='grc' dir='ltr'>,η</span> 
     </span>
     <span class='ocr_line' id='line_1_26' title="bbox 30 1121 821 1158; baseline 0.001 -10"><span class='ocrx_word' id='word_1_179' title='bbox 30 1121 120 1158; x_wconf 88' lang='lat' dir='ltr'>tio[nis</span> <span class='ocrx_word' id='word_1_180' title='bbox 135 1121 318 1158; x_wconf 60' lang='lat' dir='ltr'>enumeratio}</span> <span class='ocrx_word' id='word_1_181' title='bbox 346 1122 424 1148; x_wconf 85' lang='lat' dir='ltr'>Facta</span> <span class='ocrx_word' id='word_1_182' title='bbox 438 1123 508 1148; x_wconf 91' lang='lat' dir='ltr'>enim</span> <span class='ocrx_word' id='word_1_183' title='bbox 523 1127 548 1148; x_wconf 90' lang='lat' dir='ltr'>et</span> <span class='ocrx_word' id='word_1_184' title='bbox 561 1122 649 1148; x_wconf 86' lang='lat' dir='ltr'>dedita</span> <span class='ocrx_word' id='word_1_185' title='bbox 660 1131 737 1157; x_wconf 90' lang='lat' dir='ltr'>opera</span> <span class='ocrx_word' id='word_1_186' title='bbox 748 1132 821 1149; x_wconf 89' lang='lat' dir='ltr'>com-</span> 
     </span>
     <span class='ocr_line' id='line_1_27' title="bbox 29 1159 817 1196; baseline 0.001 -11"><span class='ocrx_word' id='word_1_187' title='bbox 29 1163 118 1194; x_wconf 89' lang='lat' dir='ltr'>parata</span> <span class='ocrx_word' id='word_1_188' title='bbox 132 1159 213 1186; x_wconf 86' lang='lat' dir='ltr'>oratio</span> <span class='ocrx_word' id='word_1_189' title='bbox 227 1159 362 1185; x_wconf 89' lang='lat' dir='ltr'>videbitur</span> <span class='ocrx_word' id='word_1_190' title='bbox 375 1168 442 1190; x_wconf 88' lang='lat' dir='ltr'>esse,</span> <span class='ocrx_word' id='word_1_191' title='bbox 463 1164 508 1186; x_wconf 89' lang='lat' dir='ltr'>aut</span> <span class='ocrx_word' id='word_1_192' title='bbox 522 1160 625 1186; x_wconf 87' lang='lat' dir='ltr'>artificii</span> <span class='ocrx_word' id='word_1_193' title='bbox 639 1160 817 1196; x_wconf 79' lang='lat' dir='ltr'>significandi,</span> 
     </span>
     <span class='ocr_line' id='line_1_28' title="bbox 30 1196 849 1232; baseline 0.002 -10"><span class='ocrx_word' id='word_1_194' title='bbox 30 1201 75 1223; x_wconf 89' lang='lat' dir='ltr'>aut</span> <span class='ocrx_word' id='word_1_195' title='bbox 95 1197 196 1232; x_wconf 85' lang='lat' dir='ltr'>ingenii</span> <span class='ocrx_word' id='word_1_196' title='bbox 219 1196 382 1228; x_wconf 72' lang='lat' dir='ltr'>venditandi,</span> <span class='ocrx_word' id='word_1_197' title='bbox 411 1201 456 1223; x_wconf 87' lang='lat' dir='ltr'>aut</span> <span class='ocrx_word' id='word_1_198' title='bbox 482 1198 624 1223; x_wconf 85' lang='lat' dir='ltr'>memoriae</span> <span class='ocrx_word' id='word_1_199' title='bbox 649 1198 820 1224; x_wconf 83' lang='lat' dir='ltr'>ostentandae</span> <span class='ocrx_word' id='word_1_200' title='bbox 848 1215 849 1225; x_wconf 48' lang='lat'>1</span> 
     </span>
     <span class='ocr_line' id='line_1_29' title="bbox 29 1233 820 1269; baseline 0.001 -9"><span class='ocrx_word' id='word_1_201' title='bbox 29 1242 134 1260; x_wconf 85' lang='lat' dir='ltr'>caussa.</span> <span class='ocrx_word' id='word_1_202' title='bbox 167 1233 333 1269; x_wconf 87' lang='lat' dir='ltr'>Quapropter</span> <span class='ocrx_word' id='word_1_203' title='bbox 353 1235 460 1260; x_wconf 88' lang='lat' dir='ltr'>initium</span> <span class='ocrx_word' id='word_1_204' title='bbox 483 1235 690 1261; x_wconf 82' lang='lat' dir='ltr'>enumerationis</span> <span class='ocrx_word' id='word_1_205' title='bbox 709 1244 820 1261; x_wconf 87' lang='lat' dir='ltr'>sumen-</span> 
     </span>
     <span class='ocr_line' id='line_1_30' title="bbox 29 1271 849 1307; baseline 0.001 -10"><span class='ocrx_word' id='word_1_206' title='bbox 29 1271 94 1298; x_wconf 86' lang='lat' dir='ltr'>dum</span> <span class='ocrx_word' id='word_1_207' title='bbox 109 1275 149 1297; x_wconf 90' lang='lat' dir='ltr'>est</span> <span class='ocrx_word' id='word_1_208' title='bbox 162 1280 176 1297; x_wconf 94' lang='lat' dir='ltr'>a</span> <span class='ocrx_word' id='word_1_209' title='bbox 189 1271 334 1298; x_wconf 88' lang='lat' dir='ltr'>divisione:</span> <span class='ocrx_word' id='word_1_210' title='bbox 350 1271 446 1298; x_wconf 90' lang='lat' dir='ltr'>deinde</span> <span class='ocrx_word' id='word_1_211' title='bbox 456 1272 548 1298; x_wconf 87' lang='lat' dir='ltr'>ordine</span> <span class='ocrx_word' id='word_1_212' title='bbox 559 1272 674 1298; x_wconf 84' lang='lat' dir='ltr'>breviter</span> <span class='ocrx_word' id='word_1_213' title='bbox 684 1281 820 1307; x_wconf 79' lang='lat' dir='ltr'>exponen-</span> <span class='ocrx_word' id='word_1_214' title='bbox 848 1288 849 1298; x_wconf 69' lang='lat' dir='ltr'>l</span> 
     </span>
     <span class='ocr_line' id='line_1_31' title="bbox 28 1308 820 1344; baseline 0.001 -9"><span class='ocrx_word' id='word_1_215' title='bbox 28 1308 78 1335; x_wconf 88' lang='lat' dir='ltr'>dae</span> <span class='ocrx_word' id='word_1_216' title='bbox 91 1313 153 1335; x_wconf 90' lang='lat' dir='ltr'>sunt</span> <span class='ocrx_word' id='word_1_217' title='bbox 167 1317 217 1341; x_wconf 87' lang='lat' dir='ltr'>res,</span> <span class='ocrx_word' id='word_1_218' title='bbox 238 1317 306 1344; x_wconf 89' lang='lat' dir='ltr'>quae</span> <span class='ocrx_word' id='word_1_219' title='bbox 319 1313 441 1335; x_wconf 83' lang='lat' dir='ltr'>tractatae</span> <span class='ocrx_word' id='word_1_220' title='bbox 455 1314 533 1335; x_wconf 90' lang='lat' dir='ltr'>erunt</span> <span class='ocrx_word' id='word_1_221' title='bbox 546 1310 572 1335; x_wconf 91' lang='lat' dir='ltr'>in</span> <span class='ocrx_word' id='word_1_222' title='bbox 587 1310 785 1336; x_wconf 88' lang='lat' dir='ltr'>confirmatione</span> <span class='ocrx_word' id='word_1_223' title='bbox 795 1315 820 1336; x_wconf 90' lang='lat' dir='ltr'>et</span> 
     </span>
     <span class='ocr_line' id='line_1_32' title="bbox 29 1345 849 1381; baseline 0.002 -9"><span class='ocrx_word' id='word_1_224' title='bbox 29 1345 216 1372; x_wconf 80' lang='lat' dir='ltr'>confutatione.</span> <span class='ocrx_word' id='word_1_225' title='bbox 247 1346 426 1381; x_wconf 81' lang='lat' dir='ltr'>Amplificatio</span> <span class='ocrx_word' id='word_1_226' title='bbox 439 1351 486 1377; x_wconf 87' lang='lat' dir='ltr'>est,</span> <span class='ocrx_word' id='word_1_227' title='bbox 503 1355 571 1381; x_wconf 90' lang='lat' dir='ltr'>quae</span> <span class='ocrx_word' id='word_1_228' title='bbox 585 1355 632 1381; x_wconf 89' lang='lat' dir='ltr'>per</span> <span class='ocrx_word' id='word_1_229' title='bbox 646 1347 733 1373; x_wconf 90' lang='lat' dir='ltr'>locum</span> <span class='ocrx_word' id='word_1_230' title='bbox 747 1356 820 1374; x_wconf 90' lang='lat' dir='ltr'>com·</span> <span class='ocrx_word' id='word_1_231' title='bbox 848 1349 849 1380; x_wconf 73' lang='lat' dir='ltr'>l</span> 
     </span>
     <span class='ocr_line' id='line_1_33' title="bbox 30 1383 819 1419; baseline 0.003 -10"><span class='ocrx_word' id='word_1_232' title='bbox 30 1391 137 1409; x_wconf 90' lang='lat' dir='ltr'>munem</span> <span class='ocrx_word' id='word_1_233' title='bbox 152 1383 330 1419; x_wconf 80' lang='lat' dir='ltr'>instigationis</span> <span class='ocrx_word' id='word_1_234' title='bbox 344 1383 494 1410; x_wconf 90' lang='lat' dir='ltr'>auditorum</span> <span class='ocrx_word' id='word_1_235' title='bbox 508 1393 602 1410; x_wconf 83' lang='lat' dir='ltr'>caussa</span> <span class='ocrx_word' id='word_1_236' title='bbox 617 1385 741 1410; x_wconf 86' lang='lat' dir='ltr'>sumitur.</span> <span class='ocrx_word' id='word_1_237' title='bbox 758 1385 819 1411; x_wconf 86' lang='lat' dir='ltr'>Loci</span> 
     </span>
     <span class='ocr_line' id='line_1_34' title="bbox 28 1420 820 1456; baseline 0.003 -10"><span class='ocrx_word' id='word_1_238' title='bbox 28 1429 184 1447; x_wconf 86' lang='lat' dir='ltr'>communes</span> <span class='ocrx_word' id='word_1_239' title='bbox 203 1429 235 1447; x_wconf 78' lang='lat' dir='ltr'>ex</span> <span class='ocrx_word' id='word_1_240' title='bbox 252 1420 343 1446; x_wconf 86' lang='lat' dir='ltr'>decem</span> <span class='ocrx_word' id='word_1_241' title='bbox 366 1421 513 1456; x_wconf 87' lang='lat' dir='ltr'>praeceptis</span> <span class='ocrx_word' id='word_1_242' title='bbox 535 1421 750 1448; x_wconf 88' lang='lat' dir='ltr'>commodissime</span> <span class='ocrx_word' id='word_1_243' title='bbox 773 1431 820 1448; x_wconf 91' lang='lat' dir='ltr'>su-</span> 
     </span>
     <span class='ocr_line' id='line_1_35' title="bbox 28 1457 819 1493; baseline 0.003 -10"><span class='ocrx_word' id='word_1_244' title='bbox 28 1462 139 1484; x_wconf 87' lang='lat' dir='ltr'>muntur</span> <span class='ocrx_word' id='word_1_245' title='bbox 152 1457 301 1493; x_wconf 85' lang='lat' dir='ltr'>adaugendi</span> <span class='ocrx_word' id='word_1_246' title='bbox 315 1458 435 1484; x_wconf 89' lang='lat' dir='ltr'>criminis</span> <span class='ocrx_word' id='word_1_247' title='bbox 449 1466 552 1484; x_wconf 85' lang='lat' dir='ltr'>caussa.</span> <span class='ocrx_word' id='word_1_248' title='bbox 569 1459 609 1485; x_wconf 72' lang='lat'>48.</span> <span class='ocrx_word' id='word_1_249' title='bbox 625 1459 730 1485; x_wconf 84' lang='lat' dir='ltr'>Primus</span> <span class='ocrx_word' id='word_1_250' title='bbox 746 1459 819 1485; x_wconf 91' lang='lat' dir='ltr'>locus</span> 
     </span>
     <span class='ocr_line' id='line_1_36' title="bbox 28 1495 820 1531; baseline 0.003 -10"><span class='ocrx_word' id='word_1_251' title='bbox 28 1495 145 1521; x_wconf 77' lang='lat' dir='ltr'>sumitur</span> <span class='ocrx_word' id='word_1_252' title='bbox 157 1495 190 1521; x_wconf 87' lang='lat' dir='ltr'>ab</span> <span class='ocrx_word' id='word_1_253' title='bbox 205 1496 365 1527; x_wconf 88' lang='lat' dir='ltr'>auctoritate,</span> <span class='ocrx_word' id='word_1_254' title='bbox 377 1504 462 1530; x_wconf 86' lang='lat' dir='ltr'>quum</span> <span class='ocrx_word' id='word_1_255' title='bbox 477 1504 820 1531; x_wconf 87' lang='lat' dir='ltr'>commemoramus,quan-</span> 
     </span>
     <span class='ocr_line' id='line_1_37' title="bbox 28 1531 819 1560; baseline 0.003 -2"><span class='ocrx_word' id='word_1_256' title='bbox 28 1537 68 1558; x_wconf 89' lang='lat' dir='ltr'>tae</span> <span class='ocrx_word' id='word_1_257' title='bbox 85 1540 164 1558; x_wconf 88' lang='lat' dir='ltr'>curae</span> <span class='ocrx_word' id='word_1_258' title='bbox 182 1540 211 1558; x_wconf 89' lang='lat' dir='ltr'>ea</span> <span class='ocrx_word' id='word_1_259' title='bbox 225 1540 266 1558; x_wconf 90' lang='lat' dir='ltr'>res</span> <span class='ocrx_word' id='word_1_260' title='bbox 281 1531 359 1558; x_wconf 83' lang='lat' dir='ltr'>fuerit</span> <span class='ocrx_word' id='word_1_261' title='bbox 373 1533 425 1559; x_wconf 89' lang='lat' dir='ltr'>diis</span> <span class='ocrx_word' id='word_1_262' title='bbox 439 1532 635 1559; x_wconf 86' lang='lat' dir='ltr'>immortalibus</span> <span class='ocrx_word' id='word_1_263' title='bbox 650 1537 694 1559; x_wconf 88' lang='lat' dir='ltr'>aut</span> <span class='ocrx_word' id='word_1_264' title='bbox 712 1534 819 1560; x_wconf 89' lang='lat' dir='ltr'>maiori-</span> 
     </span>
     <span class='ocr_line' id='line_1_38' title="bbox 27 1569 848 1605; baseline 0.002 -10"><span class='ocrx_word' id='word_1_265' title='bbox 27 1569 79 1595; x_wconf 93' lang='lat' dir='ltr'>bus</span> <span class='ocrx_word' id='word_1_266' title='bbox 94 1569 199 1600; x_wconf 84' lang='lat' dir='ltr'>nostris,</span> <span class='ocrx_word' id='word_1_267' title='bbox 215 1569 334 1605; x_wconf 86' lang='lat' dir='ltr'>regibus,</span> <span class='ocrx_word' id='word_1_268' title='bbox 350 1570 513 1601; x_wconf 82' lang='lat' dir='ltr'>civitatibus,</span> <span class='ocrx_word' id='word_1_269' title='bbox 527 1570 688 1601; x_wconf 88' lang='lat' dir='ltr'>nationibus,</span> <span class='ocrx_word' id='word_1_270' title='bbox 704 1571 820 1597; x_wconf 85' lang='lat' dir='ltr'>bomini-</span> <span class='ocrx_word' id='word_1_271' title='bbox 839 1572 848 1595; x_wconf 56' lang='lat' dir='ltr'>f</span> 
     </span>
     <span class='ocr_line' id='line_1_39' title="bbox 27 1607 848 1642; baseline 0.004 -10"><span class='ocrx_word' id='word_1_272' title='bbox 27 1607 79 1632; x_wconf 87' lang='lat' dir='ltr'>bus</span> <span class='ocrx_word' id='word_1_273' title='bbox 92 1607 306 1641; x_wconf 84' lang='lat' dir='ltr'>sapientissimis,</span> <span class='ocrx_word' id='word_1_274' title='bbox 323 1607 437 1633; x_wconf 86' lang='lat' dir='ltr'>senatui.</span> <span class='ocrx_word' id='word_1_275' title='bbox 456 1608 521 1633; x_wconf 89' lang='lat' dir='ltr'>Item</span> <span class='ocrx_word' id='word_1_276' title='bbox 536 1608 660 1638; x_wconf 78' lang='lat' dir='ltr'>maxime,</span> <span class='ocrx_word' id='word_1_277' title='bbox 676 1616 730 1642; x_wconf 91' lang='lat' dir='ltr'>quo</span> <span class='ocrx_word' id='word_1_278' title='bbox 740 1609 819 1635; x_wconf 92' lang='lat' dir='ltr'>modo</span> <span class='ocrx_word' id='word_1_279' title='bbox 846 1628 848 1641; x_wconf 65' lang='lat'>,</span> 
     </span>
     <span class='ocr_line' id='line_1_40' title="bbox 28 1643 817 1679; baseline 0.003 -10"><span class='ocrx_word' id='word_1_280' title='bbox 28 1643 60 1670; x_wconf 91' lang='lat' dir='ltr'>de</span> <span class='ocrx_word' id='word_1_281' title='bbox 78 1643 121 1670; x_wconf 90' lang='lat' dir='ltr'>his</span> <span class='ocrx_word' id='word_1_282' title='bbox 139 1643 220 1670; x_wconf 87' lang='lat' dir='ltr'>rebus</span> <span class='ocrx_word' id='word_1_283' title='bbox 238 1643 344 1679; x_wconf 87' lang='lat' dir='ltr'>legibus</span> <span class='ocrx_word' id='word_1_284' title='bbox 363 1645 495 1671; x_wconf 86' lang='lat' dir='ltr'>sancitum</span> <span class='ocrx_word' id='word_1_285' title='bbox 509 1645 553 1671; x_wconf 87' lang='lat' dir='ltr'>sit.</span> <span class='ocrx_word' id='word_1_286' title='bbox 588 1644 729 1671; x_wconf 91' lang='lat' dir='ltr'>Secundus</span> <span class='ocrx_word' id='word_1_287' title='bbox 744 1645 817 1672; x_wconf 90' lang='lat' dir='ltr'>Iocus</span> 
     </span>
     <span class='ocr_line' id='line_1_41' title="bbox 27 1681 847 1717; baseline 0.002 -10"><span class='ocrx_word' id='word_1_288' title='bbox 27 1685 75 1712; x_wconf 87' lang='lat' dir='ltr'>est,</span> <span class='ocrx_word' id='word_1_289' title='bbox 91 1689 176 1716; x_wconf 91' lang='lat' dir='ltr'>quum</span> <span class='ocrx_word' id='word_1_290' title='bbox 195 1681 403 1713; x_wconf 84' lang='lat' dir='ltr'>consideramus,</span> <span class='ocrx_word' id='word_1_291' title='bbox 419 1681 481 1708; x_wconf 89' lang='lat' dir='ltr'>illae</span> <span class='ocrx_word' id='word_1_292' title='bbox 495 1690 546 1713; x_wconf 69' lang='grc' dir='ltr'>τος,</span> <span class='ocrx_word' id='word_1_293' title='bbox 567 1681 599 1708; x_wconf 90' lang='lat' dir='ltr'>de</span> <span class='ocrx_word' id='word_1_294' title='bbox 613 1682 714 1717; x_wconf 89' lang='lat' dir='ltr'>quibus</span> <span class='ocrx_word' id='word_1_295' title='bbox 728 1684 819 1709; x_wconf 93' lang='lat' dir='ltr'>crimi-</span> <span class='ocrx_word' id='word_1_296' title='bbox 846 1687 847 1709; x_wconf 76' lang='lat' dir='ltr'>l</span> 
     </span>
     <span class='ocr_line' id='line_1_42' title="bbox 27 1717 847 1763; baseline 0.004 -19"><span class='ocrx_word' id='word_1_297' title='bbox 27 1727 130 1750; x_wconf 90' lang='lat' dir='ltr'>namur,</span> <span class='ocrx_word' id='word_1_298' title='bbox 150 1717 183 1745; x_wconf 87' lang='lat' dir='ltr'>ad</span> <span class='ocrx_word' id='word_1_299' title='bbox 201 1727 269 1754; x_wconf 86' lang='lat' dir='ltr'>quos</span> <span class='ocrx_word' id='word_1_300' title='bbox 287 1719 448 1754; x_wconf 71' lang='lat' dir='ltr'>pertineant,</span> <span class='ocrx_word' id='word_1_301' title='bbox 476 1723 567 1746; x_wconf 88' lang='lat' dir='ltr'>utrum</span> <span class='ocrx_word' id='word_1_302' title='bbox 582 1719 614 1746; x_wconf 84' lang='lat' dir='ltr'>ad</span> <span class='ocrx_word' id='word_1_303' title='bbox 628 1728 729 1751; x_wconf 87' lang='lat' dir='ltr'>omnes,</span> <span class='ocrx_word' id='word_1_304' title='bbox 745 1720 817 1755; x_wconf 89' lang='lat' dir='ltr'>quod</span> <span class='ocrx_word' id='word_1_305' title='bbox 845 1719 847 1763; x_wconf 60' lang='grc'><strong>4</strong></span> 
     </span>
     <span class='ocr_line' id='line_1_43' title="bbox 27 1756 847 1793; baseline 0.002 -11"><span class='ocrx_word' id='word_1_306' title='bbox 27 1756 220 1782; x_wconf 86' lang='lat' dir='ltr'>atrocissimum</span> <span class='ocrx_word' id='word_1_307' title='bbox 242 1760 290 1787; x_wconf 84' lang='lat' dir='ltr'>est,</span> <span class='ocrx_word' id='word_1_308' title='bbox 314 1765 348 1783; x_wconf 90' lang='lat' dir='ltr'>an</span> <span class='ocrx_word' id='word_1_309' title='bbox 370 1756 403 1783; x_wconf 91' lang='lat' dir='ltr'>ad</span> <span class='ocrx_word' id='word_1_310' title='bbox 425 1756 584 1791; x_wconf 86' lang='lat' dir='ltr'>superiores,</span> <span class='ocrx_word' id='word_1_311' title='bbox 609 1757 681 1792; x_wconf 89' lang='lat' dir='ltr'>quod</span> <span class='ocrx_word' id='word_1_312' title='bbox 699 1766 785 1793; x_wconf 82' lang='lat' dir='ltr'>genus</span> <span class='ocrx_word' id='word_1_313' title='bbox 798 1759 817 1784; x_wconf 89' lang='lat' dir='ltr'>ii</span> <span class='ocrx_word' id='word_1_314' title='bbox 846 1772 847 1777; x_wconf 68' lang='lat'>=</span> 
     </span>
     <span class='ocr_line' id='line_1_44' title="bbox 27 1793 847 1828; baseline 0.005 -9"><span class='ocrx_word' id='word_1_315' title='bbox 27 1797 97 1824; x_wconf 80' lang='lat' dir='ltr'>sunt,</span> <span class='ocrx_word' id='word_1_316' title='bbox 114 1802 128 1819; x_wconf 91' lang='lat' dir='ltr'>a</span> <span class='ocrx_word' id='word_1_317' title='bbox 141 1793 242 1828; x_wconf 86' lang='lat' dir='ltr'>quibus</span> <span class='ocrx_word' id='word_1_318' title='bbox 256 1794 417 1820; x_wconf 85' lang='lat' dir='ltr'>auctoritatis</span> <span class='ocrx_word' id='word_1_319' title='bbox 433 1793 506 1820; x_wconf 91' lang='lat' dir='ltr'>locus</span> <span class='ocrx_word' id='word_1_320' title='bbox 520 1795 670 1821; x_wconf 90' lang='lat' dir='ltr'>communis</span> <span class='ocrx_word' id='word_1_321' title='bbox 684 1796 815 1828; x_wconf 89' lang='lat' dir='ltr'>sumitur;</span> <span class='ocrx_word' id='word_1_322' title='bbox 845 1806 847 1824; x_wconf 68' lang='lat' dir='ltr'>l</span> 
     </span>
     <span class='ocr_line' id='line_1_45' title="bbox 27 1829 847 1866; baseline 0.004 -10"><span class='ocrx_word' id='word_1_323' title='bbox 27 1839 58 1856; x_wconf 84' lang='lat' dir='ltr'>an</span> <span class='ocrx_word' id='word_1_324' title='bbox 73 1829 106 1856; x_wconf 86' lang='lat' dir='ltr'>ad</span> <span class='ocrx_word' id='word_1_325' title='bbox 124 1838 209 1865; x_wconf 86' lang='lat' dir='ltr'>pares,</span> <span class='ocrx_word' id='word_1_326' title='bbox 230 1831 279 1857; x_wconf 91' lang='lat' dir='ltr'>hoc</span> <span class='ocrx_word' id='word_1_327' title='bbox 297 1835 345 1862; x_wconf 78' lang='lat' dir='ltr'>est,</span> <span class='ocrx_word' id='word_1_328' title='bbox 360 1831 388 1858; x_wconf 91' lang='lat' dir='ltr'>in</span> <span class='ocrx_word' id='word_1_329' title='bbox 402 1831 503 1858; x_wconf 89' lang='lat' dir='ltr'>eisdem</span> <span class='ocrx_word' id='word_1_330' title='bbox 519 1831 639 1866; x_wconf 88' lang='lat' dir='ltr'>partibus</span> <span class='ocrx_word' id='word_1_331' title='bbox 653 1833 743 1863; x_wconf 89' lang='lat' dir='ltr'>animi,</span> <span class='ocrx_word' id='word_1_332' title='bbox 759 1841 818 1859; x_wconf 91' lang='lat' dir='ltr'>cor-</span> <span class='ocrx_word' id='word_1_333' title='bbox 845 1848 847 1862; x_wconf 63' lang='lat'>2</span> 
     </span>
     <span class='ocr_line' id='line_1_46' title="bbox 27 1867 846 1905; baseline 0.004 -11"><span class='ocrx_word' id='word_1_334' title='bbox 27 1867 106 1902; x_wconf 88' lang='lat' dir='ltr'>poris,</span> <span class='ocrx_word' id='word_1_335' title='bbox 123 1867 289 1894; x_wconf 83' lang='lat' dir='ltr'>fortunarum</span> <span class='ocrx_word' id='word_1_336' title='bbox 303 1869 415 1903; x_wconf 71' lang='lat' dir='ltr'>positos,</span> <span class='ocrx_word' id='word_1_337' title='bbox 432 1878 465 1895; x_wconf 91' lang='lat' dir='ltr'>an</span> <span class='ocrx_word' id='word_1_338' title='bbox 475 1869 508 1895; x_wconf 94' lang='lat' dir='ltr'>ad</span> <span class='ocrx_word' id='word_1_339' title='bbox 518 1869 720 1905; x_wconf 88' lang='lat' dir='ltr'>inferiores,qui</span> <span class='ocrx_word' id='word_1_340' title='bbox 730 1871 817 1897; x_wconf 89' lang='lat' dir='ltr'>omni·</span> <span class='ocrx_word' id='word_1_341' title='bbox 845 1889 846 1898; x_wconf 43' lang='lat'>1</span> 
     </span>
     <span class='ocr_line' id='line_1_47' title="bbox 27 1902 846 1942; baseline 0.004 -11"><span class='ocrx_word' id='word_1_342' title='bbox 27 1905 77 1931; x_wconf 88' lang='lat' dir='ltr'>bus</span> <span class='ocrx_word' id='word_1_343' title='bbox 95 1904 138 1931; x_wconf 85' lang='lat' dir='ltr'>his</span> <span class='ocrx_word' id='word_1_344' title='bbox 156 1905 236 1932; x_wconf 90' lang='lat' dir='ltr'>rebus</span> <span class='ocrx_word' id='word_1_345' title='bbox 254 1905 458 1933; x_wconf 87' lang='lat' dir='ltr'>antecelluntur.</span> <span class='ocrx_word' id='word_1_346' title='bbox 492 1906 597 1933; x_wconf 88' lang='lat' dir='ltr'>Tertius</span> <span class='ocrx_word' id='word_1_347' title='bbox 612 1906 684 1933; x_wconf 88' lang='lat' dir='ltr'>locus</span> <span class='ocrx_word' id='word_1_348' title='bbox 698 1911 746 1938; x_wconf 86' lang='lat' dir='ltr'>est,</span> <span class='ocrx_word' id='word_1_349' title='bbox 763 1917 817 1942; x_wconf 87' lang='lat' dir='ltr'>quo</span> <span class='ocrx_word' id='word_1_350' title='bbox 844 1902 846 1940; x_wconf 78' lang='lat'>1</span> 
     </span>
     <span class='ocr_line' id='line_1_48' title="bbox 26 1942 845 1978; baseline 0.004 -10"><span class='ocrx_word' id='word_1_351' title='bbox 26 1946 218 1977; x_wconf 86' lang='lat' dir='ltr'>percontamur,</span> <span class='ocrx_word' id='word_1_352' title='bbox 238 1942 305 1978; x_wconf 89' lang='lat' dir='ltr'>quid</span> <span class='ocrx_word' id='word_1_353' title='bbox 323 1943 358 1969; x_wconf 87' lang='lat' dir='ltr'>sit</span> <span class='ocrx_word' id='word_1_354' title='bbox 374 1948 543 1976; x_wconf 82' lang='lat' dir='ltr'>eventurum,</span> <span class='ocrx_word' id='word_1_355' title='bbox 563 1944 587 1970; x_wconf 87' lang='lat' dir='ltr'>si</span> <span class='ocrx_word' id='word_1_356' title='bbox 605 1945 730 1971; x_wconf 90' lang='lat' dir='ltr'>omnibus</span> <span class='ocrx_word' id='word_1_357' title='bbox 745 1945 815 1971; x_wconf 89' lang='lat' dir='ltr'>idem</span> <span class='ocrx_word' id='word_1_358' title='bbox 836 1950 845 1970; x_wconf 55' lang='grc' dir='ltr'>ι’</span> 
     </span>
     <span class='ocr_line' id='line_1_49' title="bbox 25 1979 816 2017; baseline 0.004 -11"><span class='ocrx_word' id='word_1_359' title='bbox 25 1979 191 2011; x_wconf 88' lang='lat' dir='ltr'>concedatur,</span> <span class='ocrx_word' id='word_1_360' title='bbox 208 1984 234 2006; x_wconf 90' lang='lat' dir='ltr'>et</span> <span class='ocrx_word' id='word_1_361' title='bbox 247 1988 276 2006; x_wconf 85' lang='lat' dir='ltr'>ea</span> <span class='ocrx_word' id='word_1_362' title='bbox 290 1988 318 2007; x_wconf 88' lang='lat' dir='ltr'>re</span> <span class='ocrx_word' id='word_1_363' title='bbox 332 1980 460 2017; x_wconf 78' lang='lat' dir='ltr'>neglecta,</span> <span class='ocrx_word' id='word_1_364' title='bbox 476 1981 652 2013; x_wconf 83' lang='lat' dir='ltr'>ostendimus,</span> <span class='ocrx_word' id='word_1_365' title='bbox 664 1982 731 2017; x_wconf 88' lang='lat' dir='ltr'>quid</span> <span class='ocrx_word' id='word_1_366' title='bbox 744 1983 816 2017; x_wconf 91' lang='lat' dir='ltr'>peri-</span> 
     </span>
     <span class='ocr_line' id='line_1_50' title="bbox 25 2016 815 2054; baseline 0.004 -11"><span class='ocrx_word' id='word_1_367' title='bbox 25 2016 145 2043; x_wconf 90' lang='lat' dir='ltr'>culorum</span> <span class='ocrx_word' id='word_1_368' title='bbox 160 2021 239 2052; x_wconf 90' lang='lat' dir='ltr'>atque</span> <span class='ocrx_word' id='word_1_369' title='bbox 252 2017 481 2045; x_wconf 88' lang='lat' dir='ltr'>incommodorum</span> <span class='ocrx_word' id='word_1_370' title='bbox 495 2023 682 2054; x_wconf 86' lang='lat' dir='ltr'>consequatur.</span> <span class='ocrx_word' id='word_1_371' title='bbox 699 2019 815 2052; x_wconf 85' lang='lat' dir='ltr'>Quartus</span> 
     </span>
     <span class='ocr_line' id='line_1_51' title="bbox 25 2052 845 2091; baseline 0.005 -11"><span class='ocrx_word' id='word_1_372' title='bbox 25 2052 99 2080; x_wconf 86' lang='lat' dir='ltr'>loeus</span> <span class='ocrx_word' id='word_1_373' title='bbox 121 2058 169 2085; x_wconf 89' lang='lat' dir='ltr'>est,</span> <span class='ocrx_word' id='word_1_374' title='bbox 194 2063 248 2090; x_wconf 88' lang='lat' dir='ltr'>quo</span> <span class='ocrx_word' id='word_1_375' title='bbox 265 2054 468 2086; x_wconf 88' lang='lat' dir='ltr'>demonstratur,</span> <span class='ocrx_word' id='word_1_376' title='bbox 493 2057 515 2082; x_wconf 88' lang='lat' dir='ltr'>si</span> <span class='ocrx_word' id='word_1_377' title='bbox 535 2056 598 2082; x_wconf 90' lang='lat' dir='ltr'>buic</span> <span class='ocrx_word' id='word_1_378' title='bbox 612 2057 646 2083; x_wconf 92' lang='lat' dir='ltr'>sit</span> <span class='ocrx_word' id='word_1_379' title='bbox 660 2057 812 2089; x_wconf 88' lang='lat' dir='ltr'>remissum,</span> <span class='ocrx_word' id='word_1_380' title='bbox 836 2067 845 2091; x_wconf 64' lang='lat' dir='ltr'>*l</span> 
     </span>
     <span class='ocr_line' id='line_1_52' title="bbox 25 2090 844 2131; baseline 0.005 -14"><span class='ocrx_word' id='word_1_381' title='bbox 25 2090 123 2118; x_wconf 91' lang='lat' dir='ltr'>multos</span> <span class='ocrx_word' id='word_1_382' title='bbox 145 2091 283 2118; x_wconf 83' lang='lat' dir='ltr'>alacriores</span> <span class='ocrx_word' id='word_1_383' title='bbox 305 2092 338 2119; x_wconf 85' lang='lat' dir='ltr'>ad</span> <span class='ocrx_word' id='word_1_384' title='bbox 360 2093 488 2119; x_wconf 84' lang='lat' dir='ltr'>maleficia</span> <span class='ocrx_word' id='word_1_385' title='bbox 512 2093 624 2124; x_wconf 84' lang='lat' dir='ltr'>futuros,</span> <span class='ocrx_word' id='word_1_386' title='bbox 644 2102 712 2129; x_wconf 84' lang='lat' dir='ltr'>quos</span> <span class='ocrx_word' id='word_1_387' title='bbox 727 2094 814 2121; x_wconf 88' lang='lat' dir='ltr'>adbuc</span> <span class='ocrx_word' id='word_1_388' title='bbox 835 2095 844 2131; x_wconf 74' lang='lat' dir='ltr'>ll</span> 
     </span>
    </p>

    <p class='ocr_par' dir='ltr' id='par_1_5' title="bbox 841 2135 844 2225">
     <span class='ocr_line' id='line_1_53' title="bbox 842 2135 844 2152; baseline 0 0"><span class='ocrx_word' id='word_1_389' title='bbox 842 2135 844 2152; x_wconf 71' lang='grc' dir='ltr'>ι</span> 
     </span>
     <span class='ocr_line' id='line_1_54' title="bbox 842 2181 843 2194; baseline 0 0"><span class='ocrx_word' id='word_1_390' title='bbox 842 2181 843 2194; x_wconf 83' lang='lat' dir='ltr'>l</span> 
     </span>
     <span class='ocr_line' id='line_1_55' title="bbox 841 2196 843 2206; baseline 0 0"><span class='ocrx_word' id='word_1_391' title='bbox 841 2196 843 2206; x_wconf 75' lang='lat' dir='ltr'>l</span> 
     </span>
     <span class='ocr_line' id='line_1_56' title="bbox 842 2211 843 2225; baseline 0 0"><span class='ocrx_word' id='word_1_392' title='bbox 842 2211 843 2225; x_wconf 83' lang='lat' dir='ltr'>l</span> 
     </span>
    </p>
   </div>
   <div class='ocr_carea' id='block_1_3' title="bbox 848 670 852 1185">
    <p class='ocr_par' dir='ltr' id='par_1_6' title="bbox 848 670 852 1185">
     <span class='ocr_line' id='line_1_57' title="bbox 848 670 852 1185; baseline 0 0"><span class='ocrx_word' id='word_1_393' title='bbox 848 670 852 1185; x_wconf 95' lang='lat' dir='ltr'> </span> 
     </span>
    </p>
   </div>
   <div class='ocr_carea' id='block_1_4' title="bbox 836 660 847 2108">
    <p class='ocr_par' dir='ltr' id='par_1_7' title="bbox 836 660 847 2108">
     <span class='ocr_line' id='line_1_58' title="bbox 836 660 847 2108; baseline 0 0"><span class='ocrx_word' id='word_1_394' title='bbox 836 660 847 2108; x_wconf 95' lang='lat' dir='ltr'> </span> 
     </span>
    </p>
   </div>
   <div class='ocr_carea' id='block_1_5' title="bbox 22 2129 843 2341">
    <p class='ocr_par' dir='ltr' id='par_1_8' title="bbox 22 2129 843 2341">
     <span class='ocr_line' id='line_1_59' title="bbox 24 2129 843 2167; baseline 0.005 -13"><span class='ocrx_word' id='word_1_395' title='bbox 24 2129 185 2164; x_wconf 84' lang='lat' dir='ltr'>exspectatio</span> <span class='ocrx_word' id='word_1_396' title='bbox 198 2129 291 2156; x_wconf 90' lang='lat' dir='ltr'>iudicii</span> <span class='ocrx_word' id='word_1_397' title='bbox 305 2135 459 2156; x_wconf 86' lang='lat' dir='ltr'>remoretur.</span> <span class='ocrx_word' id='word_1_398' title='bbox 485 2130 601 2163; x_wconf 83' lang='lat' dir='ltr'>Quintus</span> <span class='ocrx_word' id='word_1_399' title='bbox 617 2131 690 2157; x_wconf 85' lang='lat' dir='ltr'>locus</span> <span class='ocrx_word' id='word_1_400' title='bbox 703 2136 751 2163; x_wconf 88' lang='lat' dir='ltr'>est,</span> <span class='ocrx_word' id='word_1_401' title='bbox 769 2141 815 2167; x_wconf 85' lang='lat' dir='ltr'>per</span> <span class='ocrx_word' id='word_1_402' title='bbox 834 2131 843 2164; x_wconf 62' lang='lat' dir='ltr'>j,</span> 
     </span>
     <span class='ocr_line' id='line_1_60' title="bbox 23 2165 843 2201; baseline 0.006 -10"><span class='ocrx_word' id='word_1_403' title='bbox 23 2173 104 2201; x_wconf 89' lang='lat' dir='ltr'>quem</span> <span class='ocrx_word' id='word_1_404' title='bbox 118 2165 293 2198; x_wconf 85' lang='lat' dir='ltr'>ostendimus,</span> <span class='ocrx_word' id='word_1_405' title='bbox 310 2167 332 2193; x_wconf 91' lang='lat' dir='ltr'>si</span> <span class='ocrx_word' id='word_1_406' title='bbox 347 2167 428 2193; x_wconf 86' lang='lat' dir='ltr'>semel</span> <span class='ocrx_word' id='word_1_407' title='bbox 444 2167 519 2194; x_wconf 88' lang='lat' dir='ltr'>aliter</span> <span class='ocrx_word' id='word_1_408' title='bbox 531 2168 678 2194; x_wconf 87' lang='lat' dir='ltr'>iudicatum</span> <span class='ocrx_word' id='word_1_409' title='bbox 693 2170 735 2200; x_wconf 89' lang='lat' dir='ltr'>sit,</span> <span class='ocrx_word' id='word_1_410' title='bbox 753 2169 815 2196; x_wconf 92' lang='lat' dir='ltr'>nul-</span> <span class='ocrx_word' id='word_1_411' title='bbox 834 2170 843 2197; x_wconf 68' lang='grc' dir='ltr'>τ’</span> 
     </span>
     <span class='ocr_line' id='line_1_61' title="bbox 25 2201 813 2238; baseline 0.005 -9"><span class='ocrx_word' id='word_1_412' title='bbox 25 2201 75 2229; x_wconf 86' lang='lat' dir='ltr'>lam</span> <span class='ocrx_word' id='word_1_413' title='bbox 93 2211 149 2230; x_wconf 88' lang='lat' dir='ltr'>rem</span> <span class='ocrx_word' id='word_1_414' title='bbox 169 2202 231 2235; x_wconf 82' lang='lat' dir='ltr'>fore,</span> <span class='ocrx_word' id='word_1_415' title='bbox 252 2212 320 2238; x_wconf 88' lang='lat' dir='ltr'>quae</span> <span class='ocrx_word' id='word_1_416' title='bbox 333 2205 501 2231; x_wconf 89' lang='lat' dir='ltr'>incommodo</span> <span class='ocrx_word' id='word_1_417' title='bbox 515 2205 614 2232; x_wconf 87' lang='lat' dir='ltr'>mederi</span> <span class='ocrx_word' id='word_1_418' title='bbox 640 2211 685 2232; x_wconf 87' lang='lat' dir='ltr'>aut</span> <span class='ocrx_word' id='word_1_419' title='bbox 698 2211 813 2233; x_wconf 86' lang='lat' dir='ltr'>erratum</span> 
     </span>
     <span class='ocr_line' id='line_1_62' title="bbox 22 2239 842 2279; baseline 0.006 -13"><span class='ocrx_word' id='word_1_420' title='bbox 22 2239 143 2267; x_wconf 85' lang='lat' dir='ltr'>iudicum</span> <span class='ocrx_word' id='word_1_421' title='bbox 157 2242 287 2277; x_wconf 81' lang='lat' dir='ltr'>corrigere</span> <span class='ocrx_word' id='word_1_422' title='bbox 301 2242 393 2276; x_wconf 89' lang='lat' dir='ltr'>possit.</span> <span class='ocrx_word' id='word_1_423' title='bbox 418 2242 476 2274; x_wconf 89' lang='lat' dir='ltr'>Quo</span> <span class='ocrx_word' id='word_1_424' title='bbox 490 2243 517 2269; x_wconf 92' lang='lat' dir='ltr'>in</span> <span class='ocrx_word' id='word_1_425' title='bbox 532 2242 588 2269; x_wconf 89' lang='lat' dir='ltr'>loco</span> <span class='ocrx_word' id='word_1_426' title='bbox 602 2251 653 2269; x_wconf 94' lang='lat' dir='ltr'>non</span> <span class='ocrx_word' id='word_1_427' title='bbox 668 2244 814 2271; x_wconf 87' lang='lat' dir='ltr'>incommo-</span> <span class='ocrx_word' id='word_1_428' title='bbox 840 2248 842 2279; x_wconf 63' lang='lat' dir='ltr'>l</span> 
     </span>
     <span class='ocr_line' id='line_1_63' title="bbox 23 2276 842 2341; baseline 0.006 -38"><span class='ocrx_word' id='word_1_429' title='bbox 23 2276 88 2304; x_wconf 89' lang='lat' dir='ltr'>dum</span> <span class='ocrx_word' id='word_1_430' title='bbox 99 2278 156 2309; x_wconf 87' lang='lat' dir='ltr'>erit,</span> <span class='ocrx_word' id='word_1_431' title='bbox 165 2278 203 2304; x_wconf 88' lang='lat' dir='ltr'>uti</span> <span class='ocrx_word' id='word_1_432' title='bbox 214 2282 359 2305; x_wconf 88' lang='lat' dir='ltr'>ceterarum</span> <span class='ocrx_word' id='word_1_433' title='bbox 370 2287 458 2305; x_wconf 89' lang='lat' dir='ltr'>rerum</span> <span class='ocrx_word' id='word_1_434' title='bbox 470 2280 672 2315; x_wconf 80' lang='lat' dir='ltr'>comparatione,</span> <span class='ocrx_word' id='word_1_435' title='bbox 687 2285 715 2307; x_wconf 87' lang='lat' dir='ltr'>ut</span> <span class='ocrx_word' id='word_1_436' title='bbox 725 2285 813 2308; x_wconf 81' lang='lat' dir='ltr'>osten-</span> <span class='ocrx_word' id='word_1_437' title='bbox 833 2284 842 2341; x_wconf 26' lang='lat' dir='ltr'>&#39;ff&#39;</span> 
     </span>
    </p>
   </div>
   <div class='ocr_carea' id='block_1_6' title="bbox 836 660 847 2270">
    <p class='ocr_par' dir='ltr' id='par_1_9' title="bbox 836 660 847 2270">
     <span class='ocr_line' id='line_1_64' title="bbox 836 660 847 2270; baseline 0 0"><span class='ocrx_word' id='word_1_438' title='bbox 836 660 847 2270; x_wconf 95' lang='lat' dir='ltr'> </span> 
     </span>
    </p>
   </div>
   <div class='ocr_carea' id='block_1_7' title="bbox 21 2313 841 2725">
    <p class='ocr_par' dir='ltr' id='par_1_10' title="bbox 21 2313 841 2725">
     <span class='ocr_line' id='line_1_65' title="bbox 23 2313 835 2350; baseline 0.005 -9"><span class='ocrx_word' id='word_1_439' title='bbox 23 2313 126 2347; x_wconf 83' lang='lat' dir='ltr'>damus,</span> <span class='ocrx_word' id='word_1_440' title='bbox 147 2314 212 2341; x_wconf 82' lang='lat' dir='ltr'>alias</span> <span class='ocrx_word' id='word_1_441' title='bbox 226 2324 267 2342; x_wconf 91' lang='lat' dir='ltr'>res</span> <span class='ocrx_word' id='word_1_442' title='bbox 282 2324 359 2350; x_wconf 85' lang='lat' dir='ltr'>posse</span> <span class='ocrx_word' id='word_1_443' title='bbox 373 2320 418 2342; x_wconf 87' lang='lat' dir='ltr'>aut</span> <span class='ocrx_word' id='word_1_444' title='bbox 432 2320 562 2343; x_wconf 86' lang='lat' dir='ltr'>vetustate</span> <span class='ocrx_word' id='word_1_445' title='bbox 575 2317 670 2349; x_wconf 87' lang='lat' dir='ltr'>sedari,</span> <span class='ocrx_word' id='word_1_446' title='bbox 691 2323 736 2344; x_wconf 86' lang='lat' dir='ltr'>aut</span> <span class='ocrx_word' id='word_1_447' title='bbox 749 2327 813 2345; x_wconf 82' lang='lat' dir='ltr'>con·</span> <span class='ocrx_word' id='word_1_448' title='bbox 834 2333 835 2338; x_wconf 68' lang='lat'>=</span> 
     </span>
     <span class='ocr_line' id='line_1_66' title="bbox 23 2351 841 2391; baseline 0.005 -13"><span class='ocrx_word' id='word_1_449' title='bbox 23 2351 83 2378; x_wconf 91' lang='lat' dir='ltr'>silio</span> <span class='ocrx_word' id='word_1_450' title='bbox 95 2353 205 2388; x_wconf 77' lang='lat' dir='ltr'>corrigi3</span> <span class='ocrx_word' id='word_1_451' title='bbox 227 2352 309 2379; x_wconf 87' lang='lat' dir='ltr'>huius</span> <span class='ocrx_word' id='word_1_452' title='bbox 324 2353 360 2379; x_wconf 93' lang='lat' dir='ltr'>rei</span> <span class='ocrx_word' id='word_1_453' title='bbox 374 2357 419 2379; x_wconf 89' lang='lat' dir='ltr'>aut</span> <span class='ocrx_word' id='word_1_454' title='bbox 430 2352 576 2386; x_wconf 88' lang='lat' dir='ltr'>leniendae,</span> <span class='ocrx_word' id='word_1_455' title='bbox 589 2358 633 2380; x_wconf 86' lang='lat' dir='ltr'>aut</span> <span class='ocrx_word' id='word_1_456' title='bbox 643 2356 812 2391; x_wconf 82' lang='lat' dir='ltr'>corrigendae</span> <span class='ocrx_word' id='word_1_457' title='bbox 833 2363 841 2387; x_wconf 52' lang='grc' dir='ltr'><strong>μ</strong></span> 
     </span>
     <span class='ocr_line' id='line_1_67' title="bbox 23 2388 841 2431; baseline 0.005 -16"><span class='ocrx_word' id='word_1_458' title='bbox 23 2388 124 2416; x_wconf 82' lang='lat' dir='ltr'>nullam</span> <span class='ocrx_word' id='word_1_459' title='bbox 142 2398 198 2416; x_wconf 84' lang='lat' dir='ltr'>rem</span> <span class='ocrx_word' id='word_1_460' title='bbox 219 2388 391 2426; x_wconf 82' lang='lat' dir='ltr'>[adiumento]</span> <span class='ocrx_word' id='word_1_461' title='bbox 407 2389 534 2417; x_wconf 84' lang='lat' dir='ltr'>futuram.</span> <span class='ocrx_word' id='word_1_462' title='bbox 569 2393 609 2418; x_wconf 65' lang='lat'>69.</span> <span class='ocrx_word' id='word_1_463' title='bbox 625 2391 723 2418; x_wconf 86' lang='lat' dir='ltr'>Sextus</span> <span class='ocrx_word' id='word_1_464' title='bbox 739 2392 812 2419; x_wconf 88' lang='lat' dir='ltr'>locus</span> <span class='ocrx_word' id='word_1_465' title='bbox 833 2402 841 2431; x_wconf 14' lang='grc' dir='ltr'>’ἵ</span> 
     </span>
     <span class='ocr_line' id='line_1_68' title="bbox 23 2427 833 2462; baseline 0.006 -10"><span class='ocrx_word' id='word_1_466' title='bbox 23 2430 71 2457; x_wconf 80' lang='lat' dir='ltr'>est.</span> <span class='ocrx_word' id='word_1_467' title='bbox 79 2434 163 2462; x_wconf 85' lang='lat' dir='ltr'>quum</span> <span class='ocrx_word' id='word_1_468' title='bbox 174 2427 349 2459; x_wconf 86' lang='lat' dir='ltr'>ostendimus,</span> <span class='ocrx_word' id='word_1_469' title='bbox 357 2436 390 2454; x_wconf 85' lang='lat' dir='ltr'>ex</span> <span class='ocrx_word' id='word_1_470' title='bbox 400 2427 522 2454; x_wconf 90' lang='lat' dir='ltr'>consulto</span> <span class='ocrx_word' id='word_1_471' title='bbox 533 2427 640 2460; x_wconf 85' lang='lat' dir='ltr'>factum,</span> <span class='ocrx_word' id='word_1_472' title='bbox 649 2434 673 2456; x_wconf 88' lang='lat' dir='ltr'>et</span> <span class='ocrx_word' id='word_1_473' title='bbox 684 2429 809 2462; x_wconf 86' lang='lat' dir='ltr'>dicimus,</span> <span class='ocrx_word' id='word_1_474' title='bbox 832 2439 833 2447; x_wconf 63' lang='lat'>¹</span> 
     </span>
     <span class='ocr_line' id='line_1_69' title="bbox 25 2449 840 2502; baseline 0.005 -12"><span class='ocrx_word' id='word_1_475' title='bbox 25 2462 172 2491; x_wconf 88' lang='lat' dir='ltr'>voluntario</span> <span class='ocrx_word' id='word_1_476' title='bbox 190 2463 299 2491; x_wconf 80' lang='lat' dir='ltr'>facinori</span> <span class='ocrx_word' id='word_1_477' title='bbox 315 2464 416 2491; x_wconf 86' lang='lat' dir='ltr'>nullam</span> <span class='ocrx_word' id='word_1_478' title='bbox 431 2466 638 2497; x_wconf 86' lang='lat' dir='ltr'>excusationem,</span> <span class='ocrx_word' id='word_1_479' title='bbox 655 2467 812 2501; x_wconf 87' lang='lat' dir='ltr'>impruden·</span> <span class='ocrx_word' id='word_1_480' title='bbox 832 2449 840 2502; x_wconf 68' lang='lat' dir='ltr'>l]</span> 
     </span>
     <span class='ocr_line' id='line_1_70' title="bbox 22 2500 811 2538; baseline 0.005 -11"><span class='ocrx_word' id='word_1_481' title='bbox 22 2500 73 2527; x_wconf 81' lang='lat' dir='ltr'>tiae</span> <span class='ocrx_word' id='word_1_482' title='bbox 86 2500 185 2527; x_wconf 83' lang='lat' dir='ltr'>iustam</span> <span class='ocrx_word' id='word_1_483' title='bbox 199 2501 410 2536; x_wconf 84' lang='lat' dir='ltr'>deprecationem</span> <span class='ocrx_word' id='word_1_484' title='bbox 425 2507 551 2537; x_wconf 88' lang='lat' dir='ltr'>paratam.</span> <span class='ocrx_word' id='word_1_485' title='bbox 586 2502 722 2538; x_wconf 85' lang='lat' dir='ltr'>Septimus</span> <span class='ocrx_word' id='word_1_486' title='bbox 738 2504 811 2531; x_wconf 80' lang='lat' dir='ltr'>locus</span> 
     </span>
     <span class='ocr_line' id='line_1_71' title="bbox 23 2538 812 2573; baseline 0.004 -9"><span class='ocrx_word' id='word_1_487' title='bbox 23 2540 71 2569; x_wconf 82' lang='lat' dir='ltr'>est,</span> <span class='ocrx_word' id='word_1_488' title='bbox 91 2545 145 2573; x_wconf 91' lang='lat' dir='ltr'>quo</span> <span class='ocrx_word' id='word_1_489' title='bbox 158 2538 334 2571; x_wconf 86' lang='lat' dir='ltr'>ostendimus,</span> <span class='ocrx_word' id='word_1_490' title='bbox 351 2543 462 2566; x_wconf 88' lang='lat' dir='ltr'>taetrum</span> <span class='ocrx_word' id='word_1_491' title='bbox 478 2539 590 2571; x_wconf 81' lang='lat' dir='ltr'>facinus,</span> <span class='ocrx_word' id='word_1_492' title='bbox 606 2540 721 2573; x_wconf 78' lang='lat' dir='ltr'>crudele,</span> <span class='ocrx_word' id='word_1_493' title='bbox 739 2541 812 2568; x_wconf 81' lang='lat' dir='ltr'>nefa-</span> 
     </span>
     <span class='ocr_line' id='line_1_72' title="bbox 22 2573 812 2613; baseline 0.005 -12"><span class='ocrx_word' id='word_1_494' title='bbox 22 2573 102 2606; x_wconf 88' lang='lat' dir='ltr'>rium.</span> <span class='ocrx_word' id='word_1_495' title='bbox 118 2576 286 2611; x_wconf 85' lang='lat' dir='ltr'>tyrannicum</span> <span class='ocrx_word' id='word_1_496' title='bbox 300 2584 373 2603; x_wconf 80' lang='lat' dir='ltr'>esse:</span> <span class='ocrx_word' id='word_1_497' title='bbox 394 2576 466 2612; x_wconf 88' lang='lat' dir='ltr'>quod</span> <span class='ocrx_word' id='word_1_498' title='bbox 480 2585 566 2613; x_wconf 82' lang='lat' dir='ltr'>genus</span> <span class='ocrx_word' id='word_1_499' title='bbox 588 2577 701 2604; x_wconf 87' lang='lat' dir='ltr'>iniuriae</span> <span class='ocrx_word' id='word_1_500' title='bbox 715 2578 812 2605; x_wconf 86' lang='lat' dir='ltr'>mulie—</span> 
     </span>
     <span class='ocr_line' id='line_1_73' title="bbox 21 2613 811 2649; baseline 0.004 -11"><span class='ocrx_word' id='word_1_501' title='bbox 21 2619 91 2643; x_wconf 81' lang='lat' dir='ltr'>rum,</span> <span class='ocrx_word' id='word_1_502' title='bbox 107 2616 153 2639; x_wconf 88' lang='lat' dir='ltr'>aut</span> <span class='ocrx_word' id='word_1_503' title='bbox 165 2621 256 2639; x_wconf 85' lang='lat' dir='ltr'>earum</span> <span class='ocrx_word' id='word_1_504' title='bbox 270 2621 359 2640; x_wconf 89' lang='lat' dir='ltr'>rerum</span> <span class='ocrx_word' id='word_1_505' title='bbox 373 2613 606 2649; x_wconf 80' lang='lat' dir='ltr'>aliquid,quarum</span> <span class='ocrx_word' id='word_1_506' title='bbox 618 2623 706 2641; x_wconf 86' lang='lat' dir='ltr'>rerum</span> <span class='ocrx_word' id='word_1_507' title='bbox 718 2624 811 2642; x_wconf 82' lang='lat' dir='ltr'>caussa</span> 
     </span>
     <span class='ocr_line' id='line_1_74' title="bbox 21 2647 810 2685; baseline 0.006 -11"><span class='ocrx_word' id='word_1_508' title='bbox 21 2647 91 2675; x_wconf 84' lang='lat' dir='ltr'>bella</span> <span class='ocrx_word' id='word_1_509' title='bbox 105 2650 290 2685; x_wconf 87' lang='lat' dir='ltr'>suscipiuntur</span> <span class='ocrx_word' id='word_1_510' title='bbox 303 2655 398 2678; x_wconf 89' lang='lat' dir='ltr'>etcum</span> <span class='ocrx_word' id='word_1_511' title='bbox 414 2651 535 2678; x_wconf 79' lang='lat' dir='ltr'>hostibus</span> <span class='ocrx_word' id='word_1_512' title='bbox 549 2651 581 2677; x_wconf 89' lang='lat' dir='ltr'>de</span> <span class='ocrx_word' id='word_1_513' title='bbox 597 2652 649 2678; x_wconf 83' lang='lat' dir='ltr'>vita</span> <span class='ocrx_word' id='word_1_514' title='bbox 659 2651 810 2679; x_wconf 85' lang='lat' dir='ltr'>dimicatur.</span> 
     </span>
     <span class='ocr_line' id='line_1_75' title="bbox 22 2683 833 2725; baseline 0.006 -14"><span class='ocrx_word' id='word_1_515' title='bbox 22 2683 137 2713; x_wconf 81' lang='lat' dir='ltr'>Octavus</span> <span class='ocrx_word' id='word_1_516' title='bbox 148 2686 221 2714; x_wconf 88' lang='lat' dir='ltr'>locus</span> <span class='ocrx_word' id='word_1_517' title='bbox 235 2691 284 2719; x_wconf 85' lang='lat' dir='ltr'>est,</span> <span class='ocrx_word' id='word_1_518' title='bbox 303 2696 358 2723; x_wconf 89' lang='lat' dir='ltr'>quo</span> <span class='ocrx_word' id='word_1_519' title='bbox 371 2689 538 2715; x_wconf 87' lang='lat' dir='ltr'>ostendimus</span> <span class='ocrx_word' id='word_1_520' title='bbox 564 2697 615 2715; x_wconf 90' lang='lat' dir='ltr'>non</span> <span class='ocrx_word' id='word_1_521' title='bbox 630 2688 749 2725; x_wconf 79' lang='lat' dir='ltr'>vulgara,</span> <span class='ocrx_word' id='word_1_522' title='bbox 765 2689 812 2716; x_wconf 79' lang='lat' dir='ltr'>sed</span> <span class='ocrx_word' id='word_1_523' title='bbox 832 2711 833 2715; x_wconf 67' lang='grc'>,</span> 
     </span>
    </p>
   </div>
   <div class='ocr_carea' id='block_1_8' title="bbox 832 2610 834 2704">
    <p class='ocr_par' dir='ltr' id='par_1_11' title="bbox 832 2610 834 2704">
     <span class='ocr_line' id='line_1_76' title="bbox 832 2610 834 2704; baseline 0 348"><span class='ocrx_word' id='word_1_524' title='bbox 832 2610 834 2704; x_wconf 95' lang='lat' dir='ltr'> </span> 
     </span>
    </p>
   </div>
   <div class='ocr_carea' id='block_1_9' title="bbox 875 227 1667 564">
    <p class='ocr_par' dir='ltr' id='par_1_12' title="bbox 875 227 1667 564">
     <span class='ocr_line' id='line_1_77' title="bbox 875 227 1665 263; baseline 0.005 -10"><span class='ocrx_word' id='word_1_525' title='bbox 875 227 1010 262; x_wconf 83' lang='lat' dir='ltr'>singulare</span> <span class='ocrx_word' id='word_1_526' title='bbox 1024 236 1082 254; x_wconf 88' lang='lat' dir='ltr'>esse</span> <span class='ocrx_word' id='word_1_527' title='bbox 1096 228 1266 259; x_wconf 86' lang='lat' dir='ltr'>maleficium,</span> <span class='ocrx_word' id='word_1_528' title='bbox 1283 237 1420 263; x_wconf 80' lang='lat' dir='ltr'>spurcum,</span> <span class='ocrx_word' id='word_1_529' title='bbox 1430 230 1570 260; x_wconf 87' lang='lat' dir='ltr'>nefarium,</span> <span class='ocrx_word' id='word_1_530' title='bbox 1580 232 1665 257; x_wconf 84' lang='lat' dir='ltr'>inusi-</span> 
     </span>
     <span class='ocr_line' id='line_1_78' title="bbox 875 266 1664 299; baseline 0.008 -10"><span class='ocrx_word' id='word_1_531' title='bbox 875 269 967 295; x_wconf 85' lang='lat' dir='ltr'>tatum,</span> <span class='ocrx_word' id='word_1_532' title='bbox 993 273 1048 299; x_wconf 88' lang='lat' dir='ltr'>quo</span> <span class='ocrx_word' id='word_1_533' title='bbox 1071 266 1202 291; x_wconf 87' lang='lat' dir='ltr'>maturius</span> <span class='ocrx_word' id='word_1_534' title='bbox 1225 270 1249 291; x_wconf 93' lang='lat' dir='ltr'>et</span> <span class='ocrx_word' id='word_1_535' title='bbox 1272 268 1386 292; x_wconf 88' lang='lat' dir='ltr'>atrocius</span> <span class='ocrx_word' id='word_1_536' title='bbox 1405 267 1596 294; x_wconf 74' lang='lat' dir='ltr'>vindicandum</span> <span class='ocrx_word' id='word_1_537' title='bbox 1620 270 1664 295; x_wconf 81' lang='lat' dir='ltr'>sit.</span> 
     </span>
     <span class='ocr_line' id='line_1_79' title="bbox 876 302 1663 339; baseline 0.005 -12"><span class='ocrx_word' id='word_1_538' title='bbox 876 302 967 327; x_wconf 88' lang='lat' dir='ltr'>Nonus</span> <span class='ocrx_word' id='word_1_539' title='bbox 992 302 1065 328; x_wconf 86' lang='lat' dir='ltr'>locus</span> <span class='ocrx_word' id='word_1_540' title='bbox 1088 307 1188 328; x_wconf 87' lang='lat' dir='ltr'>constat</span> <span class='ocrx_word' id='word_1_541' title='bbox 1215 312 1248 329; x_wconf 85' lang='lat' dir='ltr'>ex</span> <span class='ocrx_word' id='word_1_542' title='bbox 1271 308 1437 337; x_wconf 89' lang='lat' dir='ltr'>peccatorum</span> <span class='ocrx_word' id='word_1_543' title='bbox 1460 306 1663 339; x_wconf 78' lang='lat' dir='ltr'>comparatione,</span> 
     </span>
     <span class='ocr_line' id='line_1_80' title="bbox 875 339 1666 377; baseline 0.006 -13"><span class='ocrx_word' id='word_1_544' title='bbox 875 339 952 373; x_wconf 85' lang='lat' dir='ltr'>quasi</span> <span class='ocrx_word' id='word_1_545' title='bbox 968 348 1053 373; x_wconf 89' lang='lat' dir='ltr'>quum</span> <span class='ocrx_word' id='word_1_546' title='bbox 1068 339 1191 370; x_wconf 88' lang='lat' dir='ltr'>dicimus,</span> <span class='ocrx_word' id='word_1_547' title='bbox 1201 340 1287 366; x_wconf 82' lang='lat' dir='ltr'>maius</span> <span class='ocrx_word' id='word_1_548' title='bbox 1298 349 1356 366; x_wconf 87' lang='lat' dir='ltr'>esse</span> <span class='ocrx_word' id='word_1_549' title='bbox 1366 341 1536 372; x_wconf 89' lang='lat' dir='ltr'>maleficium,</span> <span class='ocrx_word' id='word_1_550' title='bbox 1546 347 1666 377; x_wconf 76' lang='lat' dir='ltr'>stuprare</span> 
     </span>
     <span class='ocr_line' id='line_1_81' title="bbox 876 376 1666 415; baseline 0.006 -14"><span class='ocrx_word' id='word_1_551' title='bbox 876 376 1028 410; x_wconf 80' lang='lat' dir='ltr'>ingenuam.</span> <span class='ocrx_word' id='word_1_552' title='bbox 1044 385 1125 411; x_wconf 89' lang='lat' dir='ltr'>quam</span> <span class='ocrx_word' id='word_1_553' title='bbox 1141 386 1246 403; x_wconf 87' lang='lat' dir='ltr'>sacrum</span> <span class='ocrx_word' id='word_1_554' title='bbox 1266 377 1365 413; x_wconf 62' lang='lat' dir='ltr'>legere,</span> <span class='ocrx_word' id='word_1_555' title='bbox 1389 378 1461 413; x_wconf 89' lang='lat' dir='ltr'>quod</span> <span class='ocrx_word' id='word_1_556' title='bbox 1480 384 1586 413; x_wconf 87' lang='lat' dir='ltr'>propter</span> <span class='ocrx_word' id='word_1_557' title='bbox 1605 389 1666 415; x_wconf 87' lang='lat' dir='ltr'>ege-</span> 
     </span>
     <span class='ocr_line' id='line_1_82' title="bbox 876 413 1667 451; baseline 0.006 -13"><span class='ocrx_word' id='word_1_558' title='bbox 876 418 968 439; x_wconf 85' lang='lat' dir='ltr'>statem</span> <span class='ocrx_word' id='word_1_559' title='bbox 988 413 1110 443; x_wconf 85' lang='lat' dir='ltr'>alterum,</span> <span class='ocrx_word' id='word_1_560' title='bbox 1131 414 1242 440; x_wconf 88' lang='lat' dir='ltr'>alterum</span> <span class='ocrx_word' id='word_1_561' title='bbox 1262 419 1369 449; x_wconf 89' lang='lat' dir='ltr'>propter</span> <span class='ocrx_word' id='word_1_562' title='bbox 1385 416 1606 451; x_wconf 84' lang='lat' dir='ltr'>intemperantem</span> <span class='ocrx_word' id='word_1_563' title='bbox 1621 426 1667 443; x_wconf 92' lang='lat' dir='ltr'>su-</span> 
     </span>
     <span class='ocr_line' id='line_1_83' title="bbox 876 450 1663 488; baseline 0.008 -13"><span class='ocrx_word' id='word_1_564' title='bbox 876 450 994 484; x_wconf 82' lang='lat' dir='ltr'>perbiam</span> <span class='ocrx_word' id='word_1_565' title='bbox 1014 451 1067 476; x_wconf 88' lang='lat' dir='ltr'>fiat.</span> <span class='ocrx_word' id='word_1_566' title='bbox 1100 452 1224 477; x_wconf 82' lang='lat' dir='ltr'>Decimus</span> <span class='ocrx_word' id='word_1_567' title='bbox 1244 452 1317 478; x_wconf 88' lang='lat' dir='ltr'>locus</span> <span class='ocrx_word' id='word_1_568' title='bbox 1335 457 1383 483; x_wconf 86' lang='lat' dir='ltr'>est,</span> <span class='ocrx_word' id='word_1_569' title='bbox 1404 462 1449 487; x_wconf 91' lang='lat' dir='ltr'>per</span> <span class='ocrx_word' id='word_1_570' title='bbox 1467 462 1547 488; x_wconf 89' lang='lat' dir='ltr'>quem</span> <span class='ocrx_word' id='word_1_571' title='bbox 1567 455 1663 482; x_wconf 80' lang='lat' dir='ltr'>omnia.</span> 
     </span>
     <span class='ocr_line' id='line_1_84' title="bbox 875 489 1667 525; baseline 0.008 -13"><span class='ocrx_word' id='word_1_572' title='bbox 875 496 943 521; x_wconf 89' lang='lat' dir='ltr'>quae</span> <span class='ocrx_word' id='word_1_573' title='bbox 959 489 985 513; x_wconf 92' lang='lat' dir='ltr'>in</span> <span class='ocrx_word' id='word_1_574' title='bbox 999 489 1104 523; x_wconf 83' lang='lat' dir='ltr'>negotio</span> <span class='ocrx_word' id='word_1_575' title='bbox 1117 489 1237 523; x_wconf 83' lang='lat' dir='ltr'>gerundo</span> <span class='ocrx_word' id='word_1_576' title='bbox 1250 494 1306 515; x_wconf 87' lang='lat' dir='ltr'>acta</span> <span class='ocrx_word' id='word_1_577' title='bbox 1320 494 1390 521; x_wconf 85' lang='lat' dir='ltr'>sunt,</span> <span class='ocrx_word' id='word_1_578' title='bbox 1404 499 1527 525; x_wconf 87' lang='lat' dir='ltr'>quaeque</span> <span class='ocrx_word' id='word_1_579' title='bbox 1538 500 1592 517; x_wconf 76' lang='lat' dir='ltr'>rem</span> <span class='ocrx_word' id='word_1_580' title='bbox 1604 500 1667 518; x_wconf 86' lang='lat' dir='ltr'>con-</span> 
     </span>
     <span class='ocr_line' id='line_1_85' title="bbox 875 525 1667 564; baseline 0.008 -15"><span class='ocrx_word' id='word_1_581' title='bbox 875 525 952 559; x_wconf 87' lang='lat' dir='ltr'>sequi</span> <span class='ocrx_word' id='word_1_582' title='bbox 964 525 1057 555; x_wconf 87' lang='lat' dir='ltr'>solent,</span> <span class='ocrx_word' id='word_1_583' title='bbox 1066 527 1226 560; x_wconf 79' lang='lat' dir='ltr'>exponimus</span> <span class='ocrx_word' id='word_1_584' title='bbox 1237 527 1330 553; x_wconf 85' lang='lat' dir='ltr'>acriter</span> <span class='ocrx_word' id='word_1_585' title='bbox 1340 532 1365 553; x_wconf 86' lang='lat' dir='ltr'>et</span> <span class='ocrx_word' id='word_1_586' title='bbox 1375 528 1515 554; x_wconf 88' lang='lat' dir='ltr'>criminose</span> <span class='ocrx_word' id='word_1_587' title='bbox 1521 528 1667 564; x_wconf 82' lang='lat' dir='ltr'>etdiligen-</span> 
     </span>
    </p>
   </div>
   <div class='ocr_carea' id='block_1_10' title="bbox 852 563 1666 599">
    <p class='ocr_par' dir='ltr' id='par_1_13' title="bbox 852 563 1666 599">
     <span class='ocr_line' id='line_1_86' title="bbox 852 563 1666 599; baseline 0.006 -12"><span class='ocrx_word' id='word_1_588' title='bbox 852 578 853 581; x_wconf 67' lang='lat'><em>=</em></span> <span class='ocrx_word' id='word_1_589' title='bbox 876 566 922 592; x_wconf 85' lang='lat' dir='ltr'>ter,</span> <span class='ocrx_word' id='word_1_590' title='bbox 936 566 964 588; x_wconf 92' lang='lat' dir='ltr'>ut</span> <span class='ocrx_word' id='word_1_591' title='bbox 974 563 1016 597; x_wconf 82' lang='lat' dir='ltr'>agi</span> <span class='ocrx_word' id='word_1_592' title='bbox 1029 572 1071 588; x_wconf 88' lang='lat' dir='ltr'>res</span> <span class='ocrx_word' id='word_1_593' title='bbox 1082 568 1107 588; x_wconf 92' lang='lat' dir='ltr'>et</span> <span class='ocrx_word' id='word_1_594' title='bbox 1120 564 1175 597; x_wconf 80' lang='lat' dir='ltr'>geri</span> <span class='ocrx_word' id='word_1_595' title='bbox 1188 565 1324 599; x_wconf 84' lang='lat' dir='ltr'>negotium</span> <span class='ocrx_word' id='word_1_596' title='bbox 1335 564 1464 595; x_wconf 70' lang='lat' dir='ltr'>videatur,</span> <span class='ocrx_word' id='word_1_597' title='bbox 1473 574 1561 591; x_wconf 90' lang='lat' dir='ltr'>rerum</span> <span class='ocrx_word' id='word_1_598' title='bbox 1573 574 1666 592; x_wconf 77' lang='lat' dir='ltr'>conse—</span> 
     </span>
    </p>
   </div>
   <div class='ocr_carea' id='block_1_11' title="bbox 875 599 1666 633">
    <p class='ocr_par' dir='ltr' id='par_1_14' title="bbox 875 599 1666 633">
     <span class='ocr_line' id='line_1_87' title="bbox 875 599 1666 633; baseline 0.008 -9"><span class='ocrx_word' id='word_1_599' title='bbox 875 599 1015 633; x_wconf 87' lang='lat' dir='ltr'>quentium</span> <span class='ocrx_word' id='word_1_600' title='bbox 1027 601 1234 626; x_wconf 82' lang='lat' dir='ltr'>enumeratione.</span> <span class='ocrx_word' id='word_1_601' title='bbox 1246 601 1346 627; x_wconf 76' lang='lat' dir='ltr'>XXXI.</span> <span class='ocrx_word' id='word_1_602' title='bbox 1355 603 1396 628; x_wconf 81' lang='lat'>50.</span> <span class='ocrx_word' id='word_1_603' title='bbox 1404 603 1582 629; x_wconf 85' lang='lat' dir='ltr'>Misericordia</span> <span class='ocrx_word' id='word_1_604' title='bbox 1593 612 1666 630; x_wconf 89' lang='lat' dir='ltr'>com-</span> 
     </span>
    </p>
   </div>
   <div class='ocr_carea' id='block_1_12' title="bbox 844 636 1665 747">
    <p class='ocr_par' dir='ltr' id='par_1_15' title="bbox 844 636 1665 747">
     <span class='ocr_line' id='line_1_88' title="bbox 844 636 1665 669; baseline 0.007 -8"><span class='ocrx_word' id='word_1_605' title='bbox 844 645 845 652; x_wconf 60' lang='lat'><em>*</em></span> <span class='ocrx_word' id='word_1_606' title='bbox 876 636 1026 662; x_wconf 78' lang='lat' dir='ltr'>movebitur</span> <span class='ocrx_word' id='word_1_607' title='bbox 1049 637 1177 663; x_wconf 89' lang='lat' dir='ltr'>auditoris</span> <span class='ocrx_word' id='word_1_608' title='bbox 1200 639 1315 669; x_wconf 90' lang='lat' dir='ltr'>animus,</span> <span class='ocrx_word' id='word_1_609' title='bbox 1336 640 1357 665; x_wconf 90' lang='lat' dir='ltr'>si</span> <span class='ocrx_word' id='word_1_610' title='bbox 1378 640 1478 665; x_wconf 82' lang='lat' dir='ltr'>variam</span> <span class='ocrx_word' id='word_1_611' title='bbox 1499 639 1665 667; x_wconf 84' lang='lat' dir='ltr'>fortunarum</span> 
     </span>
     <span class='ocr_line' id='line_1_89' title="bbox 851 674 1665 712; baseline 0.006 -13"><span class='ocrx_word' id='word_1_612' title='bbox 851 689 852 698; x_wconf 71' lang='lat' dir='ltr'>l</span> <span class='ocrx_word' id='word_1_613' title='bbox 875 675 1108 700; x_wconf 88' lang='lat' dir='ltr'>commutationem</span> <span class='ocrx_word' id='word_1_614' title='bbox 1123 674 1258 707; x_wconf 70' lang='lat' dir='ltr'>dicemus,</span> <span class='ocrx_word' id='word_1_615' title='bbox 1286 676 1309 702; x_wconf 87' lang='lat' dir='ltr'>si</span> <span class='ocrx_word' id='word_1_616' title='bbox 1320 677 1499 708; x_wconf 77' lang='lat' dir='ltr'>ostendemus,</span> <span class='ocrx_word' id='word_1_617' title='bbox 1519 678 1546 704; x_wconf 90' lang='lat' dir='ltr'>in</span> <span class='ocrx_word' id='word_1_618' title='bbox 1564 678 1665 712; x_wconf 88' lang='lat' dir='ltr'>quibus</span> 
     </span>
     <span class='ocr_line' id='line_1_90' title="bbox 851 711 1662 747; baseline 0.006 -11"><span class='ocrx_word' id='word_1_619' title='bbox 851 731 852 735; x_wconf 65' lang='grc'>,</span> <span class='ocrx_word' id='word_1_620' title='bbox 874 711 1021 737; x_wconf 90' lang='lat' dir='ltr'>commodis</span> <span class='ocrx_word' id='word_1_621' title='bbox 1036 711 1176 742; x_wconf 82' lang='lat' dir='ltr'>fuerimus,</span> <span class='ocrx_word' id='word_1_622' title='bbox 1198 712 1352 747; x_wconf 90' lang='lat' dir='ltr'>quibusque</span> <span class='ocrx_word' id='word_1_623' title='bbox 1374 714 1549 741; x_wconf 87' lang='lat' dir='ltr'>incommodis</span> <span class='ocrx_word' id='word_1_624' title='bbox 1567 716 1662 746; x_wconf 90' lang='lat' dir='ltr'>simus,</span> 
     </span>
    </p>
   </div>
   <div class='ocr_carea' id='block_1_13' title="bbox 872 749 1665 1234">
    <p class='ocr_par' dir='ltr' id='par_1_16' title="bbox 872 749 1665 1234">
     <span class='ocr_line' id='line_1_91' title="bbox 874 749 1663 784; baseline 0.008 -11"><span class='ocrx_word' id='word_1_625' title='bbox 874 749 1082 782; x_wconf 71' lang='lat' dir='ltr'>comparatione,</span> <span class='ocrx_word' id='word_1_626' title='bbox 1099 750 1130 779; x_wconf 94' lang='lat' dir='ltr'>si,</span> <span class='ocrx_word' id='word_1_627' title='bbox 1139 758 1208 784; x_wconf 86' lang='lat' dir='ltr'>quae</span> <span class='ocrx_word' id='word_1_628' title='bbox 1220 750 1296 776; x_wconf 88' lang='lat' dir='ltr'>nobis</span> <span class='ocrx_word' id='word_1_629' title='bbox 1310 750 1398 776; x_wconf 86' lang='lat' dir='ltr'>futura</span> <span class='ocrx_word' id='word_1_630' title='bbox 1409 752 1470 782; x_wconf 91' lang='lat' dir='ltr'>sint,</span> <span class='ocrx_word' id='word_1_631' title='bbox 1481 753 1531 778; x_wconf 86' lang='lat' dir='ltr'>nisi</span> <span class='ocrx_word' id='word_1_632' title='bbox 1542 761 1663 779; x_wconf 87' lang='lat' dir='ltr'>caussam</span> 
     </span>
     <span class='ocr_line' id='line_1_92' title="bbox 874 785 1664 824; baseline 0.008 -14"><span class='ocrx_word' id='word_1_633' title='bbox 874 785 1079 817; x_wconf 89' lang='lat' dir='ltr'>obtinuerimus,</span> <span class='ocrx_word' id='word_1_634' title='bbox 1092 787 1310 813; x_wconf 85' lang='lat' dir='ltr'>enumerabimus</span> <span class='ocrx_word' id='word_1_635' title='bbox 1321 792 1346 813; x_wconf 88' lang='lat' dir='ltr'>et</span> <span class='ocrx_word' id='word_1_636' title='bbox 1356 788 1539 816; x_wconf 84' lang='lat' dir='ltr'>ostendemus:</span> <span class='ocrx_word' id='word_1_637' title='bbox 1565 791 1587 816; x_wconf 90' lang='lat' dir='ltr'>si</span> <span class='ocrx_word' id='word_1_638' title='bbox 1599 799 1664 824; x_wconf 85' lang='lat' dir='ltr'>sup-</span> 
     </span>
     <span class='ocr_line' id='line_1_93' title="bbox 874 822 1662 859; baseline 0.008 -12"><span class='ocrx_word' id='word_1_639' title='bbox 874 822 1034 856; x_wconf 89' lang='lat' dir='ltr'>plicabimus</span> <span class='ocrx_word' id='word_1_640' title='bbox 1057 828 1081 849; x_wconf 90' lang='lat' dir='ltr'>et</span> <span class='ocrx_word' id='word_1_641' title='bbox 1095 832 1143 849; x_wconf 90' lang='lat' dir='ltr'>nos</span> <span class='ocrx_word' id='word_1_642' title='bbox 1154 824 1205 850; x_wconf 89' lang='lat' dir='ltr'>sub</span> <span class='ocrx_word' id='word_1_643' title='bbox 1216 833 1316 855; x_wconf 86' lang='lat' dir='ltr'>eorum,</span> <span class='ocrx_word' id='word_1_644' title='bbox 1329 834 1442 859; x_wconf 89' lang='lat' dir='ltr'>quorum</span> <span class='ocrx_word' id='word_1_645' title='bbox 1455 827 1662 853; x_wconf 86' lang='lat' dir='ltr'>misericordiam</span> 
     </span>
     <span class='ocr_line' id='line_1_94' title="bbox 873 860 1664 898; baseline 0.006 -13"><span class='ocrx_word' id='word_1_646' title='bbox 873 860 1049 894; x_wconf 77' lang='lat' dir='ltr'>captabimus,</span> <span class='ocrx_word' id='word_1_647' title='bbox 1062 865 1217 895; x_wconf 82' lang='lat' dir='ltr'>potestatem</span> <span class='ocrx_word' id='word_1_648' title='bbox 1231 862 1421 894; x_wconf 68' lang='lat' dir='ltr'>subiiciemus3</span> <span class='ocrx_word' id='word_1_649' title='bbox 1447 864 1478 893; x_wconf 82' lang='lat' dir='ltr'>si,</span> <span class='ocrx_word' id='word_1_650' title='bbox 1491 864 1557 898; x_wconf 83' lang='lat' dir='ltr'>quid</span> <span class='ocrx_word' id='word_1_651' title='bbox 1568 866 1664 890; x_wconf 82' lang='lat' dir='ltr'>nostris</span> 
     </span>
     <span class='ocr_line' id='line_1_95' title="bbox 875 898 1664 936; baseline 0.006 -14"><span class='ocrx_word' id='word_1_652' title='bbox 875 898 1038 931; x_wconf 85' lang='lat' dir='ltr'>parentibus,</span> <span class='ocrx_word' id='word_1_653' title='bbox 1048 898 1245 929; x_wconf 86' lang='lat' dir='ltr'>liberis,ceteris</span> <span class='ocrx_word' id='word_1_654' title='bbox 1258 901 1413 926; x_wconf 85' lang='lat' dir='ltr'>necessariis</span> <span class='ocrx_word' id='word_1_655' title='bbox 1423 909 1547 926; x_wconf 85' lang='lat' dir='ltr'>casurum</span> <span class='ocrx_word' id='word_1_656' title='bbox 1559 903 1593 927; x_wconf 85' lang='lat' dir='ltr'>sit</span> <span class='ocrx_word' id='word_1_657' title='bbox 1604 911 1664 936; x_wconf 81' lang='lat' dir='ltr'>pro-</span> 
     </span>
     <span class='ocr_line' id='line_1_96' title="bbox 872 935 1664 971; baseline 0.005 -11"><span class='ocrx_word' id='word_1_658' title='bbox 872 939 930 968; x_wconf 84' lang='lat' dir='ltr'>pter</span> <span class='ocrx_word' id='word_1_659' title='bbox 941 940 1043 961; x_wconf 85' lang='lat' dir='ltr'>nostras</span> <span class='ocrx_word' id='word_1_660' title='bbox 1057 935 1228 967; x_wconf 87' lang='lat' dir='ltr'>calamitates,</span> <span class='ocrx_word' id='word_1_661' title='bbox 1244 938 1394 971; x_wconf 89' lang='lat' dir='ltr'>aperiemus</span> <span class='ocrx_word' id='word_1_662' title='bbox 1408 942 1433 963; x_wconf 81' lang='lat' dir='ltr'>et</span> <span class='ocrx_word' id='word_1_663' title='bbox 1447 938 1527 964; x_wconf 79' lang='lat' dir='ltr'>simul</span> <span class='ocrx_word' id='word_1_664' title='bbox 1542 940 1664 964; x_wconf 86' lang='lat' dir='ltr'>ostende—</span> 
     </span>
     <span class='ocr_line' id='line_1_97' title="bbox 873 972 1664 1005; baseline 0.006 -8"><span class='ocrx_word' id='word_1_665' title='bbox 873 980 942 1002; x_wconf 88' lang='lat' dir='ltr'>mus,</span> <span class='ocrx_word' id='word_1_666' title='bbox 955 972 1063 998; x_wconf 91' lang='lat' dir='ltr'>illorum</span> <span class='ocrx_word' id='word_1_667' title='bbox 1078 981 1125 999; x_wconf 89' lang='lat' dir='ltr'>nos</span> <span class='ocrx_word' id='word_1_668' title='bbox 1139 973 1283 1000; x_wconf 88' lang='lat' dir='ltr'>solitudine</span> <span class='ocrx_word' id='word_1_669' title='bbox 1294 978 1319 1000; x_wconf 84' lang='lat' dir='ltr'>et</span> <span class='ocrx_word' id='word_1_670' title='bbox 1329 975 1443 1005; x_wconf 88' lang='lat' dir='ltr'>miseria,</span> <span class='ocrx_word' id='word_1_671' title='bbox 1453 984 1504 1001; x_wconf 88' lang='lat' dir='ltr'>non</span> <span class='ocrx_word' id='word_1_672' title='bbox 1515 977 1611 1002; x_wconf 84' lang='lat' dir='ltr'>nostris</span> <span class='ocrx_word' id='word_1_673' title='bbox 1624 977 1664 1002; x_wconf 90' lang='lat' dir='ltr'>in—</span> 
     </span>
     <span class='ocr_line' id='line_1_98' title="bbox 872 1009 1665 1043; baseline 0.008 -9"><span class='ocrx_word' id='word_1_674' title='bbox 872 1009 1018 1035; x_wconf 90' lang='lat' dir='ltr'>commodis</span> <span class='ocrx_word' id='word_1_675' title='bbox 1033 1010 1135 1043; x_wconf 70' lang='lat' dir='ltr'>dolere,</span> <span class='ocrx_word' id='word_1_676' title='bbox 1153 1011 1175 1037; x_wconf 91' lang='lat' dir='ltr'>si</span> <span class='ocrx_word' id='word_1_677' title='bbox 1189 1010 1222 1037; x_wconf 87' lang='lat' dir='ltr'>de</span> <span class='ocrx_word' id='word_1_678' title='bbox 1233 1011 1381 1043; x_wconf 84' lang='lat' dir='ltr'>clementia,</span> <span class='ocrx_word' id='word_1_679' title='bbox 1399 1012 1570 1043; x_wconf 73' lang='lat' dir='ltr'>humanitate,</span> <span class='ocrx_word' id='word_1_680' title='bbox 1584 1014 1665 1039; x_wconf 79' lang='lat' dir='ltr'>mise-</span> 
     </span>
     <span class='ocr_line' id='line_1_99' title="bbox 873 1047 1661 1085; baseline 0.006 -13"><span class='ocrx_word' id='word_1_681' title='bbox 873 1047 985 1072; x_wconf 89' lang='lat' dir='ltr'>ricordia</span> <span class='ocrx_word' id='word_1_682' title='bbox 1004 1052 1100 1078; x_wconf 82' lang='lat' dir='ltr'>nostra,</span> <span class='ocrx_word' id='word_1_683' title='bbox 1121 1056 1174 1083; x_wconf 90' lang='lat' dir='ltr'>qua</span> <span class='ocrx_word' id='word_1_684' title='bbox 1194 1049 1222 1074; x_wconf 93' lang='lat' dir='ltr'>in</span> <span class='ocrx_word' id='word_1_685' title='bbox 1241 1048 1306 1074; x_wconf 87' lang='lat' dir='ltr'>alios</span> <span class='ocrx_word' id='word_1_686' title='bbox 1321 1050 1362 1075; x_wconf 84' lang='lat' dir='ltr'>usi</span> <span class='ocrx_word' id='word_1_687' title='bbox 1376 1058 1481 1080; x_wconf 87' lang='lat' dir='ltr'>sumus,</span> <span class='ocrx_word' id='word_1_688' title='bbox 1498 1052 1661 1085; x_wconf 80' lang='lat' dir='ltr'>aperiemus:</span> 
     </span>
     <span class='ocr_line' id='line_1_100' title="bbox 872 1084 1663 1121; baseline 0.006 -12"><span class='ocrx_word' id='word_1_689' title='bbox 872 1084 895 1109; x_wconf 92' lang='lat' dir='ltr'>si</span> <span class='ocrx_word' id='word_1_690' title='bbox 910 1093 957 1109; x_wconf 91' lang='lat' dir='ltr'>nos</span> <span class='ocrx_word' id='word_1_691' title='bbox 971 1093 1077 1119; x_wconf 90' lang='lat' dir='ltr'>semper</span> <span class='ocrx_word' id='word_1_692' title='bbox 1091 1090 1136 1111; x_wconf 91' lang='lat' dir='ltr'>aut</span> <span class='ocrx_word' id='word_1_693' title='bbox 1149 1085 1196 1111; x_wconf 91' lang='lat' dir='ltr'>diu</span> <span class='ocrx_word' id='word_1_694' title='bbox 1210 1086 1237 1112; x_wconf 94' lang='lat' dir='ltr'>in</span> <span class='ocrx_word' id='word_1_695' title='bbox 1253 1086 1331 1112; x_wconf 87' lang='lat' dir='ltr'>malis</span> <span class='ocrx_word' id='word_1_696' title='bbox 1346 1086 1429 1112; x_wconf 87' lang='lat' dir='ltr'>fuisse</span> <span class='ocrx_word' id='word_1_697' title='bbox 1439 1087 1624 1121; x_wconf 66' lang='lat' dir='ltr'>ostendemusg</span> <span class='ocrx_word' id='word_1_698' title='bbox 1641 1089 1663 1114; x_wconf 84' lang='lat' dir='ltr'>si</span> 
     </span>
     <span class='ocr_line' id='line_1_101' title="bbox 873 1121 1663 1158; baseline 0.006 -12"><span class='ocrx_word' id='word_1_699' title='bbox 873 1126 993 1147; x_wconf 87' lang='lat' dir='ltr'>nostrum</span> <span class='ocrx_word' id='word_1_700' title='bbox 1004 1121 1087 1148; x_wconf 86' lang='lat' dir='ltr'>fatum</span> <span class='ocrx_word' id='word_1_701' title='bbox 1098 1127 1143 1148; x_wconf 88' lang='lat' dir='ltr'>aut</span> <span class='ocrx_word' id='word_1_702' title='bbox 1152 1122 1285 1149; x_wconf 87' lang='lat' dir='ltr'>fortunam</span> <span class='ocrx_word' id='word_1_703' title='bbox 1294 1132 1489 1158; x_wconf 87' lang='lat' dir='ltr'>conqueremur</span> <span class='ocrx_word' id='word_1_704' title='bbox 1497 1134 1502 1157; x_wconf 67' lang='grc' dir='ltr'><strong><em>ς</em></strong></span> <span class='ocrx_word' id='word_1_705' title='bbox 1511 1125 1533 1151; x_wconf 90' lang='lat' dir='ltr'>si</span> <span class='ocrx_word' id='word_1_706' title='bbox 1544 1126 1663 1151; x_wconf 89' lang='lat' dir='ltr'>animum</span> 
     </span>
     <span class='ocr_line' id='line_1_102' title="bbox 873 1159 1664 1194; baseline 0.006 -10"><span class='ocrx_word' id='word_1_707' title='bbox 873 1163 992 1184; x_wconf 92' lang='lat' dir='ltr'>nostrum</span> <span class='ocrx_word' id='word_1_708' title='bbox 1012 1159 1114 1190; x_wconf 87' lang='lat' dir='ltr'>fortem,</span> <span class='ocrx_word' id='word_1_709' title='bbox 1136 1161 1280 1194; x_wconf 88' lang='lat' dir='ltr'>patientem</span> <span class='ocrx_word' id='word_1_710' title='bbox 1299 1161 1527 1188; x_wconf 90' lang='lat' dir='ltr'>incommodorum</span> <span class='ocrx_word' id='word_1_711' title='bbox 1541 1163 1664 1189; x_wconf 48' lang='lat' dir='ltr'>ostende*</span> 
     </span>
     <span class='ocr_line' id='line_1_103' title="bbox 872 1196 1663 1234; baseline 0.006 -13"><span class='ocrx_word' id='word_1_712' title='bbox 872 1204 933 1222; x_wconf 89' lang='lat' dir='ltr'>mus</span> <span class='ocrx_word' id='word_1_713' title='bbox 946 1196 1076 1222; x_wconf 88' lang='lat' dir='ltr'>futurum.</span> <span class='ocrx_word' id='word_1_714' title='bbox 1113 1197 1375 1224; x_wconf 89' lang='lat' dir='ltr'>Commiserationem</span> <span class='ocrx_word' id='word_1_715' title='bbox 1390 1199 1498 1225; x_wconf 80' lang='lat' dir='ltr'>brevem</span> <span class='ocrx_word' id='word_1_716' title='bbox 1513 1208 1571 1226; x_wconf 88' lang='lat' dir='ltr'>esse</span> <span class='ocrx_word' id='word_1_717' title='bbox 1587 1209 1663 1234; x_wconf 84' lang='lat' dir='ltr'>opor-</span> 
     </span>
    </p>
   </div>
   <div class='ocr_carea' id='block_1_14' title="bbox 848 1234 1442 1269">
    <p class='ocr_par' dir='ltr' id='par_1_17' title="bbox 848 1234 1442 1269">
     <span class='ocr_line' id='line_1_104' title="bbox 848 1234 1442 1269; baseline 0.007 -11"><span class='ocrx_word' id='word_1_718' title='bbox 848 1246 849 1262; x_wconf 61' lang='lat'>,</span> <span class='ocrx_word' id='word_1_719' title='bbox 872 1237 917 1259; x_wconf 89' lang='lat' dir='ltr'>tet.</span> <span class='ocrx_word' id='word_1_720' title='bbox 951 1234 1024 1259; x_wconf 79' lang='lat' dir='ltr'>Nihil</span> <span class='ocrx_word' id='word_1_721' title='bbox 1039 1235 1109 1260; x_wconf 90' lang='lat' dir='ltr'>enim</span> <span class='ocrx_word' id='word_1_722' title='bbox 1127 1234 1234 1260; x_wconf 90' lang='lat' dir='ltr'>lacrima</span> <span class='ocrx_word' id='word_1_723' title='bbox 1248 1236 1327 1261; x_wconf 89' lang='lat' dir='ltr'>citius</span> <span class='ocrx_word' id='word_1_724' title='bbox 1338 1237 1442 1269; x_wconf 65' lang='lat' dir='ltr'>arescit.</span> 
     </span>
    </p>
   </div>
   <div class='ocr_carea' id='block_1_15' title="bbox 871 1263 1663 1382">
    <p class='ocr_par' dir='ltr' id='par_1_18' title="bbox 871 1263 1663 1382">
     <span class='ocr_line' id='line_1_105' title="bbox 927 1263 1663 1300; baseline 0.005 -4"><span class='ocrx_word' id='word_1_725' title='bbox 927 1263 1297 1299; x_wconf 48' lang='lat' dir='ltr'>Fessglmss&#39;s‘ssb‘sffln‘s&#39;sifflffi</span> <span class='ocrx_word' id='word_1_726' title='bbox 1306 1270 1395 1300; x_wconf 60' lang='lat' dir='ltr'>‘totius</span> <span class='ocrx_word' id='word_1_727' title='bbox 1416 1274 1520 1300; x_wconf 86' lang='lat' dir='ltr'>artificii</span> <span class='ocrx_word' id='word_1_728' title='bbox 1541 1275 1663 1300; x_wconf 80' lang='lat' dir='ltr'>tractavi-</span> 
     </span>
     <span class='ocr_line' id='line_1_106' title="bbox 871 1308 1663 1344; baseline 0.005 -11"><span class='ocrx_word' id='word_1_729' title='bbox 871 1316 932 1333; x_wconf 90' lang='lat' dir='ltr'>mus</span> <span class='ocrx_word' id='word_1_730' title='bbox 944 1309 970 1334; x_wconf 92' lang='lat' dir='ltr'>in</span> <span class='ocrx_word' id='word_1_731' title='bbox 983 1308 1031 1334; x_wconf 89' lang='lat' dir='ltr'>boc</span> <span class='ocrx_word' id='word_1_732' title='bbox 1044 1308 1294 1344; x_wconf 72' lang='lat' dir='ltr'>libro3quapropter</span> <span class='ocrx_word' id='word_1_733' title='bbox 1304 1310 1366 1336; x_wconf 90' lang='lat' dir='ltr'>huic</span> <span class='ocrx_word' id='word_1_734' title='bbox 1373 1310 1504 1337; x_wconf 88' lang='lat' dir='ltr'>volumini</span> <span class='ocrx_word' id='word_1_735' title='bbox 1515 1311 1610 1337; x_wconf 79' lang='lat' dir='ltr'>modus</span> <span class='ocrx_word' id='word_1_736' title='bbox 1622 1312 1663 1337; x_wconf 71' lang='lat' dir='ltr'>bi(-</span> 
     </span>
     <span class='ocr_line' id='line_1_107' title="bbox 871 1345 1663 1382; baseline 0.006 -12"><span class='ocrx_word' id='word_1_737' title='bbox 871 1345 914 1371; x_wconf 84' lang='lat' dir='ltr'>sit.</span> <span class='ocrx_word' id='word_1_738' title='bbox 935 1345 1061 1380; x_wconf 87' lang='lat' dir='ltr'>Reliquas</span> <span class='ocrx_word' id='word_1_739' title='bbox 1075 1347 1282 1381; x_wconf 87' lang='lat' dir='ltr'>praeceptiones,</span> <span class='ocrx_word' id='word_1_740' title='bbox 1295 1347 1383 1382; x_wconf 87' lang='lat' dir='ltr'>quoad</span> <span class='ocrx_word' id='word_1_741' title='bbox 1395 1348 1538 1379; x_wconf 86' lang='lat' dir='ltr'>videbitur,</span> <span class='ocrx_word' id='word_1_742' title='bbox 1552 1350 1578 1375; x_wconf 88' lang='lat' dir='ltr'>in</span> <span class='ocrx_word' id='word_1_743' title='bbox 1591 1350 1663 1375; x_wconf 80' lang='lat' dir='ltr'>terti-</span> 
     </span>
    </p>
   </div>
   <div class='ocr_carea' id='block_1_16' title="bbox 847 1382 1663 1457">
    <p class='ocr_par' dir='ltr' id='par_1_19' title="bbox 847 1382 1663 1457">
     <span class='ocr_line' id='line_1_108' title="bbox 848 1382 1663 1421; baseline 0.005 -13"><span class='ocrx_word' id='word_1_744' title='bbox 848 1382 849 1403; x_wconf 68' lang='grc' dir='ltr'>ἶ</span> <span class='ocrx_word' id='word_1_745' title='bbox 871 1390 916 1408; x_wconf 82' lang='lat' dir='ltr'>un]</span> <span class='ocrx_word' id='word_1_746' title='bbox 933 1382 1030 1409; x_wconf 83' lang='lat' dir='ltr'>librum</span> <span class='ocrx_word' id='word_1_747' title='bbox 1047 1383 1246 1410; x_wconf 82' lang='lat' dir='ltr'>transferemus.</span> <span class='ocrx_word' id='word_1_748' title='bbox 1274 1385 1343 1411; x_wconf 90' lang='lat' dir='ltr'>Haec</span> <span class='ocrx_word' id='word_1_749' title='bbox 1353 1386 1385 1416; x_wconf 87' lang='lat' dir='ltr'>si,</span> <span class='ocrx_word' id='word_1_750' title='bbox 1402 1390 1431 1411; x_wconf 92' lang='lat' dir='ltr'>ut</span> <span class='ocrx_word' id='word_1_751' title='bbox 1442 1387 1590 1421; x_wconf 88' lang='lat' dir='ltr'>conquisite</span> <span class='ocrx_word' id='word_1_752' title='bbox 1601 1395 1663 1412; x_wconf 90' lang='lat' dir='ltr'>con-</span> 
     </span>
     <span class='ocr_line' id='line_1_109' title="bbox 847 1418 1662 1457; baseline 0.007 -12"><span class='ocrx_word' id='word_1_753' title='bbox 847 1418 849 1442; x_wconf 73' lang='grc' dir='ltr'><strong>ἶ</strong></span> <span class='ocrx_word' id='word_1_754' title='bbox 871 1420 1039 1454; x_wconf 84' lang='lat' dir='ltr'>scripsimus,</span> <span class='ocrx_word' id='word_1_755' title='bbox 1057 1421 1091 1447; x_wconf 90' lang='lat' dir='ltr'>ita</span> <span class='ocrx_word' id='word_1_756' title='bbox 1107 1426 1134 1447; x_wconf 91' lang='lat' dir='ltr'>tu</span> <span class='ocrx_word' id='word_1_757' title='bbox 1150 1421 1293 1457; x_wconf 79' lang='lat' dir='ltr'>diligenter</span> <span class='ocrx_word' id='word_1_758' title='bbox 1303 1422 1385 1448; x_wconf 85' lang='lat' dir='ltr'>fueris</span> <span class='ocrx_word' id='word_1_759' title='bbox 1400 1429 1567 1455; x_wconf 86' lang='lat' dir='ltr'>consecutus,</span> <span class='ocrx_word' id='word_1_760' title='bbox 1580 1428 1605 1450; x_wconf 88' lang='lat' dir='ltr'>et</span> <span class='ocrx_word' id='word_1_761' title='bbox 1616 1433 1662 1451; x_wconf 73' lang='lat' dir='ltr'>nos</span> 
     </span>
    </p>
   </div>
   <div class='ocr_carea' id='block_1_17' title="bbox 869 1456 1662 1718">
    <p class='ocr_par' dir='ltr' id='par_1_20' title="bbox 869 1456 1662 1718">
     <span class='ocr_line' id='line_1_110' title="bbox 871 1456 1662 1494; baseline 0.008 -12"><span class='ocrx_word' id='word_1_762' title='bbox 871 1456 1017 1483; x_wconf 85' lang='lat' dir='ltr'>industriae</span> <span class='ocrx_word' id='word_1_763' title='bbox 1029 1457 1131 1484; x_wconf 86' lang='lat' dir='ltr'>fructus</span> <span class='ocrx_word' id='word_1_764' title='bbox 1142 1467 1176 1484; x_wconf 81' lang='lat' dir='ltr'>ex</span> <span class='ocrx_word' id='word_1_765' title='bbox 1186 1463 1228 1484; x_wconf 86' lang='lat' dir='ltr'>tua</span> <span class='ocrx_word' id='word_1_766' title='bbox 1240 1460 1350 1486; x_wconf 87' lang='lat' dir='ltr'>scientia</span> <span class='ocrx_word' id='word_1_767' title='bbox 1361 1461 1506 1494; x_wconf 82' lang='lat' dir='ltr'>capiemus,</span> <span class='ocrx_word' id='word_1_768' title='bbox 1515 1466 1540 1487; x_wconf 90' lang='lat' dir='ltr'>et</span> <span class='ocrx_word' id='word_1_769' title='bbox 1551 1466 1605 1487; x_wconf 89' lang='lat' dir='ltr'>tute</span> <span class='ocrx_word' id='word_1_770' title='bbox 1617 1471 1662 1488; x_wconf 87' lang='lat' dir='ltr'>no—</span> 
     </span>
     <span class='ocr_line' id='line_1_111' title="bbox 870 1494 1662 1532; baseline 0.006 -13"><span class='ocrx_word' id='word_1_771' title='bbox 870 1498 951 1519; x_wconf 90' lang='lat' dir='ltr'>stram</span> <span class='ocrx_word' id='word_1_772' title='bbox 958 1494 1124 1529; x_wconf 79' lang='lat' dir='ltr'>diligentiam</span> <span class='ocrx_word' id='word_1_773' title='bbox 1136 1495 1258 1522; x_wconf 85' lang='lat' dir='ltr'>laudabis</span> <span class='ocrx_word' id='word_1_774' title='bbox 1269 1501 1367 1531; x_wconf 87' lang='lat' dir='ltr'>tuaque</span> <span class='ocrx_word' id='word_1_775' title='bbox 1374 1498 1662 1532; x_wconf 83' lang='lat' dir='ltr'>perceptionelaetabe-</span> 
     </span>
     <span class='ocr_line' id='line_1_112' title="bbox 871 1531 1662 1567; baseline 0.008 -11"><span class='ocrx_word' id='word_1_776' title='bbox 871 1539 897 1556; x_wconf 90' lang='lat' dir='ltr'>re</span> <span class='ocrx_word' id='word_1_777' title='bbox 906 1540 911 1563; x_wconf 68' lang='lat'><em>3</em></span> <span class='ocrx_word' id='word_1_778' title='bbox 921 1535 948 1557; x_wconf 90' lang='lat' dir='ltr'>tu</span> <span class='ocrx_word' id='word_1_779' title='bbox 960 1531 1085 1558; x_wconf 87' lang='lat' dir='ltr'>scientior</span> <span class='ocrx_word' id='word_1_780' title='bbox 1095 1533 1147 1558; x_wconf 90' lang='lat' dir='ltr'>eris</span> <span class='ocrx_word' id='word_1_781' title='bbox 1158 1538 1358 1567; x_wconf 85' lang='lat' dir='ltr'>praeceptorum</span> <span class='ocrx_word' id='word_1_782' title='bbox 1369 1534 1487 1565; x_wconf 85' lang='lat' dir='ltr'>artificio,</span> <span class='ocrx_word' id='word_1_783' title='bbox 1497 1543 1544 1561; x_wconf 88' lang='lat' dir='ltr'>nos</span> <span class='ocrx_word' id='word_1_784' title='bbox 1553 1535 1662 1562; x_wconf 80' lang='lat' dir='ltr'>alacrio—</span> 
     </span>
     <span class='ocr_line' id='line_1_113' title="bbox 871 1568 1661 1604; baseline 0.006 -11"><span class='ocrx_word' id='word_1_785' title='bbox 871 1577 912 1594; x_wconf 90' lang='lat' dir='ltr'>res</span> <span class='ocrx_word' id='word_1_786' title='bbox 923 1568 955 1594; x_wconf 91' lang='lat' dir='ltr'>ad</span> <span class='ocrx_word' id='word_1_787' title='bbox 965 1568 1100 1603; x_wconf 89' lang='lat' dir='ltr'>reliquum</span> <span class='ocrx_word' id='word_1_788' title='bbox 1111 1569 1328 1604; x_wconf 84' lang='lat' dir='ltr'>persolvendum.</span> <span class='ocrx_word' id='word_1_789' title='bbox 1337 1571 1434 1597; x_wconf 86' lang='lat' dir='ltr'>Verum</span> <span class='ocrx_word' id='word_1_790' title='bbox 1446 1571 1510 1597; x_wconf 87' lang='lat' dir='ltr'>haec</span> <span class='ocrx_word' id='word_1_791' title='bbox 1522 1572 1609 1598; x_wconf 82' lang='lat' dir='ltr'>futura</span> <span class='ocrx_word' id='word_1_792' title='bbox 1620 1582 1661 1598; x_wconf 80' lang='lat' dir='ltr'>sa-</span> 
     </span>
     <span class='ocr_line' id='line_1_114' title="bbox 871 1605 1661 1644; baseline 0.006 -13"><span class='ocrx_word' id='word_1_793' title='bbox 871 1605 904 1631; x_wconf 90' lang='lat' dir='ltr'>tis</span> <span class='ocrx_word' id='word_1_794' title='bbox 918 1606 987 1638; x_wconf 78' lang='lat' dir='ltr'>scio;</span> <span class='ocrx_word' id='word_1_795' title='bbox 1009 1611 1032 1632; x_wconf 92' lang='lat' dir='ltr'>te</span> <span class='ocrx_word' id='word_1_796' title='bbox 1049 1607 1120 1633; x_wconf 89' lang='lat' dir='ltr'>enim</span> <span class='ocrx_word' id='word_1_797' title='bbox 1136 1616 1188 1633; x_wconf 91' lang='lat' dir='ltr'>non</span> <span class='ocrx_word' id='word_1_798' title='bbox 1201 1608 1304 1642; x_wconf 82' lang='lat' dir='ltr'>ignoro.</span> <span class='ocrx_word' id='word_1_799' title='bbox 1325 1609 1378 1634; x_wconf 88' lang='lat' dir='ltr'>Nos</span> <span class='ocrx_word' id='word_1_800' title='bbox 1389 1608 1515 1644; x_wconf 80' lang='lat' dir='ltr'>deinceps</span> <span class='ocrx_word' id='word_1_801' title='bbox 1530 1609 1563 1635; x_wconf 90' lang='lat' dir='ltr'>ad</span> <span class='ocrx_word' id='word_1_802' title='bbox 1577 1615 1661 1636; x_wconf 84' lang='lat' dir='ltr'>cetera</span> 
     </span>
     <span class='ocr_line' id='line_1_115' title="bbox 870 1645 1658 1680; baseline 0.006 -12"><span class='ocrx_word' id='word_1_803' title='bbox 870 1648 1008 1677; x_wconf 85' lang='lat' dir='ltr'>praecepta</span> <span class='ocrx_word' id='word_1_804' title='bbox 1023 1647 1198 1675; x_wconf 88' lang='lat' dir='ltr'>transeamus,</span> <span class='ocrx_word' id='word_1_805' title='bbox 1215 1649 1252 1675; x_wconf 89' lang='lat' dir='ltr'>ut,</span> <span class='ocrx_word' id='word_1_806' title='bbox 1265 1645 1337 1680; x_wconf 86' lang='lat' dir='ltr'>quod</span> <span class='ocrx_word' id='word_1_807' title='bbox 1351 1645 1526 1672; x_wconf 80' lang='lat' dir='ltr'>libentissime</span> <span class='ocrx_word' id='word_1_808' title='bbox 1538 1646 1658 1677; x_wconf 81' lang='lat' dir='ltr'>facimus,</span> 
     </span>
     <span class='ocr_line' id='line_1_116' title="bbox 869 1680 1513 1718; baseline 0.005 -12"><span class='ocrx_word' id='word_1_809' title='bbox 869 1684 930 1706; x_wconf 76' lang='lat' dir='ltr'>tuae</span> <span class='ocrx_word' id='word_1_810' title='bbox 944 1680 1074 1708; x_wconf 77' lang='lat' dir='ltr'>voluntati</span> <span class='ocrx_word' id='word_1_811' title='bbox 1089 1682 1252 1708; x_wconf 85' lang='lat' dir='ltr'>rectissimae</span> <span class='ocrx_word' id='word_1_812' title='bbox 1266 1691 1366 1709; x_wconf 88' lang='lat' dir='ltr'>morem</span> <span class='ocrx_word' id='word_1_813' title='bbox 1379 1692 1513 1718; x_wconf 78' lang='lat' dir='ltr'>geramus.</span> 
     </span>
    </p>
   </div>
   <div class='ocr_carea' id='block_1_18' title="bbox 1155 1765 1377 1780">
    <p class='ocr_par' dir='ltr' id='par_1_21' title="bbox 1155 1765 1377 1780">
     <span class='ocr_line' id='line_1_117' title="bbox 1155 1765 1377 1780; baseline 0.009 -6"><span class='ocrx_word' id='word_1_814' title='bbox 1155 1765 1377 1780; x_wconf 38' lang='grc' dir='ltr'>ἥκιστα-</span> 
     </span>
    </p>
   </div>
   <div class='ocr_carea' id='block_1_19' title="bbox 1050 1851 1478 1944">
    <p class='ocr_par' dir='ltr' id='par_1_22' title="bbox 1050 1851 1478 1944">
     <span class='ocr_line' id='line_1_118' title="bbox 1251 1851 1276 1876; baseline 0 0"><span class='ocrx_word' id='word_1_815' title='bbox 1251 1851 1276 1876; x_wconf 89' lang='grc'>3.</span> 
     </span>
     <span class='ocr_line' id='line_1_119' title="bbox 1050 1914 1478 1944; baseline 0.005 -2"><span class='ocrx_word' id='word_1_816' title='bbox 1050 1914 1204 1943; x_wconf 88' lang='lat' dir='ltr'>LlBER</span> <span class='ocrx_word' id='word_1_817' title='bbox 1242 1914 1478 1944; x_wconf 79' lang='lat' dir='ltr'>TERTIUS.</span> 
     </span>
    </p>
   </div>
   <div class='ocr_carea' id='block_1_20' title="bbox 864 1996 1658 2304">
    <p class='ocr_par' dir='ltr' id='par_1_23' title="bbox 864 1996 1658 2304">
     <span class='ocr_line' id='line_1_120' title="bbox 910 1996 1657 2022; baseline 0 -5"><span class='ocrx_word' id='word_1_818' title='bbox 910 1999 957 2019; x_wconf 80' lang='lat' dir='ltr'>nne</span> <span class='ocrx_word' id='word_1_819' title='bbox 971 1998 1028 2019; x_wconf 71' lang='lat' dir='ltr'>libro</span> <span class='ocrx_word' id='word_1_820' title='bbox 1043 2000 1120 2017; x_wconf 77' lang='lat' dir='ltr'>auctor</span> <span class='ocrx_word' id='word_1_821' title='bbox 1134 1996 1220 2022; x_wconf 74' lang='lat' dir='ltr'>reliqua</span> <span class='ocrx_word' id='word_1_822' title='bbox 1236 1996 1278 2017; x_wconf 81' lang='lat' dir='ltr'>duo</span> <span class='ocrx_word' id='word_1_823' title='bbox 1293 2003 1419 2017; x_wconf 72' lang='lat' dir='ltr'>enisurum</span> <span class='ocrx_word' id='word_1_824' title='bbox 1431 2004 1519 2022; x_wconf 61' lang='lat' dir='ltr'>genera.</span> <span class='ocrx_word' id='word_1_825' title='bbox 1531 1997 1657 2018; x_wconf 73' lang='lat' dir='ltr'>delii-onti-</span> 
     </span>
     <span class='ocr_line' id='line_1_121' title="bbox 866 2031 1658 2059; baseline -0.003 -5"><span class='ocrx_word' id='word_1_826' title='bbox 866 2041 915 2054; x_wconf 70' lang='lat' dir='ltr'>vum</span> <span class='ocrx_word' id='word_1_827' title='bbox 926 2038 948 2054; x_wconf 85' lang='lat' dir='ltr'>et</span> <span class='ocrx_word' id='word_1_828' title='bbox 957 2031 1161 2055; x_wconf 57' lang='lat' dir='ltr'>demonstrativum.</span> <span class='ocrx_word' id='word_1_829' title='bbox 1173 2032 1321 2058; x_wconf 72' lang='lat' dir='ltr'>per-equitur.</span> <span class='ocrx_word' id='word_1_830' title='bbox 1333 2035 1398 2058; x_wconf 75' lang='lat' dir='ltr'>utque</span> <span class='ocrx_word' id='word_1_831' title='bbox 1409 2033 1462 2052; x_wconf 75' lang='lat' dir='ltr'>adeo</span> <span class='ocrx_word' id='word_1_832' title='bbox 1473 2039 1485 2052; x_wconf 77' lang='grc' dir='ltr'>ιι</span> <span class='ocrx_word' id='word_1_833' title='bbox 1495 2035 1540 2053; x_wconf 76' lang='lat' dir='ltr'>e.2.</span> <span class='ocrx_word' id='word_1_834' title='bbox 1548 2033 1573 2052; x_wconf 74' lang='lat' dir='ltr'>ad</span> <span class='ocrx_word' id='word_1_835' title='bbox 1585 2035 1603 2052; x_wconf 78' lang='lat' dir='ltr'>a.</span> <span class='ocrx_word' id='word_1_836' title='bbox 1612 2032 1658 2059; x_wconf 84' lang='lat' dir='ltr'>qui-</span> 
     </span>
     <span class='ocr_line' id='line_1_122' title="bbox 866 2067 1658 2095; baseline -0.003 -6"><span class='ocrx_word' id='word_1_837' title='bbox 866 2069 906 2089; x_wconf 72' lang='lat' dir='ltr'>bus</span> <span class='ocrx_word' id='word_1_838' title='bbox 917 2075 1015 2095; x_wconf 74' lang='lat' dir='ltr'>quaeque</span> <span class='ocrx_word' id='word_1_839' title='bbox 1027 2074 1062 2088; x_wconf 72' lang='lat' dir='ltr'>ren</span> <span class='ocrx_word' id='word_1_840' title='bbox 1072 2067 1207 2092; x_wconf 69' lang='lat' dir='ltr'>urgunnmuis</span> <span class='ocrx_word' id='word_1_841' title='bbox 1217 2067 1328 2087; x_wconf 67' lang='lat' dir='ltr'>sumu-mle·</span> <span class='ocrx_word' id='word_1_842' title='bbox 1339 2067 1368 2087; x_wconf 70' lang='lat' dir='ltr'>sit</span> <span class='ocrx_word' id='word_1_843' title='bbox 1377 2071 1413 2087; x_wconf 72' lang='lat' dir='ltr'>tut</span> <span class='ocrx_word' id='word_1_844' title='bbox 1424 2067 1658 2090; x_wconf 69' lang='lat' dir='ltr'>‹timu-lenda.‹tm-m,</span> 
     </span>
     <span class='ocr_line' id='line_1_123' title="bbox 866 2101 1658 2129; baseline -0.003 -5"><span class='ocrx_word' id='word_1_845' title='bbox 866 2108 887 2124; x_wconf 83' lang='lat' dir='ltr'>et</span> <span class='ocrx_word' id='word_1_846' title='bbox 903 2110 915 2124; x_wconf 76' lang='lat' dir='ltr'>n</span> <span class='ocrx_word' id='word_1_847' title='bbox 929 2111 947 2124; x_wconf 78' lang='lat' dir='ltr'>c.</span> <span class='ocrx_word' id='word_1_848' title='bbox 964 2106 983 2124; x_wconf 79' lang='grc' dir='ltr'>ὓ.</span> <span class='ocrx_word' id='word_1_849' title='bbox 998 2103 1024 2123; x_wconf 74' lang='lat' dir='ltr'>cul</span> <span class='ocrx_word' id='word_1_850' title='bbox 1039 2106 1058 2123; x_wconf 84' lang='grc'>9.</span> <span class='ocrx_word' id='word_1_851' title='bbox 1077 2109 1153 2122; x_wconf 70' lang='lat' dir='ltr'>omnes</span> <span class='ocrx_word' id='word_1_852' title='bbox 1167 2101 1241 2122; x_wconf 71' lang='lat' dir='ltr'>lanat-</span> <span class='ocrx_word' id='word_1_853' title='bbox 1257 2101 1474 2129; x_wconf 66' lang='lat' dir='ltr'>vituperationi-qua</span> <span class='ocrx_word' id='word_1_854' title='bbox 1489 2103 1564 2123; x_wconf 64' lang='lat' dir='ltr'>suntet</span> <span class='ocrx_word' id='word_1_855' title='bbox 1575 2109 1599 2123; x_wconf 71' lang='lat' dir='ltr'>uc</span> <span class='ocrx_word' id='word_1_856' title='bbox 1611 2103 1658 2122; x_wconf 63' lang='lat' dir='ltr'>xin-</span> 
     </span>
     <span class='ocr_line' id='line_1_124' title="bbox 866 2136 1658 2166; baseline -0.003 -7"><span class='ocrx_word' id='word_1_857' title='bbox 866 2138 945 2166; x_wconf 75' lang='lat' dir='ltr'>nperlt.</span> <span class='ocrx_word' id='word_1_858' title='bbox 971 2139 1003 2159; x_wconf 71' lang='lat' dir='ltr'>lta</span> <span class='ocrx_word' id='word_1_859' title='bbox 1019 2136 1121 2158; x_wconf 71' lang='lat' dir='ltr'>absoluta</span> <span class='ocrx_word' id='word_1_860' title='bbox 1137 2137 1206 2164; x_wconf 72' lang='lat' dir='ltr'>primu</span> <span class='ocrx_word' id='word_1_861' title='bbox 1216 2137 1280 2159; x_wconf 74' lang='lat' dir='ltr'>utin.</span> <span class='ocrx_word' id='word_1_862' title='bbox 1295 2143 1350 2163; x_wconf 70' lang='grc' dir='ltr'>ιμιιε</span> <span class='ocrx_word' id='word_1_863' title='bbox 1361 2137 1386 2157; x_wconf 75' lang='lat' dir='ltr'>de</span> <span class='ocrx_word' id='word_1_864' title='bbox 1397 2137 1526 2157; x_wconf 65' lang='lat' dir='ltr'>inventia-no</span> <span class='ocrx_word' id='word_1_865' title='bbox 1535 2141 1576 2160; x_wconf 73' lang='lat' dir='ltr'>ut,</span> <span class='ocrx_word' id='word_1_866' title='bbox 1588 2143 1658 2164; x_wconf 65' lang='lat' dir='ltr'>parte,</span> 
     </span>
     <span class='ocr_line' id='line_1_125' title="bbox 865 2172 1656 2200; baseline -0.004 -6"><span class='ocrx_word' id='word_1_867' title='bbox 865 2174 891 2194; x_wconf 75' lang='lat' dir='ltr'>ml</span> <span class='ocrx_word' id='word_1_868' title='bbox 903 2173 999 2200; x_wconf 71' lang='lat' dir='ltr'>reliqua»</span> <span class='ocrx_word' id='word_1_869' title='bbox 1009 2172 1081 2200; x_wconf 76' lang='lat' dir='ltr'>pergit</span> <span class='ocrx_word' id='word_1_870' title='bbox 1091 2176 1113 2192; x_wconf 77' lang='lat' dir='ltr'>et</span> <span class='ocrx_word' id='word_1_871' title='bbox 1123 2172 1248 2199; x_wconf 63' lang='lat' dir='ltr'>primmquo</span> <span class='ocrx_word' id='word_1_872' title='bbox 1259 2172 1321 2192; x_wconf 71' lang='lat' dir='ltr'>:undu</span> <span class='ocrx_word' id='word_1_873' title='bbox 1333 2179 1397 2198; x_wconf 80' lang='grc' dir='ltr'>ιμιιιιιι</span> <span class='ocrx_word' id='word_1_874' title='bbox 1409 2179 1448 2198; x_wconf 79' lang='lat' dir='ltr'>per</span> <span class='ocrx_word' id='word_1_875' title='bbox 1457 2172 1564 2197; x_wconf 72' lang='lat' dir='ltr'>integr-m</span> <span class='ocrx_word' id='word_1_876' title='bbox 1576 2172 1656 2192; x_wconf 70' lang='lat' dir='ltr'>nntiu-</span> 
     </span>
     <span class='ocr_line' id='line_1_126' title="bbox 865 2206 1658 2234; baseline 0 -7"><span class='ocrx_word' id='word_1_877' title='bbox 865 2214 921 2230; x_wconf 82' lang='lat' dir='ltr'>nem.</span> <span class='ocrx_word' id='word_1_878' title='bbox 937 2211 981 2228; x_wconf 75' lang='lat' dir='ltr'>tum</span> <span class='ocrx_word' id='word_1_879' title='bbox 998 2214 1037 2234; x_wconf 77' lang='lat' dir='ltr'>per</span> <span class='ocrx_word' id='word_1_880' title='bbox 1050 2206 1151 2232; x_wconf 70' lang='lat' dir='ltr'>ningulus</span> <span class='ocrx_word' id='word_1_881' title='bbox 1166 2206 1370 2231; x_wconf 64' lang='lat' dir='ltr'>umnaentntinnu</span> <span class='ocrx_word' id='word_1_882' title='bbox 1385 2207 1521 2233; x_wconf 72' lang='lat' dir='ltr'>uti-ponem!-</span> <span class='ocrx_word' id='word_1_883' title='bbox 1537 2207 1567 2228; x_wconf 73' lang='lat' dir='ltr'>nit</span> <span class='ocrx_word' id='word_1_884' title='bbox 1580 2214 1658 2228; x_wconf 72' lang='lat' dir='ltr'>tnui-n</span> 
     </span>
     <span class='ocr_line' id='line_1_127' title="bbox 864 2242 1657 2269; baseline 0 -7"><span class='ocrx_word' id='word_1_885' title='bbox 864 2249 970 2269; x_wconf 71' lang='lat' dir='ltr'>quaeque.</span> <span class='ocrx_word' id='word_1_886' title='bbox 986 2242 1121 2263; x_wconf 67' lang='lat' dir='ltr'>demun-«rut</span> <span class='ocrx_word' id='word_1_887' title='bbox 1135 2249 1153 2262; x_wconf 77' lang='lat' dir='ltr'>c.</span> <span class='ocrx_word' id='word_1_888' title='bbox 1166 2245 1184 2263; x_wconf 75' lang='lat' dir='ltr'>ss.</span> <span class='ocrx_word' id='word_1_889' title='bbox 1197 2245 1226 2262; x_wconf 81' lang='lat' dir='ltr'>to.</span> <span class='ocrx_word' id='word_1_890' title='bbox 1237 2242 1324 2265; x_wconf 72' lang='lat' dir='ltr'>«lt-inde,</span> <span class='ocrx_word' id='word_1_891' title='bbox 1334 2242 1441 2268; x_wconf 70' lang='lat' dir='ltr'>quanm-to</span> <span class='ocrx_word' id='word_1_892' title='bbox 1453 2249 1496 2262; x_wconf 75' lang='lat' dir='ltr'>vox</span> <span class='ocrx_word' id='word_1_893' title='bbox 1506 2242 1529 2262; x_wconf 87' lang='lat' dir='ltr'>in</span> <span class='ocrx_word' id='word_1_894' title='bbox 1541 2242 1657 2269; x_wconf 72' lang='lat' dir='ltr'>pronunti-</span> 
     </span>
     <span class='ocr_line' id='line_1_128' title="bbox 864 2276 1658 2304; baseline 0.001 -8"><span class='ocrx_word' id='word_1_895' title='bbox 864 2276 920 2296; x_wconf 78' lang='lat' dir='ltr'>ando</span> <span class='ocrx_word' id='word_1_896' title='bbox 941 2276 1073 2297; x_wconf 65' lang='lat' dir='ltr'>moilen-muta</span> <span class='ocrx_word' id='word_1_897' title='bbox 1093 2280 1115 2297; x_wconf 76' lang='lat' dir='ltr'>et</span> <span class='ocrx_word' id='word_1_898' title='bbox 1134 2277 1170 2303; x_wconf 81' lang='lat' dir='ltr'>qui</span> <span class='ocrx_word' id='word_1_899' title='bbox 1188 2280 1259 2297; x_wconf 73' lang='lat' dir='ltr'>motu-</span> <span class='ocrx_word' id='word_1_900' title='bbox 1275 2277 1375 2304; x_wconf 71' lang='lat' dir='ltr'>curpurin</span> <span class='ocrx_word' id='word_1_901' title='bbox 1385 2284 1471 2303; x_wconf 76' lang='lat' dir='ltr'>quoquo</span> <span class='ocrx_word' id='word_1_902' title='bbox 1481 2277 1529 2297; x_wconf 78' lang='lat' dir='ltr'>lum</span> <span class='ocrx_word' id='word_1_903' title='bbox 1539 2277 1658 2297; x_wconf 68' lang='lat' dir='ltr'>adhibendi</span> 
     </span>
    </p>
   </div>
   <div class='ocr_carea' id='block_1_21' title="bbox 832 2310 1658 2441">
    <p class='ocr_par' dir='ltr' id='par_1_24' title="bbox 832 2310 1658 2441">
     <span class='ocr_line' id='line_1_129' title="bbox 834 2310 1657 2338; baseline 0.001 -8"><span class='ocrx_word' id='word_1_904' title='bbox 834 2310 835 2322; x_wconf 60' lang='lat' dir='ltr'>l</span> <span class='ocrx_word' id='word_1_905' title='bbox 865 2310 911 2331; x_wconf 76' lang='lat' dir='ltr'>nint</span> <span class='ocrx_word' id='word_1_906' title='bbox 926 2317 944 2331; x_wconf 85' lang='lat' dir='ltr'>c.</span> <span class='ocrx_word' id='word_1_907' title='bbox 962 2313 1040 2332; x_wconf 76' lang='lat'>11-15.</span> <span class='ocrx_word' id='word_1_908' title='bbox 1060 2311 1155 2338; x_wconf 77' lang='lat' dir='ltr'>denique</span> <span class='ocrx_word' id='word_1_909' title='bbox 1171 2312 1197 2332; x_wconf 69' lang='lat' dir='ltr'>tle</span> <span class='ocrx_word' id='word_1_910' title='bbox 1213 2312 1318 2332; x_wconf 63' lang='lat' dir='ltr'>montorio</span> <span class='ocrx_word' id='word_1_911' title='bbox 1327 2312 1440 2332; x_wconf 61' lang='lat' dir='ltr'>mitit-inti</span> <span class='ocrx_word' id='word_1_912' title='bbox 1452 2312 1568 2338; x_wconf 72' lang='lat' dir='ltr'>praecipit,</span> <span class='ocrx_word' id='word_1_913' title='bbox 1579 2319 1604 2332; x_wconf 72' lang='lat' dir='ltr'>n·</span> <span class='ocrx_word' id='word_1_914' title='bbox 1615 2319 1657 2332; x_wconf 78' lang='grc' dir='ltr'>ιιιιιι</span> 
     </span>
     <span class='ocr_line' id='line_1_130' title="bbox 833 2345 1658 2373; baseline 0.002 -8"><span class='ocrx_word' id='word_1_915' title='bbox 833 2348 841 2357; x_wconf 67' lang='grc'><strong>”</strong></span> <span class='ocrx_word' id='word_1_916' title='bbox 863 2345 926 2366; x_wconf 80' lang='lat' dir='ltr'>mudu</span> <span class='ocrx_word' id='word_1_917' title='bbox 938 2352 987 2366; x_wconf 66' lang='lat' dir='ltr'>cue</span> <span class='ocrx_word' id='word_1_918' title='bbox 998 2345 1087 2372; x_wconf 72' lang='lat' dir='ltr'>aliquot!</span> <span class='ocrx_word' id='word_1_919' title='bbox 1098 2346 1223 2367; x_wconf 68' lang='lat' dir='ltr'>huiusmodi</span> <span class='ocrx_word' id='word_1_920' title='bbox 1234 2346 1528 2373; x_wconf 69' lang='lat' dir='ltr'>aruiti=·i=1n·,quu:intanti-</span> <span class='ocrx_word' id='word_1_921' title='bbox 1539 2347 1658 2367; x_wconf 74' lang='lat' dir='ltr'>menn-rin·</span> 
     </span>
     <span class='ocr_line' id='line_1_131' title="bbox 832 2380 1654 2408; baseline 0.001 -8"><span class='ocrx_word' id='word_1_922' title='bbox 832 2381 841 2400; x_wconf 54' lang='grc' dir='ltr'>ιζ</span> <span class='ocrx_word' id='word_1_923' title='bbox 863 2380 896 2400; x_wconf 67' lang='lat' dir='ltr'>vi·</span> <span class='ocrx_word' id='word_1_924' title='bbox 907 2381 1030 2401; x_wconf 77' lang='lat' dir='ltr'>confirmari</span> <span class='ocrx_word' id='word_1_925' title='bbox 1042 2381 1161 2407; x_wconf 68' lang='lat' dir='ltr'>augerique</span> <span class='ocrx_word' id='word_1_926' title='bbox 1173 2381 1252 2408; x_wconf 71' lang='lat' dir='ltr'>ponit.</span> <span class='ocrx_word' id='word_1_927' title='bbox 1260 2382 1298 2402; x_wconf 68' lang='lat' dir='ltr'>scil</span> <span class='ocrx_word' id='word_1_928' title='bbox 1310 2381 1384 2404; x_wconf 77' lang='lat' dir='ltr'>etiam.</span> <span class='ocrx_word' id='word_1_929' title='bbox 1392 2381 1500 2407; x_wconf 74' lang='lat' dir='ltr'>quomodo</span> <span class='ocrx_word' id='word_1_930' title='bbox 1510 2385 1530 2401; x_wconf 79' lang='lat' dir='ltr'>et</span> <span class='ocrx_word' id='word_1_931' title='bbox 1542 2381 1585 2401; x_wconf 74' lang='lat' dir='ltr'>luci</span> <span class='ocrx_word' id='word_1_932' title='bbox 1596 2382 1654 2401; x_wconf 72' lang='lat' dir='ltr'>irne-</span> 
     </span>
     <span class='ocr_line' id='line_1_132' title="bbox 832 2415 1656 2441; baseline 0.002 -6"><span class='ocrx_word' id='word_1_933' title='bbox 832 2423 833 2431; x_wconf 42' lang='grc' dir='ltr'><strong>π</strong></span> <span class='ocrx_word' id='word_1_934' title='bbox 863 2415 946 2438; x_wconf 75' lang='lat' dir='ltr'>aiendi.</span> <span class='ocrx_word' id='word_1_935' title='bbox 961 2419 983 2436; x_wconf 75' lang='lat' dir='ltr'>et</span> <span class='ocrx_word' id='word_1_936' title='bbox 998 2415 1020 2435; x_wconf 86' lang='lat' dir='ltr'>iu</span> <span class='ocrx_word' id='word_1_937' title='bbox 1036 2415 1065 2436; x_wconf 80' lang='lat' dir='ltr'>ii·</span> <span class='ocrx_word' id='word_1_938' title='bbox 1080 2415 1187 2440; x_wconf 66' lang='lat' dir='ltr'>ininuineu</span> <span class='ocrx_word' id='word_1_939' title='bbox 1204 2420 1262 2441; x_wconf 72' lang='lat' dir='ltr'>(num</span> <span class='ocrx_word' id='word_1_940' title='bbox 1282 2416 1316 2436; x_wconf 81' lang='lat' dir='ltr'>bi·</span> <span class='ocrx_word' id='word_1_941' title='bbox 1332 2417 1416 2436; x_wconf 78' lang='grc' dir='ltr'>ιΙιιιΙ-ιιι</span> <span class='ocrx_word' id='word_1_942' title='bbox 1433 2417 1497 2436; x_wconf 66' lang='lat' dir='ltr'>reliu-</span> <span class='ocrx_word' id='word_1_943' title='bbox 1507 2420 1593 2437; x_wconf 77' lang='lat' dir='ltr'>eun-tn</span> <span class='ocrx_word' id='word_1_944' title='bbox 1605 2417 1656 2437; x_wconf 67' lang='grc' dir='ltr'>Ιικκ</span> 
     </span>
    </p>
   </div>
   <div class='ocr_carea' id='block_1_22' title="bbox 863 2449 1447 2474">
    <p class='ocr_par' dir='ltr' id='par_1_25' title="bbox 863 2449 1447 2474">
     <span class='ocr_line' id='line_1_133' title="bbox 863 2449 1447 2474; baseline 0 -4"><span class='ocrx_word' id='word_1_945' title='bbox 863 2449 983 2470; x_wconf 67' lang='lat' dir='ltr'>artificia-u</span> <span class='ocrx_word' id='word_1_946' title='bbox 994 2450 1115 2473; x_wconf 69' lang='lat' dir='ltr'>nutritoria.)</span> <span class='ocrx_word' id='word_1_947' title='bbox 1125 2450 1268 2471; x_wconf 65' lang='lat' dir='ltr'>‹ultuma-tu·</span> <span class='ocrx_word' id='word_1_948' title='bbox 1278 2450 1330 2474; x_wconf 73' lang='lat' dir='ltr'>nint,</span> <span class='ocrx_word' id='word_1_949' title='bbox 1342 2450 1447 2471; x_wconf 72' lang='lat' dir='ltr'>antetulit.</span> 
     </span>
    </p>
   </div>
   <div class='ocr_carea' id='block_1_23' title="bbox 862 2501 1655 2723">
    <p class='ocr_par' dir='ltr' id='par_1_26' title="bbox 862 2501 1655 2723">
     <span class='ocr_line' id='line_1_134' title="bbox 917 2501 1654 2541; baseline 0.003 -9"><span class='ocrx_word' id='word_1_950' title='bbox 917 2506 936 2532; x_wconf 92' lang='lat'>1.</span> <span class='ocrx_word' id='word_1_951' title='bbox 955 2507 977 2531; x_wconf 84' lang='lat' dir='ltr'>l.</span> <span class='ocrx_word' id='word_1_952' title='bbox 995 2501 1041 2531; x_wconf 74' lang='lat' dir='ltr'>Ad</span> <span class='ocrx_word' id='word_1_953' title='bbox 1055 2514 1161 2531; x_wconf 84' lang='lat' dir='ltr'>omnem</span> <span class='ocrx_word' id='word_1_954' title='bbox 1177 2505 1329 2532; x_wconf 84' lang='lat' dir='ltr'>iudicialem</span> <span class='ocrx_word' id='word_1_955' title='bbox 1344 2514 1466 2532; x_wconf 83' lang='lat' dir='ltr'>caussam</span> <span class='ocrx_word' id='word_1_956' title='bbox 1481 2508 1654 2541; x_wconf 82' lang='lat' dir='ltr'>quemadmo-</span> 
     </span>
     <span class='ocr_line' id='line_1_135' title="bbox 862 2541 1655 2575; baseline 0.004 -7"><span class='ocrx_word' id='word_1_957' title='bbox 862 2541 927 2568; x_wconf 89' lang='lat' dir='ltr'>dum</span> <span class='ocrx_word' id='word_1_958' title='bbox 941 2543 1094 2569; x_wconf 84' lang='lat' dir='ltr'>convcuiret</span> <span class='ocrx_word' id='word_1_959' title='bbox 1108 2543 1288 2569; x_wconf 79' lang='lat' dir='ltr'>inventionem</span> <span class='ocrx_word' id='word_1_960' title='bbox 1304 2551 1391 2569; x_wconf 83' lang='lat' dir='ltr'>rerum</span> <span class='ocrx_word' id='word_1_961' title='bbox 1403 2544 1604 2575; x_wconf 84' lang='lat' dir='ltr'>accommodari,</span> <span class='ocrx_word' id='word_1_962' title='bbox 1613 2554 1655 2571; x_wconf 81' lang='lat' dir='ltr'>sa—</span> 
     </span>
     <span class='ocr_line' id='line_1_136' title="bbox 863 2579 1655 2615; baseline 0.004 -10"><span class='ocrx_word' id='word_1_963' title='bbox 863 2580 896 2605; x_wconf 87' lang='lat' dir='ltr'>tis</span> <span class='ocrx_word' id='word_1_964' title='bbox 910 2579 1084 2610; x_wconf 80' lang='lat' dir='ltr'>abundanter,</span> <span class='ocrx_word' id='word_1_965' title='bbox 1109 2584 1137 2605; x_wconf 89' lang='lat' dir='ltr'>ut</span> <span class='ocrx_word' id='word_1_966' title='bbox 1160 2580 1281 2610; x_wconf 81' lang='lat' dir='ltr'>arbitror,</span> <span class='ocrx_word' id='word_1_967' title='bbox 1307 2580 1491 2615; x_wconf 81' lang='lat' dir='ltr'>superioribus</span> <span class='ocrx_word' id='word_1_968' title='bbox 1515 2581 1591 2608; x_wconf 83' lang='lat' dir='ltr'>libris</span> <span class='ocrx_word' id='word_1_969' title='bbox 1609 2582 1655 2608; x_wconf 87' lang='lat' dir='ltr'>de-</span> 
     </span>
     <span class='ocr_line' id='line_1_137' title="bbox 863 2617 1654 2646; baseline 0.004 -4"><span class='ocrx_word' id='word_1_970' title='bbox 863 2621 1037 2643; x_wconf 79' lang='lat' dir='ltr'>monstratum</span> <span class='ocrx_word' id='word_1_971' title='bbox 1056 2621 1105 2642; x_wconf 88' lang='lat' dir='ltr'>est.</span> <span class='ocrx_word' id='word_1_972' title='bbox 1137 2617 1214 2642; x_wconf 77' lang='lat' dir='ltr'>Nunc</span> <span class='ocrx_word' id='word_1_973' title='bbox 1228 2626 1319 2643; x_wconf 79' lang='lat' dir='ltr'>earum</span> <span class='ocrx_word' id='word_1_974' title='bbox 1335 2618 1461 2644; x_wconf 76' lang='lat' dir='ltr'>rationein</span> <span class='ocrx_word' id='word_1_975' title='bbox 1477 2627 1565 2645; x_wconf 81' lang='lat' dir='ltr'>rerum</span> <span class='ocrx_word' id='word_1_976' title='bbox 1580 2620 1654 2646; x_wconf 77' lang='lat' dir='ltr'>inve-</span> 
     </span>
     <span class='ocr_line' id='line_1_138' title="bbox 864 2653 1654 2689; baseline 0.004 -10"><span class='ocrx_word' id='word_1_977' title='bbox 864 2653 1106 2689; x_wconf 85' lang='lat' dir='ltr'>niendarum,quae</span> <span class='ocrx_word' id='word_1_978' title='bbox 1121 2654 1287 2689; x_wconf 79' lang='lat' dir='ltr'>pertinebant</span> <span class='ocrx_word' id='word_1_979' title='bbox 1300 2654 1332 2680; x_wconf 88' lang='lat' dir='ltr'>ad</span> <span class='ocrx_word' id='word_1_980' title='bbox 1346 2663 1454 2681; x_wconf 79' lang='lat' dir='ltr'>caussas</span> <span class='ocrx_word' id='word_1_981' title='bbox 1468 2655 1654 2682; x_wconf 76' lang='lat' dir='ltr'>deliberativas</span> 
     </span>
     <span class='ocr_line' id='line_1_139' title="bbox 863 2690 1655 2723; baseline 0.004 -7"><span class='ocrx_word' id='word_1_982' title='bbox 863 2694 888 2716; x_wconf 87' lang='lat' dir='ltr'>et</span> <span class='ocrx_word' id='word_1_983' title='bbox 905 2690 1136 2723; x_wconf 80' lang='lat' dir='ltr'>demonstrativas,</span> <span class='ocrx_word' id='word_1_984' title='bbox 1156 2692 1184 2718; x_wconf 86' lang='lat' dir='ltr'>in</span> <span class='ocrx_word' id='word_1_985' title='bbox 1203 2691 1274 2718; x_wconf 78' lang='lat' dir='ltr'>hunc</span> <span class='ocrx_word' id='word_1_986' title='bbox 1293 2691 1390 2718; x_wconf 84' lang='lat' dir='ltr'>librum</span> <span class='ocrx_word' id='word_1_987' title='bbox 1411 2693 1605 2721; x_wconf 67' lang='lat' dir='ltr'>transtulimus.</span> <span class='ocrx_word' id='word_1_988' title='bbox 1626 2699 1655 2720; x_wconf 82' lang='lat' dir='ltr'>ut</span> 
     </span>
    </p>
   </div>
  </div>
 </body>
</html>
