1941 3052
236 125 287 152 DE
318 125 504 152 FINIBUS
534 125 752 152 BONORUM
782 126 835 152 ET
864 126 1088 153 MALORUM
1118 127 1199 154 LIB.
1228 128 1264 154 11.
1287 128 1378 155 CAP.
1405 131 1551 156 16—22.

71 196 188 228 audiret,
207 201 315 223 tuamne
326 195 359 222 de
371 204 400 222 se
410 197 556 223 orationem
569 196 698 223 libentius
709 197 866 223 auditurum

71 235 165 265 fuisse,
179 242 212 260 an
224 242 325 266 meam3
339 242 424 268 quum
437 242 486 269 ego
497 233 624 265 dicerem,
633 234 701 261 nihil
714 243 776 261 eum
787 234 868 261 secis-

71 281 100 299 se
111 279 158 298 sua
170 279 279 301 caussa,
295 271 440 305 omniaque
452 271 631 306 reipublicae,
645 276 672 298 tu
683 276 775 298 contra
786 271 865 303 nihil,

71 309 124 336 nisi
135 307 202 335 sua‘?
221 308 250 334 Si
261 316 324 334 vero
335 307 362 334 id
373 309 453 335 etiam
465 308 609 343 explanare
621 309 718 340 velles,
734 310 869 344 apertius-

71 354 124 381 que
133 346 247 376 diceres,
262 345 330 372 nibil
342 354 404 372 eum
417 345 527 377 fecisse,
540 347 594 372 nisi
606 346 750 381 voluptatis
761 355 865 378 caussa,

71 392 125 418 quo
140 382 218 409 modo
230 391 292 409 eum
304 383 412 409 tandem
424 382 540 409 laturum
552 383 636 410 fuisse
648 383 805 410 existimes?
825 386 866 410 6⁴.

70 421 147 447 Esto:
167 420 271 451 fecerit,
286 420 308 446 si
322 421 356 446 ita
370 421 425 451 vis,
439 421 589 455 Torquatus
601 426 708 455 propter
718 430 782 448 suas
794 421 869 447 utili—
889 427 890 432 ¹

71 462 150 485 tates:
169 457 239 484 malo
255 458 327 483 enim
344 457 446 489 dicere,
469 467 551 492 quam
568 458 732 492 voluptates,
755 459 780 484 in
798 463 869 485 tanto

70 495 229 530 praesertim
245 495 316 521 viro:
340 504 406 521 num
421 496 502 521 etiam
518 496 578 522 eius
593 495 694 531 collega
710 497 739 522 P.
760 496 866 526 Decius,

70 533 198 568 princeps
210 533 237 558 in
248 541 278 558 ea
290 532 392 559 familia
403 532 572 564 consulatus,
589 542 673 568 quum
686 542 714 559 se
725 533 870 559 devoveret

70 575 96 596 et
107 578 176 605 equo
188 569 306 596 admisso
318 570 346 596 in
358 569 475 596 mediam
486 571 571 596 aciem
579 571 733 597 Latinorum
745 571 866 601 irrueret,

71 607 176 642 aliquid
187 607 220 633 de
233 606 417 642 voluptatibus
429 608 487 633 suis
498 607 649 643 cogitabat?
666 608 733 634 Nam
750 608 797 634 ubi
809 616 867 633 eam

70 648 191 679 caperet,
205 649 250 670 aut
261 644 382 679 quando,
398 653 483 679 quum
495 645 575 671 sciret
586 644 727 671 confestim
739 654 798 671 esse
811 653 868 670 mo-

72 681 211 713 riendum,
234 690 348 716 eamque
364 686 476 708 mortem
492 682 641 709 ardentiore
655 682 745 709 studio
756 687 866 716 peteret,

71 728 153 754 quam
174 719 308 754 Epicurus
330 719 494 753 voluptatem
514 719 658 754 petendam
678 719 772 754 putat?
791 719 868 751 Quod

71 757 182 791 quidem
194 757 253 783 eius
266 755 364 782 factum
381 757 433 782 nisi
445 761 516 782 esset
527 757 585 782 iure
597 756 744 787 laudatum,
762 765 814 783 non
826 765 869 782 es—

71 799 111 820 set
127 795 247 820 imitatus
262 798 357 828 quarto
372 793 513 820 consulatu
527 802 576 820 suo
588 794 674 821 filius:
693 802 779 828 neque
791 802 869 828 porro

71 840 104 858 ex
115 839 146 857 eo
156 836 248 862 natus,
262 839 324 857 cum
337 831 437 866 Pyrrho
449 830 551 856 bellum
562 839 673 866 gerens,
691 830 785 857 consul
797 831 869 857 ceci-

70 868 157 894 disset
169 869 196 894 in
207 867 316 903 praelio,
330 876 413 902 seque
424 876 438 893 e
449 868 595 894 continenti
606 876 703 904 genere
715 870 819 894 tertiam
827 869 870 894 vi-

70 906 179 932 ctimam
191 905 357 939 reipublicae
368 905 547 939 praebuisset.
583 905 711 932 Contineo
724 914 765 932 me
777 905 810 932 ab
821 914 870 932 ex-

70 942 178 977 emplis.
222 944 263 969 62.
286 942 396 969 Graecis
417 942 467 968 hoc
489 942 627 969 modicum
648 948 701 970 est:
724 943 866 974 Leonidas,

70 979 285 1014 Epaminondas,
302 984 354 1006 tres
366 979 452 1014 aliqui
464 984 509 1006 aut
519 984 654 1014 quattuor.
694 981 763 1016 Ego,
782 981 805 1007 si
821 989 870 1007 no-

70 1023 138 1044 stros
149 1017 276 1053 colligere
290 1025 412 1052 coepero,
428 1017 566 1052 perficiam
578 1017 647 1044 illud
658 1018 784 1053 quidem,
800 1023 830 1044 ut
840 1026 869 1044 se

70 1055 164 1081 virtuti
176 1054 262 1081 tradat
272 1054 508 1090 constringendam
520 1054 653 1089 voluptas.
694 1055 745 1082 Sed
756 1055 815 1081 dies
827 1064 870 1082 me

69 1092 190 1119 deficiet:
204 1097 237 1123 et,
250 1092 316 1119 utA.
326 1092 430 1123 Varius,
439 1093 487 1127 qui
499 1097 539 1118 est
551 1092 659 1119 habitus
671 1093 754 1119 iudex
765 1092 866 1123 durior,

69 1129 159 1156 dicere
170 1130 322 1156 consessori
337 1129 453 1160 solebat,
471 1138 571 1164 quum,
590 1130 660 1156 datis
676 1130 804 1161 testibus,
823 1130 869 1156 alii

70 1172 159 1194 tamen
169 1168 328 1194 citarentur:
343 1172 389 1194 aut
400 1167 449 1193 hoc
461 1168 570 1193 testium
582 1168 647 1194 satis
658 1172 707 1199 est,
716 1168 867 1198 autnesci0,

69 1204 137 1240 quid
149 1205 213 1231 satis
225 1205 272 1237 sit3
290 1205 330 1231 sic
341 1213 354 1231 a
366 1213 409 1230 me
420 1205 485 1230 satis
496 1204 589 1231 datum
601 1210 641 1231 est
652 1206 772 1232 testium.
797 1205 869 1237 Quid

70 1241 161 1268 enim‘?
176 1246 200 1268 te
212 1242 317 1276 ipsum,
333 1242 528 1277 dignissimum
545 1242 693 1269 maioribus
705 1243 773 1274 tuis,
792 1242 870 1269 volu-

70 1284 164 1314 ptasne
181 1279 302 1310 induxit,
320 1283 349 1306 ut
364 1279 582 1306 adolescentulus
598 1280 715 1315 eriperes
732 1281 759 1306 P.
777 1280 869 1306 Sullae

69 1316 258 1343 consulatum?
273 1316 359 1348 Quem
373 1325 459 1351 quum
471 1316 503 1343 ad
516 1322 617 1351 patrem
630 1322 706 1344 tuum
719 1317 866 1348 retulisses,

70 1353 248 1381 fortissimum
264 1355 362 1385 virum,
386 1353 475 1389 qualis
492 1354 538 1380 ille
554 1354 595 1380 vel
612 1354 720 1385 consul,
742 1354 784 1381 vel
800 1355 870 1381 civis

69 1400 155 1426 quum
167 1400 282 1426 semper.
297 1396 353 1418 tum
365 1391 605 1426 postconsulatum
616 1391 679 1418 fuit!
693 1400 746 1427 quo
757 1392 869 1427 quidem

70 1433 176 1456 auctore
191 1438 238 1455 nos
251 1429 303 1463 ipsi
314 1437 344 1455 ea
355 1429 501 1464 gessimus,
511 1429 869 1464 utomnibuspotius,quam

70 1467 138 1501 ipsis
149 1466 228 1493 nobis
239 1466 467 1493 consuluerimus.

124 1505 166 1530 63.
188 1503 221 1530 At
241 1512 323 1538 quam
339 1503 452 1538 pulchre
468 1503 557 1529 dicere
574 1503 715 1535 videbare,
735 1512 821 1538 quum
835 1513 869 1530 ex

69 1540 150 1567 altera
165 1545 239 1575 parte
255 1540 374 1575 ponebas
390 1541 558 1567 cumulatum
575 1540 693 1576 aliquem
706 1541 833 1576 plurimis
844 1547 869 1568 et
891 1555 892 1562 .

69 1578 198 1604 maximis
210 1577 404 1612 voluptatibus,
419 1578 493 1605 nullo
506 1587 553 1604 nec
566 1579 709 1613 praesenti,
719 1587 767 1605 nec
780 1579 869 1606 futuro

69 1615 173 1642 dolore:
188 1624 221 1641 ex
231 1615 311 1642 altera
324 1620 422 1647 autem,
431 1616 596 1642 cruciatibus
608 1617 735 1642 maximis
748 1621 799 1643 toto
810 1625 869 1643 cor-

70 1661 147 1687 pore,
171 1652 245 1679 nulla
266 1661 314 1679 nec
335 1652 461 1679 adiuncta
482 1662 531 1680 nec
550 1659 655 1688 sperata
672 1653 820 1688 voluptate:
844 1658 870 1680 et

69 1690 232 1725 quaerebas,
249 1690 311 1725 quis
327 1694 373 1716 aut
389 1690 438 1717 hoc
454 1691 590 1722 miserior,
609 1696 655 1717 aut
668 1692 806 1725 superiore
823 1691 869 1717 illo

69 1727 172 1754 beatior
187 1727 271 1754 foret?
286 1727 384 1754 deinde
399 1727 594 1759 concludebas,
616 1737 754 1755 summum
767 1729 867 1755 malum

69 1773 128 1791 esse
139 1764 272 1795 dolorem,
291 1774 430 1792 summum
442 1766 542 1792 bonum
556 1765 739 1800 voluptatem?
757 1766 819 1793 XX.
837 1767 867 1793 L.

68 1802 184 1829 Thorius
196 1801 295 1828 Balbus
307 1802 371 1833 fuit,
387 1803 559 1835 Lanuvinus;
578 1812 660 1838 quem
672 1804 829 1830 meminisse
840 1809 868 1830 tu

70 1848 122 1866 non
133 1844 217 1874 potes
251 1840 276 1866 ls
288 1840 323 1866 ita
335 1840 453 1872 vivebat,
467 1845 497 1867 ut
507 1840 581 1867 nulla
594 1845 646 1867 tam
658 1842 793 1876 exquisita
806 1850 869 1876 pos-

69 1882 109 1903 set
120 1877 236 1903 inveniri
248 1877 381 1912 voluptas,
394 1886 447 1912 qua
458 1886 510 1904 non
522 1878 680 1905 abundaret.
711 1879 774 1905 Erat
785 1884 810 1906 et
820 1888 869 1905 cu-

73 1913 154 1949 pidus
166 1913 344 1948 voluptatum,
353 1919 379 1941 et
389 1915 512 1941 cuiusvis
523 1916 631 1951 generis
642 1916 702 1942 eius
713 1915 868 1952 intelligens

70 1956 96 1978 et
107 1951 246 1986 copiosus:
265 1951 299 1977 ita
312 1960 364 1978 non
375 1952 595 1986 superstitiosus,
613 1957 643 1980 ut
654 1953 699 1980 illa
710 1953 828 1988 plurima
841 1954 868 1980 in

69 1997 118 2015 sua
130 1989 214 2023 patria
225 1988 356 2015 sacrificia
367 1993 393 2015 et
404 1988 463 2016 fana
475 1993 669 2017 contemneret:
684 1991 718 2017 ita
730 1999 782 2017 non
795 1992 869 2018 timi-

69 2025 122 2053 dus
134 2025 166 2052 ad
179 2030 300 2057 mortem,
315 2030 344 2052 ut
355 2026 382 2052 in
393 2026 450 2052 acie
460 2027 496 2053 sit
505 2026 539 2053 ob
551 2026 747 2061 rempublicam
759 2028 870 2055 interfe-

69 2068 139 2090 ctus.
170 2063 212 2089 64.
234 2062 401 2097 Cupiditates
414 2072 465 2090 non
477 2064 588 2098 Epicuri
600 2064 734 2091 divisione
747 2065 866 2097 finiebat,

69 2100 117 2127 sed
128 2109 176 2127 sua
189 2101 319 2127 satietate.
360 2100 480 2128 Habebat
491 2105 578 2128 tamen
591 2102 720 2129 rationem
732 2102 868 2129 valetudi—

70 2138 126 2165 nis:
149 2138 273 2164 utebatur
291 2137 334 2164 his
350 2138 603 2170 exercitationibus,
624 2144 653 2166 ut
668 2139 701 2166 ad
716 2148 827 2166 caenam
843 2145 869 2167 et

69 2176 193 2202 esuriens
204 2179 230 2201 et
240 2175 335 2202 sitiens
347 2175 463 2202 veniret:
479 2184 511 2202 eo
521 2176 868 2211 cibo,quietsuavissimus

69 2217 141 2239 esset
155 2217 181 2239 et
196 2212 268 2239 idem
284 2211 431 2239 facillimus
442 2212 475 2239 ad
486 2213 724 2248 concoquendum:
748 2215 825 2246 vino,
842 2220 869 2242 et

69 2249 102 2277 ad
115 2249 294 2284 voluptatem,
309 2254 335 2276 et
346 2258 378 2276 ne
391 2255 506 2277 noceret.
546 2252 638 2278 Cetera
652 2251 697 2278 illa
708 2251 865 2283 adhibebat,

69 2287 171 2322 quibus
182 2287 300 2322 demptis
311 2291 391 2323 negat
401 2296 430 2314 se
436 2288 570 2322 Epicurus
582 2287 741 2324 intelligere,
754 2289 821 2324 quid
833 2290 869 2317 sit

69 2324 182 2351 bonum.
222 2324 321 2351 Aberat
342 2325 432 2351 omnis
452 2324 540 2352 dolor:
562 2326 611 2360 qui
631 2326 655 2352 si
676 2326 795 2357 adesset,
819 2336 868 2353 nec

71 2361 186 2388 molliter
196 2361 289 2393 ferret,
302 2367 329 2389 et
339 2366 427 2388 tamen
440 2362 553 2388 medicis
565 2362 636 2397 plus,
652 2371 734 2398 quam
745 2363 868 2398 philoso-

69 2398 132 2434 phis
143 2403 271 2426 uteretur.
293 2398 371 2426 Color
381 2400 517 2435 egregius,
530 2400 633 2435 integra
645 2399 778 2432 valetudo,
791 2410 868 2428 sum-

69 2444 112 2463 ma
124 2437 223 2472 gratia,
242 2437 296 2463 vita
306 2436 425 2471 denique
436 2436 553 2463 conforta
566 2437 733 2472 voluptatum
744 2439 866 2465 omnium

71 2473 207 2500 varietate.
249 2475 291 2501 65.
314 2474 391 2501 llunc
407 2483 454 2500 vos
469 2473 593 2501 beatum:
613 2475 678 2501 ratio
693 2475 805 2509 quidem
820 2484 867 2502 ve-

69 2514 122 2538 stra
138 2511 177 2537 sic
192 2511 274 2547 cogit.
313 2511 347 2538 At
362 2519 426 2547 ego,
444 2511 508 2538 huic
523 2520 604 2546 quem
621 2517 795 2546 anteponam.
814 2521 865 2540 non

69 2547 155 2574 audeo
166 2547 268 2575 dicere:
284 2548 356 2575 dicet
366 2557 414 2583 pro
428 2557 471 2575 mo
483 2549 540 2583 ipsa
553 2550 652 2579 virtus,
671 2558 719 2575 nec
730 2549 867 2577 dubitabit

70 2585 114 2611 isti
127 2589 214 2612 vestro
225 2585 301 2612 beato
313 2586 348 2613 M.
362 2586 495 2622 Regulum
511 2591 681 2621 anteponere.
706 2587 792 2618 Quem
803 2588 867 2622 qui-

69 2621 141 2653 dem.
153 2630 239 2657 quum
250 2631 298 2650 sua
311 2623 460 2654 voluntate,
477 2623 551 2650 nulla
563 2625 590 2650 vi
601 2629 708 2650 coaetus
720 2629 824 2658 praeter
835 2625 866 2651 li-

69 2658 146 2691 dem,
163 2667 244 2696 quam
256 2660 366 2688 dederat
376 2660 460 2693 hosti,
477 2669 512 2688 ex
526 2662 610 2696 patria
622 2660 812 2698 Carthaginem
823 2670 866 2689 re-

1628 133 1710 167 που

919 197 1051 228 vertisset,
1065 201 1122 223 tum
1133 198 1234 232 ipsum,
1252 207 1337 233 quum
1350 199 1453 235 vigiliis
1464 205 1490 227 et
1500 199 1569 227 fame
1582 202 1717 228 cruciare-

919 239 970 265 tur,
983 234 1080 261 clamat
1090 235 1176 261 virtus
1188 235 1333 263 beatiorem
1346 236 1439 268 fuisse,
1448 246 1529 272 quam
1541 243 1676 272 potantem
1689 239 1716 265 in

919 280 976 298 rosa
988 272 1128 298 Thorium.
1161 272 1233 299 Bella
1245 282 1341 309 magna
1352 280 1483 310 gesserat,
1499 275 1541 301 bis
1552 276 1645 302 consul
1658 275 1717 302 fue-

920 314 971 335 rat:
994 309 1186 344 triumpharat:
1209 319 1258 337 nec
1272 316 1361 338 tamen
1376 321 1425 338 sua
1442 313 1580 347 superiora
1596 312 1642 339 illa
1663 318 1716 339 tam

921 354 1016 381 magna
1028 355 1115 381 neque
1128 351 1180 373 tam
1192 348 1326 382 praeclara
1338 349 1461 379 ducebat,
1471 358 1552 384 quam
1564 350 1641 376 illum
1653 350 1717 377 ulti-

921 392 995 409 mum
1002 392 1105 414 casum,
1115 392 1196 419 quem
1208 390 1316 420 propter
1323 386 1402 412 fidem
1414 387 1646 422 constantiamque
1656 396 1717 413 sus-

919 426 1039 454 ceperat:
1062 422 1110 455 qui
1130 422 1208 447 nobis
1224 423 1388 450 miserabilis
1406 424 1514 450 videtur
1532 425 1715 454 audientibus,

920 457 960 483 illi
971 459 1131 492 perpetienti
1143 464 1199 485 erat
1210 459 1388 494 voluptarius.
1420 462 1476 488 Non
1489 463 1561 488 enirn
1574 462 1715 492 hilaritate,

920 503 968 521 nec
981 494 1104 526 lascivia,
1129 504 1177 522 nec
1191 497 1246 522 risu
1259 502 1304 524 aut
1315 499 1386 529 ioco,
1408 500 1505 525 comite
1517 499 1647 529 levitatis,
1670 499 1717 525 sed

920 540 1000 566 saepe
1016 533 1096 558 etiam
1112 534 1201 559 tristes
1218 534 1342 561 firmitate
1358 541 1384 562 et
1398 538 1546 562 constantia
1561 541 1624 563 sunt
1636 537 1716 563 beati.

921 571 962 595 66.
985 569 1110 603 Stuprata
1122 579 1169 604 per
1180 571 1235 597 vim
1248 572 1370 599 Lucretia
1382 582 1395 599 a
1408 574 1479 609 regis
1492 573 1559 604 filio,
1575 579 1666 600 testata
1679 575 1719 600 ci-

921 615 977 637 ves,
990 615 1019 632 se
1030 607 1089 641 ipsa
1102 608 1246 635 interemit.
1268 610 1316 635 Hic
1327 610 1402 636 dolor
1413 610 1635 645 populiRomani,
1649 611 1718 637 duce

920 645 1152 675 etauctoreBruto,
1161 653 1255 671 caussa
1266 647 1369 673 civitati
1380 647 1510 674 libertatis
1523 648 1586 674 suit:
1600 648 1634 674 ob
1645 649 1719 674 eius-

920 689 973 715 que
995 681 1117 708 mulieris
1139 684 1295 709 memoriam
1319 685 1406 719 primo
1421 694 1490 711 anno
1506 690 1532 711 et
1548 686 1589 711 vir
1604 690 1629 712 et
1644 690 1719 720 pater

921 719 980 744 eius
991 718 1084 744 consul
1095 724 1136 745 est
1147 719 1242 746 factus.
1286 722 1386 748 Tenuis
1399 723 1427 748 L.
1441 723 1580 757 Virginius
1593 731 1719 757 unusque

920 755 953 781 de
964 755 1067 786 multis,
1080 758 1250 792 sexagesimo
1261 767 1330 784 anno
1341 764 1401 793 post
1413 759 1560 785 libertatem
1573 765 1716 794 receptam,

921 793 1055 828 virginem
1068 793 1151 819 liliam
1162 803 1210 820 sua
1223 796 1513 831 manuocciditpotius,
1522 805 1603 831 quam
1611 806 1640 822 ea
1648 798 1716 831 App.

920 829 1026 856 Claudii
1040 830 1162 861 libidini,
1179 832 1226 866 qui
1239 837 1295 858 tum
1307 838 1362 859 erat
1373 842 1479 859 summo
1491 835 1517 859 in
1531 834 1657 868 imperio,
1671 834 1719 860 de-

920 866 1037 893 deretur.
1079 868 1152 895 XXl.
1172 870 1214 895 67.
1233 870 1287 896 Aut
1298 870 1363 896 haec
1375 871 1433 901 tibi,
1448 872 1588 906 Torquate,
1603 876 1665 897 sunt
1678 872 1720 897 vi-

920 904 1082 939 tuperanda,
1100 910 1145 932 aut
1159 907 1338 940 patrocinium
1351 908 1496 942 voluptatis
1508 908 1716 943 repudiandum.

920 941 998 973 Quod
1011 947 1100 968 autem
1111 944 1301 977 patrocinium,
1315 950 1360 971 aut
1371 954 1440 980 quae
1453 947 1501 972 ista
1513 954 1609 972 caussa
1621 951 1661 972 est
1672 955 1719 972 vo-

922 979 1117 1014 luptatis,quae
1128 989 1176 1006 nec
1188 985 1269 1007 testes
1281 981 1350 1008 ullos
1362 992 1376 1008 e
1387 982 1467 1009 claris
1480 984 1555 1013 viris,
1566 991 1614 1009 nec
1626 982 1720 1009 lauda-

897 1020 899 1024 ’
921 1021 989 1043 tores
1001 1018 1098 1051 poterit
1109 1017 1255 1044 adhibere?
1275 1019 1308 1046 Ut
1323 1022 1396 1046 enim
1407 1029 1455 1047 nos
1467 1029 1500 1046 ex
1511 1020 1650 1048 annalium
1662 1029 1720 1047 rno-

921 1055 1058 1080 numentis
1074 1059 1154 1081 testes
1175 1056 1325 1083 excitamus
1341 1066 1399 1088 eos,
1421 1066 1538 1093 quorum
1559 1059 1648 1084 omnis
1665 1059 1718 1084 vita

920 1096 1079 1127 consumpta
1096 1097 1136 1118 est
1152 1093 1179 1119 in
1196 1092 1335 1121 laboribus
1351 1095 1491 1130 gloriosis,
1509 1096 1557 1130 qui
1574 1095 1719 1130 voluptatis

921 1137 1018 1155 nomen
1034 1129 1128 1155 audire
1145 1139 1197 1156 non
1212 1137 1335 1165 possent:
1353 1133 1392 1158 sic
1408 1133 1433 1158 in
1450 1133 1547 1159 vestris
1558 1132 1721 1167 disputatio—-

921 1166 1002 1192 nibus
1015 1166 1126 1193 historia
1138 1172 1211 1194 muta
1222 1173 1272 1195 est.
1313 1170 1467 1204 Numquam
1479 1170 1573 1196 audivi
1587 1171 1613 1196 in
1620 1170 1718 1205 Epicu-

921 1204 943 1229 ri
954 1203 1046 1230 schola
1057 1204 1226 1240 Lycurgum,
1240 1206 1378 1237 Solonem,
1392 1207 1554 1238 Miltiadem,
1568 1207 1720 1233 Themisto-

920 1241 998 1272 clem,
1008 1241 1222 1275 Epaminondam
1231 1245 1377 1271 nominari:
1390 1245 1438 1280 qui
1451 1245 1477 1271 in
1489 1253 1534 1271 ore
1545 1249 1608 1271 sunt
1619 1250 1720 1271 eetero-

921 1287 980 1304 rum
992 1279 1114 1305 omnium
1131 1280 1365 1315 philosophorum.
1407 1283 1484 1308 Nunc
1496 1290 1572 1311 vero,
1591 1283 1719 1317 quoniam

921 1315 986 1341 haec
997 1325 1044 1342 nos
1056 1317 1136 1342 etiam
1148 1322 1258 1344 tractare
1269 1320 1424 1353 coepimus,
1441 1319 1627 1354 suppeditabit
1642 1319 1720 1345 nobis

921 1353 1025 1379 Atticus
1039 1358 1129 1380 noster
1143 1354 1176 1380 de
1192 1355 1326 1382 thesauris
1344 1357 1402 1382 suis
1418 1365 1486 1391 quos
1505 1361 1530 1383 et
1548 1361 1662 1391 quantos
1679 1357 1720 1382 vi-

922 1390 977 1416 ros!
1012 1392 1053 1416 68.
1070 1391 1162 1418 Nonne
1174 1392 1272 1419 melius
1283 1399 1322 1419 est
1333 1394 1365 1419 de
1378 1394 1421 1420 his
1432 1394 1549 1428 aliquid,
1568 1402 1649 1428 quam
1662 1398 1720 1420 tan-

922 1428 955 1454 tis
968 1427 1154 1455 voluminibus
1165 1429 1198 1456 de
1210 1430 1346 1457 Themista
1361 1431 1452 1466 loqui‘?
1467 1432 1526 1457 Sint
1543 1432 1591 1457 ista
1604 1432 1720 1457 Graeco-

921 1474 995 1491 rum:
1013 1474 1178 1500 quamquam
1191 1467 1224 1493 ab
1238 1467 1278 1493 his
1290 1468 1491 1503 philosophiam
1503 1474 1527 1495 et
1538 1477 1631 1495 omnes
1644 1469 1720 1503 inge-

922 1511 989 1528 nuas
1009 1502 1169 1537 disciplinas
1190 1504 1333 1532 habemus.
1373 1506 1425 1532 Sed
1443 1511 1530 1532 tamen
1547 1511 1586 1532 est
1603 1505 1717 1540 aliquid,

921 1540 993 1574 quod
1010 1540 1088 1566 nobis
1104 1550 1155 1567 non
1174 1541 1263 1573 liceat,
1290 1543 1367 1569 liceat
1389 1543 1451 1569 illis.
1492 1544 1615 1578 Pugnant
1636 1544 1718 1569 stoici

920 1585 982 1603 cum
995 1577 1190 1612 Peripateticis.
1231 1579 1314 1606 Alteri
1331 1586 1427 1616 negant
1439 1580 1589 1615 quidquam
1601 1589 1659 1606 esse
1672 1581 1720 1606 bo-

921 1623 1000 1645 num,
1019 1615 1071 1640 nisi
1084 1616 1155 1650 quod
1169 1617 1310 1644 honestum
1322 1619 1366 1644 sit.
1408 1618 1503 1648 Alteri,
1519 1618 1667 1652 plurimum
1679 1625 1717 1647 se,

921 1657 946 1678 et
962 1652 1039 1688 longe
1056 1652 1189 1689 longeque
1205 1655 1354 1689 plurimum
1374 1655 1491 1682 tribuere
1508 1655 1653 1687 honestati,
1672 1654 1720 1681 sed

921 1694 1009 1716 tamen
1025 1694 1051 1716 et
1068 1691 1092 1716 iu
1109 1700 1218 1726 corpore
1232 1697 1257 1718 et
1267 1698 1340 1719 extra
1353 1702 1411 1719 esse
1423 1693 1555 1728 quaedam
1568 1693 1647 1719 bona.
1687 1693 1721 1719 Et

920 1732 1054 1753 certamen
1072 1728 1227 1759 honestum,
1246 1735 1271 1756 et
1286 1730 1433 1765 disputatio
1449 1730 1606 1765 splendida!
1624 1731 1719 1756 Omnis

920 1769 961 1791 est
971 1765 1044 1791 enim
1058 1765 1091 1791 de
1104 1766 1212 1793 virtutis
1223 1767 1353 1803 dignitate
1365 1769 1508 1794 contentio.
1549 1768 1581 1794 At
1592 1776 1653 1793 cum
1666 1768 1719 1794 tuis

920 1810 1005 1837 quum
1016 1802 1148 1834 disseras,
1167 1804 1250 1831 multa
1266 1810 1330 1832 sunt
1343 1805 1477 1832 audienda
1489 1806 1568 1832 etiam
1580 1805 1613 1831 de
1624 1805 1720 1831 obsce-

921 1840 962 1865 nis
975 1839 1168 1874 voluptatibus,
1182 1841 1215 1868 de
1227 1842 1328 1877 quibus
1340 1843 1373 1868 ab
1380 1843 1495 1877 Epicuro
1507 1843 1665 1877 saepissime
1677 1842 1720 1868 di-

919 1878 999 1903 citur.
1041 1879 1083 1904 69.
1106 1879 1163 1906 Non
1175 1884 1250 1914 potes
1261 1888 1323 1915 ergo
1335 1881 1383 1906 ista
1397 1881 1474 1910 tueri,
1488 1881 1634 1915 Torquate,
1651 1880 1719 1906 milii

920 1914 998 1941 crede
1007 1935 1013 1946 ,
1029 1915 1053 1941 si
1066 1920 1090 1942 te
1103 1916 1161 1951 ipse
1175 1922 1201 1943 et
1212 1922 1271 1944 tuas
1281 1918 1456 1953 cogitationes
1467 1923 1493 1944 et
1503 1918 1593 1943 studia
1608 1926 1720 1952 perspe-

922 1952 1003 1978 xeris.
1044 1953 1159 1981 Pudebit
1183 1959 1220 1985 te,
1245 1956 1371 1989 inquam,
1395 1955 1469 1981 illius
1493 1955 1613 1985 tabulae,
1636 1964 1717 1990 quam

921 1989 1076 2022 Cleanthes,
1094 2000 1158 2018 sane
1172 1992 1326 2023 commode,
1346 1992 1436 2019 verbis
1448 1992 1593 2029 depingere
1605 1992 1716 2018 solebat.

921 2026 1032 2053 lubebat
1042 2035 1102 2059 eos,
1119 2030 1167 2064 qui
1179 2029 1338 2060 audiebant,
1356 2038 1448 2056 secum
1461 2031 1534 2065 ipsos
1548 2031 1665 2065 cogitare
1678 2030 1720 2064 pi—

920 2069 989 2090 etam
1011 2065 1038 2091 in
1057 2065 1147 2093 tabula
1168 2067 1351 2101 Voluptatem,
1374 2067 1557 2102 pulcherrimo
1579 2068 1678 2093 vestitu
1694 2072 1720 2093 et

919 2106 1013 2128 ornatu
1026 2102 1109 2137 regali
1122 2104 1148 2130 in
1159 2104 1227 2131 solio
1238 2104 1388 2135 sedentem:
1403 2110 1508 2139 praesto
1519 2113 1578 2130 esso
1590 2104 1715 2133 Virtutes.

921 2138 1117 2171 utancillulas,
1130 2150 1199 2176 quae
1212 2141 1280 2167 nihil
1292 2141 1366 2167 aliud
1378 2147 1500 2177 agerent,
1519 2141 1624 2168 nullum
1636 2150 1717 2167 suum

919 2175 1040 2202 osticium
1055 2176 1196 2208 ducerent,
1215 2179 1267 2204 nisi
1284 2183 1312 2204 ut
1329 2178 1463 2213 Voluptati
1480 2179 1674 2208 ministrarent,
1693 2184 1718 2204 et

920 2222 978 2238 eam
991 2218 1094 2240 tantum
1106 2215 1138 2241 ad
1149 2224 1242 2241 aurem
1254 2215 1442 2246 admonerent,
1455 2217 1489 2250 (si
1500 2216 1579 2242 modo
1591 2216 1616 2242 id
1630 2217 1717 2250 pit-tw

920 2259 947 2276 ra
960 2250 1074 2287 intelligi
1086 2252 1198 2287 posset.)
1210 2257 1238 2279 ut
1249 2258 1368 2282 caveret,
1387 2253 1488 2288 nequid
1505 2253 1601 2279 faceret
1614 2254 1717 2288 impru-

919 2287 1000 2318 dens,
1022 2291 1094 2323 quod
1115 2290 1260 2316 oll'enderet
1274 2290 1379 2316 animos
1399 2290 1552 2320 hominum,
1575 2295 1621 2316 aut
1636 2290 1717 2325 quid-

919 2334 1016 2360 quam,
1039 2335 1052 2352 e
1068 2335 1122 2361 quo
1141 2328 1257 2352 oriretur
1272 2326 1371 2361 aliquis
1389 2326 1473 2353 dolor.
1515 2328 1586 2353 »Nos
1605 2327 1716 2362 quidem

920 2363 1037 2390 Virtutes
1057 2365 1097 2390 sic
1113 2369 1188 2390 natae
1204 2372 1314 2394 suiuus,
1331 2369 1359 2390 ut
1376 2364 1424 2390 tibi
1440 2365 1618 2392 serviremus:
1641 2364 1715 2391 aliud

920 2402 1018 2436 negotii
1032 2400 1099 2427 nihil
1113 2401 1273 2427 liabeinus.a

975 2439 1060 2465 XXll.
1082 2439 1124 2465 70.
1146 2440 1178 2465 At
1189 2444 1267 2472 negat
1279 2439 1421 2473 Epicurus.
1436 2438 1496 2472 (hoe
1507 2439 1579 2464 enim
1595 2444 1714 2465 vestrum

921 2476 1258 2511 lumenest,)queinquam,
1267 2477 1314 2511 qui
1327 2476 1436 2502 honeste
1447 2485 1497 2502 non
1507 2478 1588 2505 vivat.
1598 2476 1715 2503 iucunde

919 2522 997 2547 posse
1008 2514 1110 2539 vivere.
1150 2514 1232 2546 Quasi
1245 2523 1294 2548 ego
1307 2513 1332 2539 id
1345 2522 1450 2542 eurem,
1467 2513 1534 2548 quid
1552 2513 1595 2539 ille
1607 2515 1660 2540 aiat
1670 2519 1715 2540 aut

918 2555 1005 2587 neget.
1047 2550 1115 2577 lllud
1127 2560 1240 2586 quaero,
1258 2551 1324 2586 quid
1336 2551 1374 2580 ei,
1392 2552 1439 2585 qni
1454 2552 1478 2577 in
1493 2551 1627 2586 voluptate
1638 2559 1715 2577 sum-

918 2597 992 2614 mum
1006 2589 1105 2615 bonum
1122 2594 1209 2623 putat,
1227 2593 1436 2614 consentaneum
1451 2589 1487 2614 sit
1501 2588 1601 2615 dicere.
1642 2588 1713 2620 Quid

917 2625 1006 2655 allbrs,
1029 2635 1077 2652 cur
1092 2626 1222 2653 Thorius.
1244 2634 1292 2652 cur
1307 2626 1336 2652 C.
1354 2625 1460 2652 llirrius
1476 2626 1643 2656 Postumius,
1666 2634 1714 2651 eur

916 2664 1038 2690 oninium
1057 2663 1151 2691 horum
1169 2665 1308 2698 magister.
1326 2664 1418 2692 Orata.
1442 2671 1493 2690 non
1516 2663 1713 2690 iucundissime

1403 2712 1446 2736 127
1463 2710 1473 2720 ⁸
