1941 3052
514 143 811 170 PHILIPPICA
843 143 922 170 XIV.
963 143 1061 170 CAP.

104 215 152 242 XI.
171 215 213 242 29.
235 215 350 241 Decerne
361 214 443 250 igitur
454 222 545 241 eorum
557 215 637 241 trium
649 215 756 241 nomine
766 215 847 250 quin-

49 253 176 289 quaginta
187 253 291 279 dierum
303 252 525 287 supplicationes:
543 261 665 283 caussas,
679 257 709 279 ut
720 252 846 279 honorifi-

48 291 212 318 centissimis
233 290 323 317 verbis
342 290 471 325 consequi
487 294 590 325 potero,
613 290 773 325 complectar
788 291 845 325 ipsa

49 329 190 356 sententia.

103 403 152 429 Est
167 406 255 429 autem
272 402 334 428 fidei
350 403 511 437 pietatisque
526 406 630 428 nostrae
643 401 777 428 declarare
792 401 846 428 for—

47 441 161 468 tissimis
177 440 323 471 militibus,
341 449 423 476 quam
439 448 569 466 memores
587 441 687 470 simus,
709 447 846 474 quamque

48 480 125 515 grati.
166 478 345 510 Quamobrem
361 478 491 513 promissa
510 481 597 503 nostra
613 482 692 511 atque
712 485 755 508 ea,
777 484 846 511 quae

49 516 214 552 legionibus,
234 516 303 542 bello
317 515 448 546 consecto,
469 515 616 541 tributuros
632 523 679 540 nos
700 513 846 549 spopondi-

48 562 118 585 mus,
133 553 260 580 hodierno
271 552 502 579 senatusconsulto
513 552 663 578 renovanda
674 559 783 577 censeo:
802 559 845 576 ae-

48 599 134 626 quum
146 595 186 617 est
197 591 277 622 enim,
291 591 417 621 militum,
431 590 524 616 talium
536 589 704 624 praesertim,
718 589 844 614 honorem

47 629 185 664 coniungi.
227 630 267 654 30.
289 628 376 663 Atque
388 628 498 658 utinam,
515 631 602 661 patres
613 626 764 660 conscripti,
778 625 845 651 civi-

48 665 100 692 bus
120 666 246 692 omnibus
266 665 369 692 solvere
389 665 466 691 nobis
487 664 604 699 praemia
625 663 726 689 liceret!
749 671 844 697 quam-

48 712 130 738 quam
147 712 194 730 nos
211 712 254 734 ea,
277 712 345 738 quae
361 702 549 737 promisimus,
571 700 691 727 studiose
709 700 843 726 cumulata

48 741 203 767 reddemus.
244 740 297 767 Sed
313 740 340 766 id
354 739 464 774 quidem
480 742 571 769 restat,
588 742 618 764 ut
628 746 718 773 spero,
736 738 844 764 victori—

47 778 113 809 bus,
130 778 231 813 quibus
247 781 355 804 senatus
371 776 437 803 fides
454 780 614 811 praestatur:
637 784 718 810 quam
733 775 843 810 quidem

47 817 174 851 quoniam
191 815 350 841 difficillimo
365 813 528 848 reipublicae
543 817 662 848 tempore
673 813 757 839 secuti
769 816 840 843 sunt,

47 861 92 879 eos
108 861 256 888 numquam
272 851 403 887 oportebit
417 850 522 878 consilii
542 851 584 877 sui
605 851 748 885 poenitere.
791 849 843 876 Sed

47 890 124 917 facile
140 894 179 916 est
194 890 261 916 bene
276 897 352 925 agere
363 897 425 915 cum
438 889 486 919 iis,
504 897 518 914 a
529 888 630 923 quibus
642 888 722 914 etiam
734 888 844 914 tacenti-

46 927 98 954 bus
113 927 224 963 flagitari
240 927 372 953 videmur.
412 926 482 952 Illud
497 925 683 952 admirabilius
699 929 724 951 et
744 925 841 956 maius,

46 965 216 1000 maximeque
228 965 365 1000 proprium
377 968 486 990 senatus
501 963 629 998 sapientis
641 967 692 994 est,
709 967 783 998 grata
799 971 843 989 eo-

45 1011 105 1029 rum
118 1003 244 1028 virtutem
255 1002 381 1029 memoria
393 1001 532 1036 prosequi,
547 1001 596 1036 qui
607 1009 654 1035 pro
665 1001 748 1035 patria
760 1000 841 1026 vitam

45 1039 230 1075 profuderunt.
275 1041 316 1066 3l.
338 1039 457 1072 Quorum
477 1039 511 1065 de
532 1039 629 1065 honore
650 1038 754 1065 utinam
775 1038 842 1064 mihi

45 1077 122 1112 plura
138 1078 165 1104 in
182 1081 298 1104 mentem
314 1077 448 1104 venirent!
470 1076 524 1103 duo
538 1081 607 1102 certe
619 1084 670 1102 non
682 1076 839 1111 praeteribo,

45 1123 114 1150 quae
125 1115 242 1141 maxime
252 1119 408 1142 occurrunt:
432 1123 546 1149 quorum
561 1113 673 1140 alterum
686 1114 799 1148 pertinet
809 1113 841 1139 ad

44 1153 163 1179 virorum
175 1152 381 1179 fortissimorum
392 1152 504 1189 gloriam
512 1152 715 1187 sempiternam:
729 1151 840 1177 alterum

45 1190 78 1217 ad
90 1190 243 1217 leniendum
256 1199 401 1217 maerorem
413 1194 438 1216 et
449 1189 550 1216 luctum
563 1189 757 1224 proximorum.

99 1264 158 1292 XII.
180 1265 268 1291 Placet
279 1266 362 1301 igitur
372 1264 448 1295 mihi,
463 1268 550 1299 patres
561 1263 713 1298 conscripti,
728 1263 840 1299 legionis

44 1303 153 1329 Martiae
168 1302 314 1334 militibus,
335 1307 360 1329 et
375 1303 427 1333 eis,
445 1302 492 1337 qui
509 1310 561 1328 una
576 1306 726 1336 pugnantes
737 1301 842 1327 occide-

44 1344 115 1370 runt,
129 1345 332 1367 monumentum
344 1339 400 1366 fieri
412 1348 492 1375 quam
505 1339 714 1374 amplissimum.
746 1339 840 1373 Magna
869 1349 871 1374 ς

43 1381 123 1412 atque
139 1377 306 1404 incredibilia
322 1382 386 1404 sunt
401 1378 427 1404 in
444 1377 637 1411 rempublicam
654 1376 735 1403 huius
748 1377 840 1402 merita

43 1414 166 1451 legionis.
207 1416 275 1441 llaec
291 1424 319 1442 se
335 1416 420 1450 prima
441 1414 579 1441 latrocinio
593 1414 701 1449 abrupit
715 1413 838 1440 Antonii:

43 1451 315 1479 haectenuitAlbam:
330 1453 393 1479 haec
404 1461 432 1479 se
445 1452 477 1478 ad
484 1451 622 1479 Caesarem
634 1451 758 1478 contulit:
772 1451 840 1477 banc

41 1490 144 1516 imitata
159 1494 252 1525 quarta
269 1490 338 1526 legio
353 1499 443 1525 parem
458 1489 565 1516 virtutis
576 1489 687 1525 gloriam
699 1492 840 1515 consecuta

43 1531 92 1553 est.
133 1527 231 1559 Quarta
252 1528 349 1554 victrix
368 1527 502 1554 desiderat
522 1527 671 1553 neminem:
693 1535 726 1553 ex
747 1526 840 1553 Martia

42 1564 165 1591 nonnulli
187 1565 214 1591 in
234 1565 291 1600 ipsa
313 1566 422 1591 victoria
442 1564 625 1592 conciderunt.
666 1563 688 1591 Ο
708 1563 839 1590 fortunata

41 1610 126 1632 mors,
144 1611 214 1637 quae
225 1607 333 1628 naturae
348 1602 436 1629 debita
452 1611 500 1637 pro
514 1602 596 1637 patria
612 1606 652 1628 est
668 1602 838 1636 potissimum
868 1628 869 1631 ,

199 1641 240 1667 32.
263 1640 314 1667 Vos
330 1648 393 1666 vero
402 1641 501 1675 patriae
513 1644 586 1666 natos
598 1639 700 1666 iudico:
723 1648 838 1674 quorum
867 1659 868 1668 ,

42 1639 157 1666 reddita!

41 1677 120 1703 etiam
136 1685 232 1703 nomen
248 1686 261 1703 a
277 1678 358 1704 Marte
373 1682 425 1704 est:
449 1682 478 1704 ut
494 1677 565 1704 idem
581 1677 648 1703 deus
664 1677 757 1703 urbem
771 1677 839 1703 lianc

40 1714 179 1749 gentibus,
202 1723 249 1741 vos
266 1715 329 1741 huic
344 1715 404 1741 urbi
420 1715 547 1751 genuisse
562 1714 693 1741 videatur.
734 1715 762 1741 In
775 1714 838 1750 suga

41 1750 116 1778 foeda
128 1760 199 1778 mors
210 1757 263 1778 est:
276 1753 304 1778 in
316 1753 424 1779 victoria
436 1753 559 1788 gloriosa.
582 1752 686 1778 Etenim
699 1752 768 1779 Mars
779 1753 838 1786 ipse

40 1796 74 1815 ex
85 1789 139 1815 acie
151 1788 327 1816 fortissimum
339 1798 475 1825 quemque
487 1790 620 1825 pignerari
632 1789 707 1816 solet.
734 1789 774 1816 Illi
787 1790 838 1825 igi-

40 1829 83 1852 tur
94 1826 180 1861 impii,
189 1835 257 1862 quos
268 1827 411 1859 cecidistis,
420 1829 499 1854 etiam
511 1827 544 1853 ad
556 1826 654 1854 inferos
667 1836 764 1862 poenas
776 1836 837 1862 par-

40 1863 126 1889 ricidii
139 1863 225 1890 luent:
249 1873 295 1891 vos
308 1873 382 1896 vero,
400 1866 447 1900 qui
458 1870 608 1892 extremum
620 1865 745 1899 spiritum
758 1865 784 1891 in
798 1865 837 1891 vi—

39 1901 121 1927 ctoria
134 1900 279 1933 effudistis,
297 1903 402 1936 piorum
418 1903 483 1929 estis
498 1902 589 1929 sedem
605 1907 630 1928 et
645 1902 731 1929 locum
743 1911 836 1929 conse-

39 1938 104 1964 cuti.
144 1938 236 1965 Brevis
248 1948 260 1965 a
274 1943 365 1965 natura
378 1940 454 1966 nobis
466 1941 519 1966 vita
530 1940 589 1966 data
601 1945 653 1966 est:
672 1944 698 1966 at
708 1941 835 1966 memoria

39 1975 108 2002 bene
129 1975 246 2002 redditae
266 1976 336 2002 vitae
356 1978 527 2012 sempiterna.
567 1977 640 2010 Quae
659 1978 683 2003 si
699 1986 750 2004 non
767 1981 836 2003 esset

39 2011 156 2048 longior,
173 2021 254 2047 quam
267 2013 331 2040 baec
342 2015 409 2046 vita3
432 2015 494 2049 quis
509 2019 580 2041 esset
597 2019 648 2041 tam
665 2023 769 2046 amens,
788 2015 835 2050 qui

39 2050 166 2076 maximis
188 2050 324 2077 laboribus
344 2055 369 2077 et
385 2051 510 2085 periculis
526 2052 559 2078 ad
579 2061 713 2078 summani
729 2052 834 2078 laudem

38 2086 206 2123 gloriamque
221 2088 408 2115 contenderet?
437 2090 478 2115 33.
500 2090 595 2115 Actum
610 2089 692 2124 igitur
703 2090 835 2124 praeclare

38 2124 194 2156 vobiscum,
213 2124 366 2157 fortissimi,
383 2125 449 2152 dum
462 2126 581 2158 vixistis,
600 2135 671 2152 nunc
683 2135 744 2153 vero
755 2128 834 2153 etiam

38 2162 201 2188 sanctissimi
218 2162 330 2194 milites,
352 2163 425 2198 quod
442 2168 526 2190 vestra
545 2164 629 2190 virtus
641 2172 688 2190 nec
699 2164 835 2191 oblivione

38 2206 139 2231 eorum,
153 2200 200 2235 qui
213 2209 283 2226 nunc
294 2204 365 2231 sunt,
380 2209 427 2227 nec
439 2201 573 2227 reticentia
585 2206 751 2236 posterorum
763 2202 835 2228 inse-

37 2236 112 2272 pulta
122 2245 181 2263 esse
194 2238 302 2272 poterit,
323 2247 408 2273 quum
425 2238 500 2264 vobis
516 2238 664 2265 immortale
676 2248 835 2266 monumen-

38 2277 95 2300 tum
112 2275 169 2301 suis
186 2283 269 2309 paene
285 2276 410 2301 manibus
426 2280 535 2302 senatus
551 2276 723 2311 populusque
739 2277 834 2303 lloina-

38 2319 89 2338 nus
99 2313 270 2338 exstruxerit.
312 2312 389 2339 Multi
401 2321 479 2347 saepe
491 2314 623 2340 exercitus
635 2314 756 2345 Punicis,
771 2314 834 2340 Gal-

38 2346 105 2380 licis,
118 2349 215 2376 Italicis
227 2349 319 2381 bellis,
333 2350 396 2376 clari
409 2355 434 2376 ct
446 2351 534 2385 magni
547 2350 667 2377 suerunt:
687 2360 734 2377 nec
747 2356 833 2378 taincn

37 2384 101 2412 ullis
116 2386 167 2413 tale
182 2396 268 2423 genus
281 2387 388 2414 lionoris
401 2387 531 2413 tributum
542 2392 591 2414 est.
632 2388 719 2423 Atque
731 2389 832 2415 utinam

37 2423 134 2450 maiora
146 2432 301 2459 possemus,
318 2424 538 2459 quandoquidem
551 2434 564 2451 n
577 2424 652 2451 vobis
664 2426 779 2452 maxima
792 2435 834 2451 ac-

37 2460 171 2495 cepimusl
194 2462 245 2489 Vos
257 2462 290 2488 ab
302 2462 371 2489 Urbe
384 2462 514 2488 furentem
527 2462 670 2488 Antonium
683 2463 831 2489 avertistis:

38 2505 85 2524 vos
96 2498 181 2525 redire
192 2499 345 2526 molientem
357 2499 504 2534 repulistis.
541 2500 595 2525 Erit
607 2499 688 2532 igitur
700 2505 833 2526 exstructa

37 2533 120 2561 moles
131 2544 209 2570 opere
221 2537 361 2572 magnifico
373 2537 527 2571 incisaeque
540 2536 649 2567 litterae,
662 2537 768 2563 (livinae
781 2538 835 2564 vir-

37 2571 101 2598 tutis
116 2576 195 2599 testes
210 2575 400 2609 sempiternae3
423 2583 570 2609 numquam
582 2573 615 2600 de
627 2574 716 2604 vobis,
730 2583 831 2606 eorum,

36 2609 84 2644 qui
95 2613 139 2636 aut
151 2610 280 2638 videbunt
291 2616 409 2638 vestrum
422 2616 639 2642 monumentum.
658 2616 703 2638 aut
713 2611 830 2643 audient,

37 2646 205 2681 gratissimus
217 2656 304 2676 sermo
314 2650 481 2675 conticescet.
519 2650 554 2675 lta
567 2657 614 2683 pro
626 2649 729 2676 mortali
741 2649 833 2676 condi-

37 2682 106 2710 tione
117 2684 186 2711 vitae
197 2685 421 2713 immortalitatem
432 2687 496 2713 estis
507 2686 652 2713 consecuti.

1096 146 1110 170 8
1131 160 1166 164 —
1189 146 1228 171 ¹4.
1644 148 1692 173 659

952 214 1022 241 XIII.
1041 216 1081 241 34.
1102 214 1153 241 Sed
1167 215 1304 250 quoniam,
1323 220 1410 250 patres
1426 217 1578 251 conscripti,
1594 216 1694 252 gloriae

898 260 998 278 munus
1019 253 1128 287 optimis
1145 257 1170 279 et
1182 253 1335 280 fortissimis
1351 254 1456 280 civibus
1467 256 1633 280 monumenti
1646 254 1694 280 ho-

899 297 961 315 nore
981 289 1151 324 persolvitur,
1174 291 1344 317 consolemur
1357 300 1448 318 eorum
1465 292 1615 326 proximos,
1633 292 1694 326 qui-

898 326 949 352 bus
970 327 1068 361 optima
1085 332 1124 353 est
1140 328 1204 353 haec
1219 328 1329 363 quidem
1344 328 1502 355 consolatio:
1525 329 1692 363 parentibus,

897 364 969 398 quod
990 369 1060 390 tanta
1076 365 1239 399 reipublicae
1255 366 1385 400 praesidia
1400 371 1564 401 genuerunt:
1592 366 1692 397 liberis,

897 401 969 435 quod
985 401 1122 428 habebunt
1137 402 1281 429 domestica
1296 403 1417 438 exempla
1430 404 1550 430 virtutis:
1573 405 1695 439 coniugi-

897 438 958 469 bus,
977 439 1050 474 quod
1066 439 1099 465 iis
1115 440 1180 465 viris
1195 441 1331 472 carebunt,
1348 449 1416 475 quos
1429 441 1544 472 laudare,
1558 450 1638 476 quam
1652 441 1695 467 lu-

896 484 958 511 gere
979 477 1137 510 praestabit:
1160 476 1296 508 fratribus,
1312 478 1384 513 quod
1401 479 1426 504 in
1442 487 1479 509 se,
1497 483 1527 505 ut
1541 487 1691 514 corporum,

897 514 935 539 sic
956 514 1085 539 virtutum
1107 514 1313 541 similitudinem
1335 524 1393 541 esse
1413 516 1556 542 confident.
1606 516 1694 551 Atque

897 551 999 576 utinam
1021 551 1063 576 his
1078 552 1204 578 omnibus
1219 552 1369 588 abstergere
1385 552 1475 579 fletum
1492 554 1631 580 sententiis
1647 562 1694 580 no-

896 588 958 613 stris
978 588 1324 623 consultisquepossemus,
1338 590 1379 615 vel
1392 590 1480 625 aliqua
1492 590 1552 617 talis
1563 591 1605 617 his
1617 590 1694 617 adhi-

897 624 953 651 beri
975 625 1083 660 publice
1099 631 1188 660 posset
1203 627 1293 659 oratio,
1310 636 1362 662 qua
1374 627 1536 662 deponerent
1547 637 1692 654 maerorem

897 666 976 696 atque
997 662 1108 693 luctum,
1126 664 1327 699 gauderentque
1343 666 1444 699 potius,
1467 674 1552 700 quum
1569 666 1652 692 multa
1668 670 1694 691 et

896 700 968 725 varia
988 700 1174 734 impenderent
1194 701 1349 727 hominibus
1369 711 1464 737 genera
1481 704 1585 733 mortis,
1604 703 1631 729 id
1646 711 1693 738 ge·

896 746 957 767 nus,
970 737 1042 771 quod
1054 742 1124 763 esset
1135 738 1356 772 pulcherrimum,
1370 740 1427 765 suis
1442 739 1580 775 obtigisse,
1594 748 1694 775 eosque

896 782 944 800 nec
959 774 1112 800 inhumatos
1130 784 1188 801 esse
1204 784 1252 802 nec
1263 776 1391 807 desertos,
1409 777 1490 811 (quod
1503 782 1590 803 tamen
1602 779 1691 812 ipsum

895 820 943 846 pro
963 812 1046 846 patria
1069 821 1120 838 non
1141 813 1324 839 miserandum
1341 814 1475 849 putatur:)
1500 823 1547 840 nec
1563 815 1692 849 dispersis

895 849 982 875 bustis
1002 849 1100 875 humili
1121 850 1259 884 sepultura
1275 856 1413 883 crematos,
1432 852 1478 878 sed
1494 856 1627 878 contectos
1642 860 1693 886 pu-

895 886 973 912 blicis
989 887 1116 921 operibus
1133 892 1213 922 atque
1224 888 1392 919 muneribus,
1406 898 1490 924 eaque
1502 890 1690 920 exstructione,

894 932 962 958 quae
982 925 1017 950 sit
1036 924 1069 950 ad
1090 926 1245 951 memoriam
1264 927 1425 952 aeternitatis
1441 936 1484 952 ara
1500 928 1616 953 virtutis.
1649 928 1690 953 35.

894 961 1072 993 Quamobrem
1089 964 1239 989 maximum
1255 963 1365 998 quidem
1381 964 1507 990 solatium
1522 966 1571 990 erit
1583 965 1693 999 propin-

893 1008 1022 1034 quorum,
1052 999 1145 1026 eodem
1171 1006 1344 1027 monumento
1367 1001 1495 1028 declarari
1520 1006 1545 1028 et
1566 1003 1692 1028 virtutem

894 1045 1015 1068 suorum,
1032 1041 1058 1063 et
1068 1037 1160 1072 populi
1174 1038 1283 1064 Romani
1295 1039 1430 1073 pietatem,
1444 1044 1469 1065 et
1480 1044 1589 1066 senatus
1601 1039 1689 1070 fidem,

894 1079 919 1101 et
942 1074 1123 1101 crudelissimi
1145 1077 1300 1102 memoriam
1325 1076 1404 1103 belli:
1437 1077 1463 1103 in
1479 1086 1533 1111 quo
1554 1078 1606 1103 nisi
1622 1081 1692 1103 tanta

893 1112 1010 1138 militum
1023 1113 1108 1138 virtus
1120 1114 1275 1145 exstitisset,
1289 1114 1430 1148 parricidio
1438 1115 1472 1140 M.
1481 1115 1691 1140 Antoniinomen

893 1149 986 1185 populi
998 1150 1110 1176 Romani
1121 1151 1271 1177 occidisset.
1298 1151 1385 1186 Atque
1397 1153 1475 1178 etiam
1487 1161 1590 1183 censeo,
1605 1157 1692 1186 patres

892 1188 1044 1223 conscripti,
1057 1196 1126 1223 quae
1138 1189 1254 1223 praemia
1267 1188 1398 1215 militibus
1406 1190 1579 1224 promisimus
1587 1198 1642 1220 nos,
1652 1198 1693 1215 re-

893 1225 1002 1260 publica
1018 1230 1181 1260 recuperata,
1195 1226 1351 1257 tributuros,
1368 1236 1396 1253 ea
1409 1227 1478 1253 vivis
1491 1227 1692 1262 victoribusque

892 1263 1042 1294 cumulate,
1065 1272 1150 1298 quum
1172 1269 1278 1298 tempus
1303 1265 1413 1295 venerit,
1431 1264 1621 1299 persolvenda:
1644 1265 1691 1299 qui

893 1305 982 1327 autem
995 1309 1027 1327 ex
1039 1302 1081 1332 iis,
1094 1302 1195 1336 quibus
1207 1301 1252 1327 illa
1265 1303 1394 1336 promissa
1410 1307 1481 1333 sunt,
1496 1311 1542 1336 pro
1554 1303 1636 1337 patria
1648 1310 1692 1328 oc-

892 1338 1024 1369 ciderunt,
1042 1347 1133 1365 eorum
1151 1339 1316 1374 parentibus,
1336 1340 1436 1369 liberis,
1454 1340 1624 1375 coningibus,
1640 1339 1692 1365 fra-

893 1376 979 1402 tribus
995 1376 1087 1402 eadem
1100 1376 1241 1403 tribuenda
1251 1385 1356 1403 censeo.
1383 1377 1453 1403 XIV.
1470 1379 1509 1403 36.
1524 1377 1585 1408 Sed,
1600 1381 1629 1403 ut
1642 1376 1691 1402 ali-

892 1414 1001 1449 quando
1015 1414 1145 1440 sententia
1157 1413 1326 1449 complectar,
1341 1415 1376 1441 ita
1387 1423 1492 1441 censeo.

947 1488 1038 1521 Quum
1059 1488 1089 1515 C.
1106 1489 1191 1515 Pansa
1205 1488 1309 1520 consul,
1328 1489 1482 1524 imperator,
1504 1489 1612 1515 initium
1628 1496 1690 1514 cnm

892 1526 1015 1553 hostibus
1035 1526 1193 1562 confligendi
1217 1526 1319 1557 fecerit,
1342 1535 1397 1561 qno
1417 1526 1518 1561 praelio
1539 1526 1606 1561 legio
1622 1526 1691 1552 Mar-

892 1564 927 1590 tia
947 1564 1098 1590 admirabili
1119 1563 1326 1599 incredibilique
1352 1565 1448 1590 virtute
1471 1564 1617 1589 libertatem
1643 1572 1691 1598 po-

891 1601 949 1636 puli
965 1602 1075 1628 Romani
1092 1601 1248 1632 defenderit,
1266 1601 1338 1637 qnod
1354 1601 1423 1628 idem
1441 1601 1559 1637 legiones
1574 1601 1689 1627 tironum

892 1639 1015 1666 fecerint:
1048 1640 1159 1674 ipseque
1175 1639 1204 1665 C.
1222 1640 1306 1665 Pansa
1322 1639 1424 1669 consul,
1438 1639 1589 1673 imperator,
1603 1647 1689 1673 quum

890 1677 958 1703 inter
979 1676 1066 1702 media
1083 1677 1201 1703 bostium
1218 1677 1268 1703 tela
1286 1681 1444 1707 versaretur,
1459 1676 1569 1702 vulnera
1581 1684 1691 1710 accepe-

890 1715 937 1740 rit:
969 1723 1110 1750 quumque
1126 1715 1157 1741 A.
1175 1715 1276 1741 llirtius
1292 1714 1396 1744 consul,
1415 1715 1572 1749 imperator,
1591 1713 1690 1748 praelio

890 1751 994 1783 audito,
1026 1760 1053 1778 re
1082 1753 1200 1788 cognita,
1234 1751 1379 1779 fortissimo
1404 1752 1690 1787 praestantissimoque

889 1790 979 1816 animo
996 1791 1143 1816 exercitum
1158 1791 1252 1816 castris
1270 1790 1401 1819 eduxerit,
1416 1790 1601 1824 impetumque
1613 1789 1639 1814 in
1653 1788 1687 1814 M.

889 1826 1034 1854 Antonium
1055 1828 1256 1862 exercitumque
1278 1827 1395 1853 hostium
1413 1826 1502 1853 fecerit
1517 1827 1631 1860 eiusque
1646 1834 1690 1851 co-

890 1865 947 1899 pias
962 1865 1100 1892 occidione
1114 1865 1249 1897 occiderit,
1267 1874 1316 1891 suo
1332 1865 1450 1891 exercitu
1463 1865 1496 1890 ita
1509 1863 1647 1893 incolumi,
1661 1868 1690 1889 nt

889 1911 922 1928 ne
933 1911 1018 1929 unum
1030 1903 1140 1938 quidem
1153 1903 1264 1929 militem
1276 1902 1480 1929 desideraverit:
1495 1902 1535 1927 37.
1549 1908 1689 1936 quumque

889 1939 917 1966 C.
931 1939 1027 1966 Caesar
1038 1945 1225 1976 propraetore,
1244 1941 1396 1975 imperator,
1413 1939 1525 1965 consilio
1536 1938 1689 1973 diligentia-

887 1986 941 2012 que
953 1987 1000 2004 sua
1012 1983 1096 2004 castra
1109 1978 1220 2005 feliciter
1230 1978 1388 2007 defenderit,
1402 1978 1547 2012 copiasque
1560 1976 1686 2005 bostium,

887 2023 956 2050 quae
976 2015 1008 2041 ad
1024 2020 1108 2042 castra
1123 2020 1298 2046 accesserant,
1316 2014 1470 2050 profligarit,
1493 2014 1632 2040 occiderit:
1655 2013 1689 2039 ob

887 2061 931 2078 eas
951 2061 992 2079 res
1009 2058 1131 2080 senatum
1147 2054 1301 2080 existimare
1317 2058 1342 2079 ct
1357 2053 1484 2081 iudicare,
1503 2060 1594 2077 eorum
1608 2051 1688 2076 trium

887 2090 1078 2124 imperatorum
1092 2091 1199 2122 virtute,
1214 2090 1336 2125 imperio,
1349 2089 1688 2125 consilimgravitatmcon-

887 2128 992 2159 stantia,
1016 2129 1203 2163 magnitudine
1219 2128 1312 2158 animi,
1332 2127 1470 2157 felicitate,
1489 2125 1619 2161 populum
1637 2126 1688 2151 Ro-

887 2173 996 2191 manum
1016 2165 1169 2192 foedissima
1185 2165 1427 2199 crudelissimaque
1445 2164 1574 2190 servitute
1592 2163 1687 2188 libera-

887 2207 957 2228 tum:
980 2211 1120 2237 quumque
1133 2202 1335 2237 rempublicam,
1346 2200 1560 2235 Urbein,templa
1576 2200 1686 2226 deornm

887 2240 1088 2270 immortalium,
1112 2241 1179 2266 bona
1196 2239 1370 2273 fortunasque
1386 2239 1516 2268 omnium,
1536 2238 1687 2271 liberosque

886 2278 1068 2303 conservarint
1088 2277 1259 2303 dimicatione
1279 2281 1304 2302 ct
1329 2275 1447 2310 periculo
1463 2276 1531 2301 vitae
1551 2283 1629 2303 suae,
1648 2275 1686 2300 nti

886 2314 919 2340 ob
935 2323 979 2340 eas
997 2323 1038 2340 res
1049 2315 1125 2343 benc,
1145 2314 1253 2344 fortiter,
1268 2313 1434 2347 feliciterque
1444 2318 1541 2348 gestas.
1557 2312 1586 2337 C.
1604 2311 1686 2337 l'ansa

886 2351 917 2377 A.
932 2352 1032 2378 llirtius
1044 2351 1177 2382 consules,
1191 2352 1372 2385 imperatores,
1386 2350 1451 2376 alter
1465 2350 1585 2378 ambove,
1606 2353 1650 2374 aut
1662 2349 1685 2374 si

886 2389 1007 2419 aberunt,
1023 2390 1056 2415 M.
1070 2389 1212 2418 Cornutus,
1223 2392 1325 2422 practer
1338 2385 1685 2420 urbanus,supplicationes

887 2435 933 2460 pei·
947 2426 1004 2452 dies
1016 2426 1212 2461 quinquaginta
1224 2426 1256 2451 ad
1268 2425 1356 2450 omnia
1370 2424 1519 2458 pulvinaria
1526 2423 1667 2449 constituat
1678 2433 1682 2448 :

886 2466 927 2489 38.
953 2472 1094 2498 quumque
1111 2464 1196 2489 virtus
1214 2463 1348 2497 legionum
1365 2462 1445 2495 digna
1461 2461 1618 2486 clarissimis
1634 2461 1685 2486 ini-

887 2501 1053 2535 peratoribus
1066 2502 1204 2530 exstiterit,
1217 2505 1350 2529 scnatnin,
1365 2508 1434 2534 qnae
1445 2499 1478 2524 sit
1493 2503 1567 2524 antea
1581 2497 1685 2532 pollici·

887 2543 929 2564 tus
947 2538 1097 2573 legionibus
1115 2538 1332 2572 exercitibusque
1349 2537 1454 2566 nostris,
1469 2544 1498 2562 ea
1509 2544 1616 2562 summo
1627 2540 1684 2561 stn-

886 2575 939 2605 dio,
963 2575 1099 2610 republica
1121 2580 1283 2610 recuperata,
1306 2573 1501 2600 resoluturum:
1543 2581 1683 2608 qnninqne

887 2612 958 2647 legio
977 2613 1066 2639 Martia
1085 2613 1208 2647 princeps
1223 2621 1284 2638 cum
1300 2611 1423 2637 hostibus
1434 2609 1589 2639 conflixerit,
1604 2616 1683 2644 utque

886 2650 920 2676 ita
933 2658 993 2676 cuin
1007 2650 1105 2676 maiore
1117 2659 1228 2676 numero
1241 2650 1358 2675 bostium
1370 2648 1543 2678 contenderit,
1558 2653 1585 2674 ut
1598 2647 1683 2682 pluri-

885 2696 943 2714 mos
962 2688 1110 2719 caederent,
1133 2692 1256 2723 caperent
1272 2686 1428 2714 nonnullos:
1464 2694 1604 2721 quumque
1624 2685 1683 2710 sino

1416 2733 1474 2761 83⁶
