1941 3052
411 155 458 180 IN
489 155 689 181 VERREM
721 154 821 181 ACT.
855 155 888 181 11.
921 155 1008 181 LIB.

81 229 209 252 aratores:
234 229 263 252 tu
276 224 305 251 id
318 224 474 251 nesciebas?
499 225 638 251 Fremebat
655 229 708 251 tota
722 225 872 259 provincia:

83 271 160 289 nemo
173 262 201 289 id
213 262 263 288 tibi
276 261 463 288 renuntiabat?
475 263 573 288 Romae
583 262 766 297 querimoniae
777 262 809 288 de
821 263 874 288 tuis

83 300 189 326 iniuriis
206 304 408 334 conventusque
425 299 605 326 habebantur:
634 300 774 335 ignorabas
793 298 876 325 haec‘?

82 337 222 372 ignorabas
237 337 301 363 haec
313 336 422 363 omnia?
446 336 535 369 Quid‘?
556 345 640 371 quum
660 336 747 371 palam
761 336 876 372 Syracu-

81 375 128 406 sis,
136 378 162 400 te
172 374 305 405 audiente,
317 374 434 400 maximo
443 378 576 400 conventu
586 374 741 400 L.Rubrius
751 373 782 405 Q.
790 373 876 408 Apro-

82 411 157 438 nium
170 412 314 446 sponsione
329 410 472 443 lacessivit,
492 420 520 437 ui
538 420 682 438 arnomus
695 419 875 437 nicrinus]-

81 457 112 475 τε
131 457 188 475 s11³1
206 458 235 474 ιη
252 457 384 475 nscnms
401 457 470 474 esst:
489 457 609 475 secum:
631 448 696 474 haec
713 452 738 474 te
756 456 808 474 vox
822 456 874 473 non

82 485 213 521 perculit?
234 494 286 512 non
299 485 483 520 perturbavit?
504 494 569 517 non,
586 490 616 512 ut
628 485 708 520 capiti
722 490 747 511 et
761 485 874 511 fortunis

82 523 134 550 tuis
152 524 332 558 prospiceres,
352 522 495 550 excitavit?
520 523 651 549 Tacuisti:
677 522 776 548 sedasti
794 522 874 548 etiam

82 560 140 588 lites
154 560 262 587 illorum
277 565 310 592 et,
326 561 435 595 sponsio
448 560 493 586 illa
507 568 540 586 ne
554 560 635 591 fieret,
653 559 785 585 laborasti.

136 598 223 624 LVIII.
245 599 307 629 Pro,
330 598 368 624 dii
385 597 562 624 immortales!
590 597 640 623 hoc
653 597 781 622 innocens
796 596 874 622 homo

81 636 181 670 perpeti
195 634 343 670 potuisset?
360 639 406 661 aut
418 635 543 670 quamvis
557 642 663 664 nocens,
679 634 726 668 qui
741 633 819 659 modo
832 634 875 659 iu-

80 673 148 699 dicia
162 673 259 699 Romae
273 672 327 699 fore
340 676 453 707 putaret,
470 680 522 698 non
536 671 626 706 aliqua
636 670 807 697 simulatione
817 671 875 696 exi-

79 710 226 737 stimationi
243 718 272 736 se
290 710 430 736 hominum
449 707 629 735 venditasset?
669 709 725 734 ⁴33.
746 707 817 740 Quid
835 712 875 733 est

80 746 148 774 hoc‘?
173 748 281 782 sponsio
295 747 324 773 fit
337 747 370 773 de
383 747 470 781 capite
483 755 512 772 ac
526 745 639 772 fortunis
656 746 725 772 tuis:
750 749 778 771 tu
797 745 874 771 sedes

80 789 105 811 et
118 784 254 820 quiescis?
279 793 331 811 non
345 782 532 819 persequeris?
557 791 609 809 non
624 781 797 817 perseveras?
822 790 874 808 non

81 823 226 857 perquiris,
242 821 286 848 cui
300 821 398 848 dixerit
411 820 564 855 Apronius‘?
581 821 643 855 quis
657 819 790 846 audierit?
804 819 875 845 unde

81 860 129 886 hoc
142 863 243 891 natum,
259 858 488 894 quemadmodum
502 857 636 893 prolatum
650 857 703 883 sit‘?
715 857 742 883 Si
753 857 815 891 quis
826 857 874 882 tibi

79 896 112 923 ad
125 905 216 923 aurem
230 897 388 923 accessisset
400 900 426 922 et
439 895 565 926 dixisset,
581 894 729 929 Apronium
743 894 872 925 dictitare,

81 939 104 960 te
118 934 170 960 sibi
184 942 244 960 esse
261 934 379 960 socium:
408 933 569 959 commoveri
588 937 614 958 te
632 932 761 967 oportuit,
782 940 875 958 vocare

78 971 240 1006 Apronium,
261 979 309 997 nec
322 970 400 997 illum
414 975 475 997 ante
492 971 541 996 tibi
560 969 725 1001 satisfacere,
745 978 827 1004 quam
847 973 875 995 tu

78 1009 199 1036 omnium
218 1008 409 1035 existimationi
427 1007 613 1034 satisfecisses.
653 1006 743 1039 Quum
761 1015 825 1033 vcro
847 1006 875 1032 in

79 1045 134 1073 foro
147 1046 320 1072 celeberrimo
333 1049 404 1072 tanta
417 1045 566 1080 frequentia
580 1045 639 1076 hoc,
655 1044 737 1071 verbo
750 1048 776 1071 et
789 1044 876 1070 simu-

80 1083 175 1110 latione
189 1083 318 1118 Apronio,
334 1091 362 1109 re
375 1091 436 1109 vera
451 1083 499 1109 tibi
513 1083 648 1109 obiectum
662 1086 746 1114 esset:
772 1086 800 1108 tu
815 1090 876 1107 um-

78 1129 160 1156 quam
174 1125 273 1147 tantam
287 1120 394 1156 plagam
407 1121 504 1147 tacitus
518 1120 638 1155 accipere
651 1120 800 1154 potuisses,
822 1118 875 1145 nisi

79 1158 128 1185 hoc
146 1159 182 1185 ita
200 1158 354 1190 statuisses,
374 1158 403 1185 in
421 1167 448 1184 re
463 1162 516 1184 tam
530 1157 671 1184 manifesta
684 1156 820 1192 quidquid
833 1156 875 1182 di-

78 1196 174 1227 xisses,
191 1200 216 1222 te
229 1195 347 1222 deterius
361 1204 420 1222 esse
434 1194 587 1222 facturum?
626 1195 683 1221 ⁴34.
704 1194 873 1226 Quaestores,

79 1232 187 1269 legatos,
204 1232 349 1268 praefectos
364 1241 436 1265 suos,
453 1233 583 1263 tribunos,
600 1232 679 1258 multi
694 1232 791 1258 missos
806 1231 876 1257 fece-

79 1275 140 1297 runt
154 1274 180 1297 et
192 1270 225 1297 de
236 1270 373 1305 provincia
383 1270 511 1297 decedere
522 1270 667 1300 iusserunt,
684 1269 756 1304 quod
767 1268 874 1295 illorum

77 1307 158 1343 culpa
176 1316 205 1334 se
222 1308 313 1334 minus
332 1307 470 1334 commode
489 1307 580 1334 audire
602 1307 806 1337 arbitrarentur,
830 1310 876 1332 aut

77 1345 150 1381 quod
164 1353 273 1380 peccare
286 1345 346 1372 illos
361 1345 451 1380 aliqua
464 1345 491 1371 in
510 1353 537 1371 re
556 1344 719 1370 iudicarent:
747 1348 777 1370 tu
790 1343 876 1378 Apro-

79 1383 168 1414 nium⁷
189 1383 325 1409 hominem
339 1383 385 1408 vix
400 1382 529 1413 liberum,
545 1382 768 1412 contaminatum,
785 1380 876 1415 perdi-

78 1425 149 1452 tum,
170 1419 346 1456 flagitiosum,
368 1421 416 1455 qui
434 1429 486 1446 non
502 1419 581 1446 modo
594 1419 714 1445 animum
729 1419 872 1454 integrum,

78 1457 125 1484 sed
139 1466 172 1484 ne
186 1457 303 1484 animam
318 1457 428 1492 quidem
443 1466 537 1492 puram
557 1464 713 1483 conservare
732 1456 872 1490 potuisset,

78 1503 140 1522 eum
154 1495 182 1521 in
197 1498 269 1521 tanto
283 1499 328 1521 tuo
341 1494 469 1521 dedecore
483 1494 600 1529 profecto
615 1502 647 1520 ne
666 1493 747 1520 verbo
764 1493 875 1528 quidem

77 1533 198 1569 graviore
212 1532 392 1567 appellasses:
417 1540 504 1567 neque
517 1531 589 1566 apud
603 1536 628 1558 te
643 1535 694 1557 tam
710 1535 799 1557 sancta
814 1530 876 1556 reli-

77 1570 121 1606 gio
135 1570 268 1596 societatis
284 1569 391 1601 fuisset,
414 1574 445 1596 ut
463 1570 501 1596 tui
514 1569 610 1604 capitis
624 1568 775 1603 periculum
790 1567 877 1603 negli-

77 1615 167 1643 geres,
190 1607 242 1634 nisi
257 1615 312 1633 rem
327 1611 380 1633 tam
394 1611 483 1634 notam
497 1615 555 1633 esse
568 1606 694 1632 omnibus
709 1610 734 1632 et
748 1610 801 1632 tam
820 1613 876 1631 ma-

78 1643 202 1671 nifestam
217 1644 332 1671 videres.
375 1646 432 1671 ⁴35.
455 1644 523 1671 Cum
542 1643 635 1670 eodem
649 1643 766 1678 Apronio
785 1647 875 1678 postea

78 1682 106 1708 P.
122 1681 285 1713 Scandilius,
301 1690 384 1717 eques
398 1682 548 1712 Romanus,
563 1690 645 1716 quem
660 1689 707 1707 vos
721 1689 814 1707 omnes
829 1688 876 1706 no-

77 1720 140 1751 stis,
164 1719 285 1746 eamdem
304 1720 475 1754 sponsionem
494 1719 528 1746 de
547 1719 672 1746 societate
695 1717 770 1750 fecit,
793 1726 875 1753 quam

77 1757 196 1784 Rubrius
212 1756 296 1783 facere
309 1756 438 1784 voluerat.
479 1757 590 1788 Institit,
605 1756 752 1791 oppressit,
769 1763 821 1782 non
834 1763 876 1781 re-

78 1794 165 1821 misit:
194 1793 260 1821 sacta
287 1798 328 1821 est
353 1795 461 1830 sponsio
487 1794 543 1821 ihs
571 1802 586 1819 v
614 1793 742 1820 millium.
784 1793 876 1827 Coepit

78 1831 231 1859 Scandilius
245 1836 442 1867 recuperatores
456 1836 502 1858 aut
514 1831 632 1858 iudicem
646 1830 790 1866 postulare.

135 1869 203 1896 LIX.
225 1868 329 1896 Satisne
346 1869 423 1896 vobis
441 1869 554 1904 praetori
573 1869 695 1904 improbo
717 1867 875 1895 circumdati

77 1906 188 1934 cancelli
203 1906 328 1933 videntur
341 1907 368 1933 in
383 1915 431 1933 sua
443 1907 588 1942 provincia,
605 1907 688 1933 immo
699 1914 761 1932 vero
771 1906 798 1932 in
810 1904 875 1932 sella

78 1952 108 1971 ac
121 1943 263 1975 tribunali,
292 1949 321 1970 ut
339 1948 384 1970 aut
401 1944 434 1970 de
448 1952 497 1970 suo
511 1944 596 1978 capite
611 1943 742 1970 iudicium
757 1944 813 1969 fieri
829 1951 876 1977 pa—

78 1981 159 2008 tiatur
172 1989 296 2016 praesens
311 1990 340 2008 ac
353 1981 464 2012 sedens,
480 1985 525 2008 aut
538 1980 693 2008 confiteatur
706 1989 735 2007 se
748 1980 875 2007 omnibus

78 2018 186 2046 iudiciis
204 2019 327 2045 convinci
346 2026 454 2045 necesse
472 2017 548 2045 esse?
574 2018 688 2053 Sponsio
710 2022 762 2049 est,
791 2027 818 2044 ιιι
842 2026 874 2043 ra

78 2065 221 2082 Aruernus
239 2064 346 2082 socium
365 2064 392 2082 iu
411 2064 540 2082 oceanis
559 2064 626 2081 esst:
646 2064 746 2082 niem:
766 2055 876 2090 provin-

78 2093 117 2119 cia
133 2097 176 2120 tua
191 2096 243 2119 est:
260 2092 336 2119 ades:
357 2093 405 2119 abs
419 2097 443 2119 te
458 2092 589 2119 iudicium
604 2092 763 2128 postulatur.
804 2092 874 2125 Quid

78 2129 163 2157 facis?
187 2129 254 2165 quid
272 2129 413 2156 decernis?
437 2131 644 2165 Recuperatores
663 2130 731 2156 dicis
749 2134 774 2156 te
796 2130 876 2156 datu-

78 2176 149 2194 rum.
189 2168 258 2194 Bene
272 2168 343 2203 agis:
360 2168 464 2193 tametsi
478 2168 525 2202 qui
540 2168 619 2194 tantis
633 2171 711 2193 erunt
724 2167 875 2193 cervicibus

79 2209 290 2240 recuperatores,
306 2205 353 2239 qui
368 2204 482 2231 audeant
494 2205 521 2231 in
536 2205 682 2239 provincia,
698 2213 783 2240 quum
799 2213 875 2239 prae-

79 2246 118 2269 tor
132 2242 209 2272 adsit.
222 2251 274 2268 non
285 2242 372 2268 solum
383 2246 472 2268 contra
484 2242 647 2268 voluntatem
659 2242 726 2273 eius,
739 2241 785 2268 sed
796 2243 874 2268 etiam

78 2283 166 2306 contra
183 2279 301 2306 fortunas
313 2278 448 2306 iudicare?
469 2281 525 2305 ⁴36.
542 2279 638 2306 Verum
649 2283 718 2305 esto:
735 2279 874 2305 manifesta

79 2324 121 2344 res
138 2321 191 2343 est:
221 2325 299 2343 nemo
316 2321 369 2347 est,
389 2316 455 2351 quin
474 2316 582 2342 audisse
601 2324 630 2342 sc
650 2316 752 2351 liquido
765 2316 873 2347 diceret,

79 2353 309 2389 locupletissimus
327 2354 444 2389 quisque
462 2354 629 2380 certissimus
647 2362 677 2379 ac
695 2354 768 2379 testis
790 2358 872 2380 esset:

80 2399 158 2418 nemo
179 2395 234 2417 erat
252 2391 343 2418 Sicilia
368 2395 434 2422 tota,
459 2391 507 2426 qui
531 2391 643 2417 nesciret
666 2390 793 2416 decumas
816 2399 876 2417 esse

79 2429 220 2463 praetoris,
249 2437 339 2460 nemo.
359 2429 407 2463 qui
426 2436 477 2455 non
492 2428 611 2454 audisset
624 2429 658 2454 ita
673 2428 820 2462 Apronium
834 2428 876 2454 di-

79 2465 200 2492 ctitasse:
238 2471 370 2501 praeterea
396 2470 544 2492 conventus
571 2465 698 2491 honestus
724 2465 873 2500 Syracusis,

80 2502 157 2530 multi
176 2503 280 2538 equites
298 2503 422 2534 Romani,
449 2502 498 2528 viri
518 2502 651 2537 primarii,
676 2510 709 2528 ex
729 2510 782 2536 qua
800 2502 874 2536 copia

79 2545 277 2575 recuperatores
291 2541 364 2567 reiiei
378 2544 519 2575 oporteret.
535 2540 582 2574 qui
597 2539 673 2565 aliter
687 2539 804 2565 iudicare
815 2539 876 2565 nul-

80 2576 104 2604 lo
119 2577 197 2604 modo
211 2581 329 2612 possent.
351 2578 435 2604 Instat
448 2577 601 2603 Scandilius
616 2585 724 2611 poscere
735 2584 876 2610 recupera-

79 2618 158 2641 tores.
199 2615 267 2641 Tum
282 2615 332 2641 iste
347 2615 426 2641 homo
440 2615 576 2645 innocens,
592 2614 639 2649 qui
654 2613 727 2640 illam
742 2613 876 2648 suspicio-

80 2659 139 2678 nem
156 2651 242 2678 levare
256 2656 336 2687 atque
350 2652 383 2678 ab
397 2660 425 2678 se
440 2660 575 2678 removero
593 2655 714 2686 cuperet,
736 2659 876 2685 reeupera-

79 2693 148 2716 tores
162 2688 228 2716 dicit
241 2698 269 2716 sc
284 2689 316 2716 de
330 2689 435 2716 cohorte
449 2697 497 2715 sua
512 2688 648 2715 daturum.

680 2688 735 2714 Lx.
754 2688 876 2714 ⁴37.1‘r0
897 2692 898 2713 l

1043 155 1086 181 111.
1117 154 1171 181 CA
1185 155 1214 181 P.
1237 156 1270 181 55
1289 170 1326 175 —·
1347 157 1388 182 fit.
1670 159 1718 183 999

925 224 1006 251 deum
1020 224 1216 260 hominumque
1230 225 1324 252 fidem!
1340 234 1421 260 quem
1437 234 1486 261 ego
1499 226 1613 253 accuso‘?
1626 227 1652 253 in
1667 236 1721 262 quo

926 271 1012 288 meam
1027 262 1187 288 industriam
1202 271 1231 288 ac
1245 262 1411 298 diligentiam
1426 265 1540 297 spectari
1555 263 1632 290 volo‘?
1654 265 1721 299 quid

925 303 974 330 est,
990 299 1063 334 quod
1077 308 1126 335 ego
1139 300 1251 326 dicendo
1265 305 1310 325 aut
1323 300 1462 335 cogitando
1476 301 1580 327 efficere
1594 306 1639 327 aut
1649 310 1722 328 asse-

947 337 972 362 ui
987 336 1117 362 debeam?
1135 337 1231 368 Teneo,
1248 342 1332 368 teneo,
1348 338 1469 372 inquam,
1485 339 1512 364 in
1527 338 1624 364 mediis
1639 339 1722 364 vecti„

925 374 1033 408 galibus
1047 374 1140 408 populi
1154 375 1280 404 Romani,
1297 375 1325 400 in
1339 375 1407 409 ipsis
1423 374 1554 402 fructibus
1569 376 1723 410 proxinciae

926 411 1040 442 Siciliae,
1057 411 1157 443 furem,
1173 411 1315 438 manifesto
1328 416 1490 438 avertentem
1505 421 1561 439 rem
1576 413 1723 439 frumenta-

926 449 992 474 riam
1007 457 1126 480 omnem,
1148 449 1290 483 pecuniam
1305 449 1463 475 maximam:
1490 454 1578 482 teneo,
1598 451 1720 484 inquam,

926 485 970 516 ita,
988 490 1016 511 ut
1030 494 1125 521 negare
1140 495 1191 512 non
1206 486 1298 520 possit.
1321 487 1387 512 Nam
1401 486 1467 521 quid
1482 487 1525 513 hic
1535 487 1623 514 dicet?
1636 487 1723 522 Spon-

926 523 967 548 sio
986 522 1052 548 facta
1070 528 1110 549 est
1127 532 1190 549 cum
1209 524 1343 558 cognitore
1362 528 1407 550 tuo
1421 524 1537 558 Apronio
1555 525 1589 551 de
1608 524 1722 551 fortunis

926 560 979 586 tuis
994 560 1133 591 omnibus,
1155 561 1182 586 ni
1201 561 1304 587 socium
1322 565 1347 586 te
1365 561 1416 587 sibi
1433 562 1459 587 in
1473 562 1594 588 decumis
1608 570 1667 588 esse
1681 562 1723 588 di-

925 597 1037 623 ctitaret.
1059 597 1221 632 Exspectant
1235 606 1336 629 omneS,
1352 604 1467 633 quantae
1483 599 1532 624 tibi
1546 608 1575 625 ea
1591 608 1632 625 res
1643 607 1723 625 curae

926 635 973 665 sit,
994 634 1223 669 quemadmodum
1242 635 1381 661 hominum
1397 637 1588 662 existimationi
1602 641 1627 662 te
1641 641 1722 671 atque

925 672 1104 698 innocentiam
1119 677 1192 698 tuam
1207 672 1311 706 probari
1328 672 1404 698 velis.
1444 674 1492 699 Hic
1506 678 1533 699 tu
1549 674 1682 700 medicum
1697 678 1724 700 et

926 709 1097 743 haruspicem
1116 713 1141 735 et
1158 718 1315 743 praeconem
1330 714 1407 735 tuum
1422 715 1618 744 recuperatores
1633 711 1720 742 dabis,

925 750 971 772 aut
985 746 1064 772 etiam
1078 746 1156 772 illum
1175 747 1280 780 ipsum,
1300 755 1381 781 quem
1396 752 1424 772 tu
1439 748 1465 773 in
1479 748 1585 774 cohorte
1600 752 1643 774 tua
1659 748 1724 774 Cas-

925 784 1033 809 sianum
1046 783 1163 810 iudicem
1178 784 1305 815 habebas,
1321 784 1345 809 si
1359 793 1411 818 qua
1426 793 1467 810 res
1482 786 1565 811 maior
1579 790 1657 811 esset.
1674 786 1724 811 Pa-

926 820 1026 855 pirium
1040 821 1221 851 Potamonem,
1238 821 1375 847 hominem
1390 830 1514 847 severum
1529 831 1561 848 ex
1575 828 1663 848 vetere
1677 822 1723 848 illa

926 858 1045 892 equestri
1059 857 1221 893 disciplina?
1235 858 1388 885 Scandilius
1402 859 1536 893 postulare
1547 859 1579 885 de
1590 864 1723 886 conventu

926 900 1134 930 recuperatores.
1176 896 1244 922 Tum
1263 896 1313 922 iste
1332 901 1411 931 negat
1428 905 1456 922 se
1475 896 1507 922 de
1526 897 1724 923 existimatione

926 941 975 959 sua
989 933 1126 968 cuiquam,
1142 933 1195 959 nisi
1210 934 1277 964 suis,
1293 934 1514 960 commissurum.
1541 935 1722 969 Negotiatores

926 970 979 996 sibi
993 975 1087 1005 putant
1101 979 1160 997 esse
1175 975 1264 1005 turpe,
1286 971 1313 997 id
1328 970 1415 997 forum
1429 971 1482 997 sibi
1497 971 1620 1006 iniquum
1636 972 1724 997 eiura—

926 1016 967 1038 re,
988 1008 1036 1034 ubi
1054 1009 1235 1043 negotientur.
1276 1009 1382 1034 Praetor
1401 1009 1564 1043 provinciam
1579 1018 1656 1035 suam
1671 1009 1724 1035 sibi

926 1049 1008 1071 totam
1022 1045 1145 1080 iniquam
1159 1046 1255 1072 eiurat.
1284 1048 1340 1072 ⁴38.
1355 1046 1377 1071 O
1391 1046 1586 1080 impudentiam
1601 1046 1725 1082 siugula-

926 1083 996 1109 rem!
1020 1083 1068 1109 Hic
1082 1083 1199 1117 postulat
1213 1092 1241 1109 se
1256 1084 1354 1109 Romae
1368 1083 1481 1114 absolvi,
1497 1084 1544 1118 qui
1559 1084 1586 1110 in
1601 1092 1648 1109 sua
1663 1092 1725 1118 pro-

927 1120 1014 1146 vincia
1032 1120 1170 1151 iudicarit,
1195 1129 1224 1147 se
1243 1120 1346 1146 absolvi
1366 1120 1440 1147 nullo
1458 1121 1536 1147 modo
1554 1120 1651 1156 posse?
1676 1121 1724 1155 qui

927 1157 989 1192 plus
1008 1158 1143 1184 existimet
1161 1158 1232 1193 apud
1247 1157 1407 1184 lectissimos
1421 1163 1556 1184 senatores
1572 1159 1722 1192 pecuniam,

927 1203 1008 1230 quam
1023 1195 1094 1230 apud
1109 1200 1161 1221 tres
1176 1196 1353 1231 negotiatores
1368 1200 1469 1221 metum
1485 1195 1590 1222 valere‘?
1613 1195 1725 1222 Scandi-

928 1232 981 1259 lius
1000 1241 1062 1259 vero
1080 1237 1159 1268 negat
1177 1241 1236 1259 sese
1254 1233 1327 1267 apud
1341 1233 1537 1259 Artemidorum
1557 1238 1725 1268 recuperato—

927 1278 983 1296 rem
1001 1270 1114 1296 verbum
1133 1279 1192 1296 esse
1211 1270 1358 1296 facturum:
1387 1275 1413 1297 et
1431 1275 1518 1296 tamen
1541 1275 1622 1305 auget
1644 1276 1723 1305 atquc

926 1312 1018 1334 onerat
1032 1312 1055 1334 te
1070 1308 1147 1334 bonis
1167 1308 1380 1339 conditionibus,
1402 1309 1425 1334 si
1445 1312 1472 1334 tu
1492 1309 1531 1334 uti
1547 1308 1627 1334 velis:
1653 1309 1676 1333 si
1691 1316 1724 1334 ex

927 1345 1063 1379 provincia
1079 1345 1169 1371 Sicilia
1184 1350 1236 1371 tota
1251 1350 1352 1372 statuas
1367 1345 1450 1371 alium
1465 1345 1591 1371 idoneum
1607 1345 1722 1371 iudicem

926 1386 972 1408 aut
986 1387 1197 1417 recuperatorem
1213 1382 1318 1409 nullum
1334 1391 1413 1417 posse
1431 1383 1554 1417 reperiri,
1576 1382 1691 1417 postulat
1710 1391 1724 1408 a

927 1424 960 1450 te,
978 1424 1006 1446 ut
1020 1420 1129 1446 Romam
1145 1420 1259 1446 reiicias.
1301 1422 1357 1446 ⁴39.
1382 1420 1430 1446 llic
1443 1421 1579 1446 enimvero
1594 1425 1620 1445 tu
1636 1419 1724 1446 excla-

928 1466 997 1487 niaS,
1019 1457 1155 1484 hominem
1170 1457 1338 1492 improbum,
1358 1458 1404 1492 qui
1420 1457 1549 1492 postulet,
1572 1458 1608 1483 ihi
1628 1457 1660 1483 de
1679 1461 1724 1483 tua

928 1495 1126 1521 existimatione
1140 1495 1271 1521 iudicium
1287 1495 1356 1525 lieri,
1379 1495 1424 1520 ubi
1445 1499 1469 1520 tc
1483 1494 1649 1520 invidiosum
1663 1502 1724 1520 esso

928 1532 1069 1567 intelligat.
1110 1532 1197 1567 Negas
1217 1537 1242 1558 te
1260 1533 1370 1558 Romam
1390 1533 1565 1560 reiecturum:
1591 1540 1672 1567 negas
1691 1531 1724 1557 de

926 1574 1059 1596 conventu
1070 1574 1267 1604 recuperatores
1278 1570 1402 1596 deutrum
1413 1580 1418 1595 :
1434 1569 1566 1595 cohortem
1579 1574 1651 1594 tuam
1664 1578 1725 1603 pro-

927 1607 1015 1642 ponis.
1057 1607 1209 1633 Scandilius
1228 1616 1283 1633 rem
1303 1616 1332 1633 se
1351 1612 1430 1633 totam
1450 1606 1606 1632 relicturum
1621 1607 1685 1632 dicit
1699 1611 1725 1632 et

928 1653 978 1671 suo
992 1649 1110 1679 tempore.
1124 1653 1184 1670 esse
1198 1644 1356 1670 rediturum.
1388 1644 1477 1676 Quid?
1492 1649 1518 1670 tu
1534 1644 1570 1670 ihi
1587 1650 1642 1669 tum
1657 1643 1723 1679 quid

928 1681 1012 1708 sacis?
1038 1681 1204 1708 Scandilium
1223 1683 1307 1717 cogis,
1348 1681 1436 1713 Quid'?
1458 1682 1630 1716 sponsionem
1650 1690 1724 1707 aere-

928 1724 999 1754 ptam
1020 1718 1123 1745 facere?
1149 1719 1320 1754 impudenter
1339 1720 1410 1745 tollis
1429 1724 1610 1753 exspectatum
1631 1719 1724 1744 existi-

928 1757 1052 1783 mationis
1067 1761 1127 1783 tuae
1142 1757 1284 1783 iudicium.
1312 1757 1367 1782 Non
1384 1756 1458 1782 facis.
1488 1757 1543 1782 tio.
1559 1756 1630 1788 Quid
1644 1756 1725 1791 ergo?

928 1795 1044 1829 Apronio
1059 1794 1204 1829 permittis,
1226 1798 1267 1825 ut,
1289 1802 1356 1829 quos
1371 1793 1447 1824 velit,
1469 1793 1501 1819 de
1515 1794 1621 1819 cohorte
1636 1798 1725 1819 sumat

928 1831 1144 1867 recuperatores?
1169 1831 1326 1867 Indignum,
1349 1832 1394 1857 uui
1411 1832 1499 1865 potius
1514 1840 1546 1857 ex
1562 1831 1662 1865 iniquis
1678 1839 1725 1856 su-

927 1869 1027 1901 mendi,
1043 1877 1125 1904 quam
1141 1870 1262 1904 utrisque
1276 1878 1308 1895 ex
1323 1869 1416 1903 aequis
1431 1869 1567 1895 reiieiendi
1583 1869 1637 1894 lieri
1652 1873 1725 1902 pote-

926 1911 1031 1933 statem.
1072 1907 1203 1933 Neutrum
1223 1906 1287 1932 sacis
1306 1915 1408 1932 eorum.
1448 1906 1518 1937 Quid
1537 1906 1617 1940 ers-xo?
1644 1906 1724 1931 listne

927 1944 1039 1979 aliquid,
1056 1944 1129 1979 quod
1143 1944 1294 1978 improbius
1309 1944 1364 1969 lieri
1380 1942 1482 1978 possit?
1496 1944 1555 1969 Est:
1572 1943 1640 1977 cogit
1652 1943 1722 1968 enim

927 1981 1094 2008 Scandilium
1113 1982 1235 2016 quinque
1254 1981 1298 2007 illa
1315 1981 1397 2007 millia
1413 1983 1553 2007 nummum
1569 1980 1630 2006 dare
1645 1985 1724 2014 atque

927 2018 1102 2045 adnumerare
1116 2019 1243 2053 Apronio.
1283 2018 1353 2050 Quid
1373 2018 1459 2053 potuit
1477 2018 1625 2053 elegantius
1642 2017 1724 2043 farere

927 2060 1031 2091 praetor
1048 2056 1166 2091 cupidus
1185 2056 1391 2082 existimationis
1414 2056 1511 2081 bonae:
1540 2056 1586 2090 qui
1610 2055 1642 2080 ab
1665 2063 1724 2080 sese

927 2101 1033 2120 omnem
1048 2093 1230 2128 suspicionem
1246 2093 1410 2128 propulsare,
1426 2093 1472 2127 qui
1488 2101 1516 2118 se
1527 2093 1628 2127 eripere
1640 2101 1672 2118 ex
1684 2093 1724 2117 in-

929 2130 1006 2157 famia
1021 2130 1148 2166 cuperet?
1167 2131 1234 2157 LXI.
1247 2130 1385 2157 Adductus
1397 2135 1451 2155 erat
1466 2131 1491 2156 iu
1507 2138 1666 2157 sermonem,
1684 2130 1724 2155 in-

927 2168 1042 2199 vidiam,
1068 2168 1305 2202 vituperationem:
1330 2167 1461 2193 dictitarat
1487 2167 1565 2192 homo
1585 2167 1723 2201 improbus

926 2209 1006 2240 atque
1024 2206 1162 2239 impurus,
1188 2205 1335 2239 Apronius,
1359 2205 1462 2230 socium
1481 2213 1541 2229 esse
1560 2209 1720 2239 praetorem:

928 2247 1035 2268 venerat
1054 2251 1095 2268 res
1114 2243 1140 2268 in
1160 2242 1292 2268 iudicium
1316 2246 1396 2276 atque
1419 2242 1577 2267 discrimen:
1608 2246 1723 2275 potestas

927 2284 981 2305 erat
995 2280 1052 2310 isti,
1070 2279 1171 2305 homini
1187 2279 1290 2314 integro
1303 2283 1382 2313 atque
1398 2279 1540 2307 inum-enti,
1557 2278 1625 2306 data,
1643 2283 1679 2304 ut.
1697 2278 1722 2303 in

927 2317 1074 2351 Apronium
1089 2325 1174 2351 quum
1185 2316 1427 2344 animadvertisset.
1444 2324 1503 2341 sese
1513 2316 1674 2349 grauissima
1687 2314 1723 2340 lik

928 2358 1000 2379 varet
1014 2353 1133 2379 iufamia.
1160 2353 1231 2385 Quid
1246 2353 1376 2386 excogitat
1392 2352 1509 2387 poenae?
1521 2352 1586 2387 quid
1602 2351 1723 2378 mumad-

928 2391 1058 2417 versionis
1073 2391 1098 2416 in
1115 2390 1281 2424 Apronium?
1294 2391 1372 2423 Cogit
1386 2390 1551 2415 Scandilium
1565 2390 1680 2423 Apronio
1689 2389 1723 2415 nl»

927 2427 1092 2463 singularem
1112 2427 1310 2461 improbitatem
1330 2432 1410 2462 atque
1429 2426 1566 2452 audaciam
1587 2426 1722 2461 praediea-

928 2465 1080 2499 tionemque
1096 2464 1210 2490 nefariae
1223 2464 1357 2490 societatis
1369 2464 1422 2490 ll-S
1438 2472 1450 2488 r
1467 2464 1596 2490 mercedis
1607 2473 1636 2489 ne
1648 2473 1723 2498 prae—

927 2502 974 2528 mii
988 2502 1061 2528 dare.
1104 2503 1160 2527 m.
1185 2501 1255 2533 Quid
1276 2501 1408 2530 interfuit,
1435 2501 1514 2527 homo
1531 2502 1719 2529 mulaeissiuw,

928 2544 1017 2565 utrum
1033 2538 1081 2565 hoc
1095 2538 1264 2567 decerneres.
1281 2547 1323 2567 au,
1340 2538 1366 2564 id
1380 2538 1452 2573 qnod
1468 2539 1602 2572 Apronius
1617 2538 1722 2564 dictita-

927 2577 980 2607 bat,
997 2580 1051 2602 tute
1065 2575 1098 2602 de
1112 2580 1136 2602 te
1151 2576 1302 2610 profiterere
1316 2585 1345 2601 ae
1359 2575 1513 2602 diminues?
1534 2576 1618 2607 Quem
1635 2575 1722 2601 homi-

928 2621 1002 2643 nem.
1027 2613 1049 2639 si
1068 2613 1115 2648 qui
1135 2613 1221 2648 pudor
1240 2614 1265 2639 iu
1285 2618 1321 2643 te,
1348 2618 1427 2648 atque
1446 2613 1511 2639 adeo
1529 2613 1552 2639 si
1571 2614 1617 2647 qui
1633 2618 1721 2639 metus

928 2650 1037 2681 suisset,
1058 2650 1116 2676 sine
1133 2650 1268 2685 supplicio
1282 2650 1415 2676 dimittere
1431 2659 1480 2676 non
1496 2650 1627 2676 debuisti:
1650 2650 1721 2676 hune

927 2688 975 2714 abs
991 2692 1014 2714 te
1028 2688 1086 2714 sine
1101 2689 1219 2722 praemio
1232 2687 1368 2714 discedere
1383 2687 1502 2714 noluisti.
1529 2687 1623 2713 Omnia
1638 2687 1719 2713 simul

1454 2735 1512 2759 38⁸
