1941 3052
851 489 912 514 ⁴36.

555 558 590 587 Μ.
629 557 832 587 TULLII
869 557 1202 588 CICERONIS

333 634 489 684 DE

442 734 537 772 AD

635 635 670 684 O
757 635 791 683 F
875 636 908 684 F
991 635 1007 684 Ι
1091 635 1316 684 CII
1399 634 1430 684 S

603 733 947 771 MARCUM

1012 733 1315 771 FILIUM

662 819 832 846 LIBER
871 818 1098 846 PRIMUS.

621 973 815 1000 NOTITIA
845 972 1142 1000 LITTERARIA.

110 1043 188 1064 Cicero
202 1042 342 1070 reipublicae
356 1042 461 1064 libertate
474 1043 568 1064 sublata
586 1050 658 1071 quum
673 1044 704 1064 ud
719 1042 877 1071 philosophiae
890 1050 913 1064 se
930 1042 1035 1064 studium
1045 1042 1173 1067 retulitne,
1189 1042 1317 1069 multonque
1330 1041 1378 1062 eius
1393 1041 1453 1062 rocon
1463 1041 1564 1062 mames
1574 1041 1654 1062 latinii
1666 1041 1704 1062 m-

53 1078 106 1100 ter-*1¹1
125 1078 275 1103 inusti-unet,
291 1078 331 1099 hon
343 1082 388 1100 tre!
406 1080 432 1099 de
444 1077 538 1106 Officiis
557 1078 626 1099 libros
642 1078 808 1100 :ludiosiuime
821 1082 841 1100 ει
860 1078 1029 1106 elegantiuime
1047 1077 1282 1106 scripton(mensib1u
1292 1076 1414 1098 Novembri
1423 1080 1444 1098 et
1454 1077 1572 1098 Decembri
1581 1077 1705 1102 annino.)

50 1114 117 1135 miu‘e
134 1115 166 1135 ad
176 1113 260 1142 filium
278 1117 329 1135 tum
348 1117 475 1142 temporum
486 1117 508 1134 et
517 1113 650 1135 litterarum
661 1121 744 1135 cauum
758 1114 852 1135 Athenin
866 1116 989 1141 degentem.
1007 1118 1034 1134 ut
1041 1113 1096 1134 haec
1106 1113 1186 1134 studia
1196 1112 1265 1134 etiam
1274 1112 1354 1140 patrio
1366 1119 1464 1133 sermone
1473 1111 1659 1140 illustrari'pone
1669 1112 1705 1132 in-

52 1149 170 1177 telligeret.
187 1149 280 1170 Omnem
290 1156 341 1170 vero
352 1149 422 1171 istam
432 1149 587 1178 quaestionem
599 1149 730 1172 stoicorum
740 1149 889 1178 disciplinam
900 1154 993 1171 secutur
1001 1148 1115 1178 exposuit.

104 1278 183 1299 ΑΚΘ.
199 1276 293 1304 cicero,
307 1278 430 1306 praemissa
441 1278 511 1300 officii
521 1282 544 1300 et
553 1278 684 1300 definitione
699 1282 720 1300 et
734 1278 854 1304 divisione,

50 1313 95 1334 tria
109 1313 165 1334 facit
177 1320 259 1339 genera
272 1313 445 1335 deliberationis
459 1314 483 1334 in
501 1314 598 1336 consilio
612 1314 732 1342 capiendo:
752 1314 854 1342 primurn.

49 1348 196 1370 hune-tumne
205 1349 267 1370 factu
277 1349 307 1370 nit
318 1356 346 1370 an
355 1352 430 1377 turpe:
450 1349 556 1375 alterurn,
573 1350 710 1371 conducatne
722 1356 751 1370 an
766 1353 854 1370 noceat:

49 1384 139 1405 tertium
154 1391 219 1409 vero,
238 1384 277 1405 uhi
292 1392 340 1406 curn
355 1384 449 1405 honesto
459 1388 542 1412 pugnat
551 1385 574 1405 id
585 1385 642 1412 quod
652 1384 740 1406 videtur
748 1384 818 1409 utile,
834 1387 855 1405 et

50 1427 114 1447 quum
126 1419 188 1440 aliud
203 1419 248 1440 alio
263 1419 380 1441 honestius
396 1423 434 1440 aut
448 1420 530 1441 utilius
545 1420 641 1446 videtur,
656 1423 728 1441 utrum
743 1419 810 1440 alteri
825 1419 855 1440 sit

49 1455 236 1482 praeponendum.
264 1455 291 1476 ln
305 1458 351 1475 tres
362 1454 432 1480 igitur
441 1454 502 1476 lucus
513 1458 582 1476 totam
592 1455 766 1483 disputationem
776 1455 854 1475 distri-

49 1490 111 1515 buit,
127 1497 219 1517 quorum
233 1489 318 1518 primus
334 1493 367 1510 est
382 1490 409 1510 do
423 1490 517 1511 horiente
532 1491 568 1517 (L.
580 1490 622 1517 1.),
638 1490 695 1511 alter
708 1491 735 1511 de
749 1490 802 1511 utili
817 1491 853 1516 (L.

49 1526 99 1551 lh),
115 1525 196 1546 tertiu-
207 1526 234 1546 de
243 1525 409 1553 comparatione
424 1532 498 1546 eorum
513 1526 550 1552 (L.
562 1527 620 1552 111.).
631 1533 649 1547 c.
660 1528 680 1547 3.
699 1526 798 1547 Primum
809 1525 853 1546 for-

49 1567 104 1581 mam
115 1561 229 1587 quamdam
241 1560 330 1581 honesti
345 1560 438 1581 exhibet
453 1567 465 1581 a
480 1564 559 1581 natura
574 1560 669 1582 hnmana
683 1561 777 1585 ductam,
794 1560 853 1581 eins-

49 1602 91 1622 que
101 1598 207 1622 quattuor
215 1599 290 1623 partes
303 1596 366 1621 facit,
378 1595 524 1623 sapientiam.
541 1596 666 1621 iustitiam,
677 1595 852 1623 temperantiam.

49 1635 71 1651 et
80 1631 234 1651 fortitudinem
247 1638 286 1652 seu
297 1631 470 1657 magnitudinem
482 1631 558 1657 animi,
569 1639 598 1652 ex
609 1631 690 1659 quibus
700 1630 796 1656 ningulin
807 1638 853 1651 cer-

49 1669 72 1686 ta
81 1666 186 1693 quaedam
198 1666 273 1686 ofiicia
283 1667 345 1688 nanti
355 1667 426 1688 docet.
438 1674 456 1688 c.
467 1670 488 1688 4.
512 1668 544 1688 Ac
555 1667 626 1688 dehis
637 1669 742 1694 quattuor
752 1666 853 1693 partibus

49 1704 152 1723 accurate
161 1701 263 1729 «li-putat
273 1704 305 1726 et.
321 1703 430 1729 quomodo
441 1703 467 1722 ah
478 1702 509 1723 iia
520 1702 595 1723 officia
610 1703 730 1725 ducantur.
747 1701 852 1721 ostendit.

49 1744 67 1758 c.
80 1739 147 1758 5-42.
176 1737 234 1758 nuic
243 1737 394 1764 disputationi
405 1737 497 1758 subiicit
507 1737 534 1758 de
544 1737 710 1765 comparatione
719 1736 816 1761 honesti,
827 1736 854 1756 de

49 1772 135 1793 duobus
144 1772 245 1794 honestis
255 1775 328 1793 utrum
340 1772 464 1793 honentiue.
475 1780 493 1794 e.
504 1775 538 1794 43.
550 1780 583 1800 sq.

104 1881 126 1908 1.
150 1882 175 1908 i.
200 1875 379 1916 Quamquam
391 1885 430 1913 te,
446 1881 534 1908 Marce
545 1880 598 1913 fili,
614 1890 716 1909 annum
735 1890 789 1908 iam
805 1890 854 1908 au-

49 1917 169 1945 dientem
180 1918 349 1953 Crafippum,
364 1918 447 1954 idque
459 1919 585 1950 Athenis,
601 1919 740 1946 abundare
751 1924 854 1954 oportet

49 1956 201 1991 praeceptis
212 1956 399 1991 institutisque
407 1955 596 1991 philosophiae
603 1961 711 1991 propter
717 1965 853 1983 summam

49 1998 76 2020 et
86 1993 203 2020 doctoris
215 1994 400 2020 auctoritatem
411 1993 757 2028 eturbis‚qu0ruma1terte
764 1995 854 2021 scien-

49 2031 85 2058 tia
97 2039 196 2067 augere
207 2035 308 2066 potest,
325 2030 407 2057 altera
418 2030 566 2065 exemplis;
586 2035 689 2061 tamen,
707 2036 736 2058 ut
750 2032 808 2066 ipse
820 2031 853 2058 ad

49 2076 138 2095 meam
152 2068 296 2096 utilitatem
313 2077 421 2103 semper
434 2076 496 2094 cum
508 2068 619 2095 Graecis
631 2069 723 2094 Latina
739 2069 854 2095 coniun-

50 2106 88 2137 xi,
97 2114 186 2141 neque
197 2106 225 2132 id
237 2107 264 2133 in
277 2106 450 2141 philosophia
462 2105 560 2137 solum,
569 2105 617 2132 sed
629 2107 709 2132 etiam
721 2106 748 2132 in
760 2106 854 2132 dicen-

49 2143 77 2170 di
89 2144 280 2170 exercitatione
293 2143 356 2175 feci,
375 2143 447 2170 idem
465 2143 514 2170 tibi
528 2151 625 2169 censeo
637 2143 806 2174 faciendum,
825 2148 854 2170 ut

48 2189 98 2216 par
112 2181 151 2207 sis
166 2181 192 2207 in
207 2182 351 2216 utriusque
367 2181 495 2208 orationis
515 2180 648 2207 facultate.
689 2180 776 2213 Quam
791 2181 854 2215 qui-

49 2218 111 2245 dem
118 2218 151 2245 ad
164 2227 220 2245 rem
230 2227 287 2250 nos.
297 2223 326 2246 ut
337 2218 471 2249 videmur,
481 2227 610 2254 magnum
622 2218 763 2245 attulimus
774 2218 854 2244 adiu·

49 2260 172 2283 mentum
184 2256 343 2282 hominibus
356 2256 468 2285 nostris,
487 2260 516 2282 ut
532 2265 583 2282 non
599 2256 678 2282 modo
689 2256 852 2283 Graecarum

49 2292 199 2321 litterarum
214 2294 309 2323 rudes,
326 2293 373 2320 sed
385 2294 464 2319 etiam
476 2293 547 2320 docti
559 2293 728 2328 aliquantum
740 2302 768 2319 se
780 2293 853 2319 arbi-

48 2335 152 2358 trentur
163 2331 274 2366 adeptos
284 2330 354 2358 etad
366 2330 513 2357 dicendum
523 2330 593 2357 etad
606 2331 793 2357 iudicandum.
825 2332 851 2357 2.

48 2367 230 2401 Quamobrem
242 2368 332 2395 disces
342 2373 370 2394 tu
382 2368 494 2403 quidem
506 2377 520 2394 a
531 2369 653 2403 principe
666 2368 748 2394 huius
760 2369 852 2394 aetatis

48 2405 289 2441 philosophorum,
313 2410 338 2432 et
353 2405 456 2436 disces,
472 2405 605 2440 quamdiu
627 2405 715 2437 volcs;
737 2405 851 2440 (tamdiu

49 2447 139 2470 autem
150 2443 220 2470 velle
231 2443 355 2474 debebis,
363 2442 452 2478 quoad
465 2447 498 2473 te,
512 2447 645 2477 quantum
656 2443 790 2477 proficias,
800 2451 851 2468 non

48 2480 221 2516 poenitebit):
244 2481 292 2508 sed
305 2486 392 2508 tamen
405 2485 494 2507 nostra
510 2479 616 2515 legens,
641 2489 692 2506 non
709 2480 825 2506 multum
837 2488 851 2505 a

47 2518 234 2553 Peripateticis
244 2518 419 2549 dissidentia,
437 2518 566 2553 quoniam
583 2518 704 2552 utrique,
722 2517 851 2543 Socratici

47 2559 75 2582 et
84 2555 291 2587 Platonici,esse
303 2555 481 2586 volumus,de
493 2554 574 2581 rebus
586 2555 654 2589 ipsis
666 2559 740 2581 utere
752 2559 797 2580 tuo
809 2555 852 2580 iu-

48 2592 133 2625 dicio3
150 2593 219 2620 nihil
231 2594 304 2620 enim
316 2593 449 2628 impedio;
467 2593 614 2619 orationem
627 2596 716 2618 autem
729 2592 851 2618 Latinum

47 2629 151 2657 efficies
162 2629 280 2665 profecto
292 2630 415 2666 legendis
427 2630 525 2657 nostris
537 2629 696 2664 pleniorem.
738 2629 792 2655 Nec
805 2638 852 2655 vc-

48 2675 77 2694 ro
87 2672 242 2704 arroganter
252 2668 303 2695 hoc
313 2669 418 2696 dictum
429 2667 579 2696 existimari
592 2667 685 2695 velim.
707 2667 776 2694 Nam
786 2666 851 2703 phi-

908 1279 1068 1315 losophandi
1079 1279 1220 1306 scientiam
1231 1276 1381 1305 concedens
1395 1275 1497 1307 multis.
1510 1275 1584 1312 quod
1595 1280 1636 1302 est
1645 1284 1706 1302 ora-

907 1319 972 1345 toris
984 1318 1210 1353 proprium.apte.
1219 1315 1354 1346 distincte.
1367 1319 1458 1342 ornate
1469 1314 1706 1349 dicere,quoniam

907 1357 935 1382 in
947 1364 978 1382 eo
989 1355 1079 1382 studio
1094 1359 1206 1381 aetatem
1221 1353 1394 1388 consumpsi.
1417 1353 1441 1379 si
1457 1351 1485 1378 id
1501 1351 1568 1378 mihi
1585 1359 1704 1381 assumo,

907 1393 1001 1420 videor
1012 1392 1040 1419 id
1052 1401 1111 1419 meo
1125 1393 1182 1418 iure
1189 1391 1306 1427 quodam
1315 1389 1547 1417 modovindicare.
1567 1390 1592 1415 3.
1604 1388 1707 1420 Quam-

906 1431 999 1457 obrem
1011 1439 1109 1466 magno
1119 1438 1199 1465 opere
1211 1434 1235 1455 te
1248 1428 1346 1459 hortor.
1355 1427 1500 1457 miCicero,
1513 1431 1605 1452 utnon
1617 1425 1705 1452 solum

906 1469 1039 1495 orationes
1054 1476 1141 1498 mem,
1157 1466 1205 1493 sed
1217 1467 1266 1493 hos
1279 1467 1359 1492 etiam
1375 1465 1408 1491 de
1423 1463 1596 1500 philosophia
1612 1462 1704 1493 libros,

906 1507 954 1541 qui
966 1507 1019 1532 iam
1032 1505 1092 1532 illos
1105 1504 1158 1531 fere
1170 1509 1328 1539 aequarunt,
1341 1502 1461 1529 studiose
1474 1501 1557 1537 legas.
1575 1501 1622 1527 Vis
1633 1501 1707 1526 enim

907 1544 992 1570 maior
1003 1544 1030 1570 in
1046 1543 1102 1569 illis
1117 1542 1240 1573 dicendi;
1259 1541 1306 1567 sed
1324 1541 1373 1567 hoc
1388 1548 1496 1575 quoque
1510 1538 1654 1565 colendum
1666 1543 1707 1564 est

906 1580 1048 1616 aequabile
1059 1585 1085 1607 et
1096 1585 1273 1614 temperatum
1285 1578 1412 1605 orationis
1424 1585 1521 1613 genus.
1561 1576 1594 1602 Et
1606 1575 1632 1602 id
1643 1576 1708 1610 qui-

906 1619 968 1645 dem
981 1618 1083 1645 nemini
1095 1618 1174 1644 video
1181 1618 1344 1644 Graecorum
1355 1615 1510 1650 contigisse.
1519 1613 1626 1640 utidem
1634 1618 1707 1639 utro-

905 1657 992 1691 quein
1004 1664 1102 1692 genere
1113 1655 1269 1685 elaboraret,
1278 1657 1490 1688 sequereturque
1501 1657 1526 1678 ct
1538 1650 1606 1677 illud
1618 1649 1707 1677 foren-

906 1703 934 1720 se
946 1693 1055 1720 dicendi
1066 1698 1091 1719 et
1104 1693 1154 1719 hoc
1165 1693 1288 1727 quietum
1300 1689 1565 1725 disputandigcnus:
1580 1688 1633 1714 nisi
1642 1687 1706 1714 sorte

906 1732 1056 1758 Demetrius
1078 1730 1223 1757 Phalereus
1245 1729 1271 1755 in
1294 1729 1343 1755 hoc
1363 1735 1475 1754 numero
1497 1726 1590 1752 haberi
1609 1730 1705 1760 potest,

906 1769 1058 1804 disputator
1070 1767 1285 1797 subtilis.orator
1296 1774 1391 1801 parum
1403 1765 1559 1793 vehemens,
1568 1763 1657 1789 dulcis
1668 1768 1708 1788 ta-

907 1815 982 1837 men.
1005 1811 1035 1833 ut
1055 1805 1234 1840 Theophrasti
1254 1803 1422 1838 discipulum
1441 1802 1530 1837 possis
1550 1808 1705 1836 agnoscere.

906 1845 960 1871 Nos
972 1848 1060 1870 autem
1072 1848 1204 1878 quantum
1217 1843 1243 1868 in
1256 1846 1369 1876 utroque
1380 1837 1707 1875 profeceri111us,aliorun1

906 1883 941 1908 sit
953 1881 1100 1908 iudicium:
1114 1885 1260 1914 utrumque
1272 1884 1341 1905 certe
1353 1879 1439 1904 secuti
1451 1885 1556 1903 sumus.
1585 1877 1608 1902 t.
1622 1875 1708 1910 Equi-

905 1919 968 1946 dem
984 1924 1010 1945 ct
1025 1918 1162 1945 Platonem
1178 1918 1318 1945 existimo.
1335 1917 1358 1942 si
1375 1924 1461 1951 genus
1478 1914 1582 1941 forense
1597 1911 1707 1939 dicendi

906 1962 1017 1984 tractare
1030 1955 1340 1991 voluisset,gravissime
1352 1958 1378 1979 et
1388 1952 1575 1987 copiosissime
1587 1951 1707 1985 potuisse

905 1994 1009 2025 dicere.
1026 1999 1052 2020 et
1062 1993 1278 2022 Demosthenem.
1295 1992 1319 2017 si
1332 1990 1390 2021 illa,
1407 1998 1476 2025 quae
1488 1998 1502 2015 a
1514 1988 1621 2015 Platone
1635 1987 1707 2013 didi·

906 2036 986 2062 cerat.
1000 2033 1132 2058 tenuisset
1143 2035 1168 2057 et
1181 2030 1354 2065 pronuntiare
1366 2027 1505 2057 voluisset,
1514 2031 1604 2053 ornate
1615 2024 1707 2059 splen-

906 2069 1024 2103 dideque
1037 2068 1122 2094 facere
1134 2068 1265 2102 potuisse.
1304 2065 1460 2100 Eodemque
1473 2063 1552 2090 modo
1563 2063 1596 2089 de
1605 2063 1707 2088 Aristo-

907 2105 957 2132 tele
974 2111 999 2132 et
1016 2107 1128 2132 Isocrate
1143 2104 1247 2131 iudico:
1269 2112 1386 2138 quorum
1402 2108 1529 2136 uterquc.
1550 2109 1599 2126 suo
1617 2099 1706 2125 studio

906 2143 1068 2173 delectatus,
1085 2142 1248 2176 contempsit
1263 2141 1387 2167 altorum.
1430 2140 1460 2166 11.
1481 2138 1531 2164 Sed
1551 2146 1635 2172 quiim
1653 2142 1706 2161 sta-

907 2180 1144 2207 tuisscmscrihero
1156 2179 1188 2204 ad
1201 2184 1225 2205 te
1237 2177 1340 2212 aliquid
1349 2177 1531 2211 hoctcmpore,
1541 2174 1706 2208 inultapost·

907 2218 965 2248 hacv
979 2218 1055 2243 abeo
1065 2217 1148 2243 ordiri
1161 2215 1234 2242 volui
1247 2214 1454 2248 maxime-,quod
1466 2219 1491 2239 ct
1502 2213 1579 2239 artati
1593 2217 1652 2237 tuac
1663 2220 1705 2235 cs·

905 2260 946 2281 sct
956 2256 1127 2289 aptissimum
1139 2258 1164 2279 ct
1176 2253 1325 2278 auctoritati
1338 2259 1422 2277 meac.
1460 2251 1525 2276 Nam
1537 2257 1622 2284 quum
1635 2247 1705 2273 inul-

906 2297 929 2319 ta
941 2293 995 2318 sint
1007 2293 1033 2318 in
1045 2291 1216 2326 philosophia
1228 2295 1253 2315 ct
1263 2289 1355 2323 gravia
1367 2294 1392 2314 ct
1404 2287 1705 2319 utiliaaccurata-copio-

905 2338 988 2364 seque
999 2338 1013 2355 a
1025 2328 1196 2364 philosophis
1207 2327 1352 2361 disputata.
1367 2325 1497 2351 latissime
1510 2329 1597 2358 pau-rc
1611 2323 1705 2348 vulcu-

905 2372 948 2393 tur
966 2376 1010 2397 ea.
1033 2375 1102 2401 quae
1118 2366 1151 2391 dc
1166 2365 1264 2391 officiis
1284 2363 1378 2389 tradita
1394 2362 1428 2388 ab
1449 2362 1503 2388 illis
1525 2367 1551 2387 ct
1565 2364 1704 2394 praccepta

904 2409 978 2430 sunt.
1020 2404 1099 2430 Nulla
1119 2404 1191 2429 cuim
1214 2403 1283 2427 vitac
1299 2409 1360 2435 pars
1377 2408 1463 2434 nequo
1480 2398 1599 2433 publicis
1617 2405 1704 2431 neque

905 2442 1027 2476 privatis.
1042 2449 1129 2476 neque
1142 2439 1295 2466 forensibus
1307 2446 1394 2472 neque
1404 2436 1560 2462 domesticis
1574 2436 1599 2461 in
1613 2434 1702 2462 robus.

905 2487 992 2513 neque
1003 2479 1026 2504 si
1038 2484 1126 2504 tecum
1139 2486 1202 2511 agas
1213 2476 1290 2511 quid.
1300 2483 1386 2509 acque
1397 2475 1420 2500 si
1432 2482 1494 2499 cum
1506 2473 1588 2498 altero
1599 2477 1704 2497 contra-

906 2516 966 2545 hus.
982 2525 1075 2542 vacare
1085 2515 1174 2541 oslicio
1186 2519 1283 2549 potest:
1304 2514 1329 2538 in
1346 2520 1431 2546 coque
1445 2510 1557 2537 colendo
1571 2510 1621 2535 sita
1635 2509 1704 2534 vitae

904 2558 943 2579 cst
955 2553 1079 2579 honestas
1089 2553 1191 2580 omnis.
1205 2556 1231 2577 ct
1243 2552 1268 2576 iu
1282 2548 1443 2585 negligendo
1455 2547 1603 2582 turpitudo.
1619 2548 1644 2572 5.
1659 2548 1704 2572 At-

903 2599 956 2625 que
969 2591 1033 2616 hacc
1044 2590 1155 2625 quidem
1167 2593 1289 2623 quaestio
1300 2587 1452 2613 coninumis
1463 2591 1502 2612 cst
1512 2585 1634 2611 omnium
1643 2584 1704 2618 phi-

905 2627 1088 2662 losophorum.
1119 2628 1186 2659 Quis
1198 2631 1237 2651 cst
1248 2626 1330 2652 cirini.
1345 2625 1392 2659 qui
1405 2623 1487 2649 nullis
1499 2622 1582 2649 oflicii
1595 2630 1703 2656 proeco-

903 2666 957 2701 ptis
969 2665 1105 2693 tradendis
1116 2661 1449 2700 philosophumseuudcat
1460 2660 1567 2687 dicere?
1577 2659 1629 2686 Sed
1641 2663 1704 2684 sunt
