1941 3052
430 123 481 148 DE
516 123 699 149 NATURA
728 123 913 150 DEORUM
951 124 1031 150 LIB.
1054 124 1091 151 11.
1119 124 1211 150 CAP.
1234 126 1376 151 38—44.

79 195 158 221 cuius
173 193 285 229 quidem
300 193 465 220 clarissimas
479 193 571 220 stellas
582 194 643 221 totis
655 194 779 221 noctibus
790 195 878 221 cerni-
899 194 909 205 ¹'

78 240 140 258 mus

115 251 180 302 qllas
191 270 272 294 nostri
282 273 374 301 septem
384 270 455 294 soliti
465 271 580 295 vocitare
593 269 706 295 Triones.

80 307 136 332 ⁴06.
158 305 327 340 Paribusque
343 305 429 331 stellis
450 305 576 332 similiter
596 305 732 332 distinctis
752 306 879 332 eumdem
900 303 901 313 ³

77 342 145 369 caeli
156 343 285 369 verticem
298 342 392 369 lustrat
403 352 485 377 parva
497 343 645 379 Cynosura.

114 380 171 406 Hac
184 382 266 414 fidunt
277 382 340 406 duce
350 386 476 407 nocturna
489 381 622 406 Phoenices
634 384 660 407 in
670 382 733 407 alto.

113 417 164 444 Sed
173 421 248 450 prior
259 419 306 443 illa
316 420 397 451 maqis
409 420 491 444 stellis
501 420 623 444 distincta
633 420 749 452 refulget,

114 459 138 481 et
152 456 202 481 late
210 458 298 488 prima
310 458 440 488 confestim
450 465 467 482 a
478 460 549 481 nocte
562 457 674 481 videtur:

114 493 176 518 haec
187 501 246 518 vero
255 501 340 525 parua
351 498 400 518 est:
415 495 459 519 sed
470 495 558 519 nautis
569 502 630 518 usus
640 495 667 519 in
678 494 726 519 hac
737 497 782 519 est.

114 529 182 555 Nam
194 538 272 556 cursu
282 532 404 556 interiore
416 532 486 556 brevi
497 533 653 557 convertitur
664 532 732 556 orbe.

76 566 398 602 XLILthuositearum
405 567 544 594 stellarum
551 567 737 593 admirabilior
743 572 877 602 aspectus,

114 605 161 630 has
172 607 247 635 inter,
263 606 341 631 veluti
352 607 445 638 rapido
457 614 513 631 cum
522 607 623 638 yuryite
634 607 735 638 (lumen,

115 642 196 668 torvu'
208 642 295 668 Draco
305 645 391 675 serpit,
405 645 491 668 subter
504 651 648 675 superaque
659 644 789 669 revolvens

115 687 168 705 sese
180 681 363 713 conficiensque
373 682 446 706 sinus
460 688 472 705 e
484 688 589 712 corpore
599 682 689 712 flexos.

81 716 138 742 ⁴07.
159 716 227 742 Eius
238 725 324 751 quum
336 717 417 743 totius
429 721 469 743 est
480 716 617 751 praeclara
628 716 746 751 species,
764 721 821 743 tuni
830 717 839 727 *
853 717 879 742 in
908 711 909 717 ¹

76 754 174 788 primis
190 753 366 789 suspicienda
379 758 419 781 est
430 754 516 790 ligura
527 754 623 789 capitis
635 758 715 789 atque
727 753 805 780 ardor
815 762 880 780 ocu·
908 774 910 779 ,

78 790 177 818 lorum.

115 845 182 872 Huic
193 854 244 871 non
254 854 307 872 una
317 847 390 872 modo
402 850 478 879 caput
490 854 586 872 ornans
596 847 671 872 stella
681 846 785 874 relucet,

114 891 202 909 verum
214 887 327 915 tempora
337 887 396 909 sunt
407 885 505 916 duplici
515 884 616 916 fulyore
627 887 724 911 notata,

114 929 127 945 e
139 921 302 953 trucibusque
312 921 393 946 oculis
403 923 454 946 duo
464 923 564 953 fervida
575 922 674 946 lumina
684 922 797 953 flagrant

114 962 191 990 atque
201 965 252 983 uno
262 962 373 983 mentum
383 959 501 983 radianti
510 960 593 983 sidere
605 959 669 983 lucet
677 967 684 983 .·

115 996 289 1027 obstipumque
303 999 387 1027 caput,
401 997 474 1021 tereti
486 997 582 1021 cervice
593 996 727 1027 relietum,

114 1033 228 1057 obtutum
239 1034 266 1058 in
276 1034 360 1058 cauda
370 1035 478 1058 maioris
488 1035 564 1066 fiyere
575 1035 657 1058 dicas.

79 1086 136 1112 ⁴08.
156 1085 190 1112 Et
201 1084 338 1121 reliquum
349 1086 462 1121 quidem
473 1095 571 1120 corpus
583 1087 709 1113 Draconis
721 1086 783 1113 totis
795 1087 881 1113 nocti—

78 1122 130 1150 bus
144 1123 296 1156 cernimus3

114 1162 160 1187 hoc
171 1165 248 1194 capul
258 1161 298 1187 hic
307 1162 425 1194 paullum
435 1169 488 1187 sese
501 1163 633 1194 subitoque
649 1163 770 1191 recondit,

115 1202 188 1224 ortus
198 1199 242 1224 ubi
251 1203 328 1232 atque
338 1200 421 1225 obitus
428 1203 504 1232 parte
515 1200 689 1224 admiscentur
700 1201 727 1225 in
738 1208 798 1225 una.

78 1235 108 1262 Id
119 1239 209 1262 autem
220 1240 302 1270 caput

114 1275 242 1306 atlinqens
255 1275 354 1307 defessa
364 1275 432 1300 velut
443 1275 580 1300 maerentis
591 1275 675 1306 imuyo

115 1313 240 1343 vertitur;

77 1355 160 1383 quam
174 1347 286 1382 quidem
299 1348 395 1375 Graeci

114 1385 264 1419 Engonasin
274 1389 396 1416 vocitant,
412 1387 518 1419 ‹Jenz'bus
528 1388 590 1420 quia
601 1389 667 1412 nixa
677 1388 787 1420 seratur.

114 1422 165 1449 Hic
174 1424 221 1449 illa
232 1425 327 1449 eximio
335 1426 421 1457 posita
432 1428 468 1450 est
477 1425 577 1458 sulyore
591 1423 698 1450 Corona.

78 1475 167 1519 Atque
183 1476 249 1503 haec
259 1477 372 1512 quidem
383 1486 397 1503 a
409 1483 496 1514 tergo:
514 1483 623 1513 propter
633 1482 714 1513 caput
724 1483 814 1505 autem
825 1479 881 1505 An-

77 1518 235 1549 guitenens:

81 1561 138 1586 ⁴09.
151 1569 224 1594 quem
236 1562 307 1587 claro
315 1562 447 1594 perhibent
459 1560 619 1594 Ophiuchum
629 1564 730 1587 nomine
743 1562 827 1588 Graii.

115 1597 164 1623 Hic
176 1606 268 1631 pressu
278 1600 376 1631 duplici
385 1600 533 1631 palmarum
545 1601 654 1625 continet
665 1608 782 1632 anyaem,

114 1639 191 1669 atque
201 1637 256 1661 eius
266 1638 319 1668 ipse
331 1640 414 1662 manet
425 1637 550 1669 reliqatus
562 1645 668 1669 corpore
679 1641 759 1663 torto:

114 1680 225 1706 namque
236 1675 320 1699 virum
331 1675 440 1698 medium
451 1682 555 1706 serpens
565 1675 611 1699 sub
619 1679 725 1707 pectora
736 1676 823 1708 cinyit.

114 1709 162 1735 Ille
174 1714 258 1736 tamen
268 1712 352 1736 nitens
362 1713 478 1743 graviter
488 1713 596 1744 vestitJia
605 1714 685 1744 ponit,

114 1751 191 1780 alque
202 1749 289 1774 oculos
299 1752 372 1781 arqet
382 1750 488 1781 pedibus
496 1753 634 1782 pectusque
646 1749 737 1782 Nepai.

77 1800 185 1836 Septem
197 1805 286 1828 autem
299 1802 398 1829 triones
409 1803 533 1837 sequitur

114 1839 300 1872 Arctophylax,
312 1841 388 1873 vulyo
399 1843 444 1873 qui
454 1842 551 1866 dicitur
561 1849 613 1866 esse
624 1841 727 1867 Bootes:

115 1878 183 1908 quod
193 1879 269 1909 quasi
281 1881 376 1902 temone
386 1879 536 1903 adiunctam
546 1887 610 1910 prae
620 1886 647 1903 se
660 1881 743 1911 quatit
754 1880 868 1906 Arctum.

81 1913 137 1938 ΗΟ.
159 1913 226 1939 Dein
237 1922 307 1948 quae
320 1919 483 1948 sequuntur.
524 1915 593 1941 Huic
603 1915 677 1942 Booti

115 1965 152 1969 —
162 1951 249 1976 subter
256 1953 414 1984 praecordia
425 1953 481 1984 fixa
491 1953 593 1978 videtur

114 1988 189 2014 stella
200 1990 299 2014 micans
308 1990 392 2014 radiis
403 1989 530 2015 Arcturus
541 1991 641 2015 nomine
652 1991 737 2016 claro:

77 2025 123 2051 cui
134 2023 256 2051 subiecta
266 2023 350 2052 fertur

114 2064 213 2095 spicum
224 2063 325 2088 illustre
336 2067 421 2089 tenens
431 2065 573 2096 splendenti
583 2072 689 2096 corpore
706 2065 790 2097 Viryo.

78 2099 172 2127 XLIII.
193 2099 281 2134 Atque
294 2100 328 2126 ita
340 2099 472 2126 demetata
484 2101 562 2136 signa
573 2105 646 2132 sunt,
664 2101 730 2128 utin
742 2102 822 2128 tantis
833 2102 881 2128 de-

77 2137 274 2171 scriptionibus
285 2137 379 2164 divina
390 2137 509 2164 sollertia
523 2143 660 2172 appareat.

116 2175 147 2200 Et
160 2179 233 2201 natos
246 2174 365 2201 Geminos
376 2177 470 2201 invises
479 2177 526 2201 sub
537 2180 612 2208 caput
624 2177 706 2202 Arcti.

116 2211 251 2238 Subieclus
262 2214 360 2238 mediae
369 2217 404 2238 est
417 2221 518 2242 cancer,
528 2215 684 2246 pedibusque
695 2218 794 2240 tenetur

115 2249 217 2282 maynu'
228 2249 286 2280 Leo,
299 2251 434 2276 tremulum
445 2251 563 2283 quatiens
574 2259 586 2276 e
597 2259 703 2284 corporo
712 2252 852 2283 [lammam.

79 2285 181 2322 Auriga

116 2325 163 2350 sub
175 2325 248 2350 laeva
261 2323 425 2350 Geminorum
436 2326 559 2350 obductus
570 2329 645 2357 parte
655 2327 763 2358 seretur.

117 2361 258 2387 Adversum
270 2365 346 2394 capul
357 2363 417 2388 huic
428 2361 532 2387 Helicae
544 2363 689 2388 truculenta
700 2366 792 2389 tuetur.

117 2399 150 2424 At
163 2397 250 2431 Capra
264 2400 364 2424 laevum
374 2400 506 2424 [annerum
518 2400 591 2425 clara
602 2400 704 2425 obtinet.
716 2414 752 2419 —

79 2434 149 2462 Tum
161 2443 230 2470 quae
241 2440 402 2470 sequuntur,

123 2472 214 2499 Verum
224 2474 286 2499 haec
297 2478 332 2500 est
344 2482 435 2506 mayno
446 2478 522 2506 atque
535 2474 632 2499 illustri
639 2475 761 2506 praedita
771 2476 844 2507 siqno
851 2485 858 2507 ‚⁴

119 2514 210 2536 contra
220 2510 304 2536 Haedi
313 2513 435 2544 exiquum
446 2513 544 2537 iaciunt
555 2512 706 2536 mortalibus
716 2513 807 2544 iynein,

81 2547 161 2573 cuius
172 2547 225 2573 sub
237 2547 354 2582 pedibus

120 2586 238 2618 corniyer
251 2589 286 2611 est
298 2587 384 2611 ualido
396 2593 526 2611 connemus
537 2593 642 2617 corpore
656 2584 766 2611 Taurus.

85 2622 142 2647 ut.
163 2621 230 2648 Eius
241 2627 322 2657 caput
332 2622 419 2650 stellis
429 2630 606 2657 conspersum
617 2626 659 2648 est
670 2621 868 2657 frequentibus.

120 2658 175 2685 Has
189 2659 284 2685 Graeci
293 2662 382 2687 stellas
392 2661 500 2693 Hyadas
513 2662 624 2686 recitare
634 2665 750 2691 suerunt,

1665 128 1726 152 1121

931 204 945 221 a
956 195 1087 229 pluendo3
1104 195 1158 222 ὕειν
1168 196 1241 221 enim
1256 200 1297 221 est
1312 195 1418 230 pluereg
1444 197 1526 222 nostri
1543 197 1666 231 imperite
1683 207 1730 223 su-

900 237 902 261 :
931 232 1019 264 culas;
1034 233 1138 266 quasia
1150 232 1237 258 subus
1249 238 1348 263 essent,
1357 242 1408 259 non
1416 233 1449 259 ab
1461 233 1596 260 imbribus
1608 235 1731 260 nomina-

900 272 901 281 *
932 274 982 295 tae.
1023 270 1153 295 Minorem
1169 274 1258 296 autem
1270 270 1494 305 Septemtrionem
1506 271 1630 306 Cepheus
1641 272 1730 306 passis

900 330 902 350 k
930 306 1029 341 palmis
1041 316 1055 333 a
1067 311 1140 342 tergo
1153 307 1341 342 subsequitur.

901 377 902 381 ,
969 353 1084 385 Namque
1095 355 1177 385 ipsum
1187 355 1220 378 ad
1232 358 1329 386 teryum
1343 354 1489 387 Cynosurae
1500 357 1608 381 vertitur
1618 357 1700 381 Arcti.

901 384 909 409 ¹¹¹
932 390 1008 415 Hunc
1019 390 1152 416 antecedit

907 224 908 235 l

906 249 908 271 l

907 296 908 315 l

907 341 909 355 l

907 371 909 384 (

908 391 909 423 ζ

908 425 910 455 l
968 437 1077 461 obscura
1087 439 1169 468 specie
1179 438 1312 462 stellarum
1326 437 1469 470 Cassiopea.

908 472 910 525 ἱ
968 473 1042 498 Hanc
1054 477 1138 498 autem
1149 474 1247 499 illustri
1258 479 1377 500 versatur·
1388 484 1493 508 corpore
1501 480 1606 508 propter

908 526 910 541 i
968 511 1134 540 Andromede,
1148 513 1249 543 suqiens
1259 517 1386 544 aspectum
1399 517 1493 538 maesta
1502 515 1628 546 parentis.

908 543 910 605 Ι
969 548 1036 573 Huic
1046 547 1134 580 Equus
1145 549 1195 577 ille,
1209 550 1293 574 iubam
1304 552 1422 582 quatiens
1431 552 1530 583 fulgore
1540 553 1655 577 micanti.

908 606 910 617 χ
967 593 1093 610 summum
1107 588 1229 618 continyit
1241 591 1317 618 caput
1327 588 1394 617 alvo,
1407 589 1531 621 stellaque
1542 591 1648 620 iunqens

908 627 910 667 ξ
969 631 1022 648 una
1032 626 1097 647 tenet
1108 624 1222 655 duplices
1234 627 1360 649 communi
1372 626 1465 650 lumine
1474 628 1580 658 formas,

908 673 910 689 ι

969 664 1101 685 aeternum
1110 668 1143 685 ea:
1153 663 1233 685 astris
1245 663 1348 693 cupiens
1359 667 1504 688 connectere
1515 665 1618 688 nodum.

969 697 1040 722 Eaein
1050 700 1172 722 contortis
1182 699 1256 723 Aries
1268 707 1324 724 cum
1335 701 1454 725 cornibus
1464 701 1550 726 haeret
1560 710 1566 731 ,¹

901 726 910 769 l}
931 742 1014 768 quem
1026 738 1134 768 propter

969 771 1060 801 Pisces,
1076 780 1184 804 quorum
1195 773 1262 797 alter
1271 774 1388 805 paullum
1397 775 1560 806 praelabitur
1571 779 1636 800 ante.

908 831 911 855 k
969 813 991 834 ct
1002 811 1084 841 maqis
1093 810 1228 839 horriferis
1239 811 1368 842 aquilonis
1378 813 1494 843 tanyitur
1507 815 1590 837 auris.

932 853 1024 879 XLIV.
1050 855 1105 879 ΗΞ.
1128 854 1168 879 Ad
1178 854 1262 888 pedes
1274 855 1460 882 Andromedae
1472 856 1584 883 Perseus
1598 856 1731 884 describi—

909 885 911 917 ζ’
933 895 984 922 tur,

969 937 1040 962 quem
1052 937 1151 954 summa
1161 930 1194 954 ab
1203 932 1304 962 reqione
1315 932 1445 963 aquilonis
1455 933 1560 962 flamina
1571 934 1684 964 pulsant.

932 965 1017 992 Cuius
1029 970 1137 1000 propter
1148 965 1256 992 laevum
1267 976 1339 1002 genu

968 1019 1006 1022 —
1021 1004 1146 1037 I'erqilias
1158 1007 1226 1029 tenui
1239 1013 1294 1030 cum
1306 1006 1361 1030 luce
1373 1007 1476 1031 ridebis.

970 1042 1032 1067 Inde
1043 1041 1118 1067 Fides
1126 1043 1212 1074 posita
1223 1046 1245 1067 et
1257 1043 1346 1068 leviter
1358 1052 1471 1068 coni-exa
1483 1045 1593 1069 ridetur.

969 1079 1032 1104 Inde
1043 1083 1078 1104 est
1089 1080 1142 1104 ales
1153 1081 1210 1104 avis
1221 1080 1273 1105 luto
1283 1082 1328 1105 sub
1341 1083 1446 1113 tesflnine
1458 1082 1531 1107 caeli.

932 1120 1020 1155 Capiti
1034 1124 1124 1146 autem
1136 1120 1207 1155 Equi
1222 1122 1344 1155 proxima
1356 1122 1468 1157 Aquarii
1484 1122 1590 1153 dextra,
1609 1128 1732 1159 totusque

933 1157 1062 1192 deinceps
1073 1158 1219 1192 Aquarius.

973 1196 1033 1221 Tum
1044 1197 1156 1229 gelidum
1167 1197 1254 1222 valido
1264 1198 1294 1221 de
1303 1202 1404 1229 pectore
1413 1199 1498 1231 sriyus
1507 1199 1639 1228 anhelans,

971 1242 1076 1266 corpore
1086 1236 1202 1266 semifero
1213 1242 1305 1266 mayno
1318 1234 1492 1267 Capricornus
1503 1238 1529 1261 in
1540 1237 1608 1262 orbe.

973 1271 1051 1302 Quem
1062 1279 1139 1304 quum
1149 1276 1271 1304 perpetuo
1281 1274 1381 1298 vestivit
1393 1274 1487 1298 lumine
1501 1273 1583 1303 Titan,

970 1310 1082 1334 brumali
1092 1310 1194 1340 flectens
1207 1314 1355 1342 contorquet
1367 1315 1476 1343 tempore
1487 1319 1600 1336 cmv-um.

936 1347 992 1372 113,
1015 1346 1082 1371 IIinc
1093 1350 1183 1372 autem
1194 1346 1334 1380 aspicitur,

971 1388 999 1409 ut
1009 1392 1062 1409 sese
1073 1386 1205 1409 ostendens
1215 1386 1320 1417 emerqit
1331 1383 1452 1418 Scorpios
1463 1386 1522 1414 alte.

969 1423 1110 1454 posteriore
1122 1422 1226 1447 trahens
1234 1423 1339 1454 plerum
1352 1424 1376 1447 vi
1387 1425 1503 1455 corporis
1513 1431 1612 1452 arcum,

902 1465 904 1477 ¹
970 1468 1043 1492 quem
1053 1463 1159 1492 propter
1169 1461 1252 1484 nitens
1260 1462 1352 1492 pennis
1363 1461 1523 1485 com-olvitur
1533 1462 1595 1486 ales.

971 1498 1002 1522 At
1011 1501 1116 1529 propter
1126 1505 1152 1522 se
1163 1497 1257 1530 Aquila
1269 1499 1371 1523 ardenti
1383 1506 1439 1524 cum
1450 1506 1556 1530 corpore
1562 1502 1660 1531 portat.

933 1533 1034 1559 Deinde
1046 1533 1209 1568 Delphinus3

972 1571 1073 1597 Eatinde
1085 1572 1165 1597 Orion
1177 1572 1278 1605 obliquo
1290 1580 1395 1605 corpore
1406 1575 1498 1598 nitens.

936 1609 992 1635 itt.
1013 1608 1100 1640 Quem
1111 1608 1293 1643 subsequens,

970 1648 1085 1679 fervidus
1096 1648 1139 1672 ille
1149 1646 1226 1673 Canis
1236 1648 1370 1673 stellarum
1382 1648 1437 1673 luce
1447 1649 1565 1681 resulyet.

933 1683 996 1710 Post
1007 1684 1096 1718 Lepus
1107 1684 1240 1719 sequitur,

972 1723 1132 1747 curriculum
1147 1730 1285 1755 numquam
1296 1724 1391 1756 desecto
1403 1731 1508 1755 corpore
1518 1725 1618 1749 sedans.

971 1760 1002 1784 At
1016 1758 1094 1785 Canis
1105 1761 1139 1785 ad
1151 1761 1260 1786 caudam
1269 1768 1373 1792 serpens
1381 1761 1529 1792 prolabitur
1540 1761 1617 1793 :tr-90.
1630 1775 1666 1779 —
1678 1775 1714 1779 —

971 1796 1046 1822 Hanc
1057 1798 1130 1822 Aries
1142 1799 1201 1829 teqit
1213 1801 1235 1822 ct
1245 1806 1380 1830 squamoso
1391 1806 1496 1830 corpore
1507 1797 1598 1826 Pisces,

971 1835 1084 1866 (luminis
1096 1835 1192 1860 illustri
1205 1839 1346 1868 tanyrntem
1358 1844 1464 1868 corpori·
1474 1837 1554 1868 ripas.

933 1870 1019 1903 Quem
1034 1870 1112 1906 longe
1123 1877 1276 1906 serpentem
1288 1877 1314 1899 et
1325 1877 1477 1899 manantem

970 1923 1006 1928 —
1017 1911 1140 1941 aspicies;
1150 1918 1310 1943 proceraque
1327 1911 1413 1937 l'incla
1426 1912 1529 1936 videbi-5.

970 1955 1036 1980 quae
1048 1949 1156 1973 retinent
1168 1947 1251 1973 Pisces
1262 1949 1404 1974 caudarum
1415 1957 1431 1973 a
1442 1952 1516 1980 purte
1528 1949 1622 1973 locata.
1636 1962 1671 1966 —
1682 1961 1718 1966 —

971 1984 1033 2009 Inde
1048 1984 1133 2017 Nepae
1144 1993 1231 2010 cernes
1240 1989 1345 2018 propter
1355 1987 1478 2018 [ulyentis
1491 1994 1596 2010 aetimen

970 2022 1058 2051 Aram,
1071 2030 1149 2055 quam
1160 2024 1222 2054 flatu
1233 2024 1373 2055 permulcet
1383 2025 1492 2055 spiritus
1502 2025 1594 2048 austri.

933 2057 1044 2093 Propter
1054 2067 1124 2093 quae
1139 2058 1289 2085 Centaurus

972 2098 1046 2124 cedit,
1060 2096 1127 2129 Equi
1135 2101 1224 2129 partes
1232 2105 1377 2130 properans
1387 2098 1539 2129 subiunyere
1551 2098 1637 2122 rhetis.

972 2132 1020 2158 Hic
1031 2134 1150 2159 dextrum
1160 2142 1278 2166 porqcns,
1294 2136 1442 2167 quadrupes
1452 2143 1503 2167 qua
1516 2139 1587 2160 vasta
1601 2137 1706 2159 tenetur.

972 2171 1050 2195 tendit
1062 2174 1084 2195 et
1096 2171 1220 2196 illustrem
1233 2173 1392 2196 truculentus
1403 2173 1485 2197 caedit
1496 2173 1531 2196 ad
1541 2180 1630 2200 aranu

971 2208 1011 2232 hic
1025 2215 1078 2231 sese
1090 2209 1197 2239 infernis
1208 2210 1238 2233 dt·
1248 2209 1367 2240 partibus
1377 2211 1452 2240 eripit
1465 2209 1568 2240 Hydra:

933 2244 1013 2269 cuius
1025 2243 1101 2279 longo
1113 2252 1211 2278 corpus
1222 2249 1263 2271 ost
1275 2244 1380 2276 fusium

972 2284 999 2306 in
1010 2284 1140 2314 medioque
1151 2284 1208 2307 sinu
1220 2284 1319 2315 sulyens
1333 2283 1440 2308 t'ratcra
1452 2284 1557 2308 relucet.

905 2339 907 2350 ,
972 2318 1121 2344 liro-emam
1134 2322 1216 2344 nitens
1226 2321 1341 2352 plumato
1355 2328 1459 2352 turpare
1473 2320 1570 2344 Fari-us

972 2361 1056 2381 rostro
1067 2358 1164 2384 tinniit:
1177 2361 1199 2381 ct
1211 2358 1250 2382 hic
1264 2358 1378 2381 Geminis
1388 2361 1424 2382 est
1435 2358 1477 2381 ille·
1487 2357 1533 2381 suli
1545 2359 1607 2389 ipsis

972 2394 1035 2418 Ante
1049 2393 1149 2422 Canem,
1164 2394 1292 2428 ΙΙρωιιῖιιιν
1307 2395 1388 2419 lu'raio
1398 2395 1442 2427 qui
1455 2396 1552 2418 immine
1562 2397 1652 2425 lertur.

938 2439 993 2464 445.
1017 2438 1085 2464 naec
1101 2439 1189 2465 omnis
1205 2439 1352 2474 descriptio
1365 2438 1485 2464 siderum
1499 2443 1578 2473 atque
1591 2438 1634 2464 hic
1647 2443 1737 2465 tantus

912 2492 915 2517 ι
935 2475 1001 2501 caeti
1013 2480 1122 2502 ornatus
1133 2484 1166 2502 ex
1178 2477 1346 2511 corporibus.
1362 2476 1414 2502 hur
1425 2481 1449 2502 et
1463 2475 1526 2502 illuc
1541 2484 1604 2502 casu
1617 2481 1641 2502 vt
1654 2481 1736 2502 teine-

912 2524 915 2544 i
936 2521 962 2538 re
974 2513 1182 2543 cursitantibus.
1202 2515 1321 2548 potuisse
1332 2513 1417 2543 estivi.
1431 2514 1559 2548 cuiquam
1572 2522 1637 2540 suno
1650 2513 1736 2539 videri

913 2549 915 2574 ἰ
936 2549 1040 2584 potest?
1061 2551 1100 2576 An
1117 2560 1179 2577 vero
1194 2551 1245 2577 alia
1261 2560 1329 2586 quae
1347 2556 1453 2579 natura.
1472 2552 1570 2577 inentis
1585 2556 1610 2577 et
1625 2551 1735 2577 rationis

913 2583 915 2618 f
935 2596 1041 2621 expers,
1051 2587 1116 2613 haee
1127 2588 1233 2615 otticen·
1246 2589 1418 2623 potuit‚qua0
1430 2596 1481 2614 nou
1495 2588 1582 2618 modo.
1591 2593 1619 2614 nt
1631 2587 1732 2616 tierent.

914 2642 915 2645 η
936 2625 1037 2650 ratione
1048 2632 1189 2660 eguerunt,
1206 2626 1253 2651 scd
1268 2625 1392 2662 intelligi.
1405 2625 1496 2661 qualia
1508 2626 1575 2657 sint,
1588 2627 1647 2652 sinu
1659 2634 1736 2653 suni-

937 2671 978 2688 ma
991 2662 1091 2689 ratione
1103 2671 1154 2689 uon
1167 2664 1299 2698 possunt?

910 1506 911 1517 l

910 1521 912 1534 l

1485 2713 1527 2737 HI
