1941 3052
282 128 337 153 ⁴28.
368 126 404 153 M.

73 197 146 224 litiae
157 205 240 232 quum
253 198 362 232 optime,
371 201 428 223 tum
439 198 519 224 etiam
531 197 685 224 diutissime
697 202 827 234 gesserat}
842 203 867 224 et

73 234 169 261 modus
180 235 208 260 in
219 234 347 265 dicendo,
365 239 391 261 et
401 236 531 270 gravitate
544 236 644 262 mixtus
656 235 743 270 lepos,
757 241 782 262 et
791 244 868 261 sum-

73 281 148 299 mum
159 271 202 298 vel
214 271 337 298 discendi
348 272 469 298 studium
481 272 523 298 vel
535 272 658 303 docendi,
668 278 693 299 et
702 273 814 299 orationi
826 273 868 298 vi-

72 314 97 336 ta
109 309 254 335 admodum
265 317 427 345 congruens,
458 312 483 337 2.
505 311 529 336 Is
541 310 630 336 dicere
642 310 744 336 solebat
754 310 788 336 ob
800 310 868 336 hanc

72 355 196 373 caussam
212 351 346 381 praestare
362 352 465 374 nostrae
481 348 598 373 civitatis
614 352 711 374 statum
724 348 818 374 ceteris
830 348 869 373 ci-

72 384 211 415 vitatibus,
225 384 297 419 quod
310 385 337 410 in
348 384 403 410 illis
414 385 517 421 singuli
530 385 645 411 fuissent
656 385 719 415 sere,
733 386 869 419 quisnam

72 422 190 457 quisque
210 430 266 447 rem
286 421 425 456 publicam
446 423 649 448 constituissent
664 422 771 457 legibus
790 427 869 457 atque

72 459 203 485 institutis
219 460 290 491 suis3
314 463 343 485 ut
358 459 466 486 Cretum
479 460 578 490 Minos,
596 459 869 486 Lacedaemoniorum

71 496 227 532 Lycurgus,
246 496 465 528 Atheniensium,
484 506 552 531 quae
568 505 697 531 persaepe
708 501 870 523 commutata

71 538 151 565 esset.
166 534 360 564 tumTheseus,
374 535 528 565 tumDraco,
542 539 598 560 tum
607 534 676 564 Solo,
690 534 870 560 tumClisthe-

72 579 134 602 nes,
153 576 210 597 tum
226 571 305 598 multi
320 571 380 602 alii,
404 576 537 606 postremo
552 580 716 607 exsanguem
731 573 783 597 iam
795 576 820 597 et
832 572 870 597 ia-

71 612 175 635 centem
191 608 285 635 doctus
300 609 342 635 vir
356 608 501 635 Phalereus
517 613 693 635 sustentasset
704 609 867 640 Demetrius3

71 650 161 672 nostra
172 651 261 672 autem
273 655 315 672 res
326 646 436 680 publica
448 655 500 672 non
513 647 594 672 unius
606 651 676 672 esset
688 647 810 681 ingenio,
823 645 870 671 sed

71 682 228 714 multorum,
238 692 286 709 nec
300 692 353 709 una
366 683 484 710 hominis
495 684 558 714 vita,
568 684 616 709 sed
628 683 730 718 aliquot
740 683 871 709 constitu-

71 725 97 747 ta
108 720 223 747 saeculis
235 726 260 747 et
271 721 413 747 aetatibus.
451 722 519 747 Nam
531 730 618 756 neque
631 720 717 746 ullum
730 721 871 755 ingenium

71 762 175 785 tantum
187 759 323 785 exstitisse
334 758 449 789 dicebat,
464 763 505 790 ut,
522 767 603 793 quem
616 766 657 784 res
669 757 743 784 nulla
756 758 868 793 fugeret,

71 796 218 831 quisquam
239 795 384 830 aliquando
405 795 512 828 fuisset,
537 804 625 830 neque
645 800 740 821 cuncta
762 795 871 830 ingenia

71 833 166 860 collata
178 834 205 859 in
218 842 302 859 unum
314 838 417 860 tantum
429 841 508 868 posse
519 841 572 859 uno
584 837 701 867 tempore
717 832 869 866 providere,

71 876 101 897 ut
111 871 201 897 omnia
217 870 458 905 complecterentur
473 870 531 896 sine
546 878 636 896 rerum
647 878 699 896 usu
711 878 740 895 ac
753 874 872 896 vetusta-

71 913 106 935 te.
148 909 173 934 3.
195 907 281 939 Quam
295 908 330 934 ob
346 916 416 939 rem,
434 912 463 934 ut
479 907 524 933 ille
539 907 656 937 solebat,
675 907 710 933 ita
726 915 798 933 nunc
813 915 871 933 mea

72 950 173 980 repetet
183 945 265 971 oratio
277 944 371 979 populi
386 945 562 980 originem3
582 944 697 971 libenter
707 945 779 970 enim
791 945 871 970 etiam

71 982 154 1009 verbo
164 987 224 1009 utor
234 982 352 1009 Catonis.
393 982 511 1008 Facilius
523 986 625 1013 autem,
639 981 712 1017 quod
724 986 763 1008 est
774 990 872 1016 propo-

71 1021 168 1051 situm,
186 1028 349 1055 consequar,
367 1021 391 1046 si
407 1024 523 1046 nostram
540 1028 594 1045 rem
607 1019 745 1054 publicam
758 1019 835 1045 vobis
847 1024 872 1045 et

71 1062 225 1084 nascentem
237 1062 263 1084 et
273 1062 436 1084 crescentem
448 1062 474 1084 et
485 1057 603 1083 adultam
615 1061 641 1083 et
653 1057 705 1083 iam
713 1056 817 1082 firmam
832 1062 872 1083 at-

71 1104 124 1130 que
139 1095 276 1121 robustam
292 1095 447 1125 ostendero,
470 1103 551 1129 quam
568 1096 591 1120 si
608 1094 676 1120 mihi
691 1093 825 1129 aliquam,
843 1099 872 1121 ut

71 1132 143 1168 apud
154 1132 291 1159 Platonem
304 1132 435 1163 Socrates,
450 1133 507 1166 ipse
520 1132 631 1158 tinxero.

127 1170 159 1196 ΙΙ.
182 1171 206 1196 Ιι.
232 1170 286 1196 Hoc
309 1179 395 1205 quum
415 1178 509 1196 omnes
529 1169 766 1204 approbavissent:
794 1168 871 1201 Quod

71 1207 204 1234 habemus
225 1208 321 1243 igitur,
344 1210 440 1241 inquil,
464 1207 601 1233 institutae
623 1207 659 1233 rei
676 1205 802 1241 publicae
818 1210 871 1232 tam

71 1244 174 1271 clarum
186 1253 216 1270 ac
228 1249 281 1271 tam
292 1245 419 1271 omnibus
432 1249 523 1271 notum
535 1244 686 1274 exordium,
695 1252 776 1279 quam
790 1243 871 1270 huius

70 1283 148 1309 urbis
168 1282 323 1308 condendae
344 1282 510 1317 principium
532 1281 681 1316 profectum
704 1291 717 1308 a
740 1280 872 1307 Romulo‘?

71 1320 119 1355 qui
136 1324 209 1354 patre
224 1320 306 1346 Marte
326 1325 417 1353 natus,
440 1335 476 1339 —
497 1319 677 1345 concedamus
692 1320 764 1345 enim
786 1318 871 1345 famae

70 1357 227 1388 hominum,
254 1358 410 1392 praesertim
435 1366 485 1383 non
508 1357 669 1383 inveteratae
693 1356 795 1387 solum,
823 1356 871 1382 sed

71 1395 151 1421 etiam
163 1395 299 1429 sapienter
310 1404 324 1420 a
336 1395 484 1421 maioribus
496 1394 630 1429 proditae,
654 1395 722 1421 bene
739 1394 826 1420 meriti
838 1393 871 1419 de

71 1433 152 1458 rebus
172 1433 364 1458 communibus
386 1437 414 1458 ut
434 1440 531 1467 genere
547 1433 627 1458 etiam
646 1436 870 1466 putarentur,non

71 1469 159 1496 solum
171 1478 229 1496 esse
242 1470 350 1505 ingenio
362 1469 469 1501 divino3
493 1484 530 1489 —
550 1469 572 1495 is
588 1470 684 1505 igitur,
703 1473 732 1495 ut
748 1473 825 1495 natus
837 1469 873 1494 sit

70 1515 133 1533 cum
145 1508 227 1533 Remo
240 1506 328 1538 fratre,
343 1507 443 1533 dicitnr
453 1506 487 1533 ab
499 1506 620 1538 Amulio,
635 1515 697 1542 rege
708 1506 825 1537 Albano,
837 1505 871 1531 ob

72 1543 250 1571 labefactandi
267 1545 342 1580 regni
357 1545 480 1571 timorem
492 1544 525 1570 ad
537 1544 655 1570 Tiberim
669 1544 767 1579 exponi
780 1544 871 1569 iussus

71 1590 144 1608 esse:
158 1590 212 1617 quo
224 1582 251 1608 in
264 1582 320 1608 loco
332 1590 417 1617 quum
429 1586 500 1608 esset
511 1581 645 1608 silvestris
652 1581 757 1608 belluae
765 1586 872 1607 susten-

71 1624 142 1646 tatus
162 1619 309 1650 uberibus,
331 1624 506 1654 pastoresque
528 1627 589 1645 eum
611 1619 786 1645 sustulissent
803 1623 829 1645 et
844 1619 871 1644 in

71 1657 170 1693 agresti
181 1656 255 1683 cultu
269 1657 413 1692 laboreque
425 1656 569 1688 aluissent,
583 1656 754 1691 perhibetur,
767 1661 797 1683 ut
807 1656 872 1682 ado-

72 1695 180 1726 leverit,
203 1699 228 1720 et
243 1695 361 1729 corporis
374 1694 478 1720 viribus
489 1698 514 1720 et
525 1694 609 1720 animi
622 1693 756 1720 ferocitate
769 1698 871 1720 tantum

70 1732 166 1758 ceteris
178 1732 358 1766 praestitisse,
372 1736 401 1758 ut
410 1740 518 1762 omnes,
532 1732 581 1766 qui
593 1736 649 1758 tum
661 1740 706 1757 eos
718 1740 810 1767 agros,
825 1731 871 1757 ubi

72 1769 151 1796 hodie
166 1774 206 1796 est
221 1769 286 1796 haec
302 1769 381 1800 urbs,
399 1768 564 1805 incolebant,
588 1777 673 1804 aequo
685 1770 775 1795 animo
787 1769 826 1795 illi
840 1769 873 1794 li-

71 1807 219 1842 benterque
234 1811 368 1841 parerent.
407 1806 528 1839 Quorum
540 1807 626 1841 copiis
637 1815 722 1841 quum
735 1815 762 1832 se
775 1806 872 1833 ducem

71 1844 254 1879 praebuisset,
278 1848 308 1870 ut
324 1842 369 1880 [et]
386 1844 440 1870 iam
456 1853 469 1870 a
482 1843 582 1870 fabulis
595 1844 626 1870 ad
640 1844 706 1870 sacta
718 1845 870 1875 veniamus,

71 1882 239 1916 oppressisse
251 1882 372 1916 Longam
383 1881 489 1912 Albam,
504 1881 621 1907 validam
635 1881 728 1907 urbem
741 1887 766 1908 et
778 1887 872 1917 poten-

72 1923 125 1946 tem
135 1918 303 1953 temporibus
316 1917 380 1949 illis,
394 1918 588 1953 Amuliumque
601 1927 691 1955 regem
704 1919 872 1946 interemisse

73 1955 166 1983 fertur.

128 1994 204 2020 111.5.
217 1992 274 2025 Qua
281 1992 365 2029 gloria
376 1996 459 2027 parta,
468 1992 562 2018 urbem
574 1993 711 2027 auspicato
723 1993 836 2019 condere
848 1999 873 2020 et

73 2030 178 2057 firmare
199 2030 300 2057 dicitnr
321 2031 439 2065 primum
460 2030 621 2065 cogitavisse
643 2039 698 2055 rem
723 2030 871 2064 publicam.

72 2068 138 2095 Urbi
154 2072 243 2095 autem
261 2067 362 2098 locum,
385 2066 457 2102 quod
474 2072 514 2094 est
529 2067 566 2097 ei,
584 2067 632 2102 qui
648 2067 804 2093 diuturnam
817 2076 873 2094 rem

72 2105 211 2141 publicam
223 2114 310 2132 serere
317 2109 436 2135 conatur,
445 2104 654 2140 diligentissime
663 2104 871 2139 providendum,

73 2142 228 2169 incredibili
250 2142 448 2177 opportunitate
472 2142 582 2177 delegit.
623 2142 716 2176 Neque
742 2143 814 2168 enim
840 2143 872 2168 ad

73 2189 146 2207 mare
157 2181 290 2211 admovit,
308 2179 380 2215 qnod
394 2181 418 2206 ei
432 2179 483 2206 suit
495 2179 539 2205 illa
551 2187 632 2205 mann
644 2180 785 2214 copiisque
798 2179 874 2205 facil·
902 2190 903 2193 ¹

75 2217 179 2249 limum,
194 2218 260 2244 utin
273 2226 367 2253 agrum
381 2216 540 2243 Rutulorum
553 2216 767 2252 Aboriginuinre
780 2226 874 2251 proce·
895 2220 896 2228 ¹

73 2255 160 2288 deret3
184 2259 229 2281 aut
244 2255 271 2281 in
287 2255 354 2281 ostio
371 2254 511 2285 Tiberine,
534 2262 615 2289 quem
633 2254 659 2280 in
677 2254 763 2280 locuni
780 2254 873 2280 multis

73 2297 134 2328 post
149 2293 227 2319 annis
242 2301 289 2318 rex
305 2293 395 2318 Ancus
411 2291 542 2317 coloniam
558 2291 684 2321 deduxit,
704 2291 798 2318 urbem
817 2292 875 2326 ipse

74 2330 212 2363 conderet,
236 2329 282 2355 sed
301 2329 348 2356 hoc
361 2329 402 2355 vir
413 2328 556 2355 excellenti
569 2328 736 2363 providentia
748 2331 832 2355 sensit
844 2338 874 2355 ae

74 2367 151 2398 vidit,
166 2376 218 2393 non
230 2375 288 2393 esse
299 2367 543 2401 opportunissimos
555 2367 624 2392 situs
637 2366 784 2392 maritimos
797 2366 875 2393 urhi—

73 2405 125 2432 bus
137 2405 263 2439 eiS,qnae
277 2404 309 2430 ad
321 2412 397 2439 spem
410 2403 595 2429 diuturnitatis
607 2403 874 2438 comlcrentnratqun

74 2442 193 2477 imperii.
230 2444 255 2468 6.
278 2442 397 2468 l‘rimnm
418 2441 491 2475 quod
512 2445 602 2466 essent
623 2440 703 2466 urbes
723 2441 874 2467 maritimae

74 2488 127 2506 non
139 2478 226 2505 solnm
239 2479 331 2506 multis
344 2478 472 2514 periculis
483 2478 634 2512 oppositae,
658 2477 704 2503 sed
721 2479 800 2504 etiam
813 2487 874 2505 cae-

73 2517 123 2542 cis.
164 2517 231 2543 Nam
244 2521 310 2543 terra
322 2516 462 2542 continens
474 2515 605 2541 adventus
619 2514 735 2541 hostium
749 2524 799 2541 non
817 2525 874 2542 mo-

73 2553 108 2580 do
123 2558 304 2588 exspectatos,
326 2553 373 2580 sed
389 2553 469 2579 etiam
485 2552 637 2587 repentinos
654 2552 746 2578 multis
764 2552 874 2579 indiciis

73 2595 100 2617 et
110 2591 188 2625 quasi
201 2590 303 2627 fragore
314 2591 431 2626 quodam
443 2595 468 2616 et
479 2591 568 2616 sonitu
582 2590 639 2624 ipso
651 2594 710 2615 ante
721 2589 872 2617 denuntiat.

74 2628 167 2663 Neque
189 2636 251 2655 vero
270 2629 418 2664 quisquam
439 2632 525 2662 potest
546 2627 630 2653 hostis
647 2626 773 2653 advolare
796 2632 872 2659 terra,

74 2666 142 2701 quin
152 2673 214 2692 eum
227 2674 279 2693 non
291 2667 370 2693 modo
381 2673 453 2697 esse,
467 2664 620 2695 sedetiam,
634 2664 696 2700 quis
707 2669 732 2691 et
745 2665 816 2691 nude
828 2666 871 2696 sit,

437 127 467 153 T.
499 126 712 154 CICERON.
743 127 793 153 DE
825 127 1086 154 REPUBLICA
1116 129 1196 155 LIB.
1228 129 1263 155 11.

1295 129 1387 156 CAP.
1422 133 1516 157 4—6.
1655 135 1717 160 ⁴133

919 199 988 224 scire
999 199 1148 233 possimus.
1185 200 1336 227 Maritimus
1348 209 1410 227 vero
1426 201 1470 228 ille
1482 207 1507 228 et
1519 202 1621 228 navalis
1634 203 1718 230 hostis

919 241 978 262 ante
991 236 1086 263 adesse
1098 242 1191 272 potest,
1200 246 1281 272 quam
1289 239 1434 273 quisquam
1446 245 1590 266 venturum
1602 249 1660 267 esse
1672 250 1720 267 su-

919 274 1020 307 spicari
1031 279 1120 308 queat.
1145 275 1199 301 Nec
1210 284 1282 306 vero,
1296 284 1381 310 quum
1395 278 1475 308 venit,
1489 286 1551 312 prae
1562 286 1590 303 se
1603 277 1661 309 sert,
1675 284 1720 305 aut

920 311 967 345 qui
979 311 1029 341 sit,
1043 317 1088 337 ant
1102 312 1174 338 unde
1187 314 1289 343 veniat,
1307 318 1351 339 aut
1362 314 1456 345 etiam,
1470 315 1537 349 quid
1549 315 1626 347 velit3
1642 316 1720 342 deni—

920 356 972 382 que
985 356 1018 373 ne
1031 353 1091 374 nota
1102 349 1213 383 quidem
1227 349 1289 380 ulla,
1303 356 1412 385 pacatus
1424 360 1457 378 an
1470 352 1553 378 hostis
1565 353 1608 383 sit,
1618 352 1721 379 discer-

921 385 949 410 ni
960 393 989 410 ac
1002 385 1117 412 iudicari
1129 391 1224 420 potest.

977 421 1008 449 IV
1044 423 1068 448 7.
1091 424 1137 449 Est
1153 428 1240 450 autem
1257 425 1400 451 maritimis
1418 425 1532 451 urbibus
1544 427 1623 452 etiam
1635 436 1721 462 quae-

921 458 982 484 dam
1006 460 1155 495 corruptela
1176 470 1205 486 ac
1226 461 1372 489 demutatio
1394 472 1512 489 morum:
1537 464 1721 491 admiscentur

921 497 996 522 enim
1008 498 1085 523 novis
1096 498 1267 524 sermonibus
1279 508 1308 525 ac
1319 499 1487 534 disciplinis,
1506 506 1531 527 et
1543 502 1721 535 importantur

922 542 975 560 non
992 542 1094 560 merces
1110 535 1198 561 solum
1213 536 1388 568 adventitiae,
1411 538 1457 563 sed
1474 539 1553 564 etiam
1570 548 1670 569 mores,
1693 544 1721 566 ut

922 571 992 597 nihil
1004 572 1090 605 possit
1102 573 1127 598 in
1139 574 1232 607 patriis
1244 574 1374 600 institutis
1387 584 1492 601 manere
1504 576 1649 611 integrum.
1666 577 1720 602 lain

922 609 971 642 qui
988 609 1108 635 incolunt
1123 618 1167 635 eas
1185 611 1279 641 urbes,
1303 620 1353 637 non
1367 612 1475 638 haerent
1486 614 1512 639 in
1527 614 1584 639 suis
1597 613 1718 644 sedibus,

922 645 970 671 sed
988 646 1090 672 volucri
1107 656 1213 681 semper
1229 657 1275 682 spe
1287 653 1312 674 et
1322 649 1481 684 cogitatione
1495 651 1636 684 rapiuntur
1647 660 1660 677 a
1672 651 1721 677 ‹lo-

923 691 967 708 me
980 682 1099 718 longius:
1123 689 1202 719 atque
1219 686 1298 711 etiam
1314 694 1399 720 quum
1412 693 1519 713 manent
1530 697 1647 722 corpore,
1662 689 1720 714 ani-

924 728 967 745 mo
983 725 1070 746 tamen
1087 727 1233 748 excurrunt
1249 727 1274 748 et
1290 729 1430 757 vagantur.
1474 725 1526 749 Nec
1540 734 1600 750 vero
1613 725 1666 750 ulla
1679 734 1720 751 res

924 758 1010 792 magis
1029 758 1211 785 labefactatam
1228 759 1275 785 diu
1287 765 1312 786 et
1324 761 1513 796 Carthaginem
1525 767 1550 788 et
1561 762 1719 788 Corinthum

923 796 1051 828 pervertit
1063 795 1208 830 aliquando
1217 817 1222 827 ,
1244 806 1325 831 quam
1343 798 1386 823 hie
1402 807 1474 824 error
1487 807 1516 824 ac
1529 799 1669 833 dissipatio
1682 800 1721 825 ei-

924 832 1008 862 vium,
1026 833 1097 867 quod
1111 834 1246 859 mercandi
1258 834 1405 868 cupiditate
1416 840 1440 861 et
1451 836 1596 871 navigandi
1609 841 1633 862 et
1645 845 1721 871 agro-

923 877 983 894 rum
996 874 1020 895 et
1031 878 1166 896 armorum
1178 871 1281 897 cultum
1295 871 1467 906 reliquerant.
1500 875 1524 898 8.
1548 873 1629 899 Multa
1642 875 1720 899 etiam

922 906 956 932 ad
973 906 1109 933 luxuriam
1126 909 1299 934 invitamenta
1317 910 1466 943 perniciosa
1482 910 1638 936 civitatibus
1657 920 1723 945 sup-

923 943 1078 978 peditantur
1089 946 1169 976 mari,
1186 954 1255 980 quae
1267 946 1308 971 vel
1321 947 1464 981 capiuntur
1477 948 1517 973 vel
1531 948 1720 982 importantur:

923 986 1003 1016 atque
1020 981 1100 1008 habet
1114 983 1193 1009 etiam
1209 984 1356 1009 amoenitas
1373 985 1431 1018 ipsa
1444 984 1484 1010 vel
1496 990 1668 1019 sumptuosas
1680 985 1721 1011 vel

923 1018 1073 1045 desidiosas
1087 1020 1227 1046 illecebras
1239 1020 1337 1046 inultas
1348 1021 1537 1055 cupiditatum.
1564 1023 1595 1048 Et
1606 1023 1677 1057 quod
1689 1023 1722 1049 de

923 1055 1050 1082 Corintho
1064 1057 1136 1088 dixi,
1156 1057 1182 1083 id
1200 1058 1272 1084 haud
1288 1059 1343 1084 scio
1355 1067 1387 1084 an
1402 1058 1478 1086 liceat
1489 1059 1521 1085 de
1533 1065 1627 1085 cuncta
1640 1060 1723 1086 Grae-

923 1093 964 1119 cia
977 1094 1118 1120 verissime
1129 1095 1228 1121 dicere.
1271 1096 1336 1121 Nam
1349 1101 1374 1122 et
1387 1097 1444 1130 ipsa
1457 1096 1656 1132 Peloponnesus
1670 1097 1723 1123 sere

923 1135 975 1157 tota
987 1132 1014 1157 in
1028 1133 1095 1157 mari
1107 1136 1159 1165 est3
1177 1141 1225 1158 nec
1237 1138 1342 1167 praeter
1353 1133 1504 1160 Phliuntios
1516 1134 1564 1160 ulli
1576 1139 1647 1164 sunt,
1656 1144 1724 1169 quo-

924 1177 983 1194 rum
994 1170 1051 1204 agri
1063 1178 1114 1195 non
1127 1171 1283 1205 contingant
1294 1179 1380 1196 mare:
1394 1176 1419 1197 et
1429 1176 1502 1197 extra
1511 1171 1723 1206 Peloponnesum

924 1205 1056 1232 Aenianes
1068 1211 1093 1233 et
1105 1207 1185 1233 Dores
1196 1212 1221 1233 et
1233 1207 1344 1242 Dolopes
1356 1207 1406 1233 soli
1418 1208 1516 1235 absunt
1528 1218 1541 1235 a
1554 1210 1630 1235 mari.
1653 1209 1723 1241 Quid

923 1243 1011 1269 dicam
1025 1244 1127 1270 insulas
1139 1244 1285 1271 Graeciae?
1300 1253 1368 1279 qnae
1381 1244 1508 1272 fluctibus
1519 1248 1620 1272 cinctae
1633 1252 1723 1273 natant

923 1289 1006 1315 paene
1024 1282 1097 1316 ipsae
1111 1281 1193 1308 simul
1211 1290 1272 1308 cum
1289 1283 1440 1308 civitatium
1458 1284 1588 1309 institutis
1605 1288 1629 1310 et
1642 1285 1724 1310 mori-

924 1318 985 1344 buS.
1026 1320 1050 1345 9.
1074 1320 1160 1354 Atque
1174 1319 1237 1345 haec
1249 1319 1374 1354 quidem,
1393 1325 1421 1346 ut
1437 1329 1518 1355 supra
1535 1321 1606 1351 dixi,
1626 1322 1723 1347 veteris

923 1361 985 1381 sunt
997 1356 1134 1382 Graeciae.
1176 1357 1365 1383 »Coloniarum
1379 1366 1440 1383 vero
1452 1366 1520 1392 quae
1532 1364 1571 1384 est
1583 1358 1696 1384 deducta
1709 1367 1723 1384 a

924 1393 1013 1419 Graiis
1026 1394 1051 1419 in
1064 1394 1169 1424 Asiam,
1183 1394 1338 1425 Thraciam,
1353 1394 1484 1424 ltaliam«
1505 1395 1634 1425 Siciliam,
1653 1396 1723 1422 Afri-

923 1439 991 1461 cam,
1000 1436 1104 1465 praeter
1117 1440 1196 1457 unam
1205 1432 1380 1467 Magnesiam,
1389 1441 1469 1466 quam
1479 1432 1549 1458 unda
1562 1442 1612 1458 non
1624 1433 1724 1459 alluat?

924 1469 959 1494 lta
981 1468 1156 1495 barbarorum
1173 1470 1244 1504 agris
1261 1470 1338 1504 quasi
1355 1474 1452 1495 attexta
1469 1470 1600 1504 quaedam
1618 1470 1724 1496 videtur

923 1514 966 1531 ora
977 1514 1036 1532 esse
1049 1506 1187 1532 Graeciae.
1223 1507 1288 1532 Nam
1301 1516 1314 1533 e
1327 1507 1447 1533 barbaris
1460 1507 1570 1542 quidem
1583 1508 1649 1542 ipsis
1663 1508 1724 1533 nul-

925 1542 942 1569 li
957 1549 1032 1569 erant
1048 1549 1124 1570 antea
1144 1544 1285 1575 maritimi,
1310 1550 1413 1579 praeter
1429 1545 1555 1571 Etruscos
1570 1551 1594 1571 et
1607 1546 1720 1572 Poenos:

923 1580 998 1607 alteri
1024 1581 1160 1607 mercandi
1186 1590 1295 1612 caussa,
1324 1582 1497 1608 latrocinandi
1524 1582 1609 1608 alteri.
1651 1584 1724 1614 Quae

923 1626 1017 1644 caussa
1040 1619 1183 1653 perspicua
1208 1625 1249 1646 est
1273 1619 1404 1645 malorum
1429 1621 1724 1654 coinmutationnimpic

924 1656 1060 1685 Graeciae,
1076 1661 1184 1691 propter
1195 1666 1224 1683 ea
1237 1657 1300 1683 vitia
1314 1658 1508 1683 maritimarum
1523 1657 1640 1686 urbium,
1654 1666 1723 1692 quae

924 1698 983 1719 ante
1001 1693 1090 1727 paullo
1107 1694 1274 1728 perbreviter
1291 1695 1376 1729 attigi.
1418 1695 1468 1720 Sed
1487 1700 1572 1721 tamen
1586 1695 1612 1720 in
1629 1695 1670 1720 his
1685 1696 1724 1720 ri-

924 1731 968 1757 tiis
981 1732 1050 1757 inest
1063 1731 1106 1757 illa
1121 1740 1216 1767 magna
1223 1732 1399 1758 commoditas
1408 1742 1412 1760 ;
1422 1738 1456 1762 et,
1468 1732 1539 1767 quod
1549 1732 1650 1766 ubique
1658 1742 1725 1765 gen-

925 1769 992 1794 tium
1002 1773 1051 1799 est,
1073 1774 1120 1795 »ut
1132 1769 1164 1795 ad
1175 1778 1232 1795 eam
1247 1769 1349 1799 urbem,
1364 1779 1444 1804 quani
1459 1769 1568 1799 incolas,
1583 1770 1665 1804 possit
1678 1769 1725 1795 ad-

924 1814 986 1831 nare
997 1816 1000 1831 :
1010 1818 1021 1831 ι(
1043 1811 1067 1832 et
1079 1815 1187 1837 rursus,
1202 1812 1230 1833 nt
1243 1806 1283 1838 id,
1300 1807 1371 1841 quod
1384 1808 1441 1842 agri
1452 1807 1560 1833 cll'crant
1573 1808 1629 1837 sni,
1643 1816 1725 1841 quas-

924 1852 1041 1878 cumque
1055 1844 1139 1870 velint
1152 1845 1177 1870 in
1191 1849 1273 1870 terras
1286 1850 1388 1879 portare
1401 1845 1543 1879 possintne
1557 1845 1670 1870 mittere.

979 1881 1010 1907 V.
1040 1883 1079 1908 l0.
1107 1882 1158 1914 Qui
1181 1883 1266 1916 potuit
1292 1883 1374 1917 igitur
1394 1882 1527 1908 divinitus
1548 1888 1573 1908 et
1597 1882 1725 1908 utilitates

924 1919 1066 1953 complecti
1084 1920 1233 1946 maritimas
1250 1919 1379 1947 Romulus
1396 1926 1419 1946 et
1437 1920 1500 1945 vitia
1523 1919 1623 1945 vitare?
1643 1928 1724 1954 quani

924 1957 997 1991 quod
1012 1957 1108 1983 urbem
1125 1959 1260 1993 peremnis
1276 1958 1364 1984 amnis
1379 1963 1402 1983 ct
1415 1957 1565 1991 aequabilis
1577 1962 1601 1982 et
1614 1958 1638 1983 in
1653 1966 1725 1983 mare

926 1993 975 2020 late
988 1993 1125 2021 influentis
1137 1997 1227 2030 posuit
1241 1997 1266 2021 in
1284 1996 1354 2030 ripa,
1372 2004 1425 2030 quo
1442 2000 1531 2030 posset
1546 1994 1610 2020 urbs
1622 2000 1645 2020 et
1657 1995 1726 2020 acci-

925 2040 988 2066 pere
1000 2041 1032 2059 ex
1045 2034 1121 2064 mari,
1138 2042 1191 2068 qno
1203 2039 1301 2068 egeret,
1310 2038 1334 2058 et
1347 2033 1466 2062 reddere,
1481 2042 1534 2067 quo
1547 2032 1722 2058 redundaret:

925 2069 1075 2104 eodemque
1092 2075 1120 2096 ut
1134 2070 1244 2096 flumine
1257 2079 1298 2096 res
1310 2070 1342 2096 ad
1356 2071 1455 2096 victum
1468 2070 1626 2104 cultumque
1639 2070 1725 2095 niaxi-

926 2115 968 2132 me
980 2108 1145 2133 necessarias
1158 2116 1208 2133 non
1221 2107 1308 2133 solnm
1318 2109 1382 2133 mari
1393 2107 1577 2143 [absurba-ret,
1587 2107 1633 2131 sed
1645 2107 1723 2132 etiam

926 2144 1046 2170 invectas
1058 2145 1192 2178 acciperet
1203 2153 1236 2170 ex
1249 2149 1329 2170 terra:
1348 2150 1375 2170 ut
1389 2145 1455 2170 mihi
1471 2145 1522 2170 iani
1536 2150 1591 2170 tuin
1604 2144 1725 2169 divinas-

926 2190 954 2207 se
972 2181 1015 2207 ille
1032 2181 1167 2211 videatur,
1187 2181 1254 2206 hanc
1271 2181 1364 2206 urbem
1381 2181 1472 2207 sedem
1485 2181 1630 2216 aliquando
1641 2186 1664 2206 ct
1677 2180 1724 2206 do-

903 2247 904 2250 ,
928 2227 1002 2244 mum
1018 2227 1125 2244 summo
1146 2227 1204 2244 esse
1227 2218 1340 2252 imperio
1356 2219 1551 2252 praebituram:
1575 2228 1634 2244 nam
1657 2218 1724 2244 hanc

928 2264 1016 2281 reruni
1038 2261 1136 2282 tantam
1159 2256 1302 2290 potentiani
1326 2265 1376 2281 nnn
1401 2255 1483 2281 scrnic
1507 2255 1611 2281 [acilius
1631 2255 1680 2281 alia
1698 2256 1723 2281 in

927 2298 1001 2327 parte
1014 2293 1101 2319 ltaliae
1114 2293 1198 2327 posita
1213 2292 1276 2318 urbs
1290 2297 1377 2318 tencre
1390 2294 1530 2327 potuisset.

984 2331 1025 2356 Vt.
1052 2332 1089 2357 Η.
1113 2330 1192 2356 t'rhis
1204 2335 1292 2356 autem
1306 2330 1392 2364 ipsius
1405 2332 1492 2357 nativa
1505 2330 1647 2364 praesidia,
1661 2330 1724 2363 quis

926 2372 967 2393 est
979 2373 1031 2393 tam
1047 2367 1195 2402 negligens.
1205 2368 1310 2402 quitum
1325 2367 1419 2393 haheat
1431 2369 1520 2393 animo
1533 2372 1617 2392 notat-i
1631 2366 1724 2400 plane-

926 2413 978 2439 que
994 2406 1118 2439 cognita?
1132 2406 1211 2431 cuins
1229 2405 1250 2430 is
1265 2410 1303 2430 cst
1317 2404 1465 2439 trachatjus
1477 2405 1628 2438 ductusque
1641 2404 1720 2433 inuri,

926 2451 1010 2476 quum
1025 2442 1144 2473 Romuli,
1168 2448 1223 2468 tuni
1239 2442 1318 2467 etiam
1332 2441 1496 2476 reliquorum
1511 2450 1602 2474 regum
1615 2442 1723 2475 sapien—

927 2485 960 2505 tia
972 2479 1100 2505 delinitus
1112 2488 1144 2506 ex
1156 2480 1228 2505 omni
1242 2484 1313 2513 parte
1326 2479 1417 2504 arduis
1430 2480 1634 2513 praeruptisque
1647 2488 1723 2504 ninn-

927 2516 1012 2546 tibus,
1035 2518 1080 2542 ut·
1098 2526 1167 2543 unus
1187 2516 1290 2546 aditus,
1313 2517 1359 2550 qui
1376 2522 1445 2542 essct
1467 2522 1534 2542 intcr
1551 2516 1722 2550 Esquilinum

925 2553 1146 2589 Quirinalemque
1159 2559 1288 2583 montem,
1313 2554 1430 2579 inaximo
1445 2562 1540 2587 aggere
1552 2553 1656 2579 obiecto
1670 2553 1723 2579 sos-

926 2600 953 2616 sa
966 2591 1119 2625 cingeretur
1131 2591 1296 2617 vastissima:
1321 2596 1399 2625 atque
1412 2596 1438 2616 ut
1452 2591 1485 2616 ita
1499 2591 1600 2616 inunita
1612 2599 1658 2616 arx
1669 2592 1722 2616 cir-

926 2629 1060 2654 cuiniectu
1073 2629 1156 2655 arduo
1166 2634 1190 2655 et
1202 2629 1279 2663 quasi
1290 2628 1450 2653 circumciso
1462 2637 1526 2654 saxo
1539 2629 1679 2656 niteretur,
1694 2632 1722 2654 ut

926 2667 1007 2692 etiam
1021 2667 1046 2692 in
1060 2666 1104 2692 illa
1117 2670 1272 2701 tempestate
1285 2665 1406 2691 horribili
1419 2665 1516 2692 Gallici
1532 2665 1663 2692 adrentus
1681 2666 1722 2691 in-
