1941 3052
219 134 279 159 «078

215 204 304 234 Quum
319 202 390 228 enim
407 201 570 236 paupertatis
587 209 637 226 una
649 199 796 235 eademque
808 202 841 226 sit
855 201 908 228 vin:
927 209 935 225 r
947 201 1007 226 uid-

216 249 276 266 num
288 240 341 265 ‹tn-i
354 244 447 273 suits-st,
461 237 634 272 quamobrem
647 238 675 263 (Ζ.
690 238 810 263 Fabricio
822 209 968 264 tolerabili-i
977 247 1006 264 ea

217 276 305 305 suerit,
320 276 364 301 ulii
377 280 472 308 ino—gent
483 284 511 299 ιιι·
524 274 590 300 serre
603 275 699 308 inisse?
732 275 773 300 57.
798 275 863 300 lluic
876 275 958 309 igitur
968 275 1007 301 al-

216 315 262 339 teri
275 313 364 346 generi
378 311 475 337 similis
486 316 525 336 est
536 320 565 336 ca
581 312 646 336 ratio
660 311 828 341 consolandi,
846 320 915 346 quae
931 312 1007 339 docet

217 351 331 376 bumana
346 358 417 377 esse.
436 357 504 382 quim
520 348 675 374 acciderint.

215 388 330 412 vonum-t
341 394 369 410 ea
381 386 540 419 disputatio,
564 390 592 411 ut
607 386 786 420 cognitionem
799 386 889 412 all'erat
899 388 1006 421 generis

216 424 338 449 humaui:
360 422 405 448 sod
417 423 552 455 signifieat
564 421 710 448 tolerabilia
727 431 798 453 esse,
815 431 884 457 quae
897 428 922 449 et
937 423 1006 450 tule-

215 462 265 486 rint
281 465 305 486 et
322 459 405 485 serant
420 460 511 485 ceteri.

214 497 289 523 multi
307 497 436 531 patientes
460 505 592 531 pauperes
611 502 867 523 commemorantur:
890 497 923 523 de
941 507 1005 524 con-

213 533 354 560 temnendo
372 533 482 564 bonore;
506 533 583 560 multi
603 533 753 560 inhonorati
773 534 958 569 proferuntur,
980 540 1006 562 et

212 571 321 606 quidem
338 575 444 605 propter
460 570 486 597 id
503 571 592 605 ipsum
609 571 752 597 beatiores:
775 580 935 607 eorumque,
957 573 1004 607 qui

212 609 345 643 privatum
357 609 441 633 otium
454 608 568 643 negotiis
579 608 697 642 publicis
708 608 900 639 antetulerunt.
918 610 1006 636 nomi-

212 646 293 671 natim
307 645 359 671 vita
376 644 511 671 laudatur:
527 654 574 671 nec
585 645 681 672 siletur
693 645 760 672 illud
772 647 951 680 potentissimi
964 655 1005 673 re-

209 683 252 717 gis
263 686 446 716 anapaestum,
459 683 507 716 qui
520 682 609 709 laudat
619 691 720 713 senem,
734 688 759 709 et
771 683 934 710 fortunatum
946 693 1004 710 esse

210 720 284 749 «livit,
298 719 370 754 quod
383 719 514 754 inglorius
525 720 560 746 sit
570 725 650 754 atque
662 720 790 755 ignobilis
801 721 834 747 ad
845 730 1002 756 supremum

210 756 281 782 diem
303 761 491 791 perventurus.
530 757 571 783 58.
594 757 737 788 Similiter,
760 759 1004 785 commemorandis

209 793 356 828 exemptis,
378 793 505 820 orbitates
520 802 628 829 quoque
644 794 789 821 liberorum
805 796 1002 830 praedicantur,

209 839 370 865 eorumque,
386 831 434 866 qui
447 831 558 866 gravius
570 831 671 862 ierunt,
686 831 774 858 luctus
787 832 900 859 aliorum
912 842 1005 860 exem-

209 867 262 903 plis
275 868 421 894 leniuntur.
461 868 504 894 sic
516 869 654 903 perpessio
664 874 812 896 ceterorum
829 869 905 900 facit,
923 876 952 897 ut
962 879 1001 900 ea.

209 913 278 940 quae
290 905 444 936 acciderint,
453 905 537 932 multo
551 907 662 936 minora,
675 915 756 941 quam
769 912 868 942 quanta
880 908 935 934 sint
944 908 1004 934 exi-

208 943 329 972 stimata.
348 942 500 969 videantur.
540 943 576 969 lta
591 943 620 969 tit
634 945 735 970 sensim
751 945 945 979 cogitantibus,
964 950 1001 976 ut,

209 978 339 1014 quamtum
355 980 391 1006 sit
405 980 530 1006 ementita
545 981 651 1015 opinio,
673 986 807 1016 appareat.
848 983 935 1018 Atque
955 982 1004 1009 hoe

210 1016 281 1043 idem
293 1021 319 1043 et
329 1016 437 1043 Telamo
448 1016 493 1043 ille
505 1017 630 1049 declarat,

283 1061 327 1091 e'yo
336 1066 414 1091 quum
423 1060 508 1091 qenai,
524 1057 587 1095 [tum
601 1062 753 1086 moriturum
763 1059 837 1096 scivi]

209 1099 234 1122 ct
245 1094 376 1126 Theseus,

281 1135 384 1165 suturas
394 1141 489 1158 mecum
500 1134 686 1159 commentabar
696 1136 827 1160 miserias:

208 1174 234 1196 et
254 1169 439 1204 Anaxagoras,
465 1169 580 1195 Sciebam
599 1179 637 1196 me
656 1173 771 1204 qenuisse
792 1173 931 1197 mortalem.
971 1172 1003 1199 lli

208 1207 394 1237 cnim'omnes,
408 1206 456 1232 diu
467 1207 614 1242 cogitantes
626 1207 659 1233 ‹le
674 1208 754 1234 rebus
766 1208 907 1239 humanis,
924 1209 1004 1236 intel-

209 1243 341 1277 ligebant,
360 1252 404 1269 eas
420 1252 589 1278 nequaquam
601 1253 649 1279 pro
659 1245 786 1279 opinione
799 1245 873 1281 vulgi
885 1255 944 1272 esse
956 1255 1003 1273 ex-

210 1280 397 1307 timescendas.
438 1281 470 1307 Et
487 1281 554 1307 mihi
568 1281 680 1316 quidem
692 1282 799 1308 videtur
810 1283 881 1309 idem
894 1283 947 1310 sere
959 1293 1003 1310 ac-

208 1317 296 1343 cidere
309 1318 351 1348 iis,
365 1318 484 1352 quiante
496 1318 672 1350 meditantur,
686 1319 758 1354 quod
771 1320 818 1351 iis,
832 1321 934 1355 quibus
946 1329 1003 1348 me-

208 1354 285 1381 detur
300 1354 371 1381 dies:
390 1355 443 1381 nisi
458 1355 530 1390 quod
546 1356 611 1382 ratio
626 1356 758 1391 quaedam
774 1363 850 1384 sanat
861 1358 935 1389 illos,
955 1358 1002 1385 hos

208 1393 265 1426 ipsa
277 1396 379 1422 natura,
392 1391 526 1419 intellecto
537 1401 576 1423 eo.
590 1393 662 1428 quod
674 1393 835 1431 rem[edium
848 1394 926 1432 illud]
938 1404 1003 1422 con-

208 1430 285 1459 tinet,
300 1428 415 1459 malum,
428 1429 500 1464 quod
512 1431 651 1464 opinatum
663 1432 698 1458 sit
707 1439 766 1458 esse
777 1433 941 1464 maximum,
956 1442 1003 1459 ne-

207 1474 343 1501 quaquam
359 1474 418 1492 esse
434 1471 550 1498 tantum,
567 1472 596 1494 ut
611 1468 694 1494 vitam
710 1469 814 1496 beatam
830 1471 915 1504 possit
925 1479 1003 1496 ever-

208 1509 271 1529 tere.
311 1505 353 1530 59.
376 1504 429 1529 lloc
444 1504 527 1539 igitur
541 1504 670 1536 efficitur.
691 1511 720 1532 ut
735 1515 768 1533 ex
784 1506 829 1533 illo
845 1509 1002 1542 necopinato

207 1540 284 1576 plaga
297 1541 380 1566 maior
389 1541 438 1571 sit,
456 1550 507 1567 non
520 1546 549 1568 ut
560 1541 600 1568 illi
612 1547 719 1577 putant,
737 1548 779 1574 ut,
797 1552 882 1578 quum
894 1545 1002 1571 duobus

206 1586 283 1612 pares
295 1586 373 1604 casus
385 1579 537 1609 evenerint,
553 1579 576 1605 is
589 1579 668 1606 modo
679 1581 848 1616 aegritudine
859 1581 1000 1614 afficiatur,

206 1615 250 1640 cui
266 1614 310 1641 ille
327 1616 484 1650 necopinato
501 1624 580 1642 casus
595 1618 725 1644 evenerit.
765 1619 856 1653 Itaque
875 1619 1002 1646 dicuntur

207 1651 329 1678 nonnulli
346 1653 373 1678 in
390 1661 522 1684 maerore,
543 1662 629 1688 quum
646 1654 679 1680 de
695 1655 744 1681 hac
759 1657 897 1682 communi
913 1656 1002 1683 homi-

207 1697 272 1715 num
283 1689 434 1716 conditione
446 1690 624 1722 audivissent,
637 1699 667 1718 ea
680 1691 737 1727 lege
749 1701 808 1719 esse
819 1701 867 1719 nos
879 1698 963 1725 natOS,
972 1699 1002 1721 ut

207 1734 284 1752 nemo
296 1727 322 1752 in
334 1731 494 1761 perpetuum
506 1736 564 1754 esse
579 1733 669 1763 posset
684 1737 781 1764 expers
796 1730 874 1762 mali,
889 1732 1001 1766 gravius

206 1763 286 1789 etiam
303 1764 407 1791 tulisse.
447 1764 533 1791 XXV.
555 1765 684 1797 Quocirca
696 1766 860 1798 Carneades,
878 1773 907 1794 ut
922 1768 1002 1795 video

207 1805 327 1827 nostrum
342 1801 460 1828 scribere
471 1802 647 1834 Antiochum,
665 1803 861 1838 reprehendere
870 1805 1002 1841 Chrysip-

206 1846 271 1871 pum
283 1837 394 1870 solebat,
410 1838 564 1866 laudantem
575 1840 754 1875 Euripideum
765 1849 872 1868 carmen
884 1841 963 1874 illud,

243 1892 365 1918 Mortalis
375 1901 446 1919 nemo
456 1898 502 1924 est,
514 1897 587 1927 que'm
597 1902 648 1920 non
657 1897 761 1928 attinqit
771 1897 853 1926 dolor,

242 1930 394 1963 morbusque
399 1940 407 1962 ;
418 1930 523 1956 multis*
533 1933 592 1957 sunt
603 1932 726 1958 humandi
737 1933 818 1962 liberi,

242 1969 346 1992 rursum
357 1969 477 1992 creandi:
486 1969 603 2001 marsque
613 1972 649 1994 est
659 1970 731 2002 finita
742 1971 857 1996 omnibus
862 1980 871 2002 ;

242 2011 308 2036 quae
317 2006 403 2036 generi
413 2005 524 2030 humano
533 2007 653 2038 angorem
663 2008 834 2040 nequidquam
844 2009 968 2041 afferunt.

242 2040 378 2066 Reddenda
386 2045 421 2066 est
433 2045 517 2067 terrae
527 2044 597 2068 te'rra
604 2052 611 2067 :
623 2047 675 2068 tum
685 2045 738 2069 vita
749 2045 864 2070 omnibus

241 2079 364 2108 metenda,
379 2082 407 2103 ut
417 2080 511 2112 fruges.
551 2079 595 2105 Sic
606 2081 673 2106 iubet
684 2080 835 2107 Necessitas.

205 2130 247 2156 60.
270 2130 390 2165 Negabat
404 2139 491 2167 genus
507 2131 557 2159 hoc
571 2133 699 2159 orationis
719 2134 870 2169 quidquam
890 2136 1001 2162 omnino

205 2166 238 2193 ad
251 2166 392 2194 levandam
403 2169 600 2204 aegritudinem
611 2171 754 2205 pertinere.
785 2172 814 2198 Id
825 2173 898 2199 enim
910 2174 999 2208 ipsum

205 2203 351 2230 dolendum
365 2213 424 2231 esse
436 2206 554 2237 dicebat,
568 2207 640 2242 quod
652 2208 680 2234 in
692 2213 745 2234 tam
756 2209 894 2236 crudelem
906 2219 1001 2237 neces-

205 2241 310 2268 sitatem
322 2242 523 2270 incidissemus.
564 2244 630 2270 Nam
646 2244 720 2271 illam
730 2246 841 2280 quidem
852 2248 1000 2274 orationem

205 2286 238 2304 ex
249 2281 500 2307 commemoratione
511 2280 658 2308 alienorum
671 2282 801 2310 malorum
809 2284 842 2310 ad
853 2284 1000 2312 malevolos

205 2316 380 2343 consolandos
397 2325 456 2344 esse
471 2319 707 2346 accommodatam.
747 2321 813 2347 Mihi
834 2330 898 2348 vero
921 2322 999 2358 longe

206 2352 312 2379 videtur
321 2362 409 2380 secus.
450 2355 516 2382 Nam
531 2360 556 2382 et
570 2357 716 2383 necessitas
731 2357 856 2384 ferendae
867 2359 1001 2386 conditio-

206 2389 248 2415 nis
260 2389 391 2418 humanae
403 2393 482 2426 quasi
491 2401 554 2419 cum
564 2393 614 2420 deo
625 2402 746 2430 pugnare
759 2395 893 2429 prohibet,
907 2396 1001 2423 admo—

207 2430 304 2460 netque
323 2436 382 2454 esse
403 2429 554 2456 hominem:
575 2439 645 2465 quae
665 2432 790 2467 cogitatio
806 2441 904 2468 magno
918 2442 1000 2468 opere

208 2461 308 2489 luctum
321 2464 403 2492 levat:
415 2471 442 2493 et
452 2468 617 2494 enumeratio
627 2468 822 2503 exemplorum.
836 2479 889 2496 non
900 2475 930 2497 ut
941 2471 1000 2497 ani-

208 2506 282 2525 mum
294 2501 486 2530 malevolorum
496 2504 622 2535 oblectet,
636 2505 758 2536 affertur,
774 2507 822 2532 sed
833 2512 863 2533 ut
873 2507 919 2534 ille
928 2528 934 2539 ,
951 2508 1000 2543 qui

208 2542 316 2567 maeret,
330 2537 468 2567 ferendum
480 2541 535 2567 sihi
546 2541 572 2568 id
584 2547 699 2573 censeat,
714 2543 786 2577 quod
798 2544 889 2571 videat
900 2544 1000 2571 multos

209 2572 341 2613 moderate
358 2580 382 2601 et
400 2578 543 2613 tranquille
564 2578 670 2606 tulisse.
709 2581 751 2606 Gt.
772 2580 907 2607 Omnibus
927 2583 1000 2608 enim

209 2608 295 2634 modis
308 2609 435 2640 fulciendi
449 2620 524 2646 sunt,
545 2616 594 2650 qui
607 2620 703 2647 ruunt,
725 2625 774 2643 nec
784 2618 926 2645 cohaerere
936 2627 1000 2654 pos-

208 2650 272 2672 sunt
290 2652 397 2682 propter
418 2652 632 2687 magnitudinem
655 2654 844 2690 aegritudinis.
882 2656 923 2683 Ex
946 2664 1001 2691 quo

1034 336 1035 346 ἵ
1057 321 1151 338 mussa
1163 313 1352 345 aegritudinis.

716 349 772 374 Non
789 349 862 374 enim
879 348 966 375 solum
979 350 1005 376 id
1026 365 1027 374 ι

800 133 854 157 ΗΒ.
887 131 921 157 Μ.
953 131 984 158 Τ.
1015 131 1286 158 (nonnosus

1060 202 1144 236 ipsam
1156 202 1351 235 aegritudinem
1364 202 1628 239 tdnqrctirysippua.
1641 205 1718 239 qna-i
1731 204 1811 233 λύσιν,
1826 204 1851 231 id

1058 244 1098 264 est
1124 238 1284 264 solutionem
1312 240 1392 265 totius
1418 240 1548 269 bominis,
1581 242 1740 276 appellatam
1766 247 1849 276 putat.

1057 277 1129 307 Quae
1142 280 1192 301 tota
1205 277 1300 310 iuuerit
1314 276 1407 304 evelli.
1425 277 1569 311 explicata.
1590 284 1616 304 ut
1633 280 1766 314 princ-ipio
1781 279 1849 307 dixi.

1393 314 1438 340 list
1450 315 1521 340 enim
1535 316 1606 341 nulla
1618 315 1678 345 alia,
1697 318 1747 342 niel
1760 317 1852 351 opinio

1057 355 1082 375 et
1104 350 1234 376 iudicium
1257 351 1346 383 mag-'ni
1367 353 1515 385 praesentis
1535 357 1615 387 atque
1635 355 1754 387 iurgi-utin
1776 353 1849 379 mali.

1058 388 1148 421 ltaque
1159 392 1185 413 et
1195 386 1270 413 dolor
1280 389 1399 422 corporis
1408 409 1413 417 ,
1431 389 1509 414 cuius
1525 395 1563 415 eut
1577 399 1681 416 morsus
1693 391 1849 419 acerrimus,

553 459 638 485 xxw
676 460 695 485 1)
1026 434 1035 453 ι,
1057 423 1190 458 perfertur
1205 433 1251 458 spe
1267 426 1400 459 proposita
1414 425 1489 452 boni:
1513 432 1538 452 et
1550 433 1605 452 aeta
1617 433 1687 453 aetas
1700 428 1808 453 honeste
1821 435 1851 453 ac

644 481 648 485 .
697 469 710 485 e
726 465 881 494 paupertate
901 462 1002 496 agitur;
1033 463 1035 473 ¹

1057 461 1209 495 splendide,
1224 467 1321 487 tantam
1333 462 1407 488 affert
1417 463 1635 494 consolationem,
1650 470 1677 490 ut
1688 474 1742 492 eos.
1755 466 1802 500 qui
1816 465 1850 490 ita

1058 499 1187 528 vixerint,
1215 504 1259 524 aut
1285 508 1335 525 non
1355 500 1467 535 attingat
1486 501 1624 536 aegritudo
1643 507 1689 528 aut
1709 502 1851 536 perleviter

1057 540 1159 570 pungat
1170 536 1252 561 animi
1265 536 1348 562 dolor.

1112 573 1208 599 xxvi.
1230 573 1282 599 Sed
1298 573 1330 599 ad
1344 573 1411 599 hanc
1421 574 1575 608 opinionem
1588 575 1677 609 magni
1691 574 1753 600 mali
1765 584 1849 609 quum

1058 609 1102 636 illa
1114 610 1194 636 etiam
1205 611 1297 645 opinio
1308 611 1428 640 accessit,
1437 616 1566 646 oportere,
1577 617 1677 638 rectum
1689 620 1757 641 esse.
1766 612 1798 637 ad
1809 611 1851 638 of-

1057 648 1147 673 ficium
1170 649 1315 682 pertinere,
1340 647 1406 674 serre
1424 648 1490 674 illud
1527 649 1692 684 aegre-,quod
1709 649 1848 675 acciderit:

1057 689 1112 710 tum
1129 684 1246 719 denique
1261 685 1378 711 eflicitur
1395 685 1438 711 illa
1454 686 1546 721 gravis
1557 686 1734 721 aegritudinis
1746 691 1850 721 pertur-

1057 721 1137 748 batio.
1177 724 1219 748 62.
1235 723 1275 748 Ex
1288 722 1336 748 hac
1347 723 1473 757 opinione
1485 728 1547 749 sunt
1560 723 1604 749 illa
1616 724 1687 749 varia
1699 728 1724 749 et
1734 723 1851 749 detesta-

1057 759 1121 785 bilia
1137 768 1233 793 genera
1251 759 1374 795 lugendi,
1393 760 1535 794 paedoreS,
1552 761 1698 787 muliebres
1713 760 1851 787 laceratio-

1056 805 1103 822 nes
1116 805 1260 832 genarum,
1277 797 1404 831 pectoris,
1424 797 1568 827 feminum,
1586 799 1682 832 capitis
1698 799 1850 832 percussio-

1057 842 1114 859 nes.
1155 834 1221 860 Hinc
1234 834 1278 859 ille
1292 835 1458 869 Agamemno
1468 835 1624 861 Homericus
1636 840 1662 862 et
1673 835 1744 861 idem
1756 835 1850 862 Accia-

1057 879 1116 898 nuS.

1091 910 1208 934 scindens
1218 910 1304 934 dolore
1315 910 1455 934 idemtidem
1467 912 1593 935 unionum
1605 918 1709 935 comam.

1056 945 1082 971 ln
1095 953 1148 980 quo
1159 944 1273 971 facetum
1287 945 1353 971 illud
1366 946 1466 975 Bionis.
1483 946 1593 980 perinde
1604 946 1795 972 stultissimum
1809 953 1851 972 re-

1054 991 1116 1017 gem
1135 983 1162 1008 in
1186 982 1257 1008 luctu
1274 983 1402 1017 capillum
1418 983 1472 1009 sibi
1491 983 1619 1014 evellere,
1642 984 1720 1018 quasi
1741 983 1850 1009 calvitio

1056 1028 1159 1046 maeror
1174 1019 1316 1046 levaretur.
1356 1022 1397 1046 63.
1419 1020 1470 1046 Sed
1484 1021 1548 1046 baec
1559 1021 1647 1047 omnia
1661 1020 1774 1050 iaciunt,
1790 1020 1851 1054 opi-

1056 1062 1149 1083 nantes
1165 1057 1199 1083 ita
1217 1057 1272 1083 sieri
1288 1062 1418 1091 oportere.
1461 1058 1550 1092 ltaque
1566 1063 1592 1084 et
1603 1058 1749 1084 Aeschines
1761 1058 1787 1083 in
1800 1057 1851 1083 De-

1056 1094 1222 1120 mosthenem
1237 1095 1388 1124 invehitur,
1405 1095 1478 1129 quod
1491 1097 1514 1121 is
1525 1096 1639 1130 septimo
1655 1095 1698 1120 die
1709 1100 1768 1129 post
1780 1093 1850 1120 filiae

1057 1136 1168 1157 mortem
1189 1131 1290 1158 hostias
1310 1131 1514 1158 immolavisset.
1548 1133 1581 1158 At
1601 1141 1682 1167 quam
1704 1131 1848 1158 rhetorice!

1055 1177 1136 1203 quam
1151 1169 1272 1203 copiose!
1297 1177 1365 1203 quas
1380 1170 1526 1195 sententias
1541 1169 1656 1205 colligit!
1678 1177 1748 1204 quae
1768 1168 1850 1195 verba

1055 1207 1224 1241 contorquet!
1239 1211 1268 1232 ut
1280 1205 1359 1232 licere
1370 1206 1482 1241 quidvis
1493 1207 1591 1233 rhetori
1604 1206 1749 1242 intelligas.
1775 1206 1850 1238 Quae

1056 1251 1133 1269 nemo
1149 1243 1285 1278 probaret,
1309 1244 1361 1270 nisi
1378 1244 1489 1270 insitum
1506 1243 1574 1270 illud
1588 1244 1614 1270 in
1627 1244 1725 1270 animis
1738 1243 1850 1269 habere-

1055 1289 1129 1311 muS‚
1146 1289 1240 1307 omnes
1255 1281 1338 1307 bonos
1353 1281 1461 1307 interitu
1473 1289 1584 1307 suorum
1595 1290 1675 1316 quam
1688 1281 1849 1317 gravissime

1055 1326 1171 1344 maerere
1183 1323 1313 1352 oportere.
1351 1318 1391 1344 Ex
1404 1318 1453 1344 boc
1464 1319 1562 1350 evenit,
1576 1319 1643 1345 utin
1655 1319 1738 1345 animi
1749 1317 1850 1344 dolori-

1055 1355 1106 1381 bus
1117 1355 1163 1381 alii
1179 1355 1340 1382 solitudines
1355 1360 1474 1390 captent,
1492 1361 1522 1382 ut
1531 1357 1568 1382 ait
1579 1356 1708 1383 Homerus
1719 1355 1752 1382 de
1764 1354 1850 1381 Belle-

1054 1393 1192 1427 rophonte,

1091 1433 1136 1463 qui
1147 1432 1224 1456 miser
1233 1433 1259 1456 in
1271 1432 1368 1463 campis
1378 1438 1493 1457 maerens
1503 1431 1608 1457 mahat
1618 1432 1694 1459 Aleis,

1091 1470 1144 1500 ipse
1153 1476 1227 1493 suum
1238 1476 1282 1493 cor
1292 1469 1374 1494 edens.
1388 1469 1516 1493 hominum
1526 1470 1633 1501 restiyt‘a
1643 1470 1741 1494 vitans.-

1054 1508 1079 1530 et
1089 1504 1173 1530 Nioba
1186 1504 1297 1540 fingitur
1308 1503 1422 1539 lapidea.
1436 1510 1543 1540 propter
1553 1510 1690 1531 aeternum
1699 1525 1705 1535 ,
1718 1503 1806 1532 credo.
1820 1504 1847 1530 in

1055 1541 1127 1568 luctu
1139 1541 1288 1568 silentium.
1320 1541 1456 1568 Hecubam
1468 1547 1556 1569 autem
1569 1547 1663 1577 putant
1673 1546 1781 1576 propter
1791 1541 1850 1567 ani-

1054 1579 1091 1604 mi
1112 1578 1283 1605 acerbitatem
1299 1579 1446 1614 quamdam
1466 1584 1491 1605 et
1513 1579 1614 1605 rabiem
1630 1579 1695 1615 fingi
1712 1580 1739 1605 in
1753 1586 1848 1605 canem

1053 1624 1112 1642 esse
1123 1624 1291 1642 conversam.
1331 1615 1400 1642 Sunt
1410 1621 1499 1643 autem
1511 1616 1566 1646 alii,
1582 1625 1651 1652 quos
1662 1617 1689 1643 in
1702 1616 1775 1643 luctu
1785 1623 1848 1642 cum

1055 1654 1112 1688 ipsa
1127 1652 1274 1679 solitudine
1289 1652 1362 1688 loqui
1379 1661 1458 1688 saepe
1469 1653 1597 1685 delectat,
1615 1653 1699 1680 utilia
1711 1652 1782 1689 apud
1793 1653 1848 1679 En-

1054 1691 1130 1716 nium
1144 1690 1248 1716 nutrix:

1110 1727 1207 1760 Cupido
1218 1731 1283 1760 cept!
1294 1727 1413 1753 miseram
1423 1735 1492 1754 nunc
1501 1736 1547 1758 me,
1558 1729 1677 1761 praloqui

1109 1766 1179 1790 caelo
1191 1767 1268 1797 atque
1279 1769 1363 1790 terrae
1373 1765 1473 1790 Medeai
1482 1767 1610 1791 miserias.

1053 1801 1162 1827 xxva.
1184 1802 1226 1827 64.
1248 1801 1317 1827 Haec
1329 1802 1419 1827 omnia
1430 1806 1510 1833 recta,
1523 1810 1594 1831 vera,
1610 1801 1699 1828 debita
1711 1806 1845 1836 putantes,

1053 1837 1155 1864 iaciunt
1166 1839 1192 1864 in
1205 1837 1308 1864 dolore:
1325 1839 1497 1874 maximeque
1510 1838 1640 1869 declarat,
1657 1838 1708 1865 hoc
1718 1839 1797 1874 quasi
1807 1837 1849 1865 of-

1053 1875 1106 1901 licii
1119 1875 1220 1902 iudicio
1231 1875 1299 1902 fieri.
1328 1875 1404 1907 Quod
1416 1876 1499 1911 siqui
1511 1875 1586 1907 sorte,
1598 1884 1684 1911 quum
1695 1884 1723 1902 se
1734 1876 1761 1902 in
1775 1875 1847 1902 luctu

1052 1921 1111 1939 esse
1118 1912 1225 1943 vellent,
1234 1912 1337 1948 aliquid
1349 1912 1469 1939 fecerunt
1479 1913 1635 1944 humanius,
1644 1917 1690 1940 aut
1699 1913 1724 1939 si
1734 1912 1848 1939 hilarius

1053 1949 1134 1976 locuti
1146 1955 1222 1980 sunt,
1240 1955 1365 1976 revocant
1375 1959 1404 1976 se
1415 1959 1509 1977 rursus
1519 1950 1553 1977 ad
1565 1951 1726 1977 maestitiam
1734 1970 1740 1981 ,
1753 1957 1848 1985 pecca-

1053 1987 1127 2022 tique
1137 1995 1166 2013 se
1178 1987 1346 2018 insimulant,
1361 1987 1433 2022 quod
1444 1987 1534 2014 dolere
1545 1988 1747 2014 intermiserint.
1778 1987 1848 2014 Pue-

1053 2033 1095 2050 ros
1107 2033 1170 2051 vero
1181 2030 1278 2051 matres
1289 2029 1315 2051 et
1325 2025 1448 2060 magistri
1459 2030 1589 2061 castigare
1599 2026 1679 2052 etiam
1690 2024 1785 2055 solent,
1798 2031 1848 2051 nec

1052 2061 1143 2088 verbis
1154 2061 1252 2092 solum,
1265 2061 1312 2088 sed
1323 2062 1404 2088 etiam
1415 2062 1574 2089 verberibus
1582 2083 1588 2093 ,
1603 2061 1705 2097 siquid
1716 2062 1743 2088 in
1754 2061 1848 2088 dome-

1052 2099 1119 2125 stico
1131 2098 1203 2125 luctu
1219 2099 1333 2125 hilarius
1345 2099 1378 2125 ab
1392 2099 1426 2125 iis
1437 2098 1536 2126 factum
1547 2104 1588 2126 est
1598 2104 1644 2126 aut
1653 2099 1770 2125 dictum:
1788 2098 1848 2134 plo-

1052 2144 1109 2162 rare
1124 2140 1233 2172 cogunt.
1273 2135 1363 2168 Quid?
1382 2137 1441 2171 ipsa
1456 2137 1580 2163 remissio
1600 2136 1688 2163 luctus
1702 2144 1787 2172 quum
1807 2139 1848 2162 est

1051 2178 1207 2204 consecuta,
1234 2173 1456 2209 intellectumque
1479 2173 1547 2200 nihil
1571 2173 1665 2208 profici
1692 2171 1844 2201 maerendo.

1052 2219 1139 2237 nonne
1154 2219 1196 2236 res
1212 2209 1342 2241 declarat,
1359 2210 1444 2237 fuisse
1459 2215 1542 2237 totum
1557 2210 1627 2237 illud
1646 2208 1848 2237 voluntarium?

1051 2249 1093 2274 65.
1115 2247 1186 2280 Quid
1207 2247 1252 2273 ille
1273 2248 1449 2274 Terentianus
1469 2248 1528 2283 ipse
1543 2256 1572 2274 se
1590 2248 1733 2283 poeniens,
1758 2246 1787 2273 id
1806 2250 1847 2272 est

1050 2285 1145 2312 ἑαυτὸν
1154 2284 1364 2321 τιμωρούμενοςῖ

1106 2322 1221 2352 Decrevi,
1233 2325 1358 2355 tantispe'r
1368 2330 1406 2347 me
1415 2324 1500 2348 minus
1509 2324 1630 2352 iniuriae,

1108 2359 1218 2387 Chreme,
1231 2368 1284 2385 meo
1297 2364 1375 2392 ynato
1382 2361 1477 2392 facere,
1491 2361 1552 2385 dum
1561 2360 1621 2392 fiam
1631 2360 1713 2387 miser,

1050 2396 1099 2422 Hic
1113 2395 1246 2427 decernit,
1269 2401 1299 2422 ut
1313 2397 1396 2422 miser
1408 2397 1454 2423 sit.
1493 2397 1564 2422 Num
1578 2396 1642 2431 quis
1661 2394 1746 2430 igitur
1763 2393 1847 2430 quid-

1050 2441 1132 2468 quam
1141 2433 1261 2460 decernit
1272 2432 1393 2459 invitus?

1106 2471 1177 2497 Malo'
1186 2473 1288 2504 quidem
1298 2479 1335 2496 me
1345 2473 1435 2503 quovis
1443 2472 1549 2503 diqnum
1558 2471 1680 2502 deputeris.

1050 2507 1119 2534 Malo
1134 2516 1163 2533 se
1178 2507 1293 2543 dignum
1309 2507 1432 2542 deputat,
1449 2507 1503 2533 nisi
1518 2506 1601 2532 miser
1614 2504 1668 2532 sit?
1686 2503 1766 2531 Vides
1780 2512 1844 2540 ergo

1049 2545 1186 2579 opinionis
1199 2553 1268 2575 esse,
1281 2553 1333 2571 non
1345 2550 1462 2574 naturae,
1476 2542 1588 2569 malum.
1627 2541 1708 2574 Quid,
1721 2550 1790 2576 quos
1801 2549 1843 2568 res

1050 2582 1108 2616 ipsa
1124 2581 1215 2617 lugere.
1230 2580 1372 2617 prohibet?
1386 2586 1416 2607 ut
1430 2580 1502 2615 apud
1516 2580 1660 2607 Homerum
1670 2578 1843 2615 quotidianae

1051 2627 1130 2645 neces
1150 2619 1329 2653 interitusque
1349 2617 1495 2645 multorum
1514 2617 1680 2645 sedationem
1705 2615 1844 2643 maerendi

1050 2655 1177 2682 afferunt:
1189 2656 1262 2691 apud
1271 2663 1354 2691 quem
1364 2656 1399 2684 ita
1408 2655 1522 2682 dicitur:
