1941 3052
426 148 612 176 ORATIO
644 148 735 175 PRO
768 149 797 175 L.

71 222 144 248 titur.
184 219 285 246 Deinde
300 224 386 246 vestra
402 228 530 254 responsa
545 224 626 255 atque
640 219 744 247 decreta
755 224 781 246 et
792 229 869 246 ever-

71 262 164 285 tuntur
174 266 254 292 saepe
264 257 390 288 dicundo,
400 262 425 283 et
435 258 493 284 sine
503 257 659 284 defensione
669 258 780 284 oratoris
792 258 868 283 firma

71 304 129 322 esse
141 303 193 321 uon
206 299 331 330 possunt:
345 295 372 321 in
384 303 437 329 qua
449 296 472 321 si
483 296 548 321 satis
559 295 746 330 profecissem,
760 295 868 330 parcius

70 333 104 360 de
114 333 173 359 eius
185 332 263 358 laude
273 332 403 358 dicerem:
420 341 492 359 nunc
503 332 570 359 nihil
581 332 615 359 de
626 341 670 359 me
680 333 739 359 dico
747 353 753 364 ,
771 332 820 359 sed
836 332 869 358 de

70 371 112 401 iis,
125 370 213 404 quiin
224 369 337 396 dicendo
348 370 439 405 magui
450 375 514 396 sunt
524 375 570 397 aut
580 370 698 397 fuerunt.

125 407 196 434 XIV.
209 409 250 434 30.
266 407 339 433 Duae
350 412 413 433 sunt
424 412 502 438 artes,
519 416 588 442 quae
600 412 713 442 possunt
725 407 810 434 locare
820 406 870 433 ho-

72 445 158 472 mines
168 445 196 471 in
208 444 378 479 amplissimo
388 444 474 480 gradu
484 445 638 480 dignitatis:
661 454 714 471 una
726 445 870 479 imperato-

70 483 116 514 ris,
133 482 213 508 altera
224 482 334 508 oratoris
346 482 423 509 boni:
440 482 473 508 ab
485 482 535 508 hoc
545 483 617 509 enim
630 483 702 517 pacis
715 486 869 508 ornamenta

70 520 231 550 retinentur.
245 519 278 545 ab
289 519 336 546 illo
348 519 412 545 belli
423 520 542 554 pericula
553 520 730 554 repelluntur.
762 519 869 546 Ceterae

71 562 159 584 tamen
176 558 287 584 virtutes
303 557 377 591 ipsae
392 565 439 591 per
454 566 483 583 se
499 557 615 584 multum
627 557 729 587 valent,
754 557 866 587 iustitia,

71 595 150 626 fides,
164 595 263 630 pudor,
275 595 462 629 temperantia:
477 595 578 629 quibus
590 599 628 625 te,
641 595 726 625 Servi,
740 594 870 620 excellere

69 641 164 660 omnes
185 632 353 667 intelligunt:
376 631 424 658 sed
439 641 511 658 nunc
526 632 559 658 de
574 632 672 658 studiis
688 631 722 658 ad
741 631 868 658 honorem

69 670 223 705 dispositis,
251 678 304 696 non
324 669 357 695 de
378 670 457 695 insita
477 669 610 704 cuiusque
631 671 730 696 virtute
748 669 866 703 disputo.

69 708 166 734 Omnia
183 708 232 734 ista
247 707 324 733 nobis
339 706 428 733 studia
443 706 476 732 de
491 707 616 733 manibus
627 707 814 737 excutiuntur,
831 707 869 732 si-

70 745 126 771 mul
142 749 222 779 atque
237 744 336 779 aliquis
351 748 441 770 motus
456 752 542 770 novus
557 744 686 770 bellicum
701 752 795 770 canere
809 752 870 769 coe—

70 783 118 817 pit.
158 782 278 812 Etenim,
297 786 326 808 ut
340 782 377 808 ait
391 782 548 816 ingeniosus
564 786 641 817 poeta
653 787 678 808 et
689 786 780 808 auctor
792 781 868 807 valde
890 786 892 815 1,

71 820 166 850 bonus,
180 819 288 854 praeliis
299 818 476 854 promulgatis

125 857 233 883 Pellitur
243 866 256 882 e
266 859 348 882 medio

69 903 122 922 non
137 893 226 921 solum
242 895 293 920 ista
308 898 396 920 vestra
412 893 524 920 verbosa
541 893 679 920 simulatio
699 893 866 929 prudentiae,

70 932 117 959 sed
127 932 207 958 etiam
218 932 278 967 ipsa
288 931 335 958 illa
345 931 453 958 domina
464 940 554 957 rerum

380 971 522 1002 sapientia:
537 971 563 995 vi
572 972 672 1002 geritur
682 977 736 1001 νη,-

123 1007 262 1040 Spernitur
272 1011 369 1037 orator,

70 1053 121 1071 non
133 1044 221 1071 solum
232 1043 343 1071 odiosus
354 1045 382 1070 in
393 1043 507 1070 dicendo
517 1052 548 1070 ac
559 1043 667 1079 loquax,
681 1052 776 1070 verum
788 1044 868 1070 etiam

379 1083 472 1108 bonus:
483 1083 598 1108 horriclu'
610 1083 682 1108 miles
693 1086 811 1108 amatur:

70 1123 189 1146 vestrum
201 1127 263 1146 vero
274 1119 396 1146 studium
407 1123 492 1146 totum
505 1120 581 1145 iacet.

106 1157 164 1184 Non
175 1166 208 1183 ex
218 1159 275 1184 iure
285 1166 363 1184 manu
375 1161 525 1188 consertum,
537 1159 582 1183 sed
592 1165 664 1190 maye
674 1159 752 1191 ferro,
767 1156 865 1192 inquit,

107 1195 166 1221 Rem
176 1199 302 1228 repetunt.

68 1231 146 1265 Quod
156 1232 180 1259 si
190 1232 226 1258 ita
237 1236 289 1263 est,
306 1231 395 1263 cedat.
413 1232 521 1267 opinor,
535 1231 649 1266 Sulpici,
663 1231 750 1258 forum
762 1231 865 1263 castris,

68 1270 153 1297 otium
165 1269 284 1301 militiae,
301 1269 381 1296 stilus
392 1269 490 1305 gladio,
509 1269 604 1296 umbra
615 1269 680 1296 soli:
703 1270 739 1296 sit
749 1269 868 1304 denique

68 1308 96 1334 in
111 1307 219 1334 civitate
229 1315 260 1333 ea
270 1307 355 1342 prima
367 1316 422 1338 res,
441 1311 548 1342 propter
560 1315 642 1342 quam
654 1307 711 1342 ipsa
723 1311 762 1333 est
773 1307 867 1333 civitas

68 1345 190 1372 omnium
203 1345 335 1379 princeps.
375 1346 417 1370 31.
430 1345 529 1371 Verum
541 1344 606 1371 haec
617 1344 680 1371 Cato
691 1344 807 1370 nimium
820 1353 867 1370 nos

69 1383 167 1409 nostris
179 1382 268 1408 verbis
281 1390 376 1417 magna
388 1381 473 1408 facere
483 1381 660 1413 demonstrat,
678 1386 704 1408 et
717 1381 814 1408 oblitos
826 1390 869 1407 es-

68 1428 106 1451 se,
120 1419 222 1446 bellum
234 1419 302 1446 illud
313 1427 392 1446 omne
402 1419 613 1446 Mithridaticum
625 1428 687 1446 cum
700 1419 867 1446 mulierculis

68 1466 127 1484 esse
138 1461 256 1493 gestum.
278 1456 355 1489 Quod
366 1465 414 1493 ego
427 1456 504 1493 louge
514 1465 593 1483 secus
604 1457 738 1487 existimo,
751 1456 865 1483 iudices:

67 1495 156 1530 deque
166 1503 198 1521 eo
208 1503 292 1529 pauca
303 1494 443 1521 disseram.
485 1495 578 1530 Neque
589 1495 660 1521 enim
672 1503 767 1521 caussa
779 1495 806 1521 in
819 1494 869 1521 hoc

67 1533 228 1559 continetur.

124 1571 192 1596 Nam
209 1570 233 1596 si
243 1570 332 1596 omnia
342 1568 414 1596 bella
423 1590 429 1601 ‚
445 1577 516 1604 quae
526 1577 588 1596 cum
600 1569 709 1596 Graecis
719 1569 865 1605 gessimus,
890 1587 891 1607 1

67 1607 261 1634 contemnenda
276 1612 354 1634 sunt:
376 1606 530 1634 derideatur
540 1606 573 1633 de
585 1615 646 1642 rege
658 1607 760 1643 Pyrrho
772 1607 869 1633 trium-

68 1645 140 1680 phus
152 1645 196 1671 Μ’.
209 1644 296 1676 Curii,
314 1645 347 1671 de
358 1644 484 1679 Philippo
500 1645 529 1671 T.
542 1644 702 1675 Flaminini,
719 1644 753 1670 de
768 1644 868 1671 Aetolis

68 1683 104 1710 M.
117 1682 220 1714 Fulvii,
233 1682 266 1709 de
278 1691 339 1718 rege
349 1682 429 1709 Perse
440 1682 468 1708 L.
480 1682 581 1714 Paulli,
594 1682 628 1709 de
638 1681 869 1716 Pseudophilippo

68 1719 99 1753 Q.
113 1719 226 1751 Metelli,
249 1720 282 1747 de
295 1720 441 1747 Corinthiis
453 1720 482 1746 L.
495 1720 630 1746 Mummii.
658 1719 705 1746 Sin
722 1719 787 1746 haec
798 1719 868 1746 bella

87 1758 229 1784 ravissima
245 1758 424 1793 victoriaeque
438 1766 530 1784 eorum
546 1757 679 1784 bellorum
691 1757 868 1793 gravissimae

67 1766 191 1822 {uerunn
213 1803 262 1822 cur
271 1795 403 1822 Asiaticae
415 1795 548 1826 nationes,
567 1799 647 1830 atque
662 1794 708 1821 ille
719 1803 733 1820 a
746 1799 770 1821 te
782 1795 868 1821 hostis

68 1832 266 1860 contemnitur?
294 1832 377 1868 Atqui
393 1841 427 1859 ex
442 1837 563 1859 veterum
579 1841 669 1859 rerum
685 1833 868 1859 monumentis

69 1870 110 1897 vel
121 1870 271 1897 maximum
283 1870 385 1897 bellum
396 1870 528 1905 populum
539 1871 689 1897 Romanum
700 1878 762 1896 cum
774 1870 868 1897 Antio-

67 1907 118 1935 cho
128 1908 246 1944 gessisse
259 1907 350 1934 video:
366 1908 446 1934 cuius
460 1907 525 1934 belli
537 1908 621 1934 victor
632 1908 662 1934 L.
676 1907 779 1942 Scipio,
793 1912 868 1942 parta

68 1953 129 1972 cum
136 1944 233 1972 Publio
244 1945 323 1972 fratre
334 1944 428 1981 gloria,
441 1953 524 1980 quam
536 1944 642 1972 laudem
654 1944 708 1976 ille,
721 1944 809 1971 Africa
820 1954 869 1980 op-

68 1990 174 2018 pressa,
191 1983 350 2018 cognomine
365 1983 424 2017 ipso
439 1990 502 2017 prae
517 1991 546 2009 se
560 1982 673 2013 ferebat,
691 1982 812 2009 eamdem
825 1983 869 2009 hic

68 2020 122 2047 sibi
133 2028 167 2046 ex
178 2019 256 2046 Asiae
267 2019 375 2046 nomine
385 2020 542 2054 assumpsit.
584 2021 626 2047 32.
648 2019 706 2052 Quo
717 2019 828 2054 quidem
841 2021 867 2046 in

68 2057 140 2084 bello
151 2058 238 2084 virtus
249 2057 346 2083 enituit
356 2057 464 2093 egregia
470 2057 505 2083 M.
513 2057 630 2089 Catonis,
644 2057 736 2091 proavi
748 2057 801 2084 tui:
814 2066 868 2092 quo

68 2094 128 2126 ille,
144 2103 231 2130 quum
243 2099 327 2126 esset,
346 2099 375 2121 ut
385 2103 435 2130 ego
446 2095 513 2121 mihi
525 2099 625 2126 statuo,
639 2094 708 2125 tntis,
722 2094 830 2129 qualem
844 2099 868 2122 te

68 2140 128 2159 esse
141 2132 227 2164 video,
241 2140 390 2166 numquam
400 2141 462 2158 cum
470 2131 596 2167 Scipione
606 2136 677 2158 esset
687 2131 831 2167 profectuS.
844 2133 867 2159 si

68 2178 130 2196 cum
142 2169 311 2196 mulierculis
322 2169 478 2196 bellandum
489 2177 550 2196 esse
561 2169 743 2196 arbitraretur.
775 2170 868 2205 Neque

70 2215 131 2234 vero
141 2216 203 2234 cum
216 2208 244 2233 P.
258 2207 382 2234 Africano
392 2211 502 2233 senatus
513 2207 620 2242 egisset,
637 2211 666 2233 ut
679 2206 782 2243 legatus
794 2207 867 2234 fratri

70 2244 294 2279 proficisceretur:
316 2252 402 2279 quum
414 2245 473 2279 ipse
484 2243 574 2279 paullo
585 2249 658 2276 ante,
675 2244 823 2271 Hannibale
835 2253 867 2271 ex

69 2281 141 2309 ltalia
153 2281 280 2317 expulso,
298 2291 331 2308 ex
341 2281 428 2308 Africa
441 2282 537 2312 eiecto.
555 2281 717 2317 Karthagine
727 2291 865 2317 oppressa,

70 2320 194 2347 maximis
211 2319 338 2355 periculis
354 2319 548 2354 rempublicam
565 2319 717 2346 liberasset:
736 2320 788 2346 nisi
799 2319 867 2346 illud

68 2364 149 2421 {rave
159 2357 261 2384 bellum
272 2362 298 2383 et
308 2357 453 2383 vehemens
466 2361 612 2392 putaretur.
654 2356 712 2383 XV.
735 2357 826 2392 Atqui,
844 2358 867 2383 si

89 2393 219 2430 iligenter,
232 2394 300 2430 qnid
312 2394 479 2421 Mithridates
491 2394 615 2428 potuerit.
629 2398 653 2420 et
664 2393 731 2429 quid
742 2394 865 2425 effecerit,

69 2432 153 2467 etqui
165 2432 207 2458 vir
217 2431 306 2463 fuerit,
319 2432 511 2462 considerans,
530 2431 657 2458 omnibus
669 2431 793 2467 regibus.
806 2432 868 2467 qui-

71 2467 184 2496 buscum
195 2469 312 2505 populus
324 2470 460 2496 Romanus
473 2468 574 2495 belluni
586 2469 679 2504 gessit,
694 2469 765 2495 hunc
777 2477 867 2504 regem

71 2505 197 2533 nimirum
209 2512 368 2542 antepones:
381 2515 463 2542 quem
475 2507 504 2532 L.
517 2505 601 2536 Sulla,
614 2506 732 2532 maximo
742 2511 768 2533 et
779 2505 868 2533 fortis-

69 2543 138 2570 simo
148 2545 265 2571 exercitu
273 2565 279 2575 ,
299 2553 407 2580 pugnax
419 2549 444 2571 et
454 2552 514 2570 acer
524 2548 550 2570 et
562 2552 613 2570 non
626 2543 702 2569 rudis
713 2543 865 2578 imperator,

71 2584 101 2607 ut
109 2580 183 2608 aliud
194 2581 260 2608 nihil
273 2582 374 2614 dicam,
393 2581 464 2608 bello
480 2582 616 2608 invectum
634 2585 714 2607 totam
725 2581 752 2607 in
764 2581 865 2612 Asiam,

70 2625 131 2645 cum
146 2627 210 2654 paco
225 2619 342 2646 dimisit:
365 2627 447 2654 quem
464 2619 493 2645 L.
511 2619 633 2649 Murena,
653 2623 727 2653 pater
743 2618 865 2650 huiusce.

71 2654 306 2683 vehementissime
322 2656 584 2693 vigilantissimeque
601 2659 741 2687 vexatum,
764 2665 868 2691 repres-

69 2699 130 2719 sum
141 2701 237 2730 magna
247 2702 280 2720 ex
291 2699 372 2729 parte,
382 2703 434 2721 uon
444 2702 603 2729 oppressum
616 2693 738 2728 reliquit:
750 2695 798 2729 qui
811 2703 865 2725 rex,

832 148 1047 175 MURENA.
1082 147 1181 174 CAP.

1219 149 1248 174 40
1269 163 1305 167 —-
1331 149 1368 174 17.
1668 151 1716 176 4355

920 219 972 245 sibi
988 218 1090 254 aliquot
1101 219 1178 245 annis
1189 219 1306 253 sumptis
1317 219 1349 245 ad
1361 218 1556 245 confirmandas
1568 220 1682 246 rationes
1693 225 1718 246 et

919 257 1010 291 copias
1025 256 1102 288 belli¹
1120 261 1224 282 tantum
1240 257 1298 291 ipse
1313 257 1411 291 opibus
1426 261 1576 291 conatuque
1591 257 1715 288 invaluit,

922 299 950 320 ut
964 303 992 320 se
1007 293 1144 320 Oceanum
1159 303 1221 320 cum
1237 294 1334 324 Ponto,
1356 294 1466 321 Sertorii
1481 295 1571 329 copias
1586 303 1648 320 cum
1660 295 1717 320 suis

920 332 1127 358 coniuncturum
1138 336 1254 366 putaret.
1295 333 1336 358 33.
1357 331 1398 358 Ad
1413 331 1485 366 quod
1497 331 1598 358 bellum
1610 332 1717 358 duobus

920 368 1078 395 consulibus
1090 369 1125 395 ita
1138 369 1242 399 missis,
1260 373 1289 395 ut
1303 368 1369 395 alter
1379 369 1560 396 Mithridatem
1572 378 1718 405 perseque-

921 411 1002 437 retur,
1016 406 1081 432 alter
1091 406 1244 442 Bithyniam
1255 411 1387 433 tueretur:
1403 406 1512 433 alterius
1526 416 1567 433 res
1579 412 1604 433 et
1614 412 1681 433 terra
1692 412 1718 433 et

921 444 987 469 mari
1008 443 1177 470 calamitosae
1192 444 1364 471 vehementer
1379 449 1405 470 et
1419 453 1484 479 opes
1499 445 1570 480 regis
1586 449 1610 471 et
1622 453 1718 471 nomen

921 485 1067 507 auxerunt:
1091 481 1118 507 L.
1135 481 1241 507 Luculli
1258 490 1321 508 vero
1336 490 1378 508 res
1395 486 1480 508 tantae
1497 483 1670 513 exstiterunt,
1690 487 1718 508 ut

921 526 1009 553 neque
1020 519 1107 544 maius
1119 518 1221 544 bellum
1232 520 1433 546 commemorari
1450 520 1546 554 possit,
1564 528 1650 555 neque
1662 528 1720 546 ma-

921 556 975 582 iore
985 555 1098 582 consilio
1109 560 1134 581 et
1146 556 1243 582 virtute
1253 561 1370 592 gestum.
1392 557 1468 587 Nam,
1477 566 1562 592 quum
1576 558 1656 584 totius
1668 558 1719 583 im-

922 598 999 628 petus
1011 592 1074 619 belli
1086 593 1119 619 ad
1130 593 1323 629 Cyzicenorum
1334 595 1439 620 moenia
1450 595 1625 626 constitisset,
1646 604 1719 621 eam-

921 639 974 665 que
990 630 1084 656 urbem
1100 631 1154 656 sibi
1170 631 1337 658 Mithridates
1351 631 1430 658 Asiae
1447 632 1553 658 ianuam
1571 632 1624 659 fore
1641 637 1718 667 puta—

921 668 1017 699 visset,
1035 676 1089 702 qua
1100 667 1204 694 effracta
1215 673 1240 694 et
1251 669 1372 700 revulsa,
1390 674 1442 695 tota
1454 674 1553 704 pateret
1565 670 1715 704 provincia:

922 705 1036 740 perfecta
1048 705 1081 731 ab
1092 705 1205 732 Lucullo
1216 706 1281 732 haec
1291 711 1354 733 sunt
1364 707 1463 738 omnia,
1476 712 1505 733 ut
1517 707 1580 733 urbs
1593 707 1719 734 fidelissi-

921 751 1024 769 morum
1042 742 1175 769 sociorum
1192 743 1380 770 defenderetur
1395 749 1421 770 et
1435 753 1528 770 omnes
1542 745 1633 779 copiae
1648 745 1718 780 regis

920 780 1096 806 diuturnitate
1107 780 1272 807 obsessionis
1282 787 1513 808 consumerentur.
1545 782 1634 814 Quid‘?
1644 782 1717 808 illam

897 822 899 829 ⁴
921 826 1038 853 pugnam
1050 817 1172 844 navalem
1184 818 1217 844 ad
1229 819 1379 849 Tenedum,
1397 828 1481 854 quum
1493 824 1614 846 contento
1625 828 1715 847 cursu,

920 855 1057 881 acerrimis
1073 855 1203 886 ducibus,
1220 856 1340 882 hostium
1356 856 1451 883 classis
1463 856 1565 882 ltaliam
1580 866 1627 892 spe
1639 862 1718 891 atque

921 893 1019 919 animis
1030 891 1118 919 inflata
1130 897 1238 927 peteret,
1255 894 1383 920 mediocri
1394 895 1538 920 certamine
1549 899 1574 920 et
1585 903 1666 929 parva
1677 894 1719 920 di-

921 931 1062 956 micatione
1073 931 1245 957 commissam
1256 931 1411 958 arbitraris?
1430 932 1505 958 Mitto
1517 931 1628 966 praelia:
1642 940 1719 966 prae—

921 972 991 994 tereo
1001 968 1215 1003 oppugnationes
1227 969 1402 1003 oppidorum:
1425 969 1558 1004 expulsus
1569 978 1651 1005 regno
1662 974 1720 996 tau-

920 1005 981 1031 dem
993 1005 1151 1040 aliquandO.
1168 1010 1271 1032 tantum
1288 1011 1375 1033 tamen
1389 1007 1501 1034 consilio
1515 1012 1594 1042 atque
1605 1007 1720 1033 auctori-

921 1047 972 1069 tate
989 1043 1081 1074 valuit,
1105 1048 1134 1069 ut
1149 1052 1187 1074 se,
1209 1052 1271 1080 rege
1282 1044 1470 1071 Armeniorum
1486 1044 1620 1075 adiuncto,
1642 1045 1719 1071 novis

920 1080 1018 1115 opibus
1029 1081 1169 1116 copiisque
1179 1082 1322 1108 renovarit.
1348 1082 1418 1108 XVI.
1431 1082 1477 1113 Ac,
1490 1083 1513 1108 si
1526 1082 1592 1108 mihi
1604 1091 1675 1108 nunc
1687 1082 1720 1108 de

920 1118 1001 1144 rebus
1015 1119 1099 1154 gestis
1114 1123 1185 1145 esset
1200 1120 1283 1146 nostri
1299 1120 1433 1146 exercitus
1445 1120 1667 1155 imperatorisque
1678 1120 1720 1145 di-

919 1155 1050 1188 cendum,
1073 1155 1190 1190 plurima
1210 1161 1236 1183 et
1255 1158 1372 1183 maxima
1393 1157 1492 1192 praelia
1513 1166 1719 1184 commemorare

921 1202 1038 1228 possem.
1065 1193 1119 1220 Sed
1129 1203 1181 1221 non
1193 1194 1220 1221 id
1231 1195 1347 1231 agimus.
1374 1196 1415 1222 34.
1431 1195 1484 1221 lloc
1495 1195 1568 1222 dico:
1581 1196 1605 1222 si
1617 1194 1718 1221 bellum

921 1231 982 1262 hoc,
1005 1231 1028 1257 si
1044 1231 1087 1257 hic
1103 1231 1203 1263 hostis,
1220 1233 1244 1258 si
1259 1232 1304 1259 ille
1320 1241 1368 1260 rex
1380 1232 1593 1260 contemnendus
1607 1232 1717 1259 fuisset:

920 1277 1007 1303 neque
1023 1273 1093 1295 tanta
1108 1278 1171 1295 cura
1186 1274 1295 1296 senatus
1310 1275 1336 1297 et
1351 1270 1469 1305 populus
1480 1271 1616 1297 Romanus
1632 1271 1720 1296 susci-

920 1306 1049 1341 piendum
1064 1311 1197 1341 putasset,
1214 1316 1303 1343 neque
1318 1312 1355 1334 tot
1370 1317 1453 1334 annos
1467 1309 1610 1343 gessisset,
1633 1316 1720 1342 neque

920 1348 990 1370 tanta
1006 1343 1090 1379 gloria
1106 1345 1136 1370 L.
1153 1344 1275 1371 Luculli:
1298 1354 1387 1380 neque
1402 1354 1464 1372 vero
1479 1346 1538 1372 eins
1554 1345 1617 1371 belli
1637 1345 1720 1371 conli-

919 1381 1008 1407 ciendi
1024 1390 1115 1407 curam
1132 1386 1204 1409 tanto
1218 1382 1309 1409 studio
1327 1382 1446 1418 populus
1463 1383 1598 1409 Romanus
1619 1382 1651 1408 ad
1669 1382 1716 1409 Cn.

920 1419 1078 1454 Pompeium
1090 1418 1246 1446 detulisset:
1260 1420 1339 1447 cuius
1350 1429 1384 1447 ex
1394 1421 1521 1447 omnibus
1529 1420 1636 1455 pugnis,
1651 1428 1719 1455 quae

920 1461 985 1483 sunt
1005 1456 1226 1488 innumerabiles,
1250 1456 1292 1483 vel
1313 1459 1441 1484 acerrima
1457 1458 1524 1484 mihi
1541 1458 1646 1484 videtur
1662 1457 1707 1484 illa

919 1502 989 1529 quae
999 1502 1062 1520 cum
1076 1502 1140 1529 rege
1155 1495 1298 1521 commissa
1313 1500 1367 1526 est,
1390 1500 1415 1522 et
1430 1504 1536 1522 summa
1552 1496 1719 1522 contentione

920 1536 1048 1567 pugnata.
1088 1531 1146 1564 Qua
1162 1540 1195 1559 ex
1211 1541 1302 1568 pugna
1316 1542 1402 1567 quum
1418 1542 1446 1560 sc
1462 1532 1506 1559 ille
1517 1533 1675 1567 eripuisset,
1694 1537 1719 1558 et

920 1570 1068 1604 Bosporum
1083 1569 1263 1605 confugisset,
1281 1578 1336 1605 quo
1351 1571 1484 1597 exercitus
1501 1570 1573 1596 adire
1590 1579 1640 1596 non
1657 1579 1719 1605 pos-

920 1611 972 1633 set:
987 1607 1065 1633 etiam
1077 1607 1104 1633 in
1116 1612 1234 1633 extrema
1246 1607 1351 1634 fortuna
1362 1613 1387 1634 et
1398 1607 1460 1643 fuga
1472 1616 1567 1634 nomeu
1580 1612 1666 1634 tamen
1679 1616 1720 1634 re-

921 1645 1002 1670 tinuit
1012 1644 1127 1679 regium.
1150 1645 1241 1680 ltaque
1253 1645 1311 1680 ipse
1322 1646 1476 1680 Pompeius,
1490 1654 1570 1680 regno
1582 1654 1716 1680 possesso,

921 1690 952 1708 ex
963 1682 1090 1708 omnibus
1101 1682 1155 1708 oris
1166 1691 1195 1708 ac
1211 1683 1280 1709 notis
1295 1683 1407 1709 sedibus
1423 1683 1498 1709 hoste
1514 1683 1606 1718 pulso,
1631 1688 1719 1709 tamen

921 1724 1024 1746 tautum
1036 1720 1063 1746 in
1075 1720 1156 1745 unius
1168 1720 1256 1746 anima
1267 1721 1370 1755 posuit,
1384 1727 1425 1752 ut,
1439 1729 1524 1755 quum
1536 1721 1634 1751 omnia,
1650 1729 1719 1755 quae

920 1757 965 1783 ille
977 1761 1106 1788 tenuerat,
1120 1757 1233 1789 adierat,
1246 1763 1373 1792 sperarat,
1388 1759 1496 1784 victoria
1509 1758 1666 1792 possideret,
1681 1763 1721 1784 ta-

921 1803 982 1821 men
994 1803 1046 1821 nou
1058 1799 1127 1826 ante,
1140 1795 1311 1830 quantillum
1324 1796 1378 1822 vita
1388 1795 1502 1830 expulit,
1516 1795 1617 1822 bollum
1629 1795 1720 1822 confe-

920 1836 993 1858 ctum
1014 1832 1148 1859 iudicarit.
1179 1832 1256 1859 Hunc
1276 1838 1304 1860 tu
1325 1833 1442 1863 hostem,
1466 1833 1538 1863 Cato,
1559 1833 1717 1863 contemnis,

920 1878 1037 1905 quocum
1050 1878 1096 1904 per
1107 1874 1143 1897 tot
1155 1879 1238 1897 annos
1251 1875 1287 1897 tot
1298 1871 1406 1906 praeliis
1419 1875 1454 1898 tot
1465 1871 1638 1905 imperatores
1650 1870 1719 1896 bella

919 1907 1081 1943 gesseruut?
1100 1908 1179 1934 cuius
1196 1908 1303 1943 expulsi
1316 1913 1341 1935 et
1351 1909 1427 1935 eiecti
1440 1909 1493 1935 vita
1506 1908 1569 1934 tanti
1581 1908 1719 1934 aestimata

920 1949 969 1977 est,
982 1949 1020 1976 ut,
1037 1949 1120 1972 morte
1131 1946 1190 1972 eius
1202 1946 1332 1977 nuntiata,
1347 1951 1404 1973 tum
1415 1946 1532 1980 denique
1545 1945 1645 1972 bellum
1657 1955 1720 1971 con-

920 1982 1018 2009 fectum
1029 1982 1239 2010 arbitraremur?
1250 1984 1303 2010 11οο
1315 1984 1396 2019 igitur
1407 1984 1433 2010 in
1446 1983 1516 2010 bello
1527 1984 1556 2010 L.
1571 1984 1717 2010 Murenam.

921 2019 1039 2055 legatum
1052 2019 1191 2047 fortissimi
1203 2022 1299 2052 animi,
1311 2022 1413 2048 summi
1424 2021 1542 2051 consilii,
1560 2021 1669 2047 maximi
1683 2020 1719 2046 la-

920 2057 992 2084 boris
1003 2058 1140 2093 cognitum
1152 2067 1211 2085 esse
1221 2058 1406 2090 defendimus,
1424 2063 1449 2085 ct
1464 2058 1531 2085 hanc
1543 2059 1601 2084 eius
1612 2067 1719 2093 operam

922 2104 972 2122 non
986 2096 1076 2122 minus
1090 2096 1121 2122 ad
1133 2096 1303 2123 consulatum
1316 2096 1535 2131 adipiscendum,
1554 2105 1634 2130 quam
1652 2095 1720 2122 hanc

921 2137 1038 2159 nostram
1051 2132 1183 2160 forensem
1196 2134 1366 2165 industriam,
1380 2134 1518 2169 dignitatis
1531 2133 1668 2159 habuisse.

976 2170 1058 2197 xvii.
1072 2172 1113 2197 35.
1136 2172 1169 2197 At
1183 2172 1256 2198 enim
1269 2172 1294 2198 in
1308 2176 1445 2206 praeturae
1459 2171 1584 2205 petitione
1597 2171 1668 2205 prior
1679 2179 1720 2196 re-

921 2209 1060 2234 nuntiatus
1075 2213 1116 2235 cst
1126 2208 1250 2235 Servius.
1289 2209 1437 2243 Pcrgitisne
1455 2217 1515 2238 VOS,
1535 2213 1670 2242 tamquam
1687 2216 1719 2233 ex

920 2245 1072 2281 syngrapha
1081 2266 1087 2276 ,
1100 2255 1178 2281 agere
1188 2255 1250 2272 cum
1263 2246 1376 2281 populo,
1390 2251 1431 2276 ut,
1443 2254 1524 2280 quem
1538 2245 1623 2271 locum
1636 2244 1719 2270 semel

921 2283 1028 2309 honoris
1040 2283 1158 2317 cuipiam
1170 2283 1286 2313 dederit,
1305 2283 1429 2309 eiinnlcm
1448 2282 1560 2317 reliquis
1573 2282 1719 2308 honoribus

920 2319 1034 2346 dein-at?
1044 2320 1120 2351 Quod
1133 2321 1204 2346 enim
1218 2320 1325 2348 fretum.
1338 2329 1418 2355 quem
1427 2320 1557 2353 Euripum
1571 2325 1605 2345 tot
1619 2324 1716 2347 motus.

921 2362 1077 2388 tai1tas,tu1n
1091 2357 1176 2383 varias
1189 2358 1285 2383 habere
1298 2359 1397 2392 putatis
1408 2357 1564 2391 agitationes
1577 2356 1716 2385 fluctuum,

919 2399 1034 2430 quantas
1054 2395 1268 2429 perturbationes
1284 2400 1309 2421 et
1323 2400 1439 2429 qumitos
1455 2399 1544 2420 aestus
1561 2394 1639 2419 habet
1654 2395 1719 2420 ratio

920 2432 1108 2459 conuitiorum?
1119 2432 1179 2458 Dies
1191 2433 1362 2458 intermissus
1374 2441 1444 2458 unus
1456 2436 1501 2457 aut
1513 2440 1564 2457 nox
1577 2432 1719 2466 interposi-

921 2475 944 2496 ta
961 2478 1040 2503 saepe
1057 2469 1192 2504 perturbat
1207 2470 1308 2499 omnia,
1330 2474 1353 2495 ct
1371 2474 1450 2495 totam
1467 2469 1620 2503 opinionem
1638 2477 1718 2503 paria

921 2515 1123 2541 :nunnunquam
1139 2512 1285 2533 conimutat
1301 2515 1364 2532 aura
1377 2507 1501 2533 rumoris.
1542 2506 1627 2541 Saepe
1638 2507 1717 2533 etiam

919 2545 978 2571 sine
995 2543 1047 2570 ulla
1064 2549 1152 2578 aperta
1168 2553 1263 2570 caussa
1278 2544 1304 2570 lit
1321 2544 1408 2574 aliud,
1429 2549 1508 2579 utque
1519 2544 1715 2571 exis-tinuimus.

921 2587 949 2608 ut
965 2590 1168 2617 mnnnnnquam
1185 2583 1218 2608 ita
1232 2581 1330 2608 factum
1342 2591 1401 2608 esse
1411 2582 1490 2608 etiam
1504 2581 1620 2615 [ampulas
1632 2581 1717 2607 adnn-

921 2624 1005 2646 retur:
1018 2619 1096 2654 quasi
1109 2628 1171 2645 vero
1185 2628 1236 2646 non
1249 2619 1306 2653 ipso
1319 2619 1418 2646 fecerit.
1442 2621 1483 2645 36.
1497 2618 1568 2644 Nihil
1581 2624 1619 2644 est
1633 2619 1717 2645 int-vr·

921 2657 973 2683 tius
987 2656 1080 2692 vulgo.
1095 2656 1162 2683 nihil
1174 2657 1317 2683 obscurius
1329 2656 1464 2683 voluntate
1477 2656 1630 2684 hominum.
1650 2656 1716 2682 nihil

921 2693 1042 2722 fallacius
1054 2695 1154 2721 ratione
1167 2699 1218 2721 totu
1229 2695 1408 2722 comitiorum.
1439 2695 1506 2726 Quis
1519 2694 1547 2720 1..
1561 2694 1715 2728 Philippum

1450 2752 1480 2766 a.)
1498 2742 1507 2753 ⁸
