1941 3052
302 90 633 117 EPISTOLARUM
663 90 718 116 AD
745 89 975 117 DIVERSOS
1004 90 1086 117 LIB.
1107 91 1171 118 VII.
1202 90 1264 117 ΕΡ.
1289 93 1298 117 l
1321 93 1402 118 -3,

33 162 163 193 Omnino,
179 161 204 187 si
218 161 339 196 quaeris,
356 160 414 188 ludi
430 161 643 196 apparatissimi:
665 160 712 187 sed
725 170 777 187 non
788 161 828 187 tui

33 199 178 226 stomachi.-
191 199 372 225 coniecturam
383 199 456 224 enim
468 198 536 224 facio
546 198 579 224 de
593 207 662 225 meo.
693 199 760 224 Nam
772 199 828 233 pri-

34 245 110 263 mum
121 236 230 262 honoris
241 244 336 262 caussa
348 236 375 262 in
387 244 495 262 scenam
506 236 640 262 redierant
651 236 684 266 ii,
701 244 768 270 quos
779 244 828 270 ego

33 273 143 300 honoris
153 281 248 300 caussa
259 273 292 299 de
303 281 382 299 scena
394 273 543 299 decessisse
559 273 716 299 arbitrabar.
756 273 829 299 Deli—

34 311 91 338 ciae
106 319 169 337 vero
184 315 258 341 tuae,
275 315 365 336 noster
378 309 513 345 Aesopus,
532 310 666 336 eiusmodi
683 309 746 341 fuit,
764 315 793 337 ut
804 310 829 336 ei

35 348 157 375 desinere
167 356 216 382 per
225 356 318 374 omnes
329 347 452 374 homines
464 347 564 374 liceret.
604 348 629 374 Is
645 348 733 373 iurare
743 356 828 382 quum

34 386 179 420 coepisset,
202 393 256 411 vox
275 394 338 410 eum
357 384 455 411 defecit
475 385 502 411 in
523 384 569 411 illo
588 384 659 411 loco:
681 394 705 410 ει
726 394 829 411 seisss

35 432 136 449 nuo.
180 421 251 454 Quid
267 422 317 448 tibi
333 430 382 458 ego
397 422 449 449 alia
465 421 588 448 narrem‘?
608 423 683 448 Nosti
699 422 771 448 enim
787 430 830 448 re-

35 459 123 495 liquos
135 458 226 485 ludos:
244 458 330 494 quid‘?
344 468 377 486 ne
393 459 421 485 id
432 459 543 494 quidem
557 459 654 494 leporis
666 459 827 490 habuerunt⁷

34 496 107 532 quod
119 496 205 523 solent
215 496 364 523 mediocres
376 496 443 523 ludi.
478 497 630 531 Apparatus
642 497 714 523 enim
725 501 830 531 specta-

34 535 71 561 tio
82 533 191 560 tollebat
201 542 308 560 omnem
321 534 495 561 hilaritatem:
513 542 566 568 quo
578 534 689 568 quidem
701 538 829 568 apparatu

35 580 87 598 non
98 571 206 602 dubito,
224 572 290 606 quin
306 572 396 598 animo
411 572 575 606 aequissimo
589 571 718 597 carueris.
758 570 830 602 Quid

35 609 107 635 enim
119 608 302 635 delectationis
315 608 414 635 habent
424 609 543 635 sexcenti
557 608 625 634 muli
636 609 664 634 in
673 608 831 641 Clytaemne-

34 645 110 673 stra?
130 650 175 672 aut
186 646 214 672 in
225 646 296 679 Equo
310 647 420 672 Troiano
431 650 594 672 craterarum
606 646 655 672 tria
667 644 771 671 millia‘?
786 649 831 671 aut

35 688 167 710 armatura
179 683 252 709 varia
261 683 396 717 peditatus
407 688 432 709 et
442 684 578 718 equitatus
588 683 615 708 in
627 682 716 717 aliqua
722 681 831 717 pugna‘?

35 729 104 756 quae
110 720 268 755 popularem
279 720 483 746 admirationem
494 720 661 751 hahuerunt;
675 719 831 746 delectatio-

34 767 97 785 nem
113 758 162 784 tibi
178 757 281 784 nullam
297 757 459 783 attulissent.
500 759 524 783 3.
547 756 623 789 Quod
640 758 663 783 si
679 762 706 783 tu
723 765 771 791 per
785 766 830 783 eos

35 795 94 821 dies
109 803 217 829 operam
233 794 333 821 dedisti
348 795 488 830 Protogeni
504 799 563 825 tuo,
581 794 728 821 dummodo
742 795 765 820 is
780 794 831 820 tibi
852 802 853 811 ¹

35 832 146 868 quidvis
161 832 264 867 potius,
282 840 364 867 quam
379 832 512 858 orationes
526 840 600 858 meas
612 831 719 867 legerit:
742 840 791 857 nae
802 836 830 858 tu

34 869 108 896 haud
119 869 210 904 paullo
224 868 300 903 plus,
314 878 395 904 quam
406 870 552 904 quisquam
564 874 698 900 nostrum,
715 869 832 895 delecta-

35 907 116 933 tionis
131 906 261 933 habuisti.
301 907 358 932 Non
371 907 444 932 enim
455 911 479 933 te
490 911 555 941 puto
567 907 682 933 Graecos
693 911 738 933 aut
748 906 830 933 Oscos

35 943 113 970 ludos
124 944 289 976 desiderare;
303 945 461 978 praesertim
472 952 558 979 quum
565 944 647 970 Oscos
659 944 737 970 ludos
749 944 791 970 vel
803 944 829 969 in
852 944 861 971 ἸΪ

35 986 129 1008 senatu
145 986 234 1008 nostro
250 986 370 1016 spectare
385 982 488 1016 possis,
506 981 623 1008 Graecos
634 982 670 1008 ita
681 991 734 1008 non
745 990 827 1011 ames,
852 990 853 994 ¹

0 1028 2 1056 ζ
34 1023 64 1045 ut
79 1027 112 1045 ne
127 1018 160 1045 ad
176 1018 268 1045 villam
283 1018 394 1053 quidem
410 1023 483 1045 tuam
500 1019 543 1045 via
559 1019 661 1046 Graeca
678 1020 717 1046 ire
733 1019 829 1046 soleas.

0 1075 2 1090 s
33 1056 102 1083 Nam
118 1056 185 1091 quid
200 1065 249 1092 ego
260 1060 284 1082 te
296 1055 409 1082 athletas
422 1061 514 1091 putem
529 1056 695 1088 desiderare,
714 1057 762 1092 qui
773 1056 831 1092 gla-

0 1092 1 1096 ’
34 1093 150 1120 diatores
159 1093 371 1128 contempseris‘.>
386 1094 413 1120 in
428 1094 530 1128 quibus
543 1095 601 1129 ipse
612 1095 757 1129 Pompeius
768 1103 831 1120 con-

35 1131 124 1158 fitetur
137 1139 165 1157 se
180 1135 207 1157 et
221 1139 329 1166 operam
349 1135 374 1157 et
394 1130 483 1157 oleum
499 1132 662 1166 perdidisse.
702 1131 831 1166 Reliquae

34 1173 99 1195 sunt
113 1168 268 1195 venationes
284 1168 363 1195 binae
379 1176 427 1203 per
437 1168 495 1194 dies
507 1169 641 1204 quinque,
660 1169 828 1205 magnificae,

34 1214 113 1233 nemo
124 1210 213 1241 negat.
253 1205 305 1232 Sed
321 1214 389 1241 quae
405 1211 491 1240 potest
505 1206 609 1233 homini
621 1216 679 1233 esse
690 1207 773 1242 polito
784 1206 832 1233 de-

35 1243 149 1274 lectatio,
157 1247 294 1278 quumaut
305 1243 384 1270 homo
396 1243 550 1270 imbecillus
561 1252 575 1270 a
587 1244 772 1271 valentissima
784 1244 832 1270 be-

34 1281 85 1307 stia
102 1280 230 1312 laniatur,
247 1285 293 1307 aut
307 1280 441 1315 praeclara
453 1281 538 1307 bestia
550 1282 684 1308 venabulo
696 1287 833 1308 transver-

34 1317 161 1345 beratur‘?
180 1317 254 1350 Quae
265 1323 363 1349 tamen,
377 1319 400 1344 si
412 1318 527 1345 videnda
539 1324 611 1350 sunt,
631 1328 710 1354 saepe
722 1319 829 1346 vidisti:

35 1364 124 1390 neque
135 1364 196 1385 nos.
210 1356 258 1390 qui
269 1355 334 1381 haec
343 1356 540 1390 spectavimus,
553 1356 704 1392 quidquam
715 1357 779 1383 novi
790 1357 833 1383 vi—

35 1392 137 1419 dimus.
177 1392 322 1419 Extremus
343 1393 546 1428 elephantorum
567 1394 625 1420 dies
646 1394 710 1420 fuit:
734 1395 761 1420 in
778 1402 832 1429 quo

35 1430 177 1456 admiratio
188 1438 285 1465 magna
296 1430 373 1466 vulgi
384 1435 464 1465 atque
476 1431 582 1461 turbae.
601 1431 742 1458 delectatio
757 1431 832 1458 nulla

35 1468 147 1494 exstitit.
188 1467 259 1499 Quin
271 1468 350 1494 etiam
362 1468 546 1494 misericordia
557 1468 690 1503 quaedam
702 1478 833 1496 consecu-

34 1509 60 1532 ta
71 1509 112 1531 cst
121 1509 200 1539 atque
211 1505 303 1539 opinio
313 1505 462 1536 eiusmodi,
479 1514 538 1532 esse
553 1506 700 1541 quamdam
716 1506 757 1533 illi
774 1506 833 1533 bel-

35 1541 95 1568 luae
106 1550 168 1568 cum
179 1550 278 1578 genere
290 1542 407 1569 humano
418 1543 582 1570 societatem.
625 1545 648 1570 4.
671 1544 718 1570 His
732 1552 781 1579 ego
793 1549 832 1570 ta-

36 1587 96 1606 men
113 1579 224 1611 diebus,
246 1579 317 1605 ludis
333 1580 461 1611 scenicis,
479 1588 512 1606 ne
527 1580 593 1607 forte
609 1581 702 1607 videar
717 1581 767 1608 tibi
779 1590 831 1608 non

35 1616 114 1643 modo
125 1616 229 1647 beatus,
242 1616 290 1643 sed
302 1616 370 1643 liber
381 1618 490 1644 omnino
502 1617 596 1649 fuisse,
609 1618 701 1654 dirupi
714 1627 756 1645 me
767 1627 832 1654 pae-

35 1662 68 1680 ne
82 1655 109 1680 in
125 1653 227 1680 iudicio
241 1653 312 1681 Galli
327 1654 448 1686 Caninii,
467 1654 608 1682 familiaris
625 1657 674 1682 tui.
715 1656 792 1688 Quod
808 1657 831 1682 si

35 1695 89 1718 tam
105 1691 210 1718 facilem
228 1691 360 1726 populum
381 1692 522 1724 haberem,
543 1701 625 1728 quam
640 1692 762 1728 Aesopus
783 1693 831 1720 ha-

35 1727 107 1756 buit:
128 1728 242 1755 libenter
257 1729 410 1756 mehercule
426 1734 509 1756 artem
523 1730 675 1757 desinerem
688 1736 831 1766 tecumque

35 1770 136 1793 etcum
147 1765 286 1793 similibus
297 1767 380 1793 nostri
392 1767 523 1794 viverem.
554 1769 621 1794 Nam
632 1777 675 1794 me
686 1777 772 1804 quum
783 1778 832 1795 an-

34 1807 76 1830 tea
87 1803 217 1834 taedebat.
233 1812 319 1838 quum
330 1809 356 1831 et
366 1809 438 1831 aetas
448 1809 474 1831 et
487 1805 599 1832 ambitio
610 1814 654 1832 me
664 1805 828 1838 hortabatur,

35 1844 62 1867 et
77 1839 174 1867 licebat
189 1840 320 1876 denique,
341 1850 422 1876 quem
439 1842 577 1874 nolebam,
600 1851 652 1870 non
670 1843 828 1870 defendere:

35 1881 93 1904 tum
113 1886 177 1904 vero
196 1877 247 1904 hoc
268 1883 386 1913 tempore
401 1879 455 1906 vita
469 1879 543 1906 nulla
558 1884 608 1906 est.
649 1881 742 1916 Neque
758 1881 831 1908 enim

35 1914 153 1941 fructum
173 1914 261 1941 ullum
282 1914 381 1942 laboris
401 1921 535 1951 exspecto,
558 1922 584 1943 et
601 1926 682 1953 cogor
696 1927 832 1945 nonnum-

35 1960 118 1987 quam
130 1951 253 1978 homines
264 1961 316 1979 non
326 1953 427 1987 optime
438 1954 471 1980 de
482 1962 524 1980 me
536 1955 657 1986 meritos,
676 1961 769 1991 rogatu
785 1964 831 1982 eo-

35 1997 110 2020 rum,
133 1989 181 2024 qui
201 1989 270 2015 bene
289 1990 376 2016 meriti
397 1995 472 2022 sunt,
495 1991 649 2018 defendere.
690 1994 715 2019 5.
740 1994 831 2028 ltaque

35 2034 135 2062 quaero
154 2035 265 2053 caussas
285 2035 378 2053 omnes
398 2027 544 2063 aliquando
564 2029 676 2055 vivendi
701 2030 830 2057 arbitratu

36 2071 110 2097 meo;
129 2068 221 2099 teque,
238 2068 264 2090 et
279 2065 357 2091 istam
374 2065 502 2091 rationem
513 2066 560 2092 otii
572 2067 610 2092 tui
622 2071 648 2092 et
659 2066 738 2094 laudo
749 2068 832 2094 vehe-

36 2105 139 2128 menter
154 2106 180 2128 et
195 2101 291 2136 probo:
310 2101 437 2136 quodque
449 2111 497 2128 nos
509 2103 599 2129 minus
613 2104 764 2136 intervisis,
782 2105 832 2132 hoc

36 2137 92 2165 fero
103 2139 192 2165 animo
204 2139 337 2173 aequiore,
350 2139 432 2174 quod,
445 2140 469 2166 si
482 2140 578 2166 Romae
589 2149 671 2172 esses,
685 2146 773 2168 tamen
786 2151 833 2169 ne-

37 2182 90 2211 que
101 2184 148 2203 nos
161 2175 248 2210 lepore
261 2180 306 2203 tuo
316 2185 402 2210 neque
415 2181 438 2203 te
450 2177 482 2211 (si
494 2178 541 2212 qui
554 2183 593 2204 est
605 2179 631 2204 in
645 2180 696 2214 me)
709 2188 767 2206 meo
779 2179 832 2206 frui

37 2210 241 2248 liceretpropter
252 2213 457 2240 molestissimas
467 2215 657 2249 occupationes
669 2225 755 2249 meas;
769 2218 832 2252 qui-

36 2247 89 2276 hus
99 2250 123 2277 si
134 2259 176 2277 me
188 2250 316 2281 relaxaro,
329 2251 410 2285 (nam.
427 2256 456 2278 ut
467 2251 545 2286 plane
558 2253 705 2283 exsolvam,
720 2263 771 2280 non
784 2263 832 2289 po·-

37 2286 129 2323 stulo,)
143 2292 168 2314 te
183 2288 288 2322 ipsum,
306 2288 354 2323 qui
371 2288 468 2314 multos
484 2297 567 2315 annos
583 2290 651 2316 nihil
667 2291 742 2318 aliud
758 2300 832 2317 com-

37 2325 173 2356 mentaris,
186 2325 287 2351 docebo
298 2324 424 2360 profecto,
440 2326 507 2360 quid
519 2327 553 2352 sit
565 2326 717 2354 humaniter
729 2329 829 2355 vivere.

38 2359 78 2388 Tu
93 2361 161 2388 mihi
176 2362 255 2389 modo
270 2363 348 2389 istam
367 2363 579 2390 imbecillitatem
595 2364 759 2391 valetudinis
771 2371 831 2392 tuae

37 2402 156 2426 sustenta
167 2404 193 2426 et
204 2404 290 2430 tuere,
309 2405 337 2426 ut
350 2399 428 2431 facis,
447 2405 476 2426 ut
487 2406 590 2427 nostras
606 2401 685 2428 villas
699 2403 788 2433 obire,
806 2408 832 2430 et

38 2442 144 2463 mecum
154 2437 236 2463 simul
249 2437 371 2463 lecticula
383 2446 541 2464 concursare
553 2439 650 2472 possis.
677 2441 702 2466 6.
719 2441 787 2466 llaec
797 2441 830 2467 ad

38 2474 64 2499 ω
73 2471 198 2508 pluribus
210 2474 301 2501 verbis
312 2475 419 2510 scripsi,
436 2484 517 2510 quam
529 2475 610 2506 soleo,
625 2485 676 2502 non
687 2477 733 2503 otii
744 2477 832 2504 abun-

39 2507 141 2542 dantia,
158 2511 206 2537 sed
219 2512 318 2538 amoris
330 2520 392 2547 erga
405 2516 438 2543 te,
452 2512 524 2547 quod
537 2521 578 2539 me
590 2513 706 2548 quadam
719 2515 830 2549 epistola

39 2546 228 2580 subinvitaras‚
242 2549 265 2575 si
277 2550 405 2576 memoria
416 2554 504 2581 tenes,
522 2555 550 2577 ut
561 2550 594 2576 nd
607 2555 630 2577 te
642 2550 745 2586 aliquid
758 2552 831 2578 eius-

39 2583 112 2611 modi
127 2585 285 2618 scriberem,
308 2595 362 2622 quo
378 2587 468 2614 minus
485 2591 509 2614 te
523 2589 737 2622 praetermisisse
754 2589 830 2616 ludos

39 2622 193 2656 poeniteret.
233 2622 310 2656 Quod
321 2624 345 2651 si
356 2629 495 2652 assecutus
506 2633 577 2657 sum.
590 2625 708 2662 gaudeo:
724 2627 766 2654 sin
779 2627 831 2654 mi-

860 1257 862 1322 l

860 1326 862 1397 l

1620 93 1668 118 709

879 169 944 191 nus.
962 160 1012 187 hoc
1027 170 1070 187 me
1086 166 1174 188 tamen
1190 161 1324 193 consolor,
1341 161 1414 197 quod
1427 161 1538 196 posthac
1549 161 1582 188 ad
1593 161 1671 188 ludos

879 199 986 229 venies,
1009 207 1112 233 nosque
1133 199 1218 229 vises,
1240 207 1327 234 neque
1347 200 1374 225 in
1395 199 1516 234 epistolis
1534 199 1672 234 relinques

880 236 947 261 meis
958 244 1035 270 spem
1045 236 1164 271 aliquam
1175 236 1358 262 delectationis
1370 241 1440 263 tuae.
1482 235 1578 273 [vale]

933 305 961 325 11.
977 305 1053 326 ARG.
1070 305 1194 332 Empu'onis
1205 305 1324 331 negot-ium,
1336 313 1348 326 a
1358 306 1429 326 Mario
1440 305 1484 326 sihi
1494 306 1628 330 mandatum,
1638 305 1672 326 di-

880 338 975 364 ligenter
989 347 1012 360 se
1024 344 1149 360 curaturum
1163 341 1226 361 dicit.
1258 340 1348 367 Accipit
1362 341 1531 366 gratulationem
1550 341 1576 361 de
1589 340 1673 362 Planco

882 373 951 393 Bursa
962 380 1002 393 sua
1012 381 1078 400 opera
1088 375 1197 395 damnato.
1226 378 1313 398 (Romae,
1325 378 1414 400 Pompa-in
1426 378 1459 395 111.
1470 378 1550 396 Metello
1560 384 1606 396 coss.
1618 379 1673 399 702.)

1048 419 1084 445 M.
1106 420 1136 446 T.
1158 419 1187 447 C.
1209 420 1236 446 S.
1257 421 1288 447 D.
1309 421 1345 447 M.
1366 420 1500 448 MARIO.

939 461 961 486 l.
982 455 1145 487 Mandatum
1156 466 1233 488 tuum
1244 462 1343 488 curabo
1354 462 1507 498 diligenter.
1529 462 1583 489 Sed
1593 463 1674 489 homo

881 502 976 523 acutus
987 498 1011 523 ei
1024 498 1157 524 mandasti
1171 500 1357 533 potissimum,
1375 501 1420 526 cui
1435 500 1587 535 expediret,
1605 499 1675 526 illud

882 535 973 560 venire
984 543 1065 569 quan]
1077 535 1204 570 plurimo.
1245 536 1297 562 Sed
1309 545 1338 563 eo
1350 536 1443 563 vidisti
1455 537 1585 568 multum,
1601 537 1674 572 quod

881 571 1038 606 praefinisti,
1052 581 1105 607 quo
1117 581 1149 599 ne
1160 573 1246 607 pluris
1259 582 1385 600 emerem.
1410 574 1487 606 Quod
1498 575 1521 600 si
1533 575 1601 600 mihi
1612 583 1674 609 per-

882 609 1016 641 misisses;
1035 610 1083 644 qui
1098 619 1174 636 meus
1190 619 1264 637 amor
1274 611 1301 637 in
1314 615 1338 637 te
1349 616 1402 637 est:
1425 611 1601 638 confecissem
1611 620 1674 637 cum

882 646 1073 679 coheredibus;
1097 656 1178 678 nunc,
1191 656 1276 682 quum
1287 653 1363 674 tuum
1375 650 1492 683 pretium
1502 650 1579 680 novi,
1593 648 1675 675 illici-

882 688 991 709 tatorem
1007 684 1096 718 potius
1113 693 1224 718 ponam,
1246 694 1328 719 quam
1348 685 1416 711 illud
1437 687 1548 712 minoris
1568 690 1672 712 veneat.

882 720 935 746 Sed
951 721 983 746 de
1000 721 1056 747 ioco
1072 722 1136 747 satis
1148 727 1196 748 est.
1237 722 1325 748 Tuum
1337 724 1474 758 negotium
1485 732 1576 759 agam,
1594 724 1675 749 sicuti

882 757 976 789 debeo,
989 758 1143 793 diligenter.
1174 761 1199 785 2.
1214 759 1251 785 De
1261 760 1345 786 Bursa
1356 764 1381 786 te
1392 760 1509 795 gaudere
1521 766 1592 787 certo
1603 761 1672 792 sci0;

882 795 929 821 sed
944 796 1026 821 nimis
1042 796 1193 822 verecunde
1209 796 1278 822 mihi
1298 796 1450 832 gratularis.
1490 798 1571 824 Putas
1591 799 1673 828 enim,

882 837 912 859 ut
922 833 1029 864 scribis,
1041 838 1149 868 propter
1161 833 1278 860 hominis
1290 834 1381 860 sordes
1393 835 1484 861 minus
1496 844 1538 861 me
1550 843 1675 870 magnam

859 886 860 896 ι
882 869 957 896 illam
969 869 1097 897 laetitiam
1108 875 1212 905 putare.
1239 871 1338 898 Credas
1350 872 1418 898 mihi
1429 872 1521 903 velim,
1535 873 1622 901 magis
1633 880 1676 898 me

882 907 984 934 iudicio
994 907 1058 939 hoe,
1074 917 1156 943 quam
1166 913 1250 935 morte
1262 909 1367 935 inimici
1379 909 1514 935 lactatum.
1555 903 1676 936 Primum

882 945 955 971 enim
968 945 1068 972 iudicio
1080 945 1158 976 malo,
1172 954 1253 980 quam
1265 946 1369 981 gladio,
1382 946 1480 973 deinde
1490 946 1575 982 gloria
1586 947 1676 981 potius

883 983 972 1014 amici,
987 991 1069 1017 quam
1080 982 1239 1010 calamitate.
1266 984 1295 1010 ln
1306 984 1458 1019 primisque
1468 993 1510 1010 me
1522 984 1674 1015 delectavit,

882 1024 985 1046 tantum
1001 1020 1123 1046 studium
1138 1020 1270 1047 bonorum
1285 1021 1313 1047 in
1329 1029 1372 1047 me
1387 1022 1522 1048 exstitisse
1533 1026 1623 1048 contra
1634 1022 1677 1047 in-

882 1057 1041 1083 credibilem
1062 1058 1259 1084 contentionem
1279 1058 1424 1085 clarissimi
1445 1064 1470 1085 et
1495 1059 1677 1094 potentissimi

882 1095 944 1121 viri.
975 1097 1000 1121 3.
1013 1095 1161 1126 Postremo,
1178 1095 1236 1131 (vix
1247 1096 1395 1122 verisimile
1407 1096 1517 1122 fortasse
1532 1096 1677 1131 videatun)

882 1132 990 1159 oderam
1011 1132 1094 1159 multo
1109 1133 1188 1167 peius
1207 1133 1293 1164 hunc,
1316 1142 1397 1168 quam
1417 1133 1494 1160 illum
1510 1134 1600 1168 ipsum
1616 1133 1677 1160 Clo—

883 1169 970 1196 dium.
1010 1169 1090 1196 Illum
1105 1171 1178 1196 enim
1192 1179 1391 1206 oppugnaram,
1410 1171 1481 1197 hunc
1492 1171 1675 1197 defenderam.

882 1207 915 1233 Et
927 1206 985 1238 ille,
1008 1216 1093 1242 quum
1103 1208 1192 1234 omnis
1206 1208 1360 1243 respublica
1373 1209 1399 1234 in
1411 1218 1470 1235 meo
1481 1209 1568 1243 capite
1579 1208 1678 1234 discri-

883 1252 944 1270 men
955 1249 1025 1271 esset
1036 1245 1160 1271 habitura
1168 1266 1174 1276 ,
1190 1254 1320 1281 magnum
1331 1246 1462 1280 quiddam
1474 1247 1614 1281 spectavit,
1627 1254 1678 1272 nec

883 1290 931 1307 sua
941 1282 1101 1316 sponte‚.sed
1112 1291 1204 1308 eorum
1216 1282 1326 1313 auxilio,
1335 1283 1383 1317 qui
1395 1292 1437 1309 me
1448 1288 1533 1310 stante
1544 1288 1613 1310 stare
1624 1291 1677 1309 non

883 1323 1016 1353 poterant:
1035 1319 1079 1345 hic
1090 1319 1215 1346 simiolus
1226 1320 1310 1346 animi
1321 1328 1415 1346 caussa
1431 1329 1486 1351 uie,
1503 1321 1530 1346 in
1541 1329 1623 1355 quem
1635 1321 1678 1346 in—

883 1356 1034 1387 veheretur,
1043 1356 1178 1392 delegerat
1188 1362 1411 1392 persuaseratque
1426 1357 1564 1384 nonnullis
1575 1357 1677 1384 invidis

860 1398 861 1402 ¹
883 1394 960 1424 meis,
974 1402 1002 1419 se
1014 1394 1041 1420 in
1053 1403 1095 1420 me
1106 1395 1276 1421 emissarium
1288 1403 1395 1430 semper
1406 1395 1470 1421 sore.
1496 1394 1678 1427 Quamobrem

884 1431 962 1457 valde
974 1431 1053 1457 iubeo
1064 1431 1181 1467 gaudere
1192 1437 1230 1458 te:
1249 1441 1345 1467 magna
1361 1441 1402 1458 res
1416 1437 1490 1468 gesta
1502 1437 1551 1458 est.
1592 1433 1678 1458 Num-

883 1477 965 1503 quam
976 1468 1025 1495 ulli
1038 1468 1159 1495 fortiores
1170 1469 1244 1495 cives
1256 1469 1378 1500 fuerunt,
1391 1478 1473 1504 quam
1485 1470 1533 1504 qui
1545 1470 1604 1495 ausi
1615 1474 1679 1496 sunt

883 1514 945 1531 eum
961 1511 1050 1532 contra
1066 1511 1152 1533 tantas
1167 1515 1231 1541 opes
1247 1507 1320 1537 eiuS‚
1338 1516 1352 1533 a
1367 1516 1421 1542 quo
1436 1507 1488 1542 ipsi
1502 1507 1562 1533 lecti
1573 1506 1678 1533 iudices

883 1548 970 1574 erant,
987 1543 1175 1570 condemnare.
1215 1544 1292 1576 Quod
1307 1544 1433 1571 fecissent
1444 1553 1606 1579 numquam,
1624 1544 1678 1570 nisi

883 1581 917 1607 iis
929 1580 1014 1607 dolori
1026 1590 1102 1607 meus
1115 1581 1211 1608 fuisset
1221 1581 1306 1608 dolor.
1342 1583 1366 1608 4.
1383 1582 1436 1608 Nos
1449 1582 1492 1608 hic
1504 1581 1678 1608 multitudine

883 1623 909 1644 et
923 1618 1075 1645 celebritate
1092 1618 1255 1645 iudiciorum
1271 1624 1296 1645 et
1310 1619 1387 1645 novis
1400 1619 1506 1655 legibus
1518 1619 1553 1645 ita
1564 1618 1679 1645 distine-

884 1664 956 1686 mur,
975 1660 1004 1682 ut
1018 1655 1138 1690 quotidie
1155 1661 1214 1682 vota
1232 1656 1376 1688 faciamus,
1394 1666 1426 1683 ne
1443 1656 1626 1687 intercaletur,
1650 1661 1679 1682 ut

883 1701 964 1728 quam
976 1693 1095 1728 primum
1108 1698 1132 1720 te
1144 1693 1234 1720 videre
1246 1694 1393 1728 possimus.

936 1762 975 1783 111.
992 1763 1067 1783 ARG.
1083 1763 1194 1790 Exponit,
1214 1763 1294 1789 quibu·
1309 1764 1416 1784 adductu-
1430 1763 1556 1784 unionibus
1575 1766 1625 1790 pust
1639 1769 1678 1790 pn-

882 1804 944 1823 gunm
955 1797 1107 1819 Phar-alicam
1117 1798 1175 1819 bello
1186 1798 1327 1819 abstinuerit.

1066 1836 1154 1858 (numae.
1164 1836 1241 1853 Caesare
1252 1836 1286 1853 111.
1298 1835 1370 1858 Lepido
1381 1841 1427 1853 tou.
1440 1836 1494 1856 70³¹.)

1022 1879 1059 1905 M.
1080 1878 1224 1906 CICERO
1243 1878 1271 1905 S.
1293 1879 1323 1905 D.
1349 1878 1384 1905 M.
1406 1877 1539 1905 MAulo.

941 1923 963 1947 t.
985 1916 1119 1956 Persaepe
1132 1921 1199 1947 mihi
1211 1922 1338 1957 cogitanti
1349 1920 1382 1947 de
1393 1920 1585 1947 communibus
1597 1920 1679 1946 mise-

883 1958 945 1989 riis,
962 1959 990 1985 in
1006 1959 1108 1993 quibus
1119 1963 1155 1985 tot
1166 1967 1250 1985 annos
1262 1967 1415 1987 versamur,
1433 1963 1457 1984 et
1469 1959 1508 1992 (ut
1520 1957 1607 1991 video)
1619 1966 1679 1983 ver-

883 1995 1019 2027 sabimur,
1032 1995 1099 2023 solet
1111 1996 1137 2022 in
1150 2001 1267 2022 mentem
1279 1996 1370 2022 venire
1382 1995 1457 2021 illius
1469 1995 1609 2029 temporis,
1625 2002 1679 2029 quo

883 2034 1005 2067 proxime
1018 2032 1120 2059 fuimus
1135 2042 1201 2059 una:
1219 2034 1286 2068 quin
1297 2034 1377 2059 etiam
1390 2033 1480 2067 ipsum
1492 2032 1564 2058 diem
1577 2040 1679 2057 memo-

884 2070 921 2096 ria
934 2075 1019 2097 teneo.
1060 2071 1127 2097 Nam
1139 2080 1163 2097 a.
1175 2070 1203 2096 d.
1217 2079 1254 2096 ιιι.
1267 2070 1330 2096 Idus
1342 2071 1433 2098 Maias,
1451 2069 1563 2095 Lentulo
1574 2074 1599 2095 et
1610 2069 1679 2094 Mar—

883 2106 950 2133 cello
965 2107 1137 2138 consulibus,
1159 2116 1245 2142 quum
1262 2108 1288 2134 in
1301 2108 1493 2141 Pompeianum
1511 2107 1616 2141 vesperi
1633 2114 1680 2131 ve-

884 2145 995 2174 nissem,
1008 2149 1036 2170 tu
1048 2145 1116 2171 mibi
1127 2144 1243 2171 sollicito
1254 2145 1343 2170 animo
1355 2149 1459 2178 praesto
1473 2144 1557 2170 fuisti.
1598 2142 1680 2169 Solli-

883 2181 967 2207 citum
979 2186 1067 2207 autem
1080 2186 1103 2208 te
1115 2181 1230 2208 habebat
1241 2181 1526 2216 cogitatiotumoflicii.
1536 2181 1678 2206 tumeliam

884 2217 998 2253 periculi
1011 2219 1073 2244 mei.
1114 2218 1143 2245 Si
1155 2227 1290 2244 mnnerem
1303 2219 1330 2244 in
1343 2217 1429 2247 ltalia.
1444 2218 1580 2246 verebare,
1595 2226 1627 2243 ne
1638 2216 1679 2243 os-

884 2256 944 2281 licio
955 2255 1092 2281 deessem:
1115 2256 1138 2281 si
1155 2256 1338 2290 proficiscerer
1348 2255 1381 2281 ad
1393 2254 1508 2283 bellum.
1527 2254 1677 2289 periculum

884 2297 908 2319 te
920 2301 1010 2318 meum
1021 2293 1217 2318 commovebat.
1257 2294 1316 2324 Quo
1327 2297 1444 2326 tempore
1457 2292 1549 2318 vidisti
1562 2290 1679 2326 profecto

884 2338 925 2355 me
936 2338 1044 2364 quoque
1057 2330 1091 2355 ita
1103 2330 1301 2360 conturbatum,
1315 2334 1343 2355 ut
1355 2338 1405 2355 non
1418 2329 1594 2363 explicarem,
1611 2328 1678 2363 quid

883 2371 953 2393 esset
963 2367 1095 2401 optimum
1109 2366 1188 2393 factu.
1230 2367 1326 2393 Pudori
1339 2372 1426 2392 tumen
1439 2365 1522 2391 malui
1539 2365 1678 2400 [animeque

883 2404 986 2433 cedere,
1000 2413 1081 2438 quam
1093 2404 1188 2430 salutis
1200 2413 1274 2430 meae
1286 2404 1413 2430 rationem
1425 2403 1532 2429 ducere.
1558 2405 1580 2429 2.
1593 2403 1678 2429 Cuius

884 2450 925 2467 mc
942 2442 994 2467 mei
1012 2440 1073 2468 facti
1090 2442 1234 2476 poenituit,
1259 2450 1309 2467 non
1327 2446 1379 2467 tam
1399 2446 1506 2475 prepter
1526 2440 1677 2474 periculum

884 2487 988 2509 meum,
1006 2487 1087 2513 quam
1103 2484 1211 2514 propter
1227 2479 1291 2504 vitia
1310 2478 1406 2508 multa,
1428 2487 1497 2512 quae
1514 2478 1551 2503 ibi
1567 2477 1675 2507 offendi,

883 2524 936 2550 quo
948 2524 1083 2542 venerum.
1124 2516 1243 2542 Primum
1261 2524 1346 2550 neque
1363 2524 1474 2550 magnas
1488 2516 1578 2550 copias
1591 2523 1677 2550 neque

883 2552 1038 2586 bellicosas,
1060 2553 1158 2580 deinde
1169 2558 1242 2579 extra
1254 2553 1350 2579 ι1ιιυυιιι
1363 2561 1515 2587 paucosque
1531 2557 1674 2587 praeterea.

882 2589 924 2625 (de
937 2590 1107 2625 principibus
1120 2590 1233 2625 loquor.)
1249 2590 1346 2625 reliqui
1363 2591 1481 2624 primum
1498 2590 1523 2616 in
1537 2590 1595 2624 ipso
1607 2589 1677 2616 bello

883 2636 1001 2663 rapaces,
1017 2627 1115 2655 deindo
1128 2628 1154 2655 in
1165 2627 1283 2655 oratione
1296 2628 1330 2655 ita
1342 2626 1478 2657 crudeles,
1497 2632 1524 2654 ut
1538 2628 1622 2662 ipsam
1636 2627 1676 2653 vi-
