1941 3052
338 144 666 172 EPISTOLARUM
695 144 749 171 AD
780 142 987 170 ATTICUM
1018 142 1098 169 LIB.
1122 141 1175 167 111.
1206 141 1267 167 EP.
1291 141 1439 166 ist—20.

74 219 136 254 pius
150 218 210 248 sim,
228 217 252 243 si
263 216 330 251 quid
341 220 448 251 agatur;
471 215 563 251 (idque
575 215 696 242 intellexi
707 224 792 250 quum
804 215 863 246 tibi,

73 261 131 282 tum
160 255 258 287 Quinto
282 253 355 279 fratri
380 253 484 288 placere
493 253 511 287 ε)
550 262 583 279 an
608 253 701 278 abeam
726 252 864 288 Cyzicum.

73 294 99 319 7.
111 294 196 322 Nunc,
210 291 348 325 Pomponi,
357 291 485 325 quoniam
497 290 564 316 nibil
577 290 720 324 impertisti
732 294 791 316 tuae
802 299 867 325 pru-

74 330 179 356 dentiae
200 328 232 355 ad
248 328 363 354 salutem
379 336 475 358 meam,
493 327 565 362 quod
582 328 667 353 autin
678 336 720 353 me
734 328 793 362 ipso
803 328 867 354 satis

74 375 134 393 esse
153 365 260 392 consilii
275 365 406 396 decreras,
423 369 468 391 aut
483 369 507 391 te
525 364 593 390 nihil
604 364 666 399 plus
680 365 749 390 mihi
759 364 865 395 debere,

74 412 156 439 quam
166 408 196 429 ut
207 407 311 437 praesto
320 411 406 434 esses,
427 403 610 437 quoniamque
622 411 670 437 ego
682 402 812 436 proditus,
826 402 869 428 in-

75 441 186 471 ductus,
204 441 341 466 coniectus
357 441 384 466 in
401 439 536 470 fraudem,
554 439 645 465 omnia
660 448 719 465 mea
734 439 868 473 praesidia

75 478 197 514 neglexi,
215 481 295 503 totam
307 477 419 508 Italiam,
432 481 546 503 erectam
558 476 591 502 ad
603 485 645 502 me
656 476 866 507 defendendum,

75 515 187 542 destitui
208 519 234 540 et
248 514 360 549 reliqui3
384 522 436 545 me,
454 523 527 540 meos
546 514 614 540 meis
629 513 726 540 tradidi
739 514 867 544 inimicis,

76 554 242 587 inspectante
258 556 284 578 et
298 556 400 578 tacente
411 556 449 584 te,
472 552 520 586 qui
531 552 555 577 si
566 560 617 577 non
629 550 691 585 plus
702 551 811 586 ingenio
823 560 870 577 va-

77 590 160 621 lebas,
174 598 256 624 quam
268 597 326 625 ego,
335 594 404 615 certe
416 589 530 615 timebas
542 589 646 614 minus:
669 588 693 614 si
704 593 788 622 potes,
797 589 869 624 erige

76 626 188 654 afflictos
209 631 235 653 et
246 627 274 652 in
285 635 316 653 eo
327 635 375 652 nos
387 627 464 659 iuva3
497 626 539 652 sin
550 626 640 652 omnia
651 629 714 651 sunt
723 625 868 656 obstructa⁷

76 665 105 691 id
126 665 217 699 ipsum
233 663 274 690 fac
285 668 315 690 ut
325 664 453 694 sciamus,
471 667 496 689 et
510 672 558 689 nos
569 662 713 697 aliquando
724 667 769 689 aut
779 663 872 689 obiur-

77 710 140 738 gare
151 706 197 728 aut
206 701 318 728 comiter
327 701 459 727 consolari
470 700 573 726 desine.
604 700 660 735 Ego
671 700 695 725 si
706 704 779 726 tuam
791 700 871 726 fidem

78 747 244 771 accusarem,
268 747 321 765 non
335 747 377 764 me
389 738 561 773 potissimum
572 738 626 764 tuis
637 737 713 763 tectis
719 737 869 763 crederem:

78 785 166 803 meam
187 776 332 802 amentiam
353 784 462 806 accuso,
485 775 557 810 quod
577 783 591 800 a
612 779 637 801 te
657 778 761 800 tantum
777 775 869 806 amari,

78 818 211 849 quantum
230 821 280 848 ego
295 812 403 843 vellem,
416 813 524 847 putavi:
555 812 628 846 quod
638 812 662 837 si
673 811 777 843 fuisset,
791 812 872 838 fidem

79 851 211 882 eamdem,
233 859 325 876 curam
341 851 469 876 maiorem
486 849 672 882 adhibuisses3
700 857 742 875 me
758 854 828 876 certe
839 849 872 875 ad

79 889 193 915 exitium
217 888 438 922 praecipitantem
463 887 636 919 retinuisses;
671 887 736 912 istos
758 886 871 918 labores,

79 934 147 961 quos
168 933 240 951 nunc
256 925 283 950 in
299 924 448 960 naufragiis
464 924 561 951 nostris
572 924 700 958 suscipiS,
718 932 770 950 non
781 925 874 950 subis—

79 972 133 989 ses.
175 964 200 988 8.
222 961 309 994 Quare
325 961 374 993 fac,
393 967 422 988 ut
436 962 526 988 omnia
542 961 575 987 ad
586 970 629 987 me
639 966 779 996 perspecta
790 966 816 988 et
826 970 874 988 ex-

79 999 180 1036 plorata
201 999 366 1034 perscribas,
390 1008 500 1034 meque,
523 1003 553 1025 ut
568 998 648 1029 facis,
666 998 734 1025 velis
750 1007 809 1025 esse
824 999 875 1025 ali-

79 1046 175 1073 quem3
202 1037 340 1071 quoniam⁷
357 1037 404 1072 qui
421 1036 470 1068 fui,
488 1041 513 1063 et
523 1037 571 1071 qui
583 1044 642 1062 esse
653 1036 737 1070 potui,
751 1037 804 1062 iam
816 1045 874 1062 esse

79 1083 133 1102 non
152 1083 277 1109 possum3
309 1079 336 1101 et
351 1079 380 1101 ut
394 1074 438 1100 his
450 1074 544 1101 litteris
556 1082 608 1100 non
620 1078 653 1105 te,
671 1073 718 1100 sed
730 1083 772 1100 me
784 1075 875 1109 ipsum

81 1121 95 1139 a
109 1120 152 1139 me
166 1120 224 1138 esse
235 1116 391 1138 accusatum
402 1116 490 1147 putes.
513 1111 542 1138 Si
553 1112 600 1146 qui
612 1115 699 1142 erunt,
712 1111 813 1146 quibus
825 1120 876 1146 pu-

80 1155 120 1177 tes
131 1158 199 1185 opus
210 1158 269 1176 esse
281 1158 340 1176 meo
351 1150 459 1176 nomine
471 1149 571 1176 litteras
582 1148 649 1180 dari,
663 1149 746 1175 velim
758 1149 877 1176 conscri-

81 1187 140 1219 bas,
153 1195 286 1222 curesque
297 1187 410 1214 dandas.
450 1188 507 1214 Dat.
520 1195 577 1213 Χιν.
590 1186 648 1213 Kal.
662 1185 735 1222 Sept.

134 1257 198 1278 XVI.
227 1258 388 1280 (Tliessalonirae,
399 1259 472 1278 Pinum,
483 1258 562 1276 Gabinio
573 1265 618 1275 coss.
629 1259 685 1280 (3913.)

268 1301 436 1329 CICERO
466 1301 635 1328 ATTICO
665 1302 693 1328 S.

138 1336 243 1367 Totum
255 1340 304 1366 iter
315 1339 383 1365 mihi
395 1339 525 1366 incertum
538 1338 878 1374 tacitexspectatiolittera-

82 1386 142 1404 rum
164 1382 329 1408 vestrarum,
346 1376 405 1403 Kal.
425 1376 499 1403 Sext.
515 1376 652 1407 datarum,
671 1385 722 1403 non
739 1376 813 1402 aliud
828 1376 878 1402 ali-

82 1415 159 1450 quid.
199 1415 227 1441 Si
247 1423 310 1449 spes
325 1415 388 1446 erit,
410 1415 537 1449 Epirum3
561 1415 603 1440 sin
615 1415 719 1445 minus,
738 1414 876 1449 Cyzicum,

82 1457 128 1479 aut
138 1452 213 1479 aliud
224 1452 291 1487 quid
303 1460 460 1486 sequemur.
495 1452 566 1478 Tuae
577 1451 689 1486 quidem
702 1452 812 1481 litterae,
825 1459 878 1485 quo

82 1491 192 1525 saepius
212 1498 225 1516 a
242 1498 284 1516 me
300 1489 434 1524 leguntur,
449 1489 499 1515 boc
509 1498 585 1524 spem
598 1489 700 1515 faciunt
711 1489 779 1514 mibi
791 1489 879 1514 mino-
899 1483 901 1505 i

83 1536 150 1559 rem,
163 1527 235 1562 quod
247 1535 332 1561 quum
346 1526 428 1553 laetae
439 1531 512 1558 sunt,
529 1531 585 1553 tum
598 1526 634 1557 id,
648 1526 721 1561 quod
733 1526 879 1552 attulerunt

83 1564 116 1591 ad
136 1573 228 1599 spem,
251 1564 399 1597 infirmant,
429 1568 459 1591 ut
473 1563 551 1591 facile
567 1568 692 1598 appareat
705 1569 729 1590 te
744 1568 770 1590 et
784 1572 879 1590 conso—

84 1601 176 1628 lationi
197 1602 299 1628 servire
318 1606 344 1628 et
358 1602 474 1628 veritati.
514 1601 598 1636 quue
614 1606 638 1628 te
654 1610 718 1637 rogo
732 1600 824 1636 plane,
850 1605 880 1626 ut

83 1639 117 1666 ad
128 1648 180 1670 me,
193 1647 262 1674 quae
272 1639 336 1671 scis,
349 1643 379 1665 ut
392 1644 483 1670 eruut,
505 1647 574 1674 quae
586 1639 704 1674 putabis,
718 1639 753 1666 ita
764 1638 877 1669 scribas,

83 1681 113 1704 ut
123 1677 243 1712 putabis.
284 1677 342 1704 Dat.
353 1684 403 1703 ΧΠ.
415 1676 473 1703 Kal.
486 1676 559 1711 Sept.

138 1746 211 1767 XVII.
241 1747 403 1771 (Thessalonicae,
414 1748 487 1769 Pisone,
497 1747 577 1765 Gabinio
588 1755 634 1765 cuss.
645 1747 700 1769 (396.)

269 1791 438 1818 CICERO
467 1790 635 1818 ATTICO
664 1790 693 1817 S.

141 1830 164 1855 I.
186 1824 231 1854 De
241 1828 341 1861 Quinto
356 1828 435 1855 fratre
447 1829 534 1855 nuntii
547 1829 625 1855 nobis
636 1829 734 1859 tristes,
748 1836 797 1854 nec
811 1828 879 1854 varii

84 1870 212 1892 venerant
227 1875 261 1893 ex
276 1870 335 1893 ante
351 1866 423 1892 diem
436 1867 503 1892 Non.
520 1867 578 1892 Iun.
592 1874 679 1900 usque
690 1865 723 1892 ad
735 1865 806 1900 prid.
819 1865 878 1891 Kal.

84 1903 158 1937 Sept.
198 1904 236 1929 Eo
255 1907 344 1930 autem
360 1903 403 1930 die
420 1904 570 1934 Livineius,
592 1904 627 1929 M.
646 1903 742 1938 Reguli
756 1902 878 1933 libertus,

84 1940 118 1967 ad
132 1948 174 1966 me
186 1948 200 1966 a
212 1940 314 1976 Regulo
326 1941 426 1967 missus
438 1941 522 1967 venit.
548 1941 582 1971 Is,
595 1941 704 1966 omnino
716 1941 880 1967 mentionem

84 1977 188 2004 nullam
204 1976 298 2003 factam
311 1986 379 2008 esse,
397 1978 545 2010 nuntiavit·⁷
569 1977 616 2003 sed
629 1977 713 2004 fuisse
725 1982 813 2004 tamen
825 1986 882 2003 ser-

86 2023 193 2041 monem
205 2014 238 2040 de
250 2014 375 2041 C.Clodii
387 2015 454 2041 tilio:
479 2015 556 2049 isque
571 2015 639 2040 mibi
652 2019 708 2041 tum
720 2023 734 2040 a
747 2014 824 2041 fratre
838 2014 882 2041 lit-

86 2056 156 2078 teras
177 2051 274 2078 attulit.
314 2051 366 2077 Sed
387 2052 516 2086 postridie
538 2051 619 2078 Sestii
640 2053 718 2086 pueri
739 2056 880 2083 venerunt,

85 2090 134 2124 qui
154 2097 167 2115 a
189 2093 213 2116 te
228 2089 329 2115 litteras
345 2089 504 2120 attulerunt,
521 2098 572 2115 non
589 2094 642 2115 tam
658 2089 808 2123 exploratas
823 2097 836 2115 a
849 2090 883 2115 ti-

85 2134 167 2158 more,
180 2135 262 2162 quam
273 2135 361 2153 sermo
373 2127 490 2152 Livineii
502 2126 597 2152 suerat.
633 2126 701 2152 Sane
712 2135 772 2152 sum
785 2127 811 2152 in
824 2135 882 2152 meo

85 2164 190 2191 infinito
211 2172 329 2190 macrore
345 2164 492 2195 sollicitus,
510 2168 535 2190 et
550 2172 580 2190 eo
597 2164 696 2199 magis,
714 2163 786 2198 quod
802 2164 883 2198 Appii

85 2202 208 2236 quaestio
228 2205 278 2228 est.
318 2203 344 2228 2.
366 2202 466 2232 Cetera,
484 2209 553 2236 quae
569 2200 602 2227 ad
620 2209 661 2227 me
672 2201 774 2227 eisdem
788 2201 882 2227 litteris

85 2238 184 2265 scribis
195 2238 228 2265 de
240 2243 328 2265 nostra
340 2247 397 2273 spe,
412 2238 533 2273 intelligo
544 2247 602 2264 esse
615 2238 791 2274 languidiora,
801 2247 882 2273 quam

86 2275 133 2302 alii
152 2276 307 2303 ostendunt.
348 2276 404 2311 Ego
420 2281 523 2307 autem,
541 2276 669 2310 quoniam
686 2284 737 2302 non
755 2275 831 2311 longe
849 2275 882 2301 ab

86 2321 117 2339 eo
128 2317 247 2348 tempore
258 2313 400 2344 absumus,
419 2314 511 2348 inquo
523 2322 564 2339 res
576 2312 780 2343 ‹liiudicabitur,
794 2312 883 2339 autad

85 2355 111 2377 te
122 2350 258 2377 conferam
270 2359 321 2382 me,
330 2356 375 2377 aut
386 2352 467 2377 etiam
479 2359 550 2377 nuno
562 2351 663 2376 circum
676 2350 740 2376 haec
749 2350 884 2376 locat-om-

87 2388 220 2414 morabor.
262 2390 286 2414 3.
309 2388 410 2415 Scribit
426 2388 458 2415 ad
475 2397 516 2414 me
534 2387 621 2418 irater,
639 2387 729 2413 onmia
741 2396 789 2413 sua
802 2392 883 2422 perte

87 2433 173 2452 unum
184 2426 322 2452 sustineri.
363 2426 435 2458 Quid
447 2431 471 2452 te
486 2430 531 2451 aut
542 2425 638 2455 horter,
651 2424 724 2459 quod
736 2424 819 2450 sacis?
839 2429 884 2450 aut

87 2470 165 2498 agam
185 2463 294 2498 gratias,
312 2463 384 2497 quod
401 2472 452 2489 non
468 2462 626 2497 exspectas?
655 2462 768 2488 'rantum
790 2462 882 2492 velim,

88 2499 193 2526 fortuna
207 2499 253 2527 det
267 2500 346 2526 nobis
356 2505 522 2536 potestatem,
537 2505 565 2526 ut
577 2499 724 2525 incolumes
736 2508 824 2525 amore
837 2508 885 2525 no-

87 2541 141 2563 stro
157 2536 338 2571 perfruamur.
378 2539 449 2564 Tuas
466 2538 566 2564 litteras
581 2545 688 2571 semper
703 2537 820 2562 maxime
836 2545 884 2562 ex-

87 2578 193 2609 specto:
225 2575 254 2600 in
272 2575 375 2609 quibus
389 2584 454 2601 cave
471 2575 570 2605 vereri,
587 2583 620 2600 ue
631 2578 676 2600 aut
687 2573 827 2609 diligentia
839 2578 882 2599 tua

88 2611 158 2638 mihi
187 2610 298 2638 molesta
329 2617 375 2640 aut
404 2613 502 2640 veritas
529 2611 622 2638 acerba
648 2611 692 2637 sit.
734 2611 789 2638 Dat.
811 2610 881 2645 prid.

89 2648 157 2675 Non.
169 2648 306 2684 Septemb.

1660 139 1708 165 839

970 211 1055 232 XVIII.
1084 212 1245 236 (Thessalonicae,
1256 212 1329 230 Pistum.
1343 210 1424 228 Gabinio
1435 217 1481 228 coss.
1492 210 1548 232 695.)

976 295 999 319 i.
1020 289 1258 328 Exspectationem
1280 292 1358 318 nobis
1379 300 1431 317 non
1447 299 1558 325 parvam
1574 289 1710 321 attuleras,

918 339 1003 366 quum
1011 330 1315 365 scripseras,Varr0nem
1324 329 1372 355 tibi
1380 338 1426 363 pro
1433 329 1551 354 amicitia
1557 327 1714 354 confirmas—

919 377 957 398 se,
966 376 1089 394 caussam
1100 372 1217 393 nostram
1224 367 1381 401 Pompeium
1388 370 1457 392 certe
1469 370 1669 400 suscepturum,
1677 369 1712 395 et,

920 405 1002 431 simul
1015 414 1028 431 a
1040 405 1150 431 Caesare
1162 405 1186 430 ei
1199 404 1310 433 litterae,
1323 412 1390 438 quas
1403 408 1576 438 exspectaret,
1586 403 1715 428 remissae

920 447 1018 473 essent,
1041 447 1174 468 auctorem
1196 442 1275 468 etiam
1300 441 1436 467 daturum.
1482 440 1575 466 Utrum
1597 439 1625 465 id
1645 438 1714 465 nihil

920 479 981 509 fuit,
1001 489 1034 505 an
1051 479 1206 505 adversatae
1221 484 1285 505 sunt
1300 478 1420 505 Caesaris
1433 477 1552 504 litterae‘?
1572 486 1605 503 an
1615 482 1655 502 est
1666 476 1716 502 ali-

920 516 987 551 quid
999 517 1026 542 in
1038 516 1103 551 spe‘?
1122 517 1209 543 Etiam
1221 516 1289 542 illud
1301 524 1456 550 scripseras,
1470 514 1605 545 cumdem,
1618 522 1716 540 secun-

920 554 985 579 dum
1007 554 1128 584 comitia,
1146 553 1259 580 dixisse.
1300 556 1324 580 2.
1347 554 1398 579 Fac
1414 553 1447 588 (si
1464 552 1549 583 vides,
1568 552 1676 586 quantis
1688 551 1715 576 in

922 591 1000 617 malis
1022 592 1132 621 iaceam,
1151 595 1176 617 et
1203 591 1227 616 si
1243 596 1320 625 putas
1337 599 1394 616 esse
1407 590 1581 616 humanitatis
1593 589 1663 623 tuae)
1674 596 1717 614 me

922 628 963 654 fac
982 628 1015 654 de
1036 633 1087 655 tota
1110 636 1205 654 caussa
1224 634 1312 654 nostra
1328 628 1477 653 certiorem.
1518 628 1585 653 Nam
1600 626 1717 658 Quintus

923 665 1015 697 frater,
1040 665 1119 691 homo
1135 666 1233 696 mirus,
1257 666 1304 700 qui
1319 674 1361 690 me
1373 670 1425 690 tam
1438 664 1514 690 valde
1527 668 1609 694 amat,
1627 663 1717 689 onmia

923 703 1005 729 mittit
1019 704 1077 737 spei
1089 702 1177 737 plena,
1196 707 1328 733 metuens,
1341 702 1428 732 credo,
1442 701 1619 727 desectionem
1634 700 1718 726 animi

923 740 987 766 mei.
1028 741 1100 765 Tuae
1121 744 1210 766 autem
1227 740 1327 766 litterae
1344 739 1518 765 suntvariae:
1542 747 1629 773 neque
1645 738 1717 763 enim

924 786 966 803 me
982 777 1125 811 desperare
1142 777 1193 807 vis,
1207 785 1255 802 nec
1267 781 1365 802 temere
1377 784 1494 810 sperare.
1534 776 1594 805 Fac,
1608 775 1719 801 obsecro

926 820 960 846 te,
974 819 1004 841 ut
1013 815 1113 845 omnia,
1126 823 1195 849 quae
1209 814 1327 848 perspici
1339 822 1352 839 a
1364 818 1388 839 te
1400 818 1521 848 possunt,
1535 815 1663 838 sciamus.

978 883 1044 904 XIX.

1073 884 1232 907 (Thessalonicae,
1242 885 1316 904 Pusune,
1327 885 1406 901 Gabinio
1416 890 1463 901 cun.
1474 884 1528 905 uun.)

1112 927 1280 955 CICERO
1310 926 1478 953 ATTICO
1509 926 1536 953 S.

984 967 1007 992 t.
1030 960 1130 997 Quoad
1151 965 1285 991 eiusmodi
1301 965 1369 990 mibi
1387 964 1488 991 litterae
1504 973 1518 990 a
1535 964 1612 990 vobis
1629 962 1721 989 assere-

926 1004 1036 1034 bantur,
1060 1008 1089 1029 ut
1104 1002 1208 1037 aliquid
1224 1012 1257 1029 ex
1270 1003 1302 1028 iis
1314 1007 1384 1028 esset
1395 1002 1620 1036 exspectandum,
1639 1009 1686 1035 spe
1697 1005 1722 1026 et

925 1040 1072 1076 cupiditate
1089 1040 1294 1066 Thessalonicae
1316 1044 1434 1066 retentus
1450 1048 1524 1065 sum:
1548 1043 1721 1073 posteaquam

926 1079 1015 1105 omnis
1036 1078 1103 1104 actio
1120 1078 1202 1104 huius
1219 1078 1282 1103 anni
1294 1076 1413 1103 confecta
1426 1077 1503 1103 nobis
1516 1076 1671 1105 videbatur,
1695 1076 1722 1101 in

927 1117 1018 1142 Asiam
1040 1116 1078 1141 ire
1094 1115 1177 1145 nolui,
1195 1115 1267 1149 quod
1280 1119 1305 1141 et
1315 1114 1456 1140 celebritas
1468 1114 1535 1140 mihi
1548 1114 1609 1140 odio
1620 1117 1668 1143 cst,
1687 1117 1721 1142 et,

927 1154 951 1180 si
972 1153 1046 1179 fieret
1061 1152 1165 1187 aliquid
1181 1162 1195 1179 a
1211 1153 1289 1179 novis
1305 1152 1517 1187 magistratibus,
1536 1151 1630 1177 abesse
1645 1150 1723 1185 longe

928 1190 1062 1217 nolebam.
1103 1191 1195 1225 Itaque
1207 1191 1234 1216 in
1252 1190 1365 1224 Epirum
1378 1189 1410 1215 ad
1428 1194 1451 1216 te
1468 1190 1549 1215 statui
1565 1197 1607 1214 me
1619 1187 1724 1213 conser-

928 1237 969 1260 re,
996 1237 1046 1254 non
1069 1236 1122 1262 quo
1144 1236 1202 1253 mea
1222 1228 1362 1254 interesset
1379 1226 1428 1253 loci
1446 1232 1551 1256 natura,
1572 1226 1620 1260 qui
1637 1225 1723 1251 lucem

927 1266 1037 1292 omnino
1058 1264 1193 1300 sugerem,
1226 1265 1274 1291 sed
1289 1270 1315 1291 et
1330 1264 1362 1290 ad
1374 1264 1488 1290 salutem
1501 1263 1679 1289 libentissime
1691 1270 1724 1288 ex

929 1308 973 1329 tuo
994 1307 1071 1337 portu
1087 1302 1249 1337 proficiscar,
1263 1307 1297 1333 et,
1310 1303 1332 1328 si
1345 1310 1374 1327 ea
1387 1302 1504 1336 praecisa
1517 1302 1575 1331 erit,
1589 1308 1724 1334 nusquam

930 1340 1037 1367 facilius
1058 1340 1126 1366 hanc
1142 1340 1322 1366 miserrimam
1339 1340 1421 1365 vitam
1438 1339 1478 1364 vel
1491 1338 1656 1368 sustentabo,
1671 1336 1722 1365 vel,

929 1378 1001 1413 quod
1023 1377 1106 1403 multo
1122 1381 1162 1403 est
1176 1377 1284 1408 melius,
1303 1377 1434 1403 abiecero.
1476 1376 1526 1401 Ero
1540 1384 1602 1401 cum
1614 1375 1722 1408 paucis}

929 1415 1133 1442 multitudinem
1144 1414 1288 1441 dimittam.
1310 1416 1334 1440 2.
1347 1415 1387 1440 Mc
1400 1413 1568 1440 tuaelitterac
1576 1420 1725 1446 numquam

931 1454 957 1479 in
975 1457 1074 1479 tantam
1090 1461 1166 1487 spem
1182 1452 1367 1482 adduxerunt,
1386 1452 1412 1477 in
1426 1452 1433 1461 ⁸
1451 1456 1578 1486 quantam
1599 1449 1723 1475 aliorum.

929 1492 1052 1517 Attamen
1069 1499 1127 1516 mea
1143 1499 1206 1525 spes
1221 1490 1301 1516 etiam
1319 1489 1425 1515 tenuior
1440 1497 1546 1522 semper
1562 1487 1625 1517 suit,
1644 1494 1725 1521 quam

930 1533 990 1555 tuae
1003 1528 1114 1554 litterae.
1150 1527 1203 1553 Sed
1215 1533 1312 1557 tamen,
1327 1528 1453 1561 quoniam
1466 1530 1589 1560 coeptum
1602 1528 1641 1550 est
1652 1524 1723 1559 agi',

930 1574 1040 1600 quoquo
1055 1565 1134 1591 modo
1149 1570 1274 1599 coeptum
1286 1569 1334 1595 est,
1353 1569 1377 1590 et
1389 1571 1561 1598 quacumque
1572 1562 1604 1588 de
1619 1569 1724 1591 caussa,

931 1612 983 1629 non
995 1603 1116 1629 deseram
1129 1611 1215 1637 neque
1226 1602 1321 1637 optimi
1337 1606 1416 1636 atque
1428 1602 1501 1627 imici
1515 1600 1602 1626 fratris
1614 1600 1726 1625 miseras

931 1650 961 1667 ac
976 1640 1111 1667 luctuosas
1124 1649 1226 1675 preces,
1235 1649 1283 1665 nec
1295 1639 1380 1665 Sextii
1395 1643 1598 1672 ceterorumque
1611 1637 1727 1671 promis-

931 1688 973 1709 sa,
996 1687 1045 1704 nec
1065 1687 1141 1712 spem
1162 1677 1416 1703 aerumnosissimae
1439 1676 1560 1702 mulieris
1577 1674 1724 1701 Terentiae,

932 1725 980 1742 neo
1001 1716 1169 1741 miserrimae
1190 1714 1313 1741 mulieris
1329 1713 1459 1739 Tulliolae
1475 1712 1686 1739 obsecrationem
1702 1715 1728 1736 et

932 1753 1025 1779 fideles
1043 1753 1142 1779 litteras
1154 1757 1222 1779 tuas.
1264 1752 1330 1777 Mihi
1342 1751 1440 1786 Epirus
1452 1756 1496 1776 aut
1510 1751 1557 1776 iter
1569 1749 1600 1775 ad
1613 1748 1727 1774 salutem

931 1791 1016 1821 dabit,
1029 1795 1083 1821 aut,
1097 1789 1170 1825 quod
1181 1790 1279 1824 scripsi
1290 1797 1381 1823 supra.
1423 1791 1447 1814 13.
1470 1788 1505 1813 Te
1516 1797 1561 1813 oro
1572 1792 1596 1813 et
1606 1786 1726 1815 obsecro,

931 1829 962 1854 T.
978 1829 1116 1863 Pomponi,
1135 1828 1158 1853 si
1175 1836 1217 1853 me
1228 1826 1356 1853 omnibus
1368 1825 1555 1860 amplissimis,
1568 1824 1726 1852 carissimis,

932 1866 1195 1899 iucundissimisque
1207 1864 1288 1891 rebus
1300 1863 1411 1899 pertidia
1425 1861 1726 1896 bominumspoliatum,

932 1904 1010 1929 sime
1021 1904 1109 1930 ameis
1121 1902 1284 1929 consiliariis
1297 1901 1432 1936 proditum
1444 1905 1469 1926 et
1481 1901 1629 1934 proiectum
1637 1897 1726 1929 vides,

933 1942 956 1967 si
978 1941 1109 1976 intelligis
1126 1948 1168 1966 me
1183 1944 1315 1967 coactum,
1339 1943 1368 1964 ut
1384 1939 1441 1973 ipse
1458 1946 1499 1964 me
1511 1943 1620 1963 etnicos
1634 1935 1729 1970 perde-

933 1987 1004 2005 rem:
1038 1983 1067 2005 ut
1078 1986 1119 2004 me
1135 1983 1179 2004 tua
1192 1976 1376 2003 misericordia
1389 1977 1475 2005 iuveS,
1499 1980 1523 2001 et
1535 1975 1664 2006 Quintum
1678 1973 1729 1998 sra-

934 2021 1014 2046 trem,
1036 2016 1083 2050 qui
1101 2019 1186 2050 potest
1202 2024 1260 2040 esse
1276 2014 1383 2043 salvus,
1408 2017 1555 2039 sustentes:
1579 2011 1728 2037 Terentiam

935 2053 1088 2087 liberosque
1110 2061 1184 2078 meos
1200 2057 1302 2079 tueare:
1336 2060 1392 2080 mc,
1415 2051 1438 2076 si
1454 2056 1531 2085 putas
1547 2055 1571 2075 te
1584 2049 1643 2074 istie
1655 2048 1730 2073 visu-

934 2100 1003 2121 rum,
1021 2095 1173 2125 exspectes;
1197 2090 1220 2115 si
1233 2089 1333 2119 minus,
1350 2088 1461 2117 invisas,
1475 2088 1498 2112 si
1511 2092 1593 2121 potes,
1608 2085 1730 2119 miliique

934 2137 967 2154 ox
982 2136 1046 2163 agro
1062 2133 1106 2154 tuo
1123 2132 1225 2153 tantum
1241 2127 1378 2161 assignes,
1399 2130 1530 2160 quantum
1549 2132 1606 2149 meo
1622 2130 1730 2156 corpore

933 2165 1059 2199 occupari
1082 2169 1180 2199 potest,
1204 2169 1229 2190 et
1245 2172 1342 2198 pueros
1354 2162 1387 2188 ad
1399 2171 1441 2188 me
1453 2171 1514 2187 eum
1528 2161 1622 2188 litteris
1634 2168 1730 2194 quam-

935 2203 1053 2237 primum
1085 2207 1111 2227 et
1140 2210 1222 2236 quam
1252 2201 1412 2235 saepissime
1445 2200 1543 2225 mittas.
1590 2198 1644 2224 Dat.
1672 2204 1728 2221 Mi.

936 2240 993 2266 Kal.
1006 2239 1099 2265 Oetob.

989 2309 1042 2329 XX.
1072 2311 1155 2331 tin-nur.
1165 2309 1248 2326 (labinia
1259 2316 1297 2325 cun
1316 2310 1372 2327 otuu.)

935 2345 1078 2373 CICERO
1103 2344 1132 2370 S.
1158 2345 1186 2370 D.
1213 2344 1244 2375 Q.
1271 2342 1457 2369 CAECILIO
1479 2342 1510 2373 Q.
1535 2341 1562 2366 1³.
1587 2340 1661 2365 l’OM
1671 2338 1730 2364 1¹0-

1187 2381 1308 2407 Num)
1330 2380 1482 2405 ATTICO.

994 2422 1016 2446 t.
1039 2415 1123 2451 Quod
1144 2418 1255 2453 quidem
1279 2418 1313 2443 itu
1334 2426 1406 2445 esse,
1429 2421 1453 2442 et
1469 2414 1636 2441 avunculum
1653 2418 1729 2438 tuum

936 2457 1057 2484 sunctum
1070 2465 1128 2482 esse
1140 2456 1237 2484 ostieio,
1248 2455 1485 2480 velit-mentissinie
1498 2452 1593 2487 probo;
1612 2450 1730 2486 gumiz-re

936 2504 977 2521 me
999 2500 1055 2520 tum
1076 2494 1179 2523 dicam,
1202 2493 1224 2518 si
1242 2493 1309 2518 milii
1327 2492 1375 2517 boe
1393 2491 1474 2517 verbo
1491 2490 1582 2515 iicebit
1600 2489 1648 2514 uti.
1691 2487 1730 2513 Me

936 2532 1079 2558 miserum!
1106 2539 1188 2565 quam
1204 2531 1293 2556 omnia
1310 2533 1398 2554 essent
1410 2538 1443 2554 ex
1456 2527 1598 2554 sententia.
1617 2527 1639 2552 si
1653 2524 1730 2551 nobis

935 2570 1055 2599 animus,
1069 2569 1092 2594 si
1104 2567 1258 2597 consilium,
1272 2568 1294 2592 si
1308 2566 1372 2592 tides
1385 2575 1486 2594 eorum,
1499 2564 1601 2599 quibus
1612 2562 1730 2589 credidi-

936 2615 1009 2636 mus,
1024 2615 1074 2632 non
1087 2605 1231 2631 defuisset!
1250 2613 1319 2639 quae
1334 2603 1460 2637 colligere
1477 2602 1550 2631 nolo,
1569 2610 1601 2627 ne
1617 2608 1729 2635 augeam

935 2652 1092 2670 maerorem.
1114 2642 1166 2669 Sed
1179 2643 1228 2669 tibi
1241 2642 1331 2667 venire
1345 2641 1370 2667 in
1384 2646 1499 2667 mentem
1511 2639 1652 2668 certeseia,
1661 2646 1731 2673 quae

936 2682 989 2708 vitu
1005 2686 1076 2707 esset
1086 2685 1187 2711 nostra,
1208 2688 1277 2714 quac
1288 2679 1422 2708 suavitas,
1440 2686 1509 2713 quae
1521 2677 1649 2713 dignitas
1691 2675 1730 2701 Ad
