1941 3052
212 153 260 176 6¹¹0

211 230 247 251 re,
266 220 381 246 liomlnl!
393 224 432 245 est
444 218 509 245 nibil
521 218 553 244 de
564 218 701 252 dignitato.
716 218 828 243 nimium
841 217 873 243 de
885 216 1003 252 periculo

210 258 359 293 cogitantis.
382 257 457 288 Quod
470 260 557 282 autem
568 259 608 281 est
618 254 785 289 periculum?
806 255 870 280 Nam
882 255 904 280 ai
918 254 1003 280 maxi-

211 304 285 321 mum
302 296 327 321 in
344 294 487 319 discrimen
505 293 618 321 venitur.
635 296 681 317 aut
692 291 798 317 libertas
811 296 898 326 parata
911 291 1002 317 victori

210 337 250 358 est
265 336 310 358 aut
326 340 396 357 mors
412 330 544 365 proposita
557 330 634 355 victo.
675 328 793 360 Quorum
805 328 917 355 alterum
929 333 1003 363 opta-

211 369 263 396 bile
292 373 344 398 est,
376 367 487 393 alterum
515 366 630 401 effugere
655 374 732 391 nemo
756 369 851 400 potest.
905 366 1003 400 Turpis

210 410 298 432 autem
320 405 346 431 l'u
368 413 381 430 a
403 404 494 430 mortis
512 404 583 429 omni
604 407 645 429 cst
660 407 742 429 morte
759 403 841 437 peior.
873 404 913 428 30.
937 403 1002 428 Nam

210 443 278 470 illud
297 413 407 476 qiiiffein
425 449 475 467 non
492 440 609 466 adducor
621 444 650 466 ut.
660 439 775 470 credam.
789 448 849 466 esse
859 439 1000 474 quosdam,

209 480 256 515 qui
279 478 416 505 invideant
434 477 550 504 alicuius
564 478 740 508 constantiae,
761 477 809 512 qui
827 477 923 507 labori,
945 478 1003 503 eius

211 520 365 552 perpetuam
387 516 413 542 in
435 514 572 549 republica
593 514 743 541 adiuvanda
765 514 927 541 voluntatem
950 518 975 540 et
989 523 1003 540 a

209 558 302 580 senatu
324 557 349 579 et
369 561 383 578 a
399 552 498 587 populo
514 553 631 578 Romano
646 552 764 587 probari.
783 551 893 578 moleste
910 551 1002 577 lerant.

210 591 309 617 Omnes
330 589 356 616 id
372 589 481 625 quidem
494 588 579 615 facere
589 589 768 616 debebamus:
791 597 875 624 eaque
886 593 941 615 erat
953 597 1003 615 non

210 627 288 654 modo
308 627 378 662 apud
395 627 508 653 maiores
525 631 636 657 nostros.
653 626 790 653 sedetiam
803 635 889 661 nuper
899 634 1005 652 summa

211 665 268 692 laus
288 664 483 695 consularium,
502 664 627 699 vigilare.
644 665 772 699 cogitare.
793 663 886 690 adesse
905 664 1003 694 animo,

209 710 316 737 semper
336 701 439 737 aliquid
461 710 508 736 pro
527 701 664 737 republica
680 705 726 728 aut
745 700 830 727 facere
845 705 890 727 aut
905 701 1003 727 dicere.

210 742 251 766 31.
278 740 334 775 Ego
348 738 380 772 Q.
393 738 547 766 Scaevolam
559 747 687 775 augurem
699 739 825 765 memoria
837 743 921 769 teneo,
936 737 1006 765 bello

210 777 331 808 Marsico,
353 785 438 812 quum
459 781 529 803 esset
543 785 649 802 summa
664 780 800 802 senectute
810 780 836 802 et
847 775 947 810 perdita
959 784 1006 801 va-

211 813 338 845 letudine,
346 813 477 849 quotidie,
486 813 567 840 simul
579 819 659 849 atque
672 813 778 844 luceret,
788 812 872 839 facere
878 813 1004 839 omnibus

208 851 385 878 conveniendi
405 852 447 877 sui
469 855 639 886 potestatem:
673 859 760 886 neque
780 859 841 877 eum
860 851 1003 885 quisquam

210 889 256 916 illo
276 888 345 915 bello
362 888 429 915 vidit
446 889 472 915 in
490 888 569 920 lecto;
591 896 728 923 senexque
743 892 769 915 et
779 887 886 918 debilis.
901 889 1004 922 primus

209 926 334 953 veniebat
345 926 489 952 incuriam.
512 925 763 952 Huiusindustriam
772 925 1004 960 maximequidem

208 963 307 990 ‘vellem
323 967 352 990 ut
370 963 539 990 imitarentur
558 964 590 994 ii,
612 971 680 998 quos
701 962 852 997 oportebat:
886 962 1005 989 secundo

209 1006 297 1028 autem
311 1000 374 1032 loco.
388 1009 420 1027 ne
431 1000 541 1027 alterius
556 1000 638 1027 labori
649 1000 808 1027 inviderent.
830 999 876 1026 XI.
889 1001 930 1026 32.
943 1000 1005 1026 Ete-

210 1039 275 1069 nim,
285 1042 371 1073 patres
381 1038 534 1073 conscripti,
547 1046 632 1073 quum
642 1038 670 1064 in
681 1046 756 1072 spem
769 1037 898 1063 libertatis
908 1045 1006 1064 sexen-

209 1076 254 1103 nio
264 1076 416 1110 postsimus
426 1075 704 1111 ingressidiutiusque
710 1075 865 1101 servitutem
872 1075 1002 1110 perpessi,

208 1121 290 1149 quam
301 1113 400 1148 captivi
412 1112 482 1148 frugi
494 1117 520 1139 et
530 1112 672 1148 diligentes
683 1112 783 1139 solent:
805 1120 873 1147 quas
885 1111 1002 1148 vigilias,

209 1159 277 1185 quas
297 1149 507 1182 sollicitudines,
529 1158 598 1185 quos
620 1149 736 1180 labores,
759 1149 890 1176 liberandi
911 1149 1004 1184 populi

208 1188 320 1215 Romani
341 1196 435 1214 caussa
450 1195 572 1214 recusare
587 1186 736 1214 debemus?
759 1186 902 1222 Equidem.
916 1191 1004 1222 patres

208 1225 361 1260 conscripti.
383 1233 548 1260 quamquam
569 1224 618 1251 hoc
633 1224 731 1251 honore
745 1225 798 1255 usi,
822 1224 903 1260 togati
918 1223 1005 1251 solent

209 1271 277 1293 esse,
300 1271 385 1298 quum
399 1266 440 1288 est
455 1262 483 1289 in
499 1262 572 1298 sagis
582 1262 686 1293 civitas,
699 1261 780 1288 statui
791 1265 888 1293 tamen,
901 1270 916 1288 a
927 1261 1004 1288 vobis

208 1300 358 1336 ceterisque
367 1299 474 1328 civibus
484 1299 512 1328 iu
526 1303 598 1328 tanta
608 1299 740 1327 atrocitate
747 1299 873 1335 temporis
880 1302 1005 1334 tantaque

789 149 830 173 65.
867 147 900 173 M.
934 147 965 173 T.
999 147 1274 174 CICERONIS

1055 217 1251 252 perturbatione
1258 217 1420 252 reipublicae
1427 225 1477 244 non
1484 218 1588 244 differre
1595 219 1702 244 vestitu.
1712 218 1767 244 Non
1775 219 1845 244 enini

1055 256 1088 280 ita
1100 255 1219 288 gerimus
1227 263 1273 281 nos
1281 254 1571 285 bochelloeonsutom.
1581 257 1847 290 utaequoanimopo-

1055 291 1135 326 pulus
1153 292 1286 318 Romanus
1307 293 1416 318 visurus
1436 293 1471 318 sit
1490 294 1571 319 nostri
1594 293 1699 319 lionoris
1716 293 1845 327 insignia:

1054 337 1138 363 quum
1152 330 1247 363 [eartim
1258 337 1272 355 o
1284 329 1360 355 nobis
1373 330 1406 355 ita
1418 329 1504 355 timidi
1516 330 1578 358 iiiritv
1597 335 1625 355 ut
1636 339 1741 356 omnem
1755 329 1846 364 populi

1056 366 1359 392 llomanibeneficiorum
1372 367 1525 392 memoriam
1532 367 1687 393 abiecerint:
1705 368 1800 402 partim
1813 368 1847 392 ita

1055 412 1068 428 a
1090 403 1225 438 republica
1245 404 1341 434 aversi.
1359 408 1388 429 ut
1404 412 1432 429 se
1448 403 1516 430 hosti
1533 403 1620 430 favere
1635 412 1696 439 prae
1708 413 1737 430 se
1748 404 1846 430 lerant:

1057 441 1156 474 legatos
1169 445 1271 467 nostros
1282 440 1315 466 ab
1326 441 1440 467 Antonio
1450 440 1589 475 despectos
1599 449 1658 467 esse
1669 446 1694 467 et
1707 441 1798 468 irrisos
1809 440 1849 467 fa-

1055 478 1105 503 cile
1125 478 1271 513 patiantur:
1313 477 1428 513 legatum
1445 478 1551 504 Antonii
1567 478 1736 505 sublevatum
1755 478 1847 504 velint.

1056 515 1132 541 llunc
1154 516 1226 541 enim
1249 514 1336 541 reditu
1356 515 1389 541 ad
1405 515 1548 541 Antonium
1566 515 1701 550 prohiberi
1717 516 1849 551 negabant

1056 557 1183 587 oportere.
1207 557 1232 578 ct
1247 553 1273 578 in
1293 552 1384 578 eodem
1406 552 1563 587 excipiendo
1583 553 1740 579 sententiam
1762 560 1847 578 meam

1060 589 1237 625 corrigebant.
1277 589 1382 622 Quibus
1393 598 1482 625 geram
1494 597 1605 616 morem.
1646 590 1743 615 Redeat
1754 589 1786 615 ad
1798 590 1849 615 im-

1058 631 1203 662 peratorem
1219 635 1299 653 suum
1316 627 1420 656 Varius.
1434 627 1481 653 sed
1492 634 1521 653 ea
1534 626 1600 661 iege.
1613 635 1646 653 ne
1657 635 1786 662 umquam
1798 627 1849 653 iio-

1057 673 1126 690 mam
1142 669 1296 690 revertatur.
1328 664 1428 691 Ceteris
1440 669 1537 694 autem,
1550 665 1572 690 si
1584 672 1698 690 errorem
1710 672 1790 690 suum
1802 664 1849 690 de-

1057 702 1203 736 posuerint,
1221 706 1246 728 et
1260 710 1322 728 cum
1338 701 1474 737 republica
1489 702 1516 728 in
1531 701 1642 737 gratiam
1654 701 1788 732 redierint.
1804 709 1850 728 ve-

1057 739 1127 765 niam
1139 744 1164 765 et
1175 740 1359 774 impunitatem
1374 739 1488 765 dandam
1501 743 1574 773 puto.

1112 778 1153 802 33.
1179 776 1250 808 Quas
1265 777 1300 803 ob
1311 785 1352 803 res
1364 777 1398 802 ita
1410 784 1518 802 censeo:
1560 776 1667 806 Eorum,
1680 776 1799 811 quicum
1812 775 1848 802 M.

1056 813 1170 840 Antonio
1183 818 1255 845 sunt,
1273 813 1318 848 qui
1335 814 1368 839 ab
1383 813 1465 839 armis
1481 812 1661 843 discesserint.
1679 818 1704 839 et
1715 818 1760 839 aut
1771 812 1804 838 ad
1815 813 1846 839 A.

1056 851 1173 877 Pansam
1188 855 1233 877 aut
1247 850 1279 877 ad
1295 851 1324 877 C.
1337 849 1597 880 llirtium.consules.
1611 855 1656 876 aut
1666 850 1698 876 ad
1710 850 1847 876 Decimum

1056 888 1177 918 Brutum.
1195 889 1390 923 imperatorem.
1406 887 1543 914 consulem
1559 887 1739 923 designatum.
1757 892 1801 913 aut
1815 886 1848 913 ad

1057 926 1086 952 C.
1109 925 1257 956 Caesarem,
1273 934 1320 960 pro
1332 930 1459 960 praetore.
1473 929 1533 951 ante
1549 924 1612 951 Idus
1630 925 1736 950 Martias
1748 925 1848 959 primas

1056 963 1178 993 adierint.
1200 964 1233 989 iis
1252 962 1338 989 fraudi
1364 971 1396 989 ne
1407 963 1450 993 sit,
1463 961 1534 997 quod
1545 970 1606 988 cum
1619 962 1654 988 Μ.
1667 962 1780 988 Antonio
1790 961 1849 987 fue·

1056 1001 1118 1027 rint.
1159 1000 1187 1027 Si
1203 1001 1266 1035 quis
1277 1009 1378 1031 eorum,
1391 1001 1510 1035 quicum
1524 999 1557 1025 M.
1571 999 1684 1025 Antonio
1695 1004 1765 1028 sunt.
1780 998 1849 1025 fece-

1057 1039 1098 1069 rit.
1121 1037 1194 1072 quod
1216 1037 1314 1064 honore
1335 1038 1485 1072 praemiove
1505 1036 1618 1072 dignum
1634 1044 1693 1062 esse
1712 1036 1846 1062 w'deatur:

1056 1076 1094 1102 uti
1115 1075 1145 1101 C.
1176 1075 1270 1106 Pansa,
1287 1075 1318 1102 A.
1335 1075 1445 1105 Hirtius.
1463 1074 1596 1104 consules.
1614 1073 1681 1099 alter
1690 1073 1811 1103 ambove.
1826 1073 1848 1099 si

1056 1113 1095 1139 eis
1107 1111 1250 1143 videbitur,
1263 1112 1296 1139 de
1306 1112 1364 1138 eius
1374 1112 1472 1139 honore
1483 1111 1634 1146 praemiove
1646 1111 1732 1145 prImo
1741 1118 1850 1146 quoquo

1056 1150 1098 1176 die
1114 1149 1146 1176 ad
1160 1154 1284 1176 senatum
1295 1149 1418 1176 reserant.
1440 1148 1468 1175 Si
1479 1149 1542 1183 quis
1553 1152 1612 1183 post
1622 1148 1850 1174 bocsenatuscon-

1056 1187 1158 1214 sultum
1179 1187 1213 1213 ad
1229 1187 1374 1214 Antonium
1393 1185 1527 1222 profectus
1546 1185 1624 1212 suerit
1639 1189 1741 1220 praeter
1757 1185 1786 1211 L.
1798 1185 1850 1211 Va-

1056 1225 1136 1255 rium.
1153 1229 1276 1252 senatum
1292 1225 1509 1252 existimaturum
1523 1231 1585 1250 eum
1599 1227 1688 1250 contra
1700 1221 1850 1258 rempubli-

1055 1270 1114 1289 cam
1126 1261 1231 1290 iecisse.

914 1408 1144 1423 QUOD—-

1005 1589 1051 1615 65.

737 1657 774 1687 Μ.
811 1657 989 1687 TULLII
1031 1655 1325 1687 CICERONIS

1005 1739 1052 1760 IN

504 1805 561 1854 M.
675 1805 834 1854 AN

920 1801 1546 1854 TONIUM

688 1902 1124 1941 PHILIPPICA
1174 1900 1373 1940 NONA.

263 2061 340 2081 ARG.
366 2061 485 2081 Referente
503 2061 576 2082 Pann
590 2059 681 2082 contule
699 2060 725 2081 de
740 2060 823 2081 honore
838 2061 886 2082 Ser.
898 2061 1003 2088 Sulpicii.

209 2097 255 2123 qui.
267 2096 352 2122 legatus
363 2096 389 2116 ad
399 2095 520 2116 Antonium
529 2103 576 2116 cum
588 2095 671 2117 Pisone
682 2098 704 2116 et
713 2095 820 2123 Philippo
830 2096 920 2121 missus,
931 2096 955 2118 in
965 2096 1003 2116 iti-

210 2138 261 2152 nere
279 2138 347 2159 prope
359 2134 432 2152 cntra
443 2131 539 2151 obierat:
554 2134 605 2158 post
615 2132 640 2152 P.
652 2130 771 2152 Servitium
783 2130 861 2151 Cicero
872 2131 1003 2152 sententiam

208 2169 306 2192 rogatus,
317 2165 440 2194 Sulpicium
455 2165 557 2193 sepulcro
571 2165 661 2193 publico
673 2170 693 2186 et
703 2169 778 2186 statua
787 2173 873 2193 quoque
883 2167 1003 2187 ornandum

209 2207 259 2222 ene
277 2203 359 2226 censet,
374 2201 440 2228 quoii,
454 2208 519 2228 quum
534 2201 560 2221 nd
572 2200 692 2221 Antonium
706 2200 769 2226 gru-i
783 2201 876 2222 nffeetns
887 2202 962 2222 morbo
973 2201 1005 2222 nit

209 2236 330 2263 profectus,
344 2243 388 2256 non
402 2243 467 2257 cnut
478 2236 506 2261 ei,
518 2243 592 2257 vei-um
601 2235 653 2263 ips·
661 2235 745 2261 leg-tio
755 2239 846 2257 inertem
856 2236 961 2257 ”tulisse
971 2236 1003 2257 vi-

208 2272 293 2292 deatur.
313 2271 336 2292 S.
351 2271 377 2292 C.
391 2270 415 2291 in
424 2270 472 2291 ein·
483 2271 615 2291 nentenfiam
625 2271 707 2291 factum
718 2277 775 2296 enne,
786 2278 814 2291 ex
825 2277 850 2290 eo
859 2270 1002 2298 perspicitur.

207 2305 261 2333 quia
274 2305 412 2333 Pomponius
430 2306 468 2331 (de
478 2305 568 2331 Origine
581 2305 650 2332 iuris)
665 2309 754 2327 exstare
763 2313 803 2333 pro
815 2305 913 2331 Augu-ti
922 2305 1003 2326 ronti-is

209 2344 304 2362 statuam
313 2340 376 2361 illam
386 2340 463 2361 tradit.

261 2386 282 2412 1.
297 2387 320 2412 i.
337 2381 459 2418 Vellem,
472 2385 511 2413 dii
521 2385 684 2413 immortales
695 2385 829 2417 fecissent,
842 2389 930 2420 patres
940 2393 1004 2411 con-

208 2421 310 2457 scripti,
328 2427 357 2450 ut
367 2423 430 2450 vivo
440 2423 529 2458 potius
541 2423 598 2450 Ser.
611 2422 732 2458 Sulpicio
741 2423 840 2459 gratias
851 2430 1001 2458 ageremus,

208 2467 289 2494 quam
309 2460 422 2487 honores
437 2465 542 2487 mortuo
556 2469 756 2496 quaereremus.
796 2460 850 2486 Nec
869 2468 932 2486 vero
951 2459 1004 2485 du-

208 2495 273 2526 bito,
289 2497 365 2531 quin,
383 2498 407 2523 si
420 2497 466 2524 ille
477 2499 519 2525 vir
529 2498 687 2533 legationem
699 2497 850 2524 renuntiare
860 2497 1001 2531 potuisset.

209 2532 311 2559 reditus
328 2534 386 2560 eius
401 2539 427 2560 et
437 2535 514 2562 nobis
524 2539 616 2570 gratus
627 2534 708 2561 fuerit
722 2538 748 2560 et
757 2534 920 2568 reipublicae
930 2533 1004 2560 salu-

210 2570 273 2596 taris
296 2569 417 2596 futurus:
449 2580 501 2598 non
517 2580 571 2606 quo
586 2572 615 2598 L.
632 2571 758 2606 Philippo
772 2575 798 2597 et
813 2571 843 2597 1..
855 2571 947 2597 Pisoni
957 2574 1004 2597 aut

209 2606 330 2633 studium
341 2611 386 2633 aut
396 2615 458 2634 eura
468 2608 583 2635 defuerit
592 2609 621 2635 in
631 2613 703 2635 tanto
713 2607 800 2635 officio
810 2612 936 2643 tantoque
942 2616 1004 2634 mu-

210 2651 285 2670 nere:
324 2643 371 2670 sed
400 2652 486 2679 quum
516 2646 573 2672 Ser.
596 2645 734 2681 Sulpicius
764 2649 848 2671 aetate
874 2645 934 2672 illos
955 2653 1003 2671 an—

210 2681 294 2712 teiret,
308 2681 437 2716 sapientia
447 2683 652 2714 omnesssubito
662 2687 769 2718 ereptus
780 2690 794 2709 e
803 2690 908 2714 caussa,
920 2686 1001 2709 totam

1057 2061 1215 2098 legationem
1235 2060 1328 2088 orbam
1343 2064 1370 2087 et
1379 2057 1544 2087 debilitatam
1555 2056 1673 2092 reliquit.
1699 2057 1724 2084 2.
1736 2055 1813 2089 Quod
1823 2057 1847 2082 si

1055 2100 1183 2134 cuiquam
1203 2099 1293 2125 iustus
1308 2098 1392 2124 honos
1403 2096 1511 2123 habitus
1522 2099 1563 2121 est
1576 2095 1605 2121 in
1616 2099 1699 2120 morte
1713 2093 1807 2129 legato,
1820 2093 1848 2135 iii

1056 2136 1131 2163 nullo
1141 2136 1245 2166 iustior,
1253 2144 1334 2170 quam
1345 2135 1373 2161 in
1379 2134 1437 2161 Ser.
1445 2132 1574 2168 Sulpicio,
1582 2131 1739 2166 reperietur.
1751 2130 1847 2161 Ceteri,

1055 2175 1104 2209 qui
1124 2174 1152 2200 in
1164 2173 1295 2209 legatione
1310 2176 1421 2199 mortem
1435 2171 1568 2200 obierunt,
1585 2168 1619 2195 ad
1633 2169 1765 2195 incertum
1779 2167 1850 2194 vitae

1055 2210 1206 2246 periculum
1224 2211 1283 2236 sine
1301 2209 1357 2236 ullo
1376 2209 1469 2235 mortis
1484 2211 1558 2234 metu
1568 2205 1678 2241 profecti
1691 2209 1767 2232 sunt:
1789 2204 1847 2247 §er-

1056 2248 1194 2283 Sulpicius
1214 2256 1277 2274 eum
1299 2247 1388 2282 aliqua
1409 2243 1583 2280 perveniendi
1602 2242 1636 2269 ad
1649 2243 1686 2269 M.
1701 2242 1848 2269 Antonium

1055 2294 1103 2320 spe
1123 2285 1258 2320 protectus
1283 2289 1337 2314 est,
1359 2282 1433 2310 nulla
1445 2279 1605 2309 revertendi.
1644 2278 1697 2312 Qui
1711 2287 1796 2314 quum
1811 2279 1849 2305 ita

1055 2323 1164 2350 affectus
1179 2326 1258 2352 esset,
1280 2326 1319 2352 ut.
1331 2321 1355 2348 si
1366 2320 1399 2347 ad
1408 2327 1518 2355 gravem
1529 2316 1709 2344 valetudinem
1721 2316 1795 2342 labor
1804 2324 1850 2357 ao-

1054 2360 1188 2391 cessisset,
1209 2359 1331 2394 sibiipsa
1346 2357 1492 2384 diffideret:
1515 2364 1567 2382 non
1576 2354 1718 2384 recusavit,
1731 2361 1786 2388 quo
1797 2361 1850 2379 mi-

1055 2406 1106 2424 nus
1125 2396 1168 2424 vel
1189 2401 1308 2423 extremo
1324 2395 1436 2430 spiritu,
1451 2394 1475 2420 si
1493 2401 1575 2428 quam
1588 2399 1667 2426 opem
1683 2389 1848 2425 reipublicae

1055 2434 1123 2461 ferre
1142 2438 1244 2470 posset,
1261 2433 1436 2468 experiretur.
1474 2430 1566 2465 ltaque
1579 2437 1632 2455 non
1645 2427 1724 2454 illum
1734 2427 1776 2454 vis
1789 2427 1849 2469 bie·

1054 2472 1115 2503 mis‚
1137 2480 1191 2498 non
1206 2471 1292 2501 nives,
1309 2478 1361 2497 non
1378 2466 1515 2504 longitudo
1529 2466 1641 2496 itineris.
1654 2473 1708 2492 non
1717 2469 1848 2499 asperitas

1054 2510 1168 2540 viarum,
1186 2517 1239 2536 non
1252 2507 1363 2535 morbus
1372 2507 1560 2542 ingravescens
1569 2502 1725 2529 retardavit:
1745 2509 1848 2543 quum-

1053 2555 1107 2581 que
1117 2547 1171 2573 iam
1180 2546 1214 2573 ad
1223 2552 1397 2581 congressum
1409 2541 1628 2576 colloquiumque
1638 2540 1697 2566 eius
1708 2547 1848 2582 pei-venis—

1053 2588 1102 2614 set,
1119 2583 1152 2610 ad
1172 2592 1255 2619 quem
1269 2586 1324 2609 erat
1334 2582 1444 2610 missus,
1458 2579 1487 2605 in
1497 2578 1557 2613 ipsa
1566 2586 1630 2604 cura
1639 2581 1666 2604 et
1675 2576 1847 2603 meditatione

1052 2620 1170 2647 obeundi
1181 2621 1224 2647 sui
1235 2619 1356 2647 muneris
1366 2616 1482 2644 excessit
1491 2624 1506 2642 e
1516 2615 1580 2641 vita.

1108 2682 1133 2707 3.
1148 2680 1182 2707 Ut
1192 2680 1275 2716 igitur
1285 2678 1346 2710 alia,
1357 2677 1397 2704 sic
1406 2676 1466 2708 hoc,
1479 2675 1508 2703 C.
1520 2675 1614 2705 Pansa,
1622 2669 1846 2709 praeclare.quod
