1941 3052
409 133 595 160 ORATIO
628 132 718 159 PRO
752 133 787 158 M.

58 206 151 234 cedere
165 204 312 232 maluisse?
339 205 397 231 XII.
415 206 456 231 36.
472 205 567 240 Magna
581 203 734 230 mehercule
748 212 852 234 caussa,
876 202 885 206 '¹

884 249 885 253 ¹
908 245 960 266 10111
976 240 1075 266 habent
1088 239 1120 266 ad
1135 240 1207 265 hunc
1220 237 1442 273 opprimendum,
1463 242 1508 263 aut
1526 242 1653 272 quantam
1672 237 1706 264 ad

58 244 171 274 iudices,
186 242 362 269 absolutionis
376 251 438 268 0001
453 243 546 268 ceteris
561 241 664 267 caussis
679 241 744 267 haec
757 245 806 271 est,
823 249 856 266 ne

58 290 112 317 qua
129 280 245 316 insignis
264 279 328 306 huic
345 280 459 314 imperio
478 279 581 305 macula
605 283 684 313 atque
708 278 856 314 ignominia
877 276 878 289 ³

59 318 236 353 suscipiatur,
253 317 277 343 si
296 317 345 343 hoc
363 317 400 343 ita
415 316 547 351 perlatum
561 317 611 342 erit
625 316 652 342 in
667 316 791 346 Galliam,
813 324 857 341 se-
877 331 878 335 =

59 360 150 382 natum
177 355 336 390 equitesque
362 353 456 389 populi
479 354 590 380 Romani
617 362 668 380 non
696 353 856 380 testimoniis
878 359 879 374 1

59 392 206 423 Gallorum,
223 391 271 418 sed
284 392 366 418 minis
379 396 535 422 commotos.
552 400 606 417 rem
622 391 655 417 ad
670 391 778 417 illorum
794 390 857 416 libi·
878 403 879 407 =

58 430 149 456 dinem
163 429 307 456 iudicasse.
330 430 366 455 Ita
380 438 452 460 vero,
469 429 491 455 si
506 429 546 455 illi
561 428 662 454 bellum
678 428 762 454 facere
776 436 857 454 cona-
878 437 880 445 ¹

59 468 173 497 buntur,
199 466 357 493 excitandus
376 467 453 493 nobis
472 467 522 492 erit
539 466 572 492 ab
591 465 684 492 inseris
699 466 727 492 C.
744 465 854 495 Marius,

59 505 106 540 qui
130 504 311 530 Indutiomaro
334 505 378 530 isti
396 504 494 530 minaci
513 508 592 538 atque
611 503 743 538 arroganti
763 511 811 537 par
829 503 856 528 in

59 541 242 577 belligerando
255 550 314 568 esse
332 542 430 576 possit:
451 541 608 567 excitandus
623 540 671 567 Cn.
687 540 817 566 Domitius
832 543 858 565 et

58 578 90 612 Q.
110 580 259 610 Maximus,
284 579 332 614 qui
350 579 483 605 nationem
502 577 677 613 Allobrogum
695 582 721 603 et
738 577 857 611 reliquas

58 617 117 643 suis
130 617 228 643 iterum
242 617 323 643 armis
337 616 458 643 conficiat
467 620 547 650 atque
557 615 703 649 opprimat:
720 619 773 645 aut,
790 623 858 649 quo-

59 655 132 680 niam
146 654 174 680 id
187 654 298 689 quidem
313 662 364 680 non
379 657 478 688 potest,
499 653 615 679 orandus
634 652 683 678 erit
697 652 775 678 nobis
790 652 859 677 ami-

59 700 107 718 cus
126 700 216 722 meus,
241 692 276 717 M.
297 691 457 721 Plaetorius,
482 694 511 716 ut
530 699 593 716 suos
613 698 695 716 novos
714 689 825 715 clientes
844 698 857 714 a

59 728 130 756 bello
145 728 266 755 faciendo
278 728 420 759 deterreat,
442 732 472 754 ut
490 736 583 754 eorum
601 727 682 753 iratos
700 727 804 753 animos
818 730 858 752 at-

59 775 113 801 que
128 766 269 793 horribiles
283 766 399 800 impetus
414 765 584 800 deprecetur:
605 768 662 795 aut,
679 765 701 790 si
717 773 769 790 non
783 769 859 798 pote-

59 804 102 834 rit,
119 804 154 830 M.
166 804 279 830 Fabium
293 803 503 837 subscriptorem
518 803 576 828 eius
591 802 755 837 rogabimus,
772 806 801 827 ut
811 801 858 827 Al-

60 841 202 876 lobrogum
216 841 319 867 animos
333 841 445 876 mitiget,
461 840 589 875 quoniam
604 839 676 874 apud
690 839 751 865 illos
762 839 859 865 Fabio-

60 887 120 905 rum
134 887 231 904 nomen
245 883 286 904 est
298 878 513 913 amplissimum:
530 882 559 903 ut
574 877 657 903 velint
671 877 714 903 isti
726 881 771 903 aut
780 877 858 911 quie-

59 924 141 946 scere,
157 915 186 942 id
198 915 271 950 quod
285 916 349 942 victi
363 924 392 942 ac
405 915 509 941 subacti
524 914 618 945 solent,
635 918 689 945 aut,
705 923 791 949 quum
806 914 858 940 mi-

59 957 170 984 nantur,
195 953 356 989 intelligere,
383 962 411 979 se
430 952 528 987 populo
547 953 665 979 Romano
684 961 735 978 non
754 956 857 978 metum

60 990 133 1021 belli,
149 990 197 1017 sed
210 999 286 1025 spem
301 991 432 1025 triumphi
446 990 594 1016 ostendere.

114 1029 156 1054 37.
175 1028 252 1060 Quod
266 1028 289 1054 si
303 1028 330 1054 in
345 1029 417 1063 turpi
431 1037 475 1054 reo
489 1027 646 1062 patiendum
662 1035 713 1053 non
728 1030 810 1057 esset,
828 1030 858 1052 ut

59 1065 209 1101 quidquam
224 1066 269 1092 isti
283 1074 311 1092 se
322 1066 403 1092 minis
415 1065 558 1100 profecisse
569 1065 774 1091 arbitrarentur:
790 1063 857 1099 quid

62 1103 213 1130 faciendum
227 1103 303 1130 vobis
322 1104 350 1129 in
364 1104 398 1129 M.
415 1103 523 1129 Fonteio
542 1101 727 1129 arbitramini?
752 1101 785 1128 de
804 1110 858 1136 quo

61 1141 181 1172 homine,
202 1140 318 1172 iudices,
338 1141 401 1176 (iam
416 1141 488 1167 enim
503 1140 570 1166 mihi
584 1140 676 1166 videor
690 1140 753 1170 1100,
774 1148 857 1174 prope

59 1187 154 1205 caussa
167 1178 274 1205 duabus
288 1179 438 1205 actionibus
449 1182 577 1213 perorata,
593 1178 690 1204 debere
701 1177 810 1211 dicere.)
824 1177 857 1203 de

59 1224 114 1251 quo
127 1225 174 1242 vos
189 1216 296 1242 homine
310 1225 343 1242 ne
357 1216 390 1242 ab
404 1216 522 1242 inimicis
536 1215 647 1250 quidem
664 1214 750 1241 ullum
765 1215 855 1241 fictum

60 1253 219 1288 probrosum
234 1262 286 1280 non
297 1253 376 1280 modo
385 1254 495 1285 crimen.
512 1253 559 1279 sed
570 1262 602 1280 ne
613 1252 785 1279 maledictum
797 1252 859 1287 qui-

60 1291 122 1317 dem
136 1291 259 1317 audistis.
299 1291 399 1327 Ecquis
413 1300 542 1326 umquam
562 1299 637 1322 1005,
658 1291 815 1325 praesertim
831 1290 858 1316 in

60 1328 110 1355 hac
124 1328 194 1355 vitae
208 1329 308 1355 ratione
322 1333 457 1360 versatus,
473 1329 501 1355 in
515 1328 662 1355 honoribus
677 1327 813 1363 petendis,
831 1328 858 1354 in

61 1366 251 1401 potestatibus,
268 1366 295 1392 in
310 1366 431 1401 imperiis
445 1366 582 1401 gerendis,
599 1367 638 1392 sic
652 1370 792 1392 accusatus
807 1369 856 1396 est,

60 1408 91 1430 ut
105 1403 211 1430 nullum
225 1404 367 1439 probrum,
389 1403 495 1430 nullum
514 1403 631 1435 facinus,
653 1403 726 1430 nulla
742 1403 859 1438 turpitu-

60 1441 107 1472 do,
123 1449 192 1476 quae
205 1450 220 1467 a
235 1441 359 1473 libidine,
377 1446 422 1468 aut
436 1450 449 1468 a
464 1441 625 1476 petulantia,
641 1445 687 1467 aut
701 1441 734 1467 ab
748 1441 859 1467 audacia

61 1483 121 1505 nata
135 1483 219 1510 esset,
236 1479 268 1505 ab
283 1484 435 1506 accusatore
448 1479 621 1510 obiiceretur,
637 1479 660 1505 si
674 1488 726 1505 non
741 1487 816 1510 vera,
833 1482 859 1505 at

61 1521 150 1543 tamen
164 1516 223 1543 ficta
237 1525 299 1543 cum
313 1516 403 1552 aliqua
418 1517 518 1543 ratione
532 1525 561 1543 ac
575 1515 747 1551 suspicione?

116 1554 186 1580 XIII.
208 1556 246 1580 38.
267 1554 302 1580 Μ.
322 1554 467 1581 Aemilium
487 1554 631 1585 Scaurum,
653 1562 792 1580 summum
811 1562 859 1579 no-

60 1595 130 1618 strae
143 1591 259 1618 civitatis
274 1592 375 1623 virum,
397 1592 498 1618 scimus
516 1596 671 1618 accusatum
686 1601 699 1617 a
714 1592 749 1617 M.
766 1592 856 1617 Bruto.

60 1629 173 1655 Exstant
186 1629 331 1660 orationes,
352 1638 385 1656 ex
398 1630 499 1664 quibus
518 1629 632 1665 intelligi
652 1633 751 1664 potest,
774 1628 858 1654 multa

59 1667 87 1693 in
102 1666 179 1692 illum
195 1666 285 1701 ipsum
300 1666 431 1693 Scaurum
446 1675 505 1693 esse
523 1667 606 1699 dicta,
628 1666 709 1693 salso:
730 1667 792 1701 quis
813 1674 859 1692 ne-

59 1703 123 1740 gat‘?
136 1708 321 1731 verumtamen
336 1704 369 1731 ab
384 1705 493 1731 inimico
506 1704 576 1731 dicta
591 1708 616 1731 et
629 1705 741 1730 obiecta.
772 1704 857 1736 Quam

60 1741 144 1768 multa
162 1742 206 1768 Μ’.
226 1741 363 1777 Aquillius
385 1742 489 1768 audivit
511 1743 538 1769 in
561 1751 611 1769 suo
632 1741 751 1768 iudicio‘?
776 1750 858 1776 quam

60 1778 144 1805 multa
163 1779 193 1805 L.
209 1778 301 1806 Cotta?
327 1779 443 1815 denique
462 1780 490 1806 P.
506 1779 638 1806 Rutilius:
659 1780 721 1814 qui,
743 1780 793 1805 etsi
812 1778 860 1804 da-

60 1820 168 1843 mnatus
187 1821 239 1848 est,
261 1816 328 1843 mihi
347 1817 453 1844 videtur
472 1821 559 1844 tamen
574 1817 643 1844 inter
657 1818 728 1844 viros
742 1817 858 1851 optimos

60 1858 141 1889 atque
158 1854 392 1881 innocentissimos
407 1863 466 1881 esse
481 1855 674 1881 numerandus.
715 1854 762 1881 llle
776 1855 860 1890 igitur

60 1891 119 1926 ipse
138 1891 218 1918 homo
236 1892 423 1919 sanctissimus
441 1901 471 1919 ac
490 1892 750 1927 temperantissimus
774 1891 858 1918 multa

59 1928 164 1955 audivit
178 1929 205 1955 in
219 1938 268 1955 sua
282 1938 391 1961 caussa,
411 1938 480 1965 quae
498 1929 531 1956 ad
549 1930 733 1965 suspicionem
752 1934 859 1964 stupro-

60 1975 130 1997 rum,
147 1966 179 1992 ad
195 1966 334 1993 libidinem
349 1968 523 2002 pertinerent.
549 1969 590 1994 39.
607 1968 700 1994 Exstat
713 1967 797 1994 oratio
812 1967 860 1993 ho—

61 2003 142 2030 minis
155 2003 195 2038 (ut
208 2004 299 2038 opinio
313 2013 370 2030 mea
386 2004 445 2039 sert)
460 2009 609 2031 nostrorum
626 2005 765 2031 hominum
782 2005 858 2040 longe

59 2041 273 2076 ingeniosissimi
289 2046 368 2076 atque
378 2041 602 2076 elotptcntissimi,
620 2042 649 2069 C.
661 2042 789 2068 Gracchi:
805 2051 858 2077 qua

61 2078 88 2104 in
103 2078 220 2104 oratione
235 2079 366 2113 permulta
382 2079 407 2105 in
420 2079 448 2105 L.
461 2079 584 2105 Pisonem
601 2079 687 2115 turpia
702 2088 732 2106 ac
746 2079 859 2114 flagitio-

60 2125 89 2142 sa
107 2115 243 2142 dicuntur.
284 2115 317 2142 At
336 2116 362 2142 in
381 2125 462 2151 quem
482 2116 589 2143 virum?
610 2118 657 2152 qui
677 2121 746 2143 tanta
762 2118 860 2143 virtuto

60 2157 141 2188 atque
155 2153 306 2189 integritate
321 2153 384 2184 suit,
402 2158 431 2180 ut
444 2154 523 2180 etiam
539 2154 593 2180 illis
607 2155 717 2189 optimis
732 2155 860 2189 tempori-

60 2190 121 2222 bus,
138 2199 223 2226 quum
236 2191 371 2217 hominem
383 2191 504 2218 invenire
516 2200 630 2227 nequam
647 2192 781 2218 neminem
797 2201 860 2226 pos-

60 2236 112 2260 ses,
128 2228 203 2255 solus
219 2232 306 2255 tamen
322 2228 403 2263 Frugi
418 2229 609 2256 nominaretur.
631 2229 716 2262 Quem
731 2238 816 2264 quum
832 2230 858 2256 in

60 2266 214 2293 concionem
226 2266 363 2293 Gracchus
378 2266 466 2292 vocari
480 2266 593 2297 iuberet,
609 2271 635 2293 01
649 2267 733 2294 viator
747 2275 859 2302 quaere-

60 2307 108 2334 ret.
123 2312 205 2339 quem
220 2303 363 2330 Pisonem?
375 2303 448 2338 quod
463 2308 537 2330 erant
552 2304 656 2339 plures:
674 2307 742 2338 coyu's
756 2314 801 2334 me,
817 2305 860 2330 in-

60 2341 132 2376 quit.
162 2343 247 2367 dicere
269 2343 400 2368 inimicum
423 2350 504 2367 meum
526 2342 615 2375 Fruqi'.
655 2343 679 2368 Is
702 2342 785 2377 igitur
807 2342 857 2373 vir,

61 2386 141 2413 quem
161 2387 193 2404 ne
211 2379 338 2405 inimicus
352 2378 463 2414 quidem
478 2379 543 2405 satis
558 2379 584 2405 in
600 2379 760 2414 appellando
773 2379 860 2415 signi-

62 2415 138 2442 ficare
152 2420 262 2451 poterat,
279 2416 330 2442 nisi
342 2421 401 2443 11010
413 2416 562 2442 laudasset:
578 2417 625 2451 qui
639 2425 691 2443 uno
700 2417 859 2452 cognomino

61 2452 258 2484 declarabatur,
276 2462 327 2480 non
343 2453 422 2480 modo
435 2454 497 2489 quis
512 2458 597 2484 esset,
613 2454 661 2480 sed
675 2454 755 2480 etiam
769 2454 859 2489 qualis

61 2495 144 2518 esset:
161 2495 250 2517 tamen
264 2491 292 2518 in
307 2490 402 2517 salsam
416 2496 496 2526 atque
511 2491 633 2526 iniquam
649 2491 805 2526 probrorum
818 2492 860 2518 in-

62 2527 261 2555 simulationem
276 2528 430 2555 vocabatur.
452 2530 493 2555 40.
510 2529 544 2555 M.
562 2529 687 2555 Fonteius
703 2529 737 2555 ita
752 2529 859 2555 dualms

62 2565 211 2592 actionibus
225 2571 365 2592 accusatus
380 2571 433 2597 051,
454 2571 483 2593 ut
496 2566 631 2593 obiectum
651 2566 717 2592 nihil
736 2566 783 2597 sit,
805 2575 859 2601 quo

61 2602 205 2638 significari
220 2603 365 2640 vestigium
380 2603 511 2636 libidinis,
529 2603 699 2638 petulantiae.
715 2603 860 2630 crudelita-

61 2639 109 2671 tis,
125 2640 251 2667 audaciae
266 2641 360 2676 possit.
401 2641 458 2668 Non
474 2641 552 2668 modo
567 2641 672 2668 nullum
688 2641 793 2667 facinus
808 2641 860 2667 hu-

61 2676 105 2703 ius
123 2677 305 2712 protulerunt,
326 2678 374 2705 sed
392 2687 425 2705 ne
442 2678 544 2705 dictum
563 2678 674 2714 quidem
693 2678 802 2714 aliquod
818 2687 859 2705 re-

822 130 1357 158 FONTE10.C.tP.8—¹6.
1655 130 1703 155 353

908 201 1115 237 prehenderunt.
1150 202 1220 228 XIV.
1240 200 1316 233 Quod
1331 201 1363 231 si,
1380 204 1425 226 aut
1438 204 1566 235 quantam
1581 199 1706 226 volunta-

908 277 1122 303 maledicendum
1146 277 1295 306 licentiam,
1326 279 1429 301 tantum
1453 275 1582 300 haberent
1604 279 1650 301 aut
1672 274 1706 300 ad

908 314 1108 341 ementiendum
1123 314 1214 346 animi,
1232 318 1277 340 aut
1290 313 1323 339 ad
1342 312 1498 348 fingendum
1512 312 1627 347 ingenii:
1654 320 1706 338 non

909 351 1017 378 meliore
1041 352 1145 378 fortuna
1169 351 1202 378 ad
1224 351 1319 386 probra
1343 359 1395 376 non
1417 349 1550 376 audienda
1569 349 1704 380 Fonteius,

908 398 990 424 quam
1009 389 1063 420 illi,
1088 389 1121 415 de
1140 389 1241 424 quibus
1259 392 1335 414 antea
1354 387 1574 418 commemoravi,
1600 386 1705 412 fuisset.

909 427 991 462 Frugi
1004 427 1088 462 igitur
1101 427 1251 457 hominem,
1267 425 1384 456 iudices,
1402 425 1487 460 frugi,
1503 424 1623 459 inquam,
1640 429 1666 450 et
1679 424 1707 450 in

909 464 1035 490 omnibus
1054 464 1123 491 vitae
1143 464 1263 499 partibus
1279 463 1445 489 moderatum
1460 470 1489 488 ac
1503 465 1706 496 temperantem,

910 501 1020 536 plenum
1036 502 1159 536 pudoris,
1184 501 1294 536 plenum
1313 500 1407 531 officii,
1429 499 1540 534 plenum
1559 498 1706 534 relign'onis,

911 538 1007 565 videtis
1022 540 1139 574 positum
1154 539 1181 564 in
1196 543 1283 564 vestra
1298 538 1349 564 tide
1363 546 1393 563 ac
1407 541 1549 572 potestate:
1566 541 1647 571 atque
1661 537 1705 567 ita,

911 580 939 602 ut
953 577 1114 602 commissus
1129 577 1163 602 sit
1178 576 1248 607 fidei,
1265 575 1414 610 permissus
1429 575 1562 609 potestati.

966 614 1007 640 41.
1028 614 1122 640 Videte
1140 614 1235 649 igitur,
1256 617 1347 638 utrum
1365 613 1401 638 sit
1419 613 1545 647 aequius,
1571 611 1709 637 hominem

911 651 1141 681 honestissimum,
1159 651 1248 677 virum
1262 649 1454 680 fortissimum,
1474 650 1561 675 civem
1575 649 1708 683 optimum

910 688 972 714 dedi
995 688 1192 714 inimicissimis
1215 692 1296 722 atque
1318 687 1524 713 immanissimis
1543 686 1706 716 nationibus,

910 734 942 752 an
957 725 1032 751 reddi
1047 726 1153 751 amicis:
1175 725 1330 760 praesertim
1345 733 1432 759 quum
1446 728 1483 749 tot
1497 732 1539 750 res
1553 724 1620 753 sint,
1640 732 1710 758 quae

910 763 1006 789 vestris
1021 763 1117 789 animis
1132 771 1179 797 pro
1191 762 1273 788 huius
1285 762 1433 788 innocentis
1444 761 1529 787 salute
1540 760 1707 795 supplicent:

910 800 1029 835 primum
1043 801 1148 836 generis
1163 800 1318 834 antiquitas,
1335 808 1417 834 quam
1429 798 1556 829 Tusculo,
1572 807 1606 824 ex
1615 798 1709 824 claris-

910 838 979 864 simo
990 838 1147 873 municipio,
1164 837 1318 872 profectam,
1331 837 1359 863 in
1371 836 1552 862 monumentis
1563 844 1651 861 rerum
1663 844 1710 871 ge-

910 880 1012 901 starum
1034 875 1147 902 incisam
1175 884 1204 901 ac
1226 879 1342 901 notatam
1370 873 1510 900 videmus:
1539 877 1596 899 tum
1620 877 1709 899 autem

909 913 1051 939 continuae
1073 918 1224 948 praeturae,
1249 921 1318 947 quae
1336 916 1362 938 et
1383 911 1477 938 ceteris
1500 911 1663 937 ornamentis
1686 915 1711 937 et

909 950 1107 977 existimatione
1121 950 1287 977 innocentiae
1302 950 1419 976 maxime
1433 948 1592 975 floruerunt:
1613 947 1711 974 deinde

909 996 1001 1014 recens
1020 989 1147 1014 memoria
1166 988 1296 1023 parentis,
1317 988 1395 1014 cuius
1410 987 1541 1022 sanguine
1555 994 1607 1012 non
1622 985 1711 1012 solum

910 1025 1105 1052 Asculanorum
1116 1034 1222 1057 manus,
1239 1034 1253 1051 a
1264 1034 1317 1060 qua
1329 1024 1484 1051 interfectus
1498 1028 1546 1054 est,
1563 1023 1611 1049 sed
1625 1027 1711 1049 totum

910 1063 978 1090 illud
1001 1063 1099 1090 sociale
1121 1062 1223 1090 bellum
1245 1062 1351 1089 macula
1373 1061 1482 1088 sceleris
1501 1061 1637 1088 imbutum
1655 1066 1709 1087 est:

909 1105 1045 1136 postremo
1058 1102 1129 1136 ipse,
1155 1110 1241 1136 quum
1260 1101 1288 1127 in
1301 1100 1428 1127 omnibus
1444 1100 1513 1125 vitae
1527 1098 1648 1134 partibus
1664 1098 1712 1124 ho—

911 1143 1003 1165 nestus
1017 1143 1097 1174 atque
1112 1139 1226 1174 integer,
1246 1142 1304 1165 tum
1322 1138 1350 1164 in
1369 1146 1396 1164 re
1411 1137 1520 1163 militari
1534 1145 1596 1162 cum
1610 1136 1711 1162 summi

910 1176 1016 1203 consilii
1030 1181 1056 1203 et
1070 1177 1182 1203 maximi
1196 1176 1293 1207 animi,
1314 1180 1372 1202 tum
1388 1183 1450 1201 vero
1464 1183 1517 1200 usu
1531 1182 1640 1209 quoque
1654 1173 1713 1200 bel-

911 1213 997 1241 lorum
1016 1214 1194 1250 gerendorum
1213 1214 1241 1240 iu
1259 1214 1354 1249 primis
1373 1221 1465 1239 eorum
1484 1212 1639 1243 hominum,
1664 1211 1712 1246 qui

911 1261 982 1278 nunc
996 1256 1067 1283 sunt,
1084 1252 1256 1278 exercitatus.
1289 1251 1346 1277 XV.
1364 1252 1404 1277 42.
1421 1249 1508 1282 Quare
1522 1250 1545 1276 si
1559 1249 1639 1276 etiam
1654 1257 1712 1275 mo-

911 1290 992 1316 nendi
1006 1290 1071 1316 estis
1086 1298 1099 1316 a
1114 1298 1165 1321 me,
1182 1289 1294 1320 10111005,
1311 1288 1384 1323 quod
1399 1296 1450 1314 non
1464 1287 1539 1318 estis,
1557 1286 1648 1313 videor
1662 1286 1712 1312 hoc

911 1327 1005 1354 leviter
1019 1336 1067 1362 pro
1081 1336 1137 1354 mea
1153 1327 1307 1353 auctoritate
1321 1326 1398 1353 vobis
1413 1325 1565 1360 praecipere
1579 1333 1666 1359 posse,
1684 1328 1713 1350 ut

911 1373 945 1392 ex
959 1373 989 1392 eo
1003 1373 1100 1401 genere
1115 1365 1251 1395 homines,
1267 1372 1384 1399 quorum
1398 1363 1503 1397 cognita
1520 1363 1614 1393 virtus,
1631 1361 1713 1388 indu-

911 1403 989 1434 stria,
1006 1402 1118 1429 felicitas
1131 1402 1159 1429 in
1173 1410 1201 1428 re
1215 1401 1323 1428 militari
1338 1401 1386 1432 sit,
1402 1400 1545 1435 diligenter
1559 1399 1635 1426 vobis
1649 1399 1713 1425 reti-

912 1440 1013 1467 nendos
1028 1440 1198 1466 existimetis.
1224 1440 1287 1466 Fuit
1300 1439 1371 1465 enim
1386 1438 1470 1464 maior
1484 1437 1579 1463 talium
1593 1437 1712 1463 virorum

911 1479 939 1504 in
954 1478 1002 1504 hac
1017 1477 1155 1512 republica
1168 1477 1258 1512 copia:
1278 1485 1347 1511 quae
1361 1484 1446 1511 quum
1461 1480 1544 1505 05501,
1567 1479 1653 1501 tamen
1669 1482 1713 1500 eo-

912 1524 972 1542 rum
987 1524 1039 1542 non
1054 1515 1132 1541 modo
1147 1514 1237 1545 saluti,
1254 1514 1301 1540 sed
1316 1514 1395 1540 etiam
1408 1513 1500 1539 honori
1511 1512 1710 1539 consulebatur.

911 1553 982 1586 Quid
1002 1562 1072 1579 nunc
1092 1553 1168 1579 vobis
1189 1551 1340 1579 faciendum
1359 1555 1411 1582 est,
1437 1550 1535 1577 studiis
1550 1549 1712 1576 militaribus

912 1590 983 1626 apud
995 1591 1162 1617 101-00101001
1173 1589 1314 1616 obsoletis:
1329 1589 1485 1615 hominibus
1497 1592 1584 1614 autem
1596 1596 1625 1613 ac
1637 1596 1713 1613 50111-

912 1629 963 1655 0115
977 1627 1094 1654 (10011105
1110 1628 1206 1662 1111111111
1221 1631 1312 1658 aetate,
1329 1627 1425 1661 partim
1440 1626 1556 1651 civitatis
1571 1624 1712 1651 discordiis

911 1674 941 1692 ac
955 1665 1119 1700 reipublicae
1133 1665 1282 1691 calamitate
1296 1664 1478 1698 consumptis:
1495 1671 1580 1697 quum
1596 1667 1631 1688 tot
1643 1661 1712 1687 hclla

912 1708 957 1730 aut
971 1712 984 1729 a
1001 1703 1077 1730 1101115
1094 1702 1244 1729 necessario
1259 1702 1451 1736 suscipiantur,
1468 1705 1513 1726 aut
1528 1700 1617 1726 subito
1632 1704 1712 1734 atque

912 1741 1058 1776 improvisa
1078 1739 1240 1767 nascantur?
1262 1748 1348 1766 nonne
1368 1743 1393 1765 et
1411 1738 1547 1765 hominem
1567 1738 1657 1772 ipsum
1680 1736 1712 1762 ad

911 1779 994 1805 dubia
1015 1777 1179 1813 reipublicae
1198 1782 1317 1812 tempora
1337 1776 1543 1805 reservandum,
1569 1779 1593 1801 ct
1611 1779 1712 1801 ceteros

912 1816 1002 1842 studio
1017 1815 1104 1842 laudis
1119 1824 1149 1841 ac
1168 1815 1275 1841 virtutis
1296 1813 1499 1840 inflammandos
1519 1811 1637 1847 putatis?
1671 1813 1711 1838 43.

912 1853 1113 1884 Recordamini,
1134 1862 1203 1888 quos
1223 1852 1323 1888 legatos
1344 1860 1428 1887 nuper
1443 1851 1469 1877 in
1484 1850 1556 1877 bello
1571 1851 1599 1876 L.
1616 1849 1710 1879 Iulius,

911 1901 979 1927 quos
994 1892 1023 1918 P.
1039 1891 1171 1922 Rutilius,
1191 1899 1260 1925 (1005
1276 1890 1304 1916 L.
1321 1890 1396 1919 Cato,
1422 1897 1490 1923 quos
1505 1888 1552 1915 Cn.
1568 1888 1713 1922 I‘ompcius

912 1929 1044 1956 habuerit.
1085 1928 1181 1955 Scietis
1196 1928 1281 1954 101550
1296 1932 1352 1954 tum
1368 1927 1403 1953 M.
1419 1927 1581 1955 Cornutum.
1603 1926 1632 1951 L.
1649 1924 1713 1951 Cin—

912 1976 987 1998 1111111,
1010 1967 1038 1993 L.
1055 1966 1173 1998 Sullam,
1199 1965 1343 2000 praetorios
1362 1964 1498 1993 1101111005,
1520 1962 1583 1989 belli
1602 1962 1713 1998 gerendi

913 2005 1106 2039 peritissimos:
1136 2008 1270 2038 praeterea
1289 2002 1317 2029 (ἶ.
1339 2002 1467 2032 Marium,
1488 2001 1516 2027 I‘.
1536 2000 1657 2030 Didium,
1679 1999 1711 2032 Q.

912 2042 1052 2073 Catulum,
1078 2042 1107 2068 Ρ.
1128 2042 1269 2071 Crassum,
1296 2049 1347 2066 non
1368 2039 1462 2065 littcris
1482 2039 1604 2064 homines
1623 2037 1656 2063 ad
1675 2037 1711 2063 rei

913 2079 1036 2106 militaris
1051 2079 1200 2110 scientiam,
1217 2077 1264 2104 sed
1280 2077 1360 2103 relius
1374 2077 1459 2113 gestis
1474 2085 1503 2102 ac
1518 2076 1636 2102 victoriis
1651 2084 1713 2101 cru-

912 2117 992 2143 (11105.
1015 2116 1071 2153 Age
1086 2125 1160 2147 vero,
1178 2124 1249 2142 nunc
1264 2115 1373 2141 inserite
1387 2114 1479 2140 oculos
1494 2114 1521 2140 in
1535 2114 1652 2143 curiam,
1670 2113 1712 2138 in—

912 2155 1048 2189 trospicite
1063 2155 1171 2189 penitus
1185 2154 1212 2180 in
1224 2161 1317 2179 omnes
1328 2151 1492 2186 reipublicae
1503 2156 1604 2186 partes:
1621 2155 1710 2176 utrum

913 2192 1010 2218 videtis
1025 2191 1093 2218 nihil
1107 2199 1185 2226 posse
1200 2190 1332 2221 accidere,
1353 2194 1382 2216 ut
1397 2188 1462 2215 111105
1478 2189 1527 2214 viri
1542 2187 1711 2214 desiderandi

912 2229 974 2260 sint,
991 2237 1033 2260 110,
1051 2229 1073 2255 51
1089 2228 1223 2259 0001110111,
1240 2236 1331 2253 eorum
1343 2227 1483 2253 hominum
1494 2226 1568 2260 copia
1581 2225 1710 2260 populum

912 2267 1061 2293 Romanum
1081 2264 1237 2292 abundare?
1261 2265 1335 2297 Quae
1354 2264 1377 2290 si
1396 2263 1539 2297 diligenter
1558 2262 1709 2291 attendetis,

912 2303 1042 2338 profecto,
1063 2303 1180 2334 iudices,
1201 2303 1290 2328 virum
1309 2301 1341 2327 ad
1357 2301 1460 2327 labores
1476 2300 1538 2326 hclli
1554 2300 1710 2334 impis-vrum,

911 2341 943 2367 ad
959 2340 1076 2376 pericula
1092 2340 1195 2371 sortem,
1211 2339 1243 2366 ad
1259 2348 1339 2365 usum
1354 2347 1384 2364 ac
1397 2337 1568 2372 disciplimun
1585 2337 1710 2371 peritum,

911 2378 944 2405 ad
958 2378 1069 2405 consilia
1088 2377 1261 2412 prudentem,
1282 2376 1315 2402 ad
1333 2384 1425 2402 casum
1446 2375 1633 2409 fortunamque
1653 2373 1712 2399 seli-

911 2424 968 2442 cem
983 2415 1056 2442 domi
1072 2415 1148 2441 vobis
1162 2423 1192 2441 ae
1208 2413 1299 2440 11110115
1316 2413 1412 2439 vestris
1428 2412 1550 2441 rctincrc,
1567 2412 1712 2447 (1011011111-

912 2453 1069 2479 micissimis
1088 2452 1181 2487 populi
1201 2451 1312 2478 llomani
1335 2450 1489 2477 nationibus
1512 2454 1535 2475 et
1554 2448 1712 2475 crudelissi-

912 2491 963 2517 11115
979 2490 1080 2516 11011010
1093 2494 1119 2516 01
1133 2489 1309 2515 condemnare
1325 2487 1438 2514 maletis.

966 2528 1035 2554 xvi.
1053 2528 1094 2554 Η.
1110 2527 1143 2553 At
1157 2526 1262 2553 infestis
1278 2534 1360 2561 1110110
1375 2525 1460 2560 signis
1475 2523 1628 2550 1010100101
1639 2523 1709 2549 Galli

911 2566 938 2592 in
958 2565 1112 2594 Fonteium,
1138 2569 1162 2591 01
1185 2565 1285 2591 instant
1307 2568 1386 2598 atquc
1410 2566 1505 2597 urgent
1523 2570 1630 2587 summo
1648 2569 1709 2587 cum

911 2602 1009 2633 studio,
1026 2611 1131 2629 summa
1146 2611 1207 2628 cum
1223 2601 1343 2627 audacia.
1374 2600 1426 2626 Nos
1442 2607 1512 2629 vcro,
1530 2598 1641 2629 iudices,
1659 2607 1709 2624 non

911 2645 936 2666 01
950 2640 1043 2666 multis
1057 2645 1082 2666 ct
1097 2640 1181 2666 lirinis
1197 2638 1353 2674 praesidiisv
1375 2637 1451 2663 vobis
1466 2636 1648 2663 adiutoribus.
1667 2636 1708 2661 isti

911 2678 1021 2704 immani
1035 2682 1114 2713 atquc
1127 2675 1305 2704 iutolcrandnc
1316 2675 1452 2701 hat-hariae
1464 2673 1640 2700 resistemus?
1654 2673 1710 2699 1)Γί-

1473 2724 1504 2747 515
