1941 3052
228 148 276 171 888

226 215 347 251 epistola,
360 216 438 241 euius
449 213 603 248 exemplum
615 213 647 239 ad
661 218 684 239 te
695 214 765 243 mixi,
779 222 807 239 se
820 212 888 239 velle
900 214 937 239 uti
948 221 1019 240 coa·
1039 212 1050 244 ll
1071 213 1256 248 adiungerem.

226 263 304 280 sitio
316 262 385 280 nit-w
401 261 457 284 age,
467 256 522 277 esto
535 251 582 276 hoe
593 259 748 276 c'r›intnttn‹·:
762 260 775 276 G
784 260 795 275 κ
805 260 882 278 nia:
899 251 1018 284 ineptum

229 291 254 317 id
267 290 390 325 quidem,
405 288 465 317 sed,
480 292 556 322 puto,
574 287 622 313 hoc
634 287 743 313 simulat
754 287 786 313 ad
798 287 929 322 quasdam
942 296 1019 313 sena-

229 333 314 354 torum
327 326 485 352 sententias:
501 333 671 355 nis-airum
688 324 796 350 fortusse
804 325 1018 350 sententiaecon-

227 364 334 389 aularis.
376 362 443 388 {llud
460 366 609 387 extremum
626 366 679 391 est.
701 370 753 387 ore
777 371 889 388 nasica
909 370 1017 387 neuun.

229 401 255 426 ld
276 409 326 433 ego
345 399 477 433 suspicari
493 399 568 433 coepi
585 403 640 424 tum
657 407 689 424 ex
704 399 757 424 tuis
775 398 882 428 litteris,
905 403 950 424 aut
971 398 1019 424 hoe
1040 422 1042 427 ,

229 438 317 472 ipsum
338 445 410 466 esse,
433 440 477 461 aut
497 444 547 461 non
565 436 648 462 multo
663 444 752 462 secus.

227 475 285 500 eius
303 474 411 499 interest
426 481 479 499 rem
491 472 523 498 ad
537 473 718 507 interregnum
731 481 782 499 non
795 473 896 499 venire.
938 473 965 499 ld
977 481 1020 497 as-

226 511 362 546 sequitur,
385 511 408 536 si
428 518 475 544 per
491 514 636 544 praetorem
653 509 777 535 consules
793 515 925 536 creantur.
967 510 1019 535 Nos

226 553 314 574 autem
333 548 358 573 in
375 547 451 573 libris
464 547 608 576 habemus,
626 555 676 573 non
693 546 771 572 modo
782 547 906 573 consules
917 555 930 572 a
943 555 1020 581 prae-

227 590 294 614 tore,
313 584 359 610 sed
376 593 407 610 ne
424 588 558 619 praetores
571 584 682 619 quidem
697 585 780 610 creari
793 585 835 610 ius
847 592 918 614 esse,
938 583 1019 618 idque

227 621 325 648 tactum
347 630 405 647 esse
427 630 588 656 numquam:
611 621 748 651 consules,
771 630 802 647 eo
823 630 874 647 non
890 629 949 646 esse
966 622 1017 651 ius,

225 659 297 694 quod
320 660 406 685 maius
427 659 571 693 imperium
587 667 600 684 a
618 659 719 684 minore
735 659 820 694 rogari
837 667 888 684 non
907 658 943 684 sit
961 658 1016 689 ius;

226 701 359 732 praetores
371 701 473 726 autem,
487 704 571 730 quum
585 696 618 722 ita
631 700 769 730 rof-ventur,
788 700 815 721 ut
826 695 944 730 collegae
955 703 1019 721 con-

225 733 316 760 sulum
327 734 389 763 sint,
403 741 518 768 quorum
530 738 569 759 est
581 734 667 759 maius
679 733 832 767 imperium.
863 732 955 758 Aberit
967 740 1018 758 non

227 771 318 806 longe,
335 771 400 805 quin
414 771 462 796 hoc
473 779 486 796 a
499 779 540 796 me
551 770 658 797 decerni
671 770 748 800 vetit.
767 778 853 805 neque
864 771 899 796 sit
909 774 1019 796 conten-

225 813 268 834 tus
281 808 375 838 Galba,
389 806 524 837 Scaevola.
538 807 638 838 Cassio,
653 808 776 834 Antonio.

430 860 466 864 —
477 860 512 864 —
526 845 589 872 Τότε
603 856 646 880 μοι
658 845 734 878 χάνοι
746 843 927 879 sundal-9161«.

226 884 250 909 t.
277 881 328 908 Sed
352 887 450 916 quanta
477 886 620 916 tempestas
646 882 811 916 impendeat,
839 881 925 907 vides.

794 436 859 461 Nam
880 436 1018 470 permagni

966 880 1018 912 Qui

225 919 379 946 transierint
389 924 533 949 senatores,
547 919 662 945 scribam
675 919 706 945 ad
719 924 751 949 te,
760 927 846 953 quum
857 923 958 944 certum
971 917 1019 943 lia·
1047 926 1049 948 ς

345 957 380 982 De
391 965 418 982 re
431 956 602 982 frumentaria
615 961 683 982 recte
701 956 843 991 intelligis,
860 963 929 990 quae
944 954 1018 981 nullo
1047 967 1049 980 a

226 956 304 982 bebo.

225 993 304 1020 modo
319 992 500 1020 administrari
516 994 574 1019 sine
592 993 770 1029 vectigalibus
782 998 880 1028 potcst3
896 1000 944 1018 nec
959 992 1018 1018 sine

224 1039 319 1057 caussa
331 1036 355 1057 et
366 1039 420 1060 eos,
433 1031 480 1065 qui
492 1031 594 1057 circum
606 1030 683 1056 illum
695 1035 766 1060 sunt,
778 1031 867 1056 onmia
880 1028 1018 1064 postulan-

224 1073 264 1095 tes
279 1072 304 1094 et
320 1067 420 1093 bellum
438 1067 569 1094 nefarium
586 1069 674 1094 times.
714 1067 868 1093 Trebatium
886 1071 1015 1096 nostrum.

224 1105 288 1135 etsi,
306 1110 334 1131 ut
345 1105 456 1133 scribis,
475 1105 542 1131 nihil
556 1105 622 1131 benc
633 1109 735 1139 sperat,
754 1109 840 1131 tamen
853 1104 943 1130 videre
955 1111 1018 1129 sane

226 1142 320 1168 velim:
344 1150 425 1176 quem
445 1141 484 1168 fac
503 1142 628 1172 horteris.
646 1147 675 1168 ut
691 1146 822 1176 properet.
863 1141 1018 1176 Opportune

223 1180 296 1206 enim
308 1179 340 1205 ad
353 1187 395 1205 me
407 1184 466 1205 ante
478 1179 622 1205 adventum
634 1179 755 1205 Caesaris
767 1179 879 1205 venerit.

225 1217 327 1243 nuvino
339 1217 438 1246 statim,
453 1221 481 1242 ut
492 1216 584 1242 audivi
598 1217 740 1242 Phameam
753 1221 902 1247 mortuum,
915 1216 1015 1250 optavi,

223 1255 248 1280 si
264 1253 343 1280 modo
358 1259 428 1279 essct
443 1253 530 1279 sutura
545 1253 712 1288 respublica,
729 1259 757 1280 ut
769 1253 795 1279 id
808 1253 908 1289 aliquis
919 1257 1018 1279 emeret

223 1299 359 1317 meorum:
378 1299 464 1324 neque
476 1295 564 1317 tamen
576 1291 609 1317 (lc
621 1296 659 1322 te,
676 1292 723 1326 qui
736 1292 853 1318 maxime
864 1299 955 1321 meuS,
973 1298 1019 1316 co-

223 1329 317 1364 gitavi.
358 1327 482 1354 Sciebam
497 1328 569 1354 enim
586 1333 623 1357 te,
639 1333 720 1363 quoto
730 1337 800 1355 anno
811 1333 836 1355 et
846 1333 977 1363 quantum
991 1327 1017 1353 in

223 1365 288 1395 solo,
302 1364 387 1391 solere
398 1373 540 1399 quaerere:
554 1374 641 1400 neque
655 1365 743 1392 solum
755 1366 863 1397 Romae,
879 1365 926 1392 sed
937 1365 1017 1391 etiam

224 1402 280 1429 Deli
297 1407 373 1429 tuum
389 1402 524 1438 digamma
542 1402 673 1429 videram.
713 1403 903 1430 Verumtamen
919 1411 969 1438 ego
985 1402 1019 1428 il-

224 1439 283 1469 tud,
301 1448 467 1474 quamquam
482 1444 523 1466 est
533 1439 649 1471 bellum,
666 1440 778 1467 minoris
793 1441 918 1471 aestimo,
936 1447 1017 1475 quam

222 1476 414 1503 aestimabatur
424 1476 579 1504 Marcellino
589 1477 708 1508 consule,
722 1486 808 1513 quum
819 1486 869 1513 ego
880 1478 944 1504 istos
957 1477 1018 1503 hor-

223 1514 292 1541 tulos
305 1519 412 1549 propter
422 1513 547 1546 domum,
564 1515 638 1542 Antii
648 1523 730 1550 quam
742 1519 798 1541 tum
810 1515 957 1545 habebam,
974 1515 1018 1540 iu-

222 1551 365 1578 cundiores
385 1551 454 1577 mihi
474 1550 530 1578 fore
550 1552 692 1586 putabam,
714 1557 740 1579 et
760 1553 862 1579 minore
883 1553 1015 1586 impensa,

221 1597 303 1624 quam
315 1589 338 1615 si
350 1588 533 1615 Tusculanum
546 1589 710 1616 refecissem.
740 1589 819 1616 Volui
831 1589 895 1616 H-S
906 1590 936 1616 D.
966 1589 1017 1625 Egi

222 1634 270 1660 per
280 1626 420 1661 praedem,
438 1626 483 1652 ille
497 1626 584 1657 daret,
603 1627 675 1653 Antii
689 1635 775 1662 quum
786 1627 896 1653 haberet
907 1626 1014 1658 venale;

222 1663 317 1690 noluit.
338 1663 390 1690 Sed
402 1672 473 1689 nunc
483 1664 573 1690 omnia
585 1664 635 1690 ista
646 1665 732 1690 iacere
743 1669 808 1699 puto
818 1669 926 1699 propter
937 1672 1018 1690 num·

222 1708 327 1727 morum
351 1701 498 1727 caritatem.
538 1701 605 1727 Mihi
630 1701 742 1736 quidem
762 1702 813 1728 erit
832 1702 1014 1736 aptissimum,

222 1737 264 1764 vel
276 1738 354 1764 nobis
370 1738 473 1772 potius,
490 1738 514 1764 si
532 1743 558 1764 tu
575 1739 684 1765 emeris.

221 1783 286 1801 cave
297 1779 461 1801 contemnas.
502 1775 586 1802 Valde
599 1781 639 1802 est
650 1781 805 1802 venustum.
846 1775 1016 1810 Quamquam

223 1812 291 1838 mihi
307 1813 358 1838 ista
373 1813 462 1839 omnia
477 1813 529 1838 iam
541 1812 645 1839 addicta
658 1813 774 1839 vastitati
789 1813 925 1839 videntur.
965 1813 1017 1838 Re-

221 1849 318 1883 spondi
330 1849 451 1884 epistolis
462 1850 562 1881 tribus,
580 1850 627 1876 sed
639 1855 765 1885 exspecto
778 1849 854 1876 alias.
895 1850 962 1876 Nam
974 1858 1016 1876 me

221 1886 310 1913 adhuc
322 1891 382 1913 tuae
394 1886 496 1913 litterae
506 1892 699 1914 sustentarunt.
739 1888 769 1913 D.
782 1885 964 1913 Liberalibus.

274 1955 304 1976 X.
332 1958 362 1979 (ln
372 1958 481 1979 Formiano,
491 1958 592 1979 Marcello,
602 1958 683 1976 Lentulo
693 1965 740 1976 coss.
752 1960 807 1978 70⁵.)

407 2000 573 2027 CICERO
605 2000 772 2028 ATTICO
800 2001 827 2027 S.

277 2039 299 2063 l.
322 2032 402 2063 Nihil
415 2037 557 2068 habebam,
571 2038 643 2073 quod
654 2038 811 2065 scriberem.
838 2039 932 2073 Neque
943 2038 1016 2065 enim

220 2075 283 2100 novi
294 2074 445 2110 quidquam
456 2075 603 2105 audieram,
617 2080 642 2102 et
651 2075 684 2102 ad
696 2080 755 2102 tuas
766 2084 859 2102 omnes
870 2077 1017 2110 rescripse-

221 2120 276 2137 ram
299 2111 395 2146 pridie.
437 2112 489 2138 Sed
498 2133 504 2143 ,
526 2121 611 2147 quum
633 2121 675 2139 me
696 2113 836 2149 aegritudo
856 2122 908 2139 non
927 2113 1015 2139 solum

219 2157 314 2175 somno
325 2150 455 2184 privaret.
470 2158 564 2175 verum
577 2158 609 2176 ne
621 2149 734 2186 vigilare
748 2150 860 2185 quidem
870 2151 929 2177 sine
940 2159 1017 2176 surn-

220 2195 264 2213 mo
274 2186 364 2213 dolore
376 2191 523 2221 pateretur,
542 2192 630 2213 tecum
642 2192 671 2214 ut
681 2189 760 2222 quasi
772 2187 909 2222 loquerer,
923 2188 950 2214 in
962 2195 1016 2222 quo

219 2231 273 2250 uno
283 2224 434 2259 acquiesco,
449 2224 498 2250 hoc
509 2225 599 2251 nescio
610 2224 686 2260 quid,
701 2224 775 2251 nullo
786 2229 944 2260 argumento
954 2233 1017 2259 pro—

219 2261 319 2295 posito,
338 2261 456 2287 scribere
473 2262 588 2288 institui.
629 2263 654 2288 2.
675 2263 776 2288 Amens
790 2262 860 2288 mihi
876 2261 960 2288 fuisse
974 2262 1017 2288 vi-

218 2297 283 2324 deor
293 2307 306 2324 a
319 2298 462 2333 principio,
471 2303 543 2325 etme
550 2307 602 2325 una
615 2299 680 2325 haec
692 2308 734 2326 res
745 2304 859 2334 torquet,
867 2298 940 2334 quod
951 2307 1014 2329 non.

217 2335 345 2362 omnibus
357 2336 384 2362 in
396 2335 478 2362 rebus
490 2335 633 2367 labentem,
650 2336 692 2362 vel
704 2337 794 2371 potius
804 2341 926 2363 ruentem
937 2336 1016 2362 Pom-

218 2373 310 2406 peium
322 2377 460 2408 tamquam
471 2381 543 2399 unus
553 2373 732 2408 manipularis
743 2378 853 2400 secutus
863 2374 926 2400 sim.
953 2373 1015 2400 Vidi

219 2409 357 2436 hominem
372 2418 430 2436 mv.
447 2410 507 2437 Kal.
524 2410 618 2442 Febr.7
635 2410 747 2445 plenum
763 2410 928 2438 formidinis.
967 2410 1016 2437 Illo

218 2446 278 2480 ipso
293 2447 337 2473 die
352 2448 439 2478 sensi,
455 2447 523 2482 quid
539 2452 638 2483 ageret.
679 2448 834 2483 Numquam
844 2448 913 2474 mihi
924 2452 1016 2482 postea

219 2482 333 2516 placuit:
357 2492 406 2510 nec
421 2493 551 2519 umquam
568 2484 643 2511 aliud
659 2485 686 2511 in
702 2484 755 2511 alio
769 2493 880 2520 peccare
901 2485 1013 2511 destitit.

219 2519 293 2545 Nihil
310 2521 418 2547 interim
433 2521 467 2548 ad
482 2530 525 2548 me
540 2522 672 2553 scribere,
690 2521 758 2548 nihil
771 2523 825 2549 nisi
837 2522 930 2558 fugam
940 2522 1016 2558 cogi-

220 2560 284 2582 tare.
324 2557 395 2588 Quid
411 2558 538 2592 quaeris?
555 2559 627 2585 sicut
641 2558 667 2586 ὲν
682 2561 737 2589 τοῖς
751 2561 882 2595 ἐρωτικοῖς
897 2559 1016 2585 alienant

219 2593 389 2624 immundae,
407 2595 540 2627 insulsae,
558 2596 712 2627 indecorae,
732 2597 772 2622 sic
787 2605 830 2622 me
844 2596 919 2622 illius
934 2595 1015 2632 fugae

220 2629 453 2666 negligentiaeque
468 2632 625 2660 deformitas
640 2633 736 2660 avertit
750 2633 784 2659 ab
799 2641 898 2660 amore.
938 2632 1014 2659 Nihil

217 2667 292 2692 enim
303 2666 417 2703 dignum
431 2668 545 2696 faciebat
553 2690 559 2701 ,
580 2678 663 2705 quare
674 2671 733 2697 eius
745 2669 824 2706 fugae
834 2671 960 2697 comitem
970 2678 1014 2696 me

725 1739 778 1765 Sed
793 1739 852 1765 eius
867 1738 1016 1764 dementias
1038 1761 1041 1765 .

795 145 837 170 98.
871 143 906 169 Μ.
940 143 970 169 Τ.
1004 142 1279 170 thssnoxts

1298 213 1372 239 Nunc
1386 215 1498 249 emergit
1509 222 1595 244 κηποι-ς
1614 222 1685 240 nunc
1695 213 1860 239 desiderium

1072 250 1138 276 ferre
1155 259 1205 276 non
1223 258 1345 285 pommrn:
1365 259 1436 276 nunc
1450 252 1516 277 inihi
1529 251 1596 277 nihil
1614 251 1689 279 libri,
1707 251 1774 277 nihil
1792 250 1863 276 litte-

1072 296 1127 317 rae.
1147 287 1214 313 nihil
1229 287 1348 313 doctrina
1365 287 1484 322 produt:
1504 289 1537 314 ita
1552 288 1611 314 dies
1625 293 1651 314 et
1666 293 1768 315 noctes.
1794 293 1863 313 tam·

1071 333 1151 359 quam
1164 325 1222 350 avis
1234 324 1292 354 illa.
1311 333 1382 350 mare
1398 330 1549 359 prospecto,
1565 325 1670 351 evolare
1683 326 1773 360 cupio.
1814 325 1861 355 Do,

1071 361 1105 387 «10
1116 370 1214 396 poenas
1227 362 1382 387 temeritatis
1394 370 1481 388 meae:
1497 363 1546 387 etsi
1556 370 1625 396 quae
1637 361 1687 388 luit
1699 362 1742 388 illa
1755 362 1864 387 temeri-

1071 397 1129 424 tas‘!
1147 398 1213 433 quid
1236 398 1285 424 feci
1307 407 1358 425 non
1378 398 1641 425 consideratissime‘?
1660 399 1688 425 Si
1704 400 1776 425 enim
1793 398 1861 424 nibil

1071 440 1174 470 praeter
1195 435 1285 469 lugam
1307 441 1492 470 quaereretur,
1516 435 1645 471 fugissem
1667 435 1859 462 libentissime:

1071 472 1117 498 scd
1129 481 1215 507 genus
1232 468 1296 498 belli
1311 472 1494 499 crudelissimi
1509 477 1534 498 et
1548 473 1672 501 maximi,
1691 472 1762 508 quod
1796 481 1862 498 non·

1070 510 1135 535 dum
1153 509 1244 536 vident
1259 509 1380 536 homines
1411 510 1490 545 quale
1507 509 1626 536 futurum
1643 510 1690 539 sit.
1710 509 1860 544 perhorrui.

1070 549 1144 578 Quae
1156 547 1243 572 minae
1256 547 1426 581 municipiis!
1443 555 1511 582 quae
1523 547 1678 573 nominatim
1692 547 1757 572 viris
1769 546 1859 572 bonis!

1041 580 1049 610 Ἀ
1070 593 1139 618 quae
1149 584 1267 619 denique
1277 584 1414 614 omnibus.
1430 585 1478 619 qui
1490 584 1693 610 remansissent!
1709 592 1790 618 quam
1804 591 1862 609 cre-

1072 622 1118 647 bro
1130 621 1206 651 illud.
1222 622 1308 647 »Sulla
1316 624 1458 654 potuim-yn
1468 630 1517 647 non
1525 626 1613 654 potero
1619 622 1645 646 1³«
1661 623 1686 646 3.
1697 620 1763 646 Mihi
1773 625 1862 647 autem

1072 658 1214 684 haeserunt
1231 658 1288 684 illa:
1306 657 1374 684 male
1386 659 1563 693 Tarquinius.
1581 659 1628 692 qui
1641 657 1796 684 Personam.
1832 657 1862 683 ui

1069 696 1211 721 Octavium
1228 695 1376 721 Mamilium
1392 701 1480 722 contra
1497 696 1623 730 patriam:
1647 695 1729 729 impie
1745 695 1822 721 Corio
1834 703 1862 720 a·

1071 741 1130 762 nus,
1143 733 1191 767 qui
1202 732 1334 759 auxilium
1347 734 1422 768 petiit
1433 733 1569 761 aVolscis2
1584 731 1859 758 recteThemistocles.

1070 771 1117 805 qui
1134 771 1200 796 mori
1218 769 1324 796 maluit:
1349 769 1467 796 nefarius
1484 770 1609 804 Hippias,
1631 769 1761 795 Pisistrati
1778 768 1860 798 fitius,

1069 808 1117 842 qui
1133 807 1158 833 in
1171 807 1334 833 Marathonia
1345 816 1435 843 pugna
1447 807 1552 836 cecidit,
1565 815 1637 832 arma
1649 811 1738 832 contra
1749 806 1862 840 patriam

1071 843 1168 870 ferens.
1209 845 1241 870 At
1256 844 1344 873 Sulla.
1362 850 1387 870 at
1403 845 1516 874 Marius,
1533 849 1559 870 at
1573 843 1657 870 Cinna
1674 848 1756 873 recte,
1780 843 1863 868 immo

1070 882 1127 907 iure
1147 881 1266 908 fortasse.
1306 881 1358 908 Sed
1378 881 1444 916 quid
1465 890 1557 907 eorum
1577 881 1686 907 victoria
1707 878 1863 906 crudelius?

1069 918 1135 953 quid
1149 918 1300 945 funestius?
1320 919 1405 945 liuius
1421 918 1484 945 belli
1500 926 1586 953 genus
1598 917 1668 953 fugi.
1686 922 1711 943 et
1722 918 1859 951 eomagis.

1069 955 1142 991 quod
1152 955 1300 982 crudeliora
1313 957 1392 982 etiam
1402 956 1513 991 cogitari
1524 960 1549 981 et
1560 955 1647 990 parari
1658 954 1794 980 videbam.
1810 954 1859 981 Me,

1047 1001 1049 1017 ⁴,
1069 1002 1150 1028 quem
1164 993 1285 1019 nonnulli
1297 998 1509 1019 conservatorem
1523 993 1601 1018 istius
1612 991 1700 1021 urbis,
1717 999 1798 1026 quem
1815 999 1862 1026 pa-

1047 1029 1049 1060 ῗ,
1071 1035 1171 1056 rentem
1195 1039 1254 1056 esse
1278 1030 1418 1059 dixerunt.
1441 1030 1569 1056 Getarum
1585 1034 1611 1055 et
1629 1029 1816 1055 Armeniorum
1837 1032 1863 1054 et

1047 1089 1048 1092 ,
1069 1067 1229 1094 Colchorum
1241 1068 1331 1102 copias
1343 1067 1374 1093 ad
1386 1076 1445 1093 eam
1456 1065 1607 1093 adducere?
1623 1074 1664 1092 me
1676 1066 1743 1091 meis
1753 1065 1862 1091 civibus

1047 1103 1048 1106 ’
1070 1104 1177 1135 samem,
1187 1106 1337 1131 vastitatem
1350 1104 1446 1131 inferre
1459 1103 1565 1130 ltaliae?
1576 1103 1650 1129 ttunc
1662 1103 1779 1137 primum
1792 1110 1863 1128 mor-

920 1179 956 1204 De
968 1178 1018 1204 La·
1046 1173 1049 1201 ζ

1070 1142 1149 1169 talem
1157 1150 1224 1173 esse,
1232 1141 1330 1168 deinde
1341 1142 1420 1168 etiam
1432 1141 1526 1167 multis
1537 1139 1624 1166 modis
1635 1147 1714 1175 posse
1724 1139 1862 1175 exstingui

1069 1179 1233 1215 cogitabam:
1257 1179 1354 1206 Urbem
1375 1183 1463 1205 autem
1479 1183 1505 1205 et
1519 1177 1650 1212 populum
1667 1182 1786 1203 nostrum
1805 1184 1863 1202 ser-

1046 1226 1048 1236 *
1070 1216 1188 1243 vandum
1200 1216 1233 1243 ad
1244 1215 1484 1247 immortalitatem,
1501 1219 1632 1250 quantum
1649 1215 1677 1240 in
1691 1214 1770 1240 nobis
1780 1218 1860 1243 esset.

1038 1738 1040 1751 l

1069 1254 1211 1289 putaban1·,
1224 1259 1249 1280 et
1261 1259 1348 1281 tamen
1359 1262 1421 1288 spes
1432 1252 1564 1288 quaedam
1576 1251 1787 1282 meobtentabat‚
1795 1250 1860 1281 fore,

1069 1296 1099 1318 ut
1114 1291 1218 1326 aliquid
1233 1292 1389 1318 conveniret
1407 1291 1510 1326 potius,
1532 1298 1613 1325 quam
1634 1294 1679 1315 aut
1694 1288 1738 1315 bic
1759 1292 1862 1314 tantum

1069 1328 1180 1355 sceleris
1195 1333 1240 1355 aut
1255 1329 1300 1355 ille
1315 1333 1418 1355 tantum
1434 1327 1527 1363 flagitii
1541 1326 1702 1353 admitteret.
1741 1324 1800 1352 Alia
1819 1332 1863 1351 rea

1069 1374 1141 1392 nunc
1153 1371 1203 1393 tota
1215 1371 1264 1396 est,
1277 1365 1328 1392 alia
1339 1374 1415 1392 mens
1427 1373 1495 1391 mea.
1536 1363 1594 1393 Sol,
1611 1368 1640 1390 ut
1650 1367 1690 1390 est
1700 1363 1727 1389 in
1739 1368 1784 1389 tua
1794 1369 1863 1397 qua-

1069 1403 1131 1430 dam
1146 1403 1272 1438 epistola,
1295 1403 1430 1430 excidisse
1445 1402 1514 1429 mihi
1527 1410 1542 1428 e
1557 1400 1658 1427 mundo
1672 1399 1790 1426 videtur.
1828 1399 1862 1425 Ut

1069 1445 1188 1476 aegroto,
1206 1440 1272 1467 dum
1288 1441 1377 1467 anima
1392 1444 1446 1469 est,
1463 1447 1526 1474 spes
1540 1446 1600 1465 esse
1614 1437 1726 1469 dicitur;
1747 1438 1787 1463 sie
1801 1444 1860 1471 ego,

1069 1478 1158 1513 quoad
1178 1478 1323 1513 Pompeius
1343 1478 1371 1504 in
1391 1477 1465 1504 Italia
1480 1476 1544 1507 fuit,
1569 1483 1676 1510 sperare
1691 1483 1743 1501 non
1759 1473 1860 1500 destiti.

1069 1516 1147 1546 Haec,
1162 1515 1227 1541 haec
1238 1524 1280 1541 me
1292 1514 1456 1547 sefellerunt3
1473 1518 1511 1544 et,
1524 1518 1554 1540 ut
1564 1521 1658 1539 verum
1671 1511 1777 1547 loquar,
1790 1515 1861 1537 aetas

1069 1554 1132 1584 iam,
1145 1561 1160 1579 a
1170 1552 1308 1579 diuturnis
1320 1552 1458 1579 laboribus
1468 1551 1571 1578 devexa
1583 1549 1616 1576 ad
1626 1549 1720 1579 otium,
1733 1548 1863 1575 domesti-

1068 1599 1161 1617 carum
1176 1598 1219 1616 me
1233 1598 1322 1616 rerum
1338 1589 1512 1616 delectatione
1526 1587 1633 1614 molliit.
1673 1586 1762 1616 Nunc,
1779 1586 1804 1611 si
1819 1584 1860 1611 vel

1068 1627 1190 1663 periculo
1202 1626 1401 1662 experiundum
1420 1627 1482 1657 erit,
1505 1625 1630 1660 experiar
1643 1628 1727 1654 certe,
1752 1627 1782 1649 ut
1798 1621 1862 1648 bine

1068 1665 1182 1692 avolem.
1223 1665 1290 1691 Ante
1301 1665 1418 1699 oportuit
1429 1663 1549 1690 fortasse.
1589 1660 1643 1688 Sed
1653 1669 1696 1690 ea.
1714 1667 1783 1695 quae
1794 1659 1862 1685 scri—

1068 1704 1120 1738 psi,
1134 1710 1176 1728 me
1188 1701 1334 1731 tardarunt,
1350 1706 1376 1727 et
1386 1700 1528 1727 auctoritas
1538 1699 1655 1725 maxime
1666 1702 1720 1724 tua.
1752 1697 1777 1723 t.
1793 1696 1861 1722 Nam

1067 1748 1153 1775 quum
1165 1739 1198 1765 ad
1210 1739 1282 1765 hunc
1294 1738 1382 1765 locum
1393 1738 1543 1764 venissem:
1565 1735 1654 1762 evolvi
1665 1734 1791 1761 volumen
1803 1734 1862 1768 epi-

1068 1776 1196 1803 stolarum
1208 1781 1324 1806 tuarum,
1332 1775 1404 1810 quod
1415 1782 1466 1810 ego
1475 1773 1528 1800 sub
1538 1773 1617 1809 signo
1627 1771 1713 1798 habeo
1729 1778 1861 1805 servoque

1068 1814 1288 1850 diligentissime.
1328 1813 1389 1839 Erat
1405 1813 1488 1847 igitur
1502 1812 1529 1837 in
1544 1819 1589 1841 ea,
1605 1817 1687 1845 quam
1701 1816 1730 1834 x.
1745 1807 1859 1834 Kalend.

1068 1851 1147 1878 Febr.
1159 1851 1280 1881 dederas,
1290 1850 1341 1877 hoc
1351 1849 1443 1876 modo:
1455 1851 1499 1875 sed
1510 1849 1648 1877 videamus,
1659 1851 1683 1872 et
1690 1846 1790 1872 Gnaeus
1799 1846 1862 1879 quid

1067 1894 1141 1923 aqat,
1157 1893 1181 1915 et
1195 1890 1267 1915 illius
1282 1890 1394 1914 rationes
1408 1894 1530 1920 quorsum
1549 1887 1639 1917 fluant.
1682 1883 1754 1915 Quod
1772 1884 1796 1909 si
1815 1884 1862 1908 iste

1068 1927 1173 1953 Italiam
1186 1928 1327 1960 relinquet:
1346 1927 1424 1958 saciet
1438 1925 1540 1950 omnino
1554 1923 1620 1948 male
1629 1925 1665 1951 et,
1679 1925 1707 1947 ut
1716 1928 1761 1953 eqo
1770 1921 1862 1946 existi-

1068 1972 1119 1994 mo,
1132 1962 1289 1999 :ilario-1019:
1306 1963 1350 1989 sed
1363 1966 1416 1988 tum
1425 1963 1525 1987 demum
1536 1960 1642 1986 consilia
1652 1962 1741 1984 nostra
1751 1964 1862 1983 commu-

1068 2003 1147 2027 tanda
1162 2005 1243 2027 erunt.
1283 2000 1337 2026 Hoc
1354 1998 1452 2025 scribis
1466 2001 1527 2032 post
1538 1996 1611 2023 diem
1622 1999 1761 2030 quartum,
1779 2000 1861 2029 quam

1068 2038 1102 2065 ab
1112 2037 1183 2065 Urbe
1194 2037 1382 2064 discessimus.
1403 2034 1504 2062 Deinde
1517 2041 1574 2059 vm.
1586 2031 1699 2059 Kalend.
1712 2030 1790 2058 Febr.
1803 2035 1861 2073 tari-

1068 2077 1194 2102 tummodo
1209 2075 1308 2101 Gnaeus
1322 2079 1407 2101 noster
1420 2081 1464 2103 ne,
1486 2076 1514 2098 ut
1532 2071 1622 2097 Urbem
1637 2068 1782 2104 ἀλογίστως
1798 2068 1861 2093 reli-

1067 2116 1134 2147 quit,
1155 2115 1194 2138 sic
1208 2112 1313 2138 Italiam
1328 2113 1462 2144 relinquat.
1504 2107 1606 2135 Eodem
1621 2106 1666 2133 die
1685 2105 1734 2132 das
1753 2104 1858 2131 alteras.

1067 2150 1170 2185 quibus
1189 2149 1259 2175 mihi
1278 2147 1430 2175 consulenti
1444 2145 1604 2182 planissime
1618 2142 1774 2178 respondes.
1813 2141 1861 2167 Est

1067 2188 1140 2213 enim
1151 2187 1204 2213 sic:
1219 2189 1263 2213 sed
1274 2189 1346 2213 venio
1355 2187 1390 2212 ad
1401 2185 1609 2211 consultationem
1619 2185 1699 2207 tuam.
1720 2179 1750 2206 Si
1762 2178 1861 2222 Gnaeus

1068 2225 1148 2251 Italia
1159 2226 1231 2254 cedit,
1243 2226 1270 2250 in
1284 2223 1375 2249 Urbem
1384 2222 1539 2248 redeundum
1547 2224 1618 2252 puto.
1647 2217 1718 2250 Quae
1727 2219 1792 2258 enirn
1802 2217 1861 2257 finis

1065 2259 1299 2296 peregrinationis?
1309 2260 1363 2286 Hoc
1373 2259 1442 2286 mibi
1452 2257 1532 2293 plane
1542 2255 1642 2282 haesit:
1654 2258 1680 2280 et
1690 2261 1761 2280 nunc
1771 2257 1807 2279 ita
1818 2261 1861 2278 vi-

1067 2299 1125 2330 deo,
1134 2297 1270 2325 infinitum
1280 2297 1384 2324 bellum
1394 2297 1517 2323 iunctum
1527 2290 1764 2332 miserrima-fuga:
1777 2297 1860 2334 quam

1066 2341 1095 2363 tu
1110 2335 1354 2371 peregrinationem
1371 2333 1519 2369 ὑποκορίζῃ.
1557 2332 1583 2356 5.
1603 2329 1861 2371 Sequitur-lyncum-

1067 2381 1103 2399 vi.
1116 2372 1229 2399 Kalend.
1242 2372 1371 2399 Februar.
1392 2371 1454 2404 Eyo,
1466 2372 1490 2396 si
1499 2369 1630 2400 Pompeius
1639 2369 1723 2391 manet
1733 2373 1759 2390 m
1769 2364 1858 2407 Italia,

1066 2419 1111 2437 nec
1121 2418 1164 2436 res
1172 2412 1208 2436 ud
1214 2412 1359 2443 pactionem
1367 2411 1444 2438 venit,
1457 2408 1557 2439 longius
1567 2404 1657 2448 bellun:
1664 2406 1728 2435 puto
1737 2404 1806 2434 sore.-
1818 2409 1861 2444 ⁸¹⁷¹.

1066 2448 1172 2473 Italiam
1185 2449 1322 2480 relinquit,
1342 2447 1376 2472 ad
1388 2449 1516 2479 posterum
1530 2442 1621 2467 bellum
1638 2438 1774 2481 ᾳσπονδον
1792 2442 1860 2480 strui

1067 2487 1193 2511 existimo.
1233 2484 1320 2510 Huius
1335 2483 1419 2519 igitur
1437 2479 1504 2507 belli
1517 2486 1567 2514 ego
1581 2481 1715 2512 particeps
1728 2480 1755 2502 et
1769 2483 1860 2501 socius

1067 2526 1093 2548 et
1107 2521 1214 2547 adiutor
1227 2528 1288 2547 esse
1301 2528 1394 2556 eog0r;
1416 2517 1489 2553 quod
1502 2520 1528 2542 et
1537 2513 1673 2541 ἄσπονδον
1685 2517 1738 2555 est,
1756 2517 1782 2539 et
1795 2520 1859 2538 cum

1066 2558 1185 2585 civibus.
1225 2557 1326 2584 Deinde
1336 2564 1383 2582 vu.
1395 2555 1458 2582 Idus
1469 2553 1608 2581 Februar.,
1621 2558 1707 2585 quum
1717 2558 1770 2576 iam
1780 2548 1859 2584 plura

1066 2595 1175 2622 audires
1198 2594 1232 2621 de
1252 2593 1373 2628 Pompeii
1396 2590 1523 2620 consilio,
1553 2587 1693 2614 concludis
1717 2585 1859 2621 epistolam

1066 2632 1212 2667 quamdam
1227 2631 1277 2658 hoc
1291 2630 1384 2657 modo:
1400 2629 1455 2662 Eyo
1469 2628 1569 2661 quidem
1584 2626 1630 2652 tibi
1639 2633 1690 2650 non
1698 2627 1748 2650 sim
1757 2627 1857 2652 auctor,

1064 2673 1088 2696 si
1093 2670 1224 2703 Pompeius
1230 2669 1335 2695 Italiam
1340 2668 1469 2700 relinquit.
1476 2669 1500 2691 te
1509 2671 1608 2698 quoque
1614 2664 1760 2696 profugere.
1782 2660 1858 2687 Sum-
