1941 3052
478 114 529 140 DE
560 113 766 141 OFFICIIS
805 114 885 141 LIB.
916 114 953 141 11.

56 184 191 212 interdum
209 185 290 211 etiam
312 183 490 211 fructuosum.
530 185 657 211 Habenda
677 190 765 211 autem
787 186 852 211 ratio

56 227 96 249 est
107 223 145 248 rei
157 221 312 254 familiaris,
326 230 407 256 quam
420 222 530 256 quidem
543 222 627 248 dilabi
638 224 726 248 sinere
739 221 852 258 flagitio-

56 268 117 286 sum
133 263 186 286 est:
205 259 252 285 sed
265 260 313 290 ita,
336 263 365 285 ut
380 258 570 286 illiberalitatis
586 260 766 294 avaritiaeque
783 260 852 285 absit

56 297 186 331 suspicio.
226 297 306 322 Posse
321 297 393 322 enim
410 295 568 323 liberalitate
590 297 642 327 uti,
667 305 718 323 non
734 296 852 331 spolian-

55 338 109 361 tem
125 342 154 360 se
169 334 343 368 patrimonio,
365 334 493 359 nimirum
510 334 533 359 is
550 338 588 360 est
605 334 734 368 pecuniae
751 334 852 360 fructus

56 371 203 397 maximus.
243 371 322 397 Recte
345 371 426 396 etiam
450 379 464 396 a
485 371 668 405 Theophrasto
687 375 727 396 est
748 371 852 397 laudata

56 410 225 442 hospitalitas.
265 408 312 434 Est
322 408 404 438 enirn,
421 412 449 434 ut
461 408 527 433 mihi
539 407 649 442 quidem
662 408 782 438 videtur,
797 408 854 433 val-

56 445 89 472 de
104 445 245 476 decorum,
264 450 352 479 patere
368 445 462 471 domos
478 445 618 471 hominum
631 444 778 471 illustrium
791 445 854 471 illu-

56 483 158 509 stribus
170 483 337 517 hospitibus:
355 482 438 516 idque
454 483 533 508 etiam
549 481 714 516 reipublicae
726 487 765 508 est
775 490 853 508 orna-

57 524 160 551 mento,
179 520 302 546 homines
318 524 441 545 externos
458 519 508 545 hoc
525 519 692 545 liberalitatis
712 528 810 554 genere
826 520 852 545 in

55 557 123 584 urbe
135 561 223 583 nostra
238 566 289 583 non
301 565 391 592 egere.
431 557 478 583 Est
489 561 577 582 autem
589 556 668 582 etiam
682 556 854 582 vehementer

55 594 122 621 utile
134 595 176 625 iis,
190 595 237 629 qui
250 594 359 621 honeste
371 602 449 628 posse
462 593 577 620 multum
591 593 693 623 volunt,
702 602 749 627 per
761 594 854 628 hospi-

55 636 95 658 tes
116 631 187 666 apud
209 636 332 658 externos
353 631 467 665 populos
489 631 577 657 valere
597 630 696 665 opibus
717 635 742 657 et
757 631 852 666 gratia.

55 669 257 704 Theophrastus
268 668 380 704 quidem
392 669 499 699 scribit,
520 668 645 694 Cimonem
659 668 762 694 Athenis
778 671 854 694 etiam

55 710 83 733 in
92 716 151 733 suos
162 708 273 733 curiates
284 707 412 733 Laciadas
423 707 571 739 hospitatem
580 708 672 738 fuisse:
687 708 724 731 ila
738 708 803 731 enim
814 708 854 730 in-

55 746 168 770 stituisse
181 748 204 770 et
220 745 313 770 villicis
327 746 503 776 imperavisse,
520 747 547 769 ut
560 745 646 768 omnia
660 744 851 775 praeberentur,

55 784 207 815 quicumque
218 781 342 808 Laciades
353 783 380 807 in
389 783 477 807 viltam
487 789 561 806 suam
570 782 724 806 devertisset.

111 818 185 845 xlx.
207 820 249 844 65.
269 817 343 850 Quae
353 822 442 844 autem
454 827 539 851 opera,
555 826 607 844 non
620 816 759 852 largitione
772 817 855 843 bene-
882 821 884 846 ξ

55 855 116 882 ficia
136 855 247 887 dantur,
271 855 336 882 haec
357 859 413 882 tum
429 856 456 881 in
473 855 629 881 universam
644 854 851 889 rempublicam,

56 898 113 920 tum
125 894 152 919 in
168 892 291 928 singulos
307 893 381 919 cives
393 892 577 919 conferuntur.
619 893 686 918 Narn
701 893 728 918 in
742 893 799 918 iure
810 900 855 917 ca-

55 939 131 962 vere,
145 930 257 957 consilio
269 931 376 961 iuvare,
395 935 474 965 atque
486 930 535 956 hoc
546 930 674 956 scientiae
683 938 781 965 genere
793 938 855 963 pro-

54 967 132 994 desse
144 976 224 1003 quam
232 967 368 1002 plurimis,
377 967 551 994 vehementer
562 971 587 994 et
598 967 631 993 ad
641 976 705 1002 opes
717 966 854 1002 augendas

54 1006 171 1040 pertinet
181 1010 206 1031 et
217 1005 249 1031 ad
260 1005 384 1040 gratiam.
423 1006 514 1040 Itaque
526 1013 611 1039 quum
624 1004 707 1030 multa
720 1004 853 1038 praeclara

54 1043 186 1069 maiorum
196 1063 202 1074 ,
224 1047 281 1068 tum
300 1042 374 1077 quod
393 1043 495 1077 optime
516 1042 654 1068 constituti
676 1042 743 1068 iuris
763 1041 854 1067 civilis

54 1089 161 1107 summo
173 1088 280 1114 semper
291 1080 318 1106 in
331 1080 429 1106 honore
442 1079 493 1106 fuit
503 1080 620 1115 cognitio
631 1084 711 1114 atque
723 1079 855 1113 interpre-

53 1118 127 1144 tatio.
168 1118 253 1150 Quam
270 1117 382 1152 quidem
398 1121 458 1143 ante
473 1117 541 1143 banc
552 1116 738 1143 confusionem
750 1121 855 1150 tempo-

53 1164 114 1182 rum
126 1155 153 1181 in
165 1155 336 1189 possessione
348 1163 396 1180 sua
408 1155 544 1189 principes
556 1154 734 1180 retinuerunt.
765 1154 851 1184 Nunc,

53 1192 212 1222 utbonores,
222 1191 611 1227 utomnesdignitatisgradus,
620 1191 659 1217 sic
671 1191 753 1217 huius
765 1191 854 1217 scien-

52 1231 104 1256 tiae
116 1229 244 1264 splendor
254 1229 359 1255 deletus
371 1234 424 1255 est:
439 1229 521 1264 idque
533 1238 563 1255 eo
575 1229 725 1263 indignius,
738 1228 810 1263 quod
823 1236 853 1254 eo

53 1272 172 1302 tempore
185 1267 233 1293 hoc
245 1267 365 1302 contigit,
379 1275 465 1302 quum
478 1267 500 1292 is
511 1271 590 1297 esset,
607 1267 654 1301 qui
666 1274 759 1292 omnes
771 1272 854 1300 supe-

52 1305 145 1336 riores,
154 1304 256 1339 quibus
269 1304 367 1330 honore
379 1312 427 1338 par
437 1308 515 1335 esset,
524 1305 635 1330 scientia
648 1302 725 1329 facile
733 1303 851 1329 vicisset.

51 1342 122 1369 Haec
133 1342 217 1377 igitur
228 1350 307 1376 opera
318 1346 392 1377 grata
405 1341 497 1367 multis
508 1341 576 1368 etad
588 1341 727 1367 beneficiis
735 1341 853 1367 obstrin-

51 1379 154 1415 gendos
171 1379 294 1405 homines
310 1378 519 1405 accommodata.
560 1380 602 1405 66.
623 1379 711 1413 Atque
728 1378 791 1404 huie
802 1378 852 1404 arti

53 1417 166 1443 finitima
178 1421 217 1442 est
228 1416 336 1442 dicendi
348 1417 456 1452 gravior
468 1415 580 1443 facultas
594 1420 620 1442 et
629 1416 728 1453 gratior
739 1420 765 1444 et
774 1424 853 1443 orna-

52 1455 112 1481 tior.
153 1453 224 1487 Quid
236 1455 309 1481 enim
321 1453 474 1490 eloquentia
485 1453 688 1490 praestabilius,
707 1455 748 1481 vel
765 1454 853 1480 admi-

52 1492 153 1520 ratione
165 1492 347 1523 audientium,
366 1493 408 1518 vel
421 1501 468 1528 spe
481 1493 676 1528 indigentium,
694 1492 736 1518 vel
748 1501 850 1524 eorum,

51 1531 98 1565 qui
110 1529 215 1556 defensi
227 1534 299 1561 sunt,
313 1529 416 1566 gratia?
430 1531 498 1557 Huic
509 1538 591 1566 ergoa
600 1530 748 1557 maioribus
756 1530 853 1556 nostris

51 1572 92 1594 est
107 1568 135 1593 in
152 1572 211 1602 toga
226 1567 366 1603 dignitatis
381 1568 549 1602 principatus
563 1567 652 1594 datus.
692 1568 789 1594 Diserti
801 1567 853 1603 igi-

51 1610 95 1631 tur
106 1604 225 1631 hominis
236 1609 262 1631 et
274 1604 350 1631 facile
363 1604 518 1636 laborantis,
528 1605 656 1640 quodque
668 1605 694 1631 in
707 1605 801 1640 patriis
813 1608 854 1631 est

51 1642 187 1672 moribus,
211 1642 358 1668 multorum
373 1651 483 1669 caussas
494 1647 519 1669 et
531 1651 582 1669 non
594 1646 703 1678 gravate
714 1647 740 1669 et
749 1642 853 1678 gratui-
881 1674 882 1678 Ἰ

881 1684 882 1689 ’
904 1689 935 1706 ne
948 1680 1090 1706 adiuvent:
1113 1681 1202 1714 sitque
1213 1688 1291 1705 omne
1304 1679 1450 1709 iudicium,
1470 1686 1613 1713 nonquam
1628 1678 1701 1703 loeu-

50 1684 77 1707 to
88 1679 258 1706 defendentis
270 1679 400 1706 beneficia
412 1685 438 1706 et
449 1680 595 1715 patrocinia
608 1679 658 1706 late
674 1684 774 1714 patent.
809 1680 850 1705 67.

49 1716 220 1743 Admonebat
231 1725 273 1743 me
285 1725 336 1748 res,
346 1717 546 1752 uthocquoque
555 1717 611 1743 loco
624 1717 851 1743 intermissionem

50 1754 233 1789 eloquentiae,
250 1763 283 1781 ne
295 1754 384 1781 dicam
397 1755 549 1786 interitum,
563 1754 744 1789 deplorarem,
765 1754 793 1780 ni
806 1762 852 1780 ve-

50 1800 131 1823 rerer,
145 1800 178 1818 ne
189 1791 222 1818 de
233 1800 275 1818 me
287 1792 346 1826 ipso
357 1791 461 1827 aliquid
474 1792 579 1818 viderer
590 1792 677 1827 queri.
698 1791 751 1818 Sed
764 1796 852 1818 tamen

50 1867 90 1893 cis
100 1874 172 1901 spes,
181 1871 281 1901 quanto
295 1867 322 1892 in
334 1866 509 1901 paucioribus
516 1866 637 1898 facultas,
646 1875 727 1901 quam
740 1867 767 1892 in
781 1866 852 1892 mul-

50 1903 85 1930 tis
96 1904 132 1930 sit
143 1903 265 1930 audacia.
299 1902 389 1935 Quum
405 1908 495 1930 autem
512 1913 563 1930 non
579 1905 800 1938 possiutomnes,
819 1912 851 1929 ne

51 1940 129 1967 multi
141 1940 263 1975 quidem,
272 1945 317 1966 aut
328 1941 476 1975 iurisperiti
490 1949 549 1967 esse
561 1946 606 1967 aut
616 1941 724 1973 diserti,
740 1941 801 1967 licet
813 1946 852 1967 ta-

50 1986 112 2004 men
124 1986 202 2012 opera
216 1977 343 2012 prodesse
356 1977 458 2008 multis,
472 1977 601 2003 beneficia
615 1982 763 2012 petentem,
777 1986 851 2004 com—

49 2015 222 2042 mendantem
237 2015 374 2041 iudicibus
385 2015 629 2050 etmagistratibns.
639 2015 795 2050 vigilantem
803 2024 851 2050 pro

50 2061 78 2080 re
90 2052 213 2084 alterius,
231 2060 276 2079 eos
292 2053 379 2087 ipsos,
392 2053 440 2087 qui
456 2057 502 2078 aut
512 2052 691 2078 consuluntur
702 2057 747 2078 aut
758 2052 852 2078 deten-

50 2089 127 2121 dunt,
141 2094 291 2125 rogantem:
310 2089 382 2124 quod
398 2090 445 2124 qui
461 2089 575 2120 faciunt,
590 2089 738 2124 plurimum
750 2090 850 2123 gratiae

49 2132 266 2162 consequuntur,
286 2126 471 2161 latissimeque
487 2135 579 2152 eorum
597 2131 686 2153 manat
707 2127 849 2152 industria.

50 2166 92 2191 68.
106 2165 159 2191 lam
172 2163 240 2190 illud
251 2173 302 2191 non
314 2169 378 2190 sunt
388 2163 561 2195 admonendi,
575 2164 625 2199 (est
636 2164 707 2190 enim
722 2165 747 2190 in
760 2173 851 2198 prom-

49 2201 120 2238 ptu.)
132 2205 161 2228 ut
171 2202 292 2227 animum
304 2201 457 2232 advertant,
474 2209 559 2236 quum
573 2202 664 2227 iuvare
677 2201 743 2227 alios
756 2201 848 2230 velint,

50 2247 83 2266 ne
94 2247 163 2274 quos
173 2238 318 2266 offendant.
357 2238 442 2273 Saepe
454 2239 526 2264 enim
539 2243 584 2264 aut.
594 2247 638 2264 eos
652 2238 768 2269 laedunt,
781 2247 850 2273 quos

49 2285 101 2303 non
114 2276 225 2309 debent;
243 2281 288 2302 aut
298 2284 352 2307 eos,
366 2285 435 2311 quos
447 2285 499 2302 non
510 2275 629 2310 expedit.
652 2277 679 2301 Si
693 2276 850 2311 impruden-

50 2318 103 2345 tes,
118 2313 298 2349 negligentiae
310 2318 363 2340 est:
382 2314 405 2339 si
417 2314 546 2343 scientes.
561 2314 727 2339 temeritatis.
770 2314 850 2339 Uten-

49 2350 115 2377 dum
127 2355 168 2378 est
179 2351 258 2378 etiam
270 2351 442 2377 excusatione
454 2350 585 2376 adversus
596 2359 651 2381 eos,
667 2359 735 2385 quos
748 2351 850 2376 invitus

49 2388 182 2420 offendas,
198 2396 371 2423 quacumque
383 2388 482 2422 possit,
501 2395 583 2422 quare
595 2387 636 2419 id,
653 2387 725 2422 quod
744 2387 848 2419 seceris,

50 2434 160 2452 necesse
177 2425 270 2456 suerit,
289 2434 337 2452 nec
352 2425 428 2452 aliter
445 2424 530 2451 socero
547 2425 680 2459 potueris:
697 2425 849 2459 ceterisque

49 2463 139 2497 operis
150 2463 283 2490 etofticiis
294 2464 344 2489 erit
360 2462 401 2493 id,
418 2461 490 2497 quod
503 2462 632 2488 violatum
649 2467 702 2493 est,
720 2470 849 2496 eonipen-

49 2499 176 2527 sandum.
218 2500 280 2527 XX.
296 2502 338 2526 69.
351 2499 404 2526 Sed
415 2507 501 2534 quum
514 2499 540 2525 in
554 2499 711 2525 hominihus
723 2499 848 2525 iuvandis

49 2542 96 2564 aut
107 2545 193 2563 mores
205 2539 336 2572 spectari,
353 2542 398 2563 aut
410 2536 514 2563 fortuna
530 2535 625 2568 soleat,
643 2536 717 2562 (lietu
736 2537 848 2570 quidem

48 2579 90 2601 est
101 2574 232 2609 proclive,
251 2576 341 2610 itaque
354 2574 435 2610 vulgo
448 2574 607 2609 loquuntur,
629 2582 658 2599 se
671 2574 697 2600 in
710 2573 848 2599 benetie-iis

48 2611 212 2638 collocandis
236 2621 323 2639 mores
344 2612 499 2642 hominum,
528 2619 579 2637 nou
605 2610 737 2637 fortunam
759 2612 846 2645 sequi.

48 2649 164 2676 Honesta
176 2650 259 2676 oratio
270 2654 319 2677 est.
342 2649 395 2676 Sed
406 2649 469 2684 quis
479 2653 520 2675 est
530 2647 647 2679 tandem,
664 2649 711 2683 qui
724 2649 812 2683 inopis
824 2653 849 2675 et

881 520 883 546 ἰ
904 523 947 549 rit,
963 522 1067 552 habere;
1081 524 1158 554 etqui
1172 523 1274 551 hubent,
1291 524 1416 548 retulisse.

985 114 1076 141 CAP.
1102 117 1235 142 t6—2t.
1640 120 1700 145 lsslfj

903 186 998 220 optimi
1010 186 1061 212 viri
1073 194 1183 212 caussae
1195 195 1246 213 non
1258 191 1399 221 anteponat
1411 188 1437 213 in
1449 195 1527 222 opera
1539 187 1625 214 danda
1637 197 1699 224 gra-

904 223 967 248 tiam
984 222 1109 250 fortunati
1125 229 1150 250 et
1166 223 1298 258 potentis?
1318 225 1339 249 Α
1355 233 1408 259 quo
1424 225 1496 251 enim
1512 225 1663 259 expeditior
1674 230 1699 252 et

903 260 1014 286 celerior
1025 262 1202 287 remuneratio
1214 261 1268 287 fore
1280 261 1399 292 videtur,
1424 263 1450 288 in
1461 270 1523 288 eum
1536 262 1589 288 t'ere
1601 268 1640 288 est
1653 272 1699 289 vo-

905 296 992 323 luntas
1005 302 1092 324 nostra
1103 299 1269 332 propensior.
1315 298 1367 324 Sed
1378 299 1647 326 animadvertendum
1660 306 1700 327 est

904 334 1076 369 diligentius,
1093 344 1162 369 quae
1178 340 1269 361 natura
1287 344 1376 362 rerum
1392 337 1436 362 sit.
1477 337 1611 363 Nimirum
1626 338 1697 363 enim

906 372 982 405 inops
1000 371 1058 402 ille,
1080 373 1104 398 si
1120 373 1207 398 bouus
1223 377 1262 398 est
1274 373 1327 403 vir,
1350 374 1430 399 etiam
1442 374 1464 399 si
1477 374 1574 399 referre
1585 376 1698 409 gratiam

905 417 956 434 non
978 413 1077 442 potest,
1102 409 1199 435 habere
1215 415 1284 435 certe
1303 414 1398 444 potest.
1439 411 1583 437 Commode
1600 417 1699 442 autem,

882 481 883 484 Ἴ
904 446 1070 480 quicumque
1082 446 1159 477 dixit,
1173 450 1308 480 pecuniam
1320 450 1364 480 qui
1374 449 1472 474 habeat.
1487 458 1535 474 non
1547 451 1700 481 reddidisse,-

905 485 949 516 (μα’
959 485 1106 513 reddiderit,
1119 493 1168 509 non
1178 486 1283 510 habere:
1295 488 1406 517 qratiam
1417 491 1509 515 autem,
1521 491 1543 511 et
1554 489 1598 519 qui
1609 488 1701 511 retule-

1458 523 1502 552 At,
1521 523 1568 557 qui
1585 532 1612 548 se
1626 523 1700 549 locu-

905 556 998 591 pletes,
1016 557 1164 589 honoratos,
1174 558 1264 584 beatos
1275 563 1378 593 putant,
1388 560 1406 585 ii
1419 568 1450 585 ne
1462 559 1576 594 obligari
1588 560 1700 594 quidem

906 594 1035 620 beneficio
1053 594 1154 621 volunt.
1195 595 1265 627 Quin
1282 597 1361 622 etiam
1374 596 1533 622 beneficium
1551 605 1579 622 se
1594 597 1701 624 dedisse

905 631 1080 662 arbitrantur,
1097 641 1182 666 quum
1194 633 1246 666 ipsi
1259 634 1384 667 ‹piamvis
1397 642 1523 669 magnum
1537 634 1645 668 aliquod
1657 643 1702 661 ac—

905 669 1037 702 ceperint,
1051 674 1130 704 atque
1142 670 1221 695 etiam
1233 678 1246 695 a
1258 679 1286 695 se
1299 670 1427 704 postulari
1440 676 1484 696 aut
1495 672 1702 705 exspectarit-ili-

905 706 971 740 quid
983 707 1169 740 suspicantur:
1189 708 1335 741 patrocinio
1348 716 1409 733 vero
1420 716 1448 733 se
1461 717 1522 734 usos
1534 713 1578 734 aut
1589 709 1700 735 clientes

905 742 1048 777 appellari,
1067 745 1158 770 mortis
1176 744 1257 770 instar
1273 749 1375 778 putant
1417 746 1458 770 70.
1481 746 1512 771 At
1530 754 1590 771 vero
1607 745 1649 771 ille
1663 752 1701 772 te-

906 781 982 810 nuis,
996 789 1094 815 quum,
1108 781 1243 816 quidquid
1256 781 1354 807 sactum
1366 783 1413 812 sit,
1432 790 1459 807 se
1471 787 1633 816 spectatum,
1648 792 1700 810 non

907 816 1039 843 fortunam
1051 823 1138 853 putat,
1157 827 1208 844 non
1225 819 1303 844 modo
1315 818 1368 849 illi,
1387 820 1434 853 qui
1451 825 1490 845 est
1506 820 1630 850 meritus,
1653 820 1700 846 sed

906 855 986 880 etiam
1003 855 1071 886 illis,
1088 864 1101 881 a
1117 855 1218 890 quibus
1234 860 1382 890 exspectat,
1405 856 1475 891 (eget
1495 857 1565 882 enim
1588 856 1701 891 multis.)

906 896 1011 927 gratum
1028 902 1056 918 se
1078 892 1164 918 videri
1184 892 1283 919 studet.
1324 894 1417 927 Neque
1439 902 1500 919 vero
1518 894 1606 919 verbis
1622 899 1701 929 auget

906 938 986 955 suum
999 938 1111 961 munus,
1135 931 1157 955 si
1169 938 1222 964 quo
1235 929 1299 956 sorte
1316 929 1451 966 fungitur,
1469 930 1516 957 sed
1532 932 1611 957 etiam
1627 937 1702 957 exte-

906 971 979 993 nuat.
1020 967 1228 1002 Videndumque
1245 967 1313 993 illud
1328 972 1381 998 est,
1398 968 1484 1002 quod,
1503 968 1526 994 si
1542 968 1701 1002 opulentum

906 1003 1125 1039 fortunatumque
1141 1004 1307 1035 defenderis,
1331 1005 1357 1031 in
1372 1013 1425 1031 uno
1439 1005 1485 1031 illo
1500 1010 1544 1031 aut
1559 1006 1582 1031 si
1598 1005 1661 1031 sorte
1675 1007 1701 1032 in

907 1041 999 1068 liberis
1010 1042 1069 1068 eius
1082 1047 1170 1068 manet
1180 1042 1278 1077 gratia:
1294 1042 1336 1068 sin
1348 1047 1436 1068 autem
1449 1043 1569 1077 inopem,
1587 1043 1700 1077 probum

905 1083 993 1105 tamen
1014 1084 1040 1106 et
1060 1079 1226 1110 modestum,
1252 1088 1345 1105 omnes
1356 1088 1406 1106 non
1432 1080 1547 1114 improbi
1573 1080 1699 1110 humiles,

905 1124 974 1151 quae
985 1125 1081 1152 magna
1093 1118 1120 1143 in
1132 1116 1231 1152 populo
1244 1116 1388 1143 multitudo
1400 1122 1452 1147 est,
1471 1117 1636 1152 praesidium
1649 1118 1701 1143 sihi

905 1158 1028 1188 paratum
1049 1154 1151 1181 vident.
1191 1153 1371 1186 Quamobrem
1392 1154 1490 1180 melius
1515 1154 1586 1189 apud
1607 1154 1699 1185 bonos,

905 1200 986 1225 quam
1001 1191 1073 1226 apud
1085 1191 1240 1222 fortunatos,
1255 1192 1415 1217 benetieium
1427 1191 1550 1218 collocari
1562 1196 1636 1226 puto.
1658 1193 1700 1218 Ἡ.

905 1228 995 1254 Danda
1010 1230 1120 1255 omnino
1135 1237 1215 1263 opera
1230 1233 1282 1259 est,
1306 1234 1335 1255 ut
1349 1230 1423 1255 omni
1438 1230 1531 1264 generi
1548 1228 1702 1255 satisfacere

905 1266 1054 1300 possimus:
1069 1265 1116 1292 sed
1128 1267 1151 1292 si
1163 1274 1205 1292 res
1216 1267 1243 1292 in
1255 1267 1450 1292 contentionem
1465 1267 1562 1295 veniet,
1572 1267 1701 1292 nimirum

905 1303 1098 1330 Themistocles
1113 1308 1153 1329 est
1168 1308 1259 1329 auctor
1274 1303 1458 1335 adhibendus;
1482 1304 1529 1338 qui
1541 1312 1626 1338 quum
1638 1312 1702 1329 eon-

904 1340 1047 1371 suleretur‚
1061 1346 1151 1367 utrum
1163 1341 1233 1367 bono
1245 1342 1302 1367 viro
1314 1342 1438 1375 pauperi,
1457 1350 1489 1367 an
1502 1342 1592 1366 minus
1605 1341 1702 1375 proha-

906 1383 930 1404 to
941 1378 1020 1405 diviti
1033 1378 1115 1406 liliam
1126 1378 1279 1406 collocaret:
1296 1379 1419 1411 [lyon-eru,
1429 1379 1526 1413 inquit,
1536 1380 1601 1405 matu
1610 1381 1700 1407 virum,

904 1419 948 1449 qui
958 1421 1066 1451 pecunia
1077 1423 1156 1451 egent,
1168 1426 1244 1451 quum
1254 1419 1396 1450 pecuniam,
1409 1425 1474 1451 {que
1486 1418 1547 1443 rii-0.
1579 1416 1630 1442 Sed
1643 1426 1702 1443 eor-

904 1456 976 1490 rupti
993 1464 1079 1481 mores
1099 1455 1293 1490 depravatique
1313 1460 1375 1481 sunt
1396 1454 1572 1481 admiratione
1591 1454 1701 1479 divitia-

905 1501 974 1519 rum.
1014 1493 1133 1525 Quarum
1152 1492 1310 1528 magnitudo
1329 1492 1395 1526 quid
1412 1492 1444 1518 ad
1462 1501 1545 1518 unum
1565 1500 1702 1526 quemquo

905 1533 1024 1556 nostrum
1037 1529 1168 1565 pertinet‘?
1189 1530 1265 1556 lllum
1279 1529 1389 1555 fortasse
1401 1530 1524 1559 adiuvat,
1546 1529 1592 1563 qui
1606 1528 1699 1554 habet:

905 1576 936 1593 ne
949 1567 976 1593 id
988 1568 1098 1602 quidem
1110 1576 1227 1602 semper.
1272 1567 1322 1593 Sed
1337 1567 1375 1593 l'ac
1388 1567 1494 1593 iuvare:
1513 1566 1627 1592 utentior
1638 1574 1702 1592 sane

903 1605 951 1637 sit,
967 1605 1102 1632 honestior
1114 1614 1175 1631 vero
1186 1604 1338 1639 ‹promodoe‘
1352 1604 1428 1636 Quod
1441 1605 1550 1630 sietiam
1558 1603 1644 1629 honus
1651 1604 1701 1629 erit

905 1643 954 1673 vir,
970 1651 1001 1668 ne
1014 1642 1162 1677 impediant
1173 1642 1298 1672 divitiae,
1316 1651 1370 1676 quo
1384 1643 1474 1668 minus
1487 1642 1608 1671 iuvetur,
1623 1640 1701 1666 modo

903 1716 970 1752 ples,
984 1717 1030 1743 sed
1042 1717 1131 1752 qualis
1141 1718 1258 1752 quisque
1269 1717 1313 1743 sit.
1354 1717 1511 1742 Extremum
1523 1720 1610 1741 eutem
1625 1723 1702 1749 prae-

880 1755 881 1759 ’
903 1759 1010 1789 ceptum
1024 1756 1049 1780 in
1063 1755 1202 1780 beneficiis
1213 1763 1347 1789 operaque
1359 1753 1446 1780 danda
1458 1758 1506 1783 est,
1521 1762 1553 1779 ne
1564 1752 1630 1787 quid
1637 1761 1701 1778 cun-

880 1797 881 1800 ’
903 1797 940 1818 tra
953 1793 1114 1827 aequitatem
1126 1792 1284 1822 contendas,
1302 1800 1333 1818 ne
1348 1791 1414 1826 quid
1427 1800 1474 1825 pro
1486 1791 1593 1816 iniuria.

49 1828 190 1859 videmus,
203 1829 306 1864 quibus
318 1830 458 1856 exstinctis
469 1829 633 1860 oratoribus,
650 1838 732 1864 quam
745 1829 771 1855 in
784 1837 852 1863 pau—
880 1834 882 1857 ὲ

1630 1790 1702 1815 Fun-

903 1829 1059 1856 damentum
1071 1830 1143 1856 enim
1157 1834 1300 1864 perpetuae
1317 1828 1558 1855 eommemlationis
1574 1832 1598 1853 et
1616 1826 1700 1852 santiae

903 1872 943 1893 est
955 1868 1065 1897 iustitia,
1082 1868 1139 1893 sine
1151 1875 1203 1901 qua
1216 1867 1284 1892 nihil
1297 1871 1451 1901 potestesse
1465 1864 1608 1891 laudabile.

959 1904 1032 1930 XXI.
1048 1906 1089 1931 72.
1110 1904 1163 1930 Sed
1175 1905 1302 1939 quoniam
1315 1904 1348 1929 de
1358 1912 1388 1929 eo
1399 1912 1496 1939 genere
1509 1902 1700 1927 henelieiorum

903 1941 1006 1968 dictum
1022 1946 1075 1972 est,
1099 1950 1168 1977 quae
1183 1941 1216 1967 ad
1232 1941 1356 1976 singulos
1371 1945 1505 1975 spectant:
1524 1939 1650 1973 deinceps
1667 1939 1699 1964 de

903 1979 950 2009 iis,
967 1989 1033 2013 quae
1043 1982 1076 2005 (td
1091 1982 1234 2009 universos,
1250 1988 1364 2012 quaeque
1379 1981 1413 2004 (ni
1430 1978 1610 2010 rempublicam
1621 1979 1701 2009 pcrti-

902 2021 973 2047 nvnt,
996 2016 1191 2051 disputandum
1206 2021 1255 2042 est.
1297 2016 1394 2042 Eorum
1407 2020 1495 2041 autem
1509 2015 1627 2048 ipsorum
1641 2022 1701 2047 par-

904 2054 950 2079 tim
964 2054 1098 2080 eiusmodi
1111 2059 1188 2084 sunt,
1203 2058 1231 2079 ut
1246 2053 1278 2079 ad
1294 2054 1436 2079 universos
1451 2053 1525 2078 cives
1541 2051 1698 2085 pertineant.

904 2091 999 2124 purtim
1022 2091 1145 2126 singulos
1167 2095 1195 2116 ut
1214 2091 1358 2125 attingant,
1381 2098 1450 2125 quae
1466 2094 1528 2115 sunt
1544 2089 1622 2113 etium
1639 2097 1700 2121 grn-

903 2128 978 2153 tiorn.
1021 2128 1109 2153 Danda
1121 2132 1160 2153 est
1172 2136 1251 2161 opera
1265 2129 1388 2157 omnino,
1406 2128 1428 2152 si
1445 2126 1543 2161 possit,
1563 2126 1696 2158 utrisque:

903 2173 950 2191 nec
963 2166 1062 2193 minus,
1078 2165 1196 2190 metium
1208 2164 1325 2199 siugulis
1337 2163 1501 2191 consulatur.
1514 2163 1560 2188 sed
1574 2163 1617 2191 ita,
1631 2167 1699 2187 utcu

880 2210 881 2214 ¹
903 2212 944 2228 res
956 2207 1000 2228 aut
1012 2202 1103 2236 prosit,
1117 2206 1162 2228 uut
1172 2207 1242 2227 certe
1253 2210 1286 2227 ue
1297 2201 1367 2227 obsit
1379 2200 1552 2235 reipublicae.
1575 2200 1604 2225 C⁴
1617 2200 1699 2224 (irne-

902 2240 945 2265 chi
959 2239 1131 2265 frumentaria
1144 2247 1240 2273 magna
1253 2238 1371 2272 largitur,
1385 2237 1699 2271 exhauriebatigiturne-

880 2288 881 2291 *
903 2278 1016 2303 rurium:
1041 2276 1144 2302 modica
1159 2277 1191 2301 M.
1205 2276 1308 2301 Octavii
1318 2296 1323 2305 ,
1339 2280 1364 2301 et
1376 2274 1540 2309 reipublicae
1553 2272 1698 2299 tolerabilis

902 2319 926 2340 et
938 2314 1010 2348 plebi
1024 2314 1186 2342 necessaria:
1210 2322 1273 2347 ergo
1288 2317 1313 2338 et
1324 2312 1432 2338 civibus
1443 2317 1468 2338 et
1480 2311 1644 2345 reipublicae
1656 2319 1699 2335 sn-

903 2351 1006 2377 luturis.
1047 2352 1088 2377 73.
1112 2352 1138 2376 ln
1156 2351 1251 2384 primis
1267 2355 1355 2375 nutem
1374 2349 1521 2375 videndum
1533 2348 1631 2375 eritei.
1649 2347 1697 2381 qui

903 2388 1099 2422 rempublicam
1111 2387 1323 2415 mlmiuistruhit.
1341 2391 1369 2412 ut
1380 2395 1460 2411 suum
1472 2386 1588 2420 quisque
1601 2389 1695 2413 teneat,

903 2434 988 2460 neque
1009 2425 1042 2451 de
1065 2426 1141 2451 lionis
1164 2426 1327 2459 privaturum
1351 2423 1458 2458 publice
1473 2423 1623 2447 deminutio
1643 2421 1696 2447 liat.

878 2468 880 2480 ¹
903 2463 1052 2488 l‘eruieiose
1065 2464 1137 2489 euim
1149 2462 1291 2496 Philippus
1305 2462 1329 2486 iu
1345 2461 1495 2489 tribunatu,
1513 2467 1598 2493 quum
1612 2458 1696 2493 legem

879 2500 880 2506 ¹
901 2501 1032 2534 tigrin-iam
1051 2499 1142 2528 ferret,
1160 2508 1251 2534 tquum
1267 2504 1353 2524 tumen
1366 2498 1499 2531 untiquuri
1513 2496 1588 2522 incito
1601 2505 1697 2530 passus

879 2533 880 2537 ¹
901 2543 949 2567 est,
966 2542 991 2563 et
1004 2538 1028 2563 in
1041 2546 1072 2563 eo
1085 2537 1256 2562 vehementer
1267 2544 1295 2560 se
1308 2535 1473 2560 ιιιιιιίιϊηιιιιιι
1487 2533 1608 2568 praebuit
1618 2534 1635 2565 z)
1649 2533 1696 2558 sed

901 2583 986 2609 quium
999 2576 1024 2600 iu
1041 2574 1144 2610 agendo
1161 2573 1243 2599 imdta
1259 2572 1435 2607 populariter.
1455 2577 1510 2597 tum
1528 2570 1594 2596 illud
1612 2570 1694 2596 innle:

902 2621 950 2637 nun
965 2621 1017 2638 esse·
1033 2614 1058 2637 in
1074 2615 1176 2637 rwitntv
1187 2613 1238 2635 duo
1254 2612 1334 2635 miiim
1347 2612 1487 2636 hommum,
1503 2612 1546 2642 qni
1559 2617 1610 2633 rem
1621 2610 1696 2633 tmen·-

901 2654 965 2675 ιϊιιι.
1006 2648 1134 2684 Capitulis
1152 2648 1248 2677 oratio,
1271 2652 1297 2673 et
1312 2646 1344 2673 nd
1363 2647 1548 2681 iit-quinionem
1566 2645 1695 2671 honorum
