1941 3052
241 82 288 107 ossi
809 80 850 104 7⁴.
887 78 921 104 M.
956 78 985 103 T.

240 160 435 186 perspexeram⁴
483 151 572 184 ltaque
593 157 677 184 quum
694 149 824 175 uenit-ntia
841 149 925 182 prima
943 148 1029 174 llibuli
1051 147 1060 177 ἕξ

240 189 406 223 pronunti-itu
428 193 510 216 esset,
536 192 562 212 ut
584 191 634 212 tres
657 186 734 218 legati
755 194 842 219 regern
860 185 1028 214 re‹lueercnt;
1051 187 1059 213 ¹,

239 226 355 251 sei-inula
385 225 527 253 llortensii,
552 228 580 248 ut
605 228 632 248 tu
659 224 716 249 sine
737 223 853 248 exercitu
876 222 1028 253 reduceres,
1051 214 1053 247 l

240 264 313 288 tertia
337 262 458 290 voh-nui.
483 266 509 286 ut
529 261 670 294 Pompeius
691 260 840 285 reduceret:
868 259 1030 293 postulatum

238 305 287 329 est,
307 304 333 324 ut
346 299 431 324 llibuli
444 298 572 323 senti-ntia
585 297 758 323 divideretur.
799 298 935 328 Quatenus
947 296 979 322 de
991 305 1031 322 rt*

240 337 336 370 ligione
347 335 459 365 (licebat,
472 335 514 360 ‹·ui
528 335 563 359 rei
577 334 627 359 iam
639 334 732 359 obsisti
749 342 798 360 non
814 338 922 368 poterat,
936 333 1030 359 Bibulo

239 381 377 399 assensum
390 377 442 398 cst:
475 371 506 397 de
523 371 608 396 tribus
626 371 727 404 legatis,
742 370 894 405 frequentes
907 372 992 397 ierunt
1005 371 1029 396 in
1052 381 1053 386 ¹

238 410 287 436 ulia
299 410 396 435 omnin.
410 411 433 435 2.
443 409 564 434 Proxima
576 413 630 434 erat
642 409 771 434 Hortensii
784 409 926 435 sententia:
945 416 1029 443 quum

239 447 340 481 Lupus,
364 446 488 472 tribunus
505 445 600 480 plebis,
618 445 690 480 quod
707 446 764 480 ipse
780 445 812 471 de
825 446 949 480 Pompeio
960 451 1031 471 retu-

239 484 320 514 lisset,
340 483 475 509 intendere
490 484 585 518 coepit,
598 487 658 509 ante
669 492 697 508 se
708 488 828 517 oportere
838 483 1029 508 discessionem

239 521 332 550 fucere,
349 529 429 555 quam
440 520 574 546 consules.
615 520 681 546 Eius
693 521 802 546 orationi
815 520 986 546 veliementer
997 520 1030 545 ab
1052 543 1059 555 „

237 558 363 584 omnibus
375 558 546 584 reclamatum
559 562 612 584 est:
635 558 770 583 eratenim
783 562 808 584 et
819 557 910 592 iniqua
921 562 1028 583 etnova.
1052 558 1059 582 ¹,

237 595 367 621 Consules
388 603 474 630 neque
494 595 685 625 concedebant,
705 603 790 629 neque
806 594 883 621 valde
898 603 1031 630 repugna·
1051 578 1060 626 ll

238 633 313 659 bant:
344 632 415 659 diem
436 633 558 659 consumi
575 632 711 663 volebant;
744 632 770 658 id
785 632 857 667 quod
869 631 1028 658 estfactum.
1052 630 1060 661 ¹,

238 669 435 704 l'erspiciebant
455 670 540 700 enim,
566 670 592 696 in
614 669 744 696 Hortensii
765 670 921 696 sententiam
939 669 1030 695 multis
1051 648 1060 703 ll

238 707 358 742 partibus
379 707 470 742 plures
492 707 590 733 ituros:
620 715 785 742 quamquam
809 711 898 741 aperte
915 706 1031 733 Volcatio

237 745 438 771 assentirentur.
466 744 541 770 Multi
555 744 723 779 rogabantur,
737 749 816 779 atque
827 744 853 770 id
866 744 954 779 ipsum
968 752 1031 770 con-
1052 758 1053 785 ι

237 781 344 808 sulibus
365 782 469 808 invitis:
503 791 562 807 nam
579 782 596 807 ii
613 781 700 808 Bibuli
717 782 873 808 sententiam
888 781 972 807 valere
983 790 1031 807 cu-

237 820 352 854 pierunt.
383 821 406 845 3.
425 819 476 845 llac
490 820 667 845 controversia
685 827 770 853 usque
781 819 814 845 ad
826 823 928 845 noctem
940 818 1028 848 ducta,

237 861 346 882 senatus
357 856 501 882 dimissus:
524 861 548 882 et
560 865 608 891 ego
619 865 649 882 eo
659 857 702 882 die
713 865 776 882 casu
791 856 862 890 apud
874 856 1029 891 Pompeium
1052 852 1053 877 Ῐ

237 894 354 924 coenavi,
369 899 517 928 nactusque
529 898 636 928 tempus
648 893 696 920 hoc
709 894 793 929 magis
805 893 1029 928 idoneum,quam

237 939 366 965 umquam
379 936 462 961 antea.
475 931 546 965 quod
559 935 619 965 post
630 935 704 957 tuum
717 931 867 957 discessum
881 931 902 957 is
914 931 971 956 dies
985 930 1031 956 ho-

207 968 212 975 ’
238 969 409 994 nestissimus
430 968 506 994 nobis
523 968 608 994 suerat
628 969 654 995 in
670 973 773 998 senatu,
795 969 829 994 ita
840 977 900 994 sum
912 977 972 994 cum
986 967 1031 994 illo
1060 975 1061 996 i

239 1005 351 1036 locutus,
365 1010 394 1031 ut
403 1005 468 1031 milii
482 1005 584 1031 viderer
595 1007 714 1031 animum
727 1005 843 1032 hominis
853 1005 886 1031 ab
897 1006 968 1032 omni
981 1005 1030 1031 alia

235 1043 394 1078 cogitatione
417 1043 449 1068 ad
471 1047 542 1069 tuam
564 1042 719 1078 dignitatem
742 1043 866 1069 tuendam
883 1043 1029 1069 traducere.
1052 1044 1054 1049 ’

236 1080 320 1112 Quem
342 1088 390 1115 ego
410 1081 499 1114 ipsum
520 1089 605 1115 quum
627 1080 718 1110 audio,
741 1088 850 1115 prorsus
870 1089 931 1106 eum
950 1080 1032 1106 libero

235 1117 308 1143 omni
325 1118 477 1152 suspicione
495 1117 662 1152 cupiditatis:
684 1126 769 1152 quum
784 1122 871 1143 autem
884 1118 942 1143 eius
955 1117 1031 1143 fami-

238 1154 315 1180 liares
331 1155 451 1181 omnium
463 1154 586 1181 ordinum
599 1154 684 1186 video,
699 1155 840 1189 perspicio,
854 1154 880 1180 id
892 1154 964 1190 quod
979 1155 1030 1180 iam
1060 1159 1061 1172 ¹

235 1192 362 1218 omnibus
383 1196 423 1218 est
437 1196 567 1226 apertum,
586 1196 666 1218 totam
681 1200 736 1218 rem
747 1193 826 1218 istam
838 1192 890 1218 iam
903 1191 1005 1226 pridem
1017 1200 1031 1217 a

235 1229 313 1255 certis
335 1229 499 1260 hominibus,
517 1238 568 1255 non
581 1229 664 1255 invito
676 1238 736 1265 rege
748 1230 807 1264 ipso
818 1229 1032 1264 consiliariisque
1054 1231 1061 1257 ,¹

236 1266 303 1296 eius,
318 1274 376 1292 esse
387 1271 548 1301 corruptam.
585 1267 609 1293 4.
625 1267 693 1292 llaec
704 1267 800 1301 scripsi
811 1275 835 1293 a.
848 1266 875 1293 d.
889 1275 939 1293 xvi.
971 1266 1029 1293 Kal.

235 1303 313 1329 Febr.
327 1307 386 1330 ante
401 1303 497 1330 lucem.
537 1303 576 1330 Eo
586 1303 629 1330 die
640 1308 749 1330 senatus
761 1308 815 1330 erat
827 1303 944 1330 futurus.
978 1304 1032 1330 Nos
1053 1309 1055 1323 ¹

235 1341 262 1367 in
274 1345 377 1372 senatu,
395 1340 622 1376 quemadmodum
634 1350 720 1376 spero,
734 1341 891 1377 dignitatem
904 1345 1029 1372 nostram,
1054 1338 1061 1371 ³}

237 1382 265 1404 ut
286 1382 372 1412 potest
386 1379 414 1404 in
431 1383 501 1404 tanta
514 1378 653 1405 hominum
670 1378 781 1413 perfidia
792 1382 818 1405 et
828 1379 977 1413 iniquitate,
991 1387 1033 1405 re·
1060 1379 1061 1394 i

236 1415 392 1442 tinebimus.
433 1414 509 1448 Quod
535 1415 568 1442 ad
590 1415 746 1451 popularem
777 1417 905 1442 rationem
928 1417 1030 1447 attinet,
1060 1416 1061 1428 ³

236 1453 285 1478 hoc
304 1452 427 1479 videmur
441 1461 500 1479 esse
515 1454 660 1484 consecuti,
679 1458 708 1480 ut
726 1462 759 1480 ne
773 1453 840 1488 quid
854 1454 897 1489 agi
911 1461 973 1480 cum
985 1461 1033 1488 po-

235 1489 300 1524 pulo
315 1495 360 1516 aut
370 1489 453 1516 salvis
465 1491 602 1525 auspiciis,
616 1496 662 1517 aut
673 1490 755 1517 salvis
768 1490 883 1526 legibus,
900 1497 945 1517 aut
956 1490 1033 1517 deni·
1053 1508 1055 1518 ⁴

234 1535 287 1561 que
308 1527 366 1554 sine
383 1528 409 1554 vi
422 1528 515 1562 possit.
557 1528 592 1554 De
609 1527 651 1554 his
666 1528 748 1554 rebus
763 1527 858 1563 pridie,
875 1537 956 1563 quam
969 1528 1033 1554 haec
1060 1525 1062 1532 '

234 1564 345 1599 scripsi,
377 1569 485 1591 senatus
511 1566 654 1592 auctoritas
680 1565 841 1601 gravissima
866 1566 1030 1592 intercessit:

234 1602 278 1627 cui
296 1610 382 1636 quum
397 1601 460 1629 Cato
475 1607 500 1629 et
515 1602 643 1629 Caninius
658 1603 881 1633 intercessissent,
894 1607 981 1629 tamen
993 1607 1034 1629 est
1054 1605 1055 1608 ’

235 1639 391 1674 perscripta.
432 1639 497 1666 Eam
513 1639 546 1666 ad
563 1644 587 1666 te
597 1641 709 1666 missam
721 1648 779 1666 esse
790 1639 912 1666 arbitror.
943 1640 980 1666 De
989 1648 1034 1666 ce-

1058 325 1059 331 .
1082 308 1213 330 certamen
1237 309 1307 330 esset
1328 305 1459 334 relietum.
1480 307 1609 332 sententia
1626 306 1749 332 Volcatii:

1060 1251 1061 1261 ι
1083 1237 1145 1263 dear
1169 1242 1275 1263 tuorum
1296 1237 1451 1264 meritorum
1466 1242 1619 1264 assecutus:

1054 1279 1061 1290 ¹=
1083 1274 1190 1300 iniuriis
1206 1282 1316 1309 querar,
1338 1274 1411 1309 quod
1429 1275 1487 1301 sine
1502 1283 1610 1301 summo
1619 1274 1709 1301 dolore
1727 1274 1812 1301 facere
1827 1283 1878 1302 non

235 1676 298 1702 teris
318 1676 398 1702 rebus
413 1676 548 1712 quidquid
564 1677 613 1704 erit
628 1682 725 1708 actum,
744 1677 858 1703 scribam
875 1677 908 1703 ad
919 1681 958 1703 te:
989 1681 1034 1703 ut-

234 1721 288 1747 que
303 1721 385 1747 quam
400 1714 548 1740 rectissime
563 1719 688 1750 agantur,
715 1715 788 1741 omni
802 1722 861 1740 mea
876 1723 948 1745 cura,
969 1722 1033 1749 ope-

236 1758 273 1780 ra,
286 1749 434 1786 diligentia,
447 1751 530 1787 gratia
542 1751 697 1786 providebo.
720 1751 793 1778 Vale.

280 1864 311 1885 tu
348 1865 425 1886 Atto.
454 1865 481 1885 Δ.
501 1865 612 1886 Trebonii
630 1865 654 1886 in
674 1865 757 1887 Cilici·
771 1872 806 1886 res
821 1872 907 1893 procos.
937 1865 1032 1887 Lentulo

234 1899 378 1920 cmuuemlut.
407 1902 495 1923 (Romae,
506 1902 540 1920 Cn.
550 1902 640 1924 Lentulo,
650 1902 740 1926 Philippo
750 1909 796 1920 coss.
814 1904 869 1925 ⁶98.)

313 1952 349 1979 M.
365 1953 395 1979 Τ.
411 1953 440 1980 C.
456 1952 485 1980 S.
500 1954 530 1980 D.
546 1954 574 1980 P.
590 1953 775 1981 LENTULO
794 1954 957 1982 PROCOS.

291 2002 313 2027 t.
336 1997 411 2028 Aulo
426 2002 566 2031 Trebonio,
579 2004 626 2038 qui
637 2003 664 2029 in
675 2007 720 2029 tua
731 2003 867 2038 provincia
878 2013 974 2040 magna
986 2012 1034 2031 ne—
1061 2019 1063 2028 ·

233 2038 303 2073 gotia
323 2043 349 2064 et
371 2038 459 2073 ampla
479 2045 505 2066 et
521 2040 643 2075 expedita
659 2040 747 2071 habet,
767 2040 866 2067 multos
878 2050 962 2068 annos
975 2047 1033 2068 utor

234 2075 311 2101 valde
336 2075 512 2103 familiariter.
562 2078 587 2103 Is
607 2086 693 2113 quum
714 2082 790 2104 antea
811 2087 918 2114 semper
938 2084 963 2105 et
983 2087 1033 2106 suo

233 2112 383 2147 splendore,
397 2118 422 2139 et
436 2119 524 2140 nostra
535 2116 1033 2150 ceterorumqueamicorumcommen-

233 2149 338 2176 datione
349 2151 563 2186 gratiosissimus
574 2152 602 2178 in
614 2152 751 2187 provincia
762 2152 821 2184 fuit,
835 2157 892 2179 tum
904 2153 954 2180 hoc
965 2159 1033 2180 tem-

234 2195 296 2221 pore
307 2192 414 2222 propter
426 2193 502 2215 tuum
513 2189 542 2215 in
554 2197 596 2215 me
607 2198 724 2216 amorem
736 2194 908 2225 nostramque
915 2192 1033 2217 necessi-

233 2223 354 2251 tudinem
367 2225 538 2252 vehementer
548 2227 665 2257 confidit,
681 2226 723 2253 his
735 2227 802 2253 meis
815 2227 908 2254 litteris
920 2237 949 2254 se
960 2228 1033 2263 apud
1053 2242 1064 2266 Π

232 2266 257 2287 te
267 2262 416 2297 gratiosum
428 2262 492 2289 sore.
533 2265 558 2290 2.
579 2263 653 2296 Quae
664 2273 696 2290 ne
710 2273 773 2299 spes
783 2273 846 2291 eum
858 2265 939 2296 fallat,
951 2266 1034 2292 vehe-

234 2303 335 2325 menter
355 2308 419 2335 rogo
435 2304 474 2333 te;
511 2301 724 2336 commendoque
742 2301 792 2328 tibi
806 2302 866 2329 eius
881 2304 971 2330 omnia
986 2311 1034 2329 ne-

232 2336 315 2371 gotia,
334 2336 452 2368 libertos,
470 2343 662 2372 procuratores,
680 2338 819 2371 familiam,
832 2340 860 2366 in
872 2340 1030 2375 primisque,

233 2377 271 2403 ut,
293 2381 362 2408 quae
378 2374 408 2400 T.
425 2374 541 2410 Ampius
556 2375 590 2402 de
605 2377 663 2402 eius
678 2384 706 2402 re
721 2375 848 2408 decrevit,
866 2385 897 2404 ea
911 2385 1034 2412 compro—

233 2409 290 2439 bes,
308 2411 491 2447 omnibusque
507 2413 588 2439 rebus
603 2421 665 2439 eum
681 2413 717 2439 ita
734 2417 838 2444 tractes.
850 2419 880 2441 ut
890 2414 1031 2450 intelligat,

236 2454 321 2472 meam
337 2449 595 2476 commendationem
607 2459 660 2477 non
671 2450 811 2486 vulgarem
823 2450 918 2478 fuisse.
957 2452 1031 2478 Vale.

289 2543 328 2564 lv.
353 2544 430 2565 ΔΒΕ.
445 2546 535 2568 Lentuli
553 2554 654 2568 causum
672 2549 699 2569 de
714 2548 842 2569 Ptolomaeo
860 2550 982 2571 reducendo
997 2557 1033 2571 ea-

236 2577 328 2598 lurnniis
342 2577 468 2606 impeditam
487 2581 595 2607 queritur,
611 2583 648 2602 sed
663 2582 709 2602 nisi
723 2582 758 2603 vis
772 2583 932 2610 intervenerit,
943 2589 1033 2606 senatus
1054 2593 1057 2603 ι

236 2612 356 2639 populique
366 2614 440 2635 erudio
451 2622 516 2642 posse
526 2617 646 2638 sustentari
653 2617 745 2638 iudicat.
764 2620 812 2641 (Ser.
819 2620 889 2639 Rom-e
896 2622 962 2640 eodem
969 2623 1033 2644 auno.)

1019 77 1295 104 CICERONIS

1153 148 1187 174 M.
1203 148 1233 174 T.
1249 148 1278 174 C.
1295 148 1323 174 S.
1340 149 1368 175 Ι).
1387 149 1414 174 Ρ.
1438 149 1621 176 LENTULO
1642 149 1801 176 Pnocos.

1140 195 1162 218 l.
1186 188 1222 218 A.
1235 193 1262 218 d.
1276 202 1333 219 xvi.
1348 193 1405 219 Kal.
1422 193 1498 220 Febr.
1511 203 1595 229 quum
1609 196 1634 221 in
1646 200 1738 221 senatu
1752 195 1876 229 pulcher-

1083 230 1149 255 rime
1164 234 1305 259 staremus,
1322 231 1394 264 quod
1411 231 1462 256 iam
1479 231 1550 258 illam
1567 233 1723 258 sententiam
1741 232 1828 258 Bibuli
1843 232 1876 259 de

1083 267 1169 292 tribus
1186 267 1278 302 legetis
1296 267 1381 302 pridie
1396 269 1455 294 eius
1469 268 1524 294 diei
1544 268 1715 303 fregeramun,
1737 278 1876 304 unumque

1787 316 1828 333 res
1843 306 1876 333 ab

1082 341 1242 367 adversariis
1254 342 1350 368 nostris
1362 347 1475 368 extracta
1487 344 1771 370 estvariiscalumniis.
1793 344 1877 370 Caun—

1082 388 1138 404 sam
1160 379 1231 405 enim
1253 378 1383 414 frequenti
1403 384 1504 410 senatu,
1523 381 1549 406 in
1566 389 1661 416 magna
1679 382 1802 407 varietate
1821 389 1877 407 ma-

1082 425 1188 450 gnaque
1204 416 1303 442 invidia
1320 425 1421 447 eorum,
1438 418 1485 452 qui
1501 426 1514 443 a
1530 422 1555 443 te
1569 426 1691 444 caussam
1708 419 1807 454 regiam
1825 418 1878 445 alio

1083 453 1283 484 transferebant,
1300 453 1497 480 obtinebamus.
1538 454 1575 480 Eo
1589 454 1632 481 die
1644 455 1768 482 acerbum
1781 455 1877 482 babui-

1083 499 1143 516 mus
1172 491 1328 521 Curionem,
1356 491 1482 518 Bibulum
1508 491 1593 518 multo
1617 493 1767 522 iustiorem,
1829 501 1877 519 ene

1082 528 1160 554 etiam
1172 528 1298 554 amicum.
1339 528 1468 555 Caninius
1479 533 1504 555 et
1515 528 1578 555 Cato
1594 534 1732 564 negarunt,
1748 537 1776 556 se
1793 501 1877 564 ligem

1083 565 1164 591 ullam
1193 570 1253 591 ante
1277 566 1383 592 comitia
1408 574 1468 592 esse
1493 566 1601 597 laturos.
1651 566 1766 593 Senatus
1786 565 1877 593 haberi

1082 607 1141 628 ante
1154 602 1285 629 Kalendas
1298 603 1374 629 Febr.
1397 612 1444 638 per
1459 602 1542 639 legem
1559 604 1679 638 Pupiam,
1693 603 1719 630 id
1729 603 1801 639 quod
1812 604 1875 633 scie.

1082 648 1134 666 non
1160 645 1254 674 potest,
1281 649 1368 674 neque
1389 649 1480 666 mense
1502 641 1578 667 Febr.
1606 645 1666 671 toto,
1685 641 1736 667 nisi
1753 640 1877 676 perfectis

1082 681 1126 703 aut
1148 678 1252 703 reiectis
1274 677 1461 713 legationibus.
1502 679 1527 704 2.
1545 678 1612 704 llaec
1629 682 1715 704 tamen
1731 679 1822 713 opinio
1837 683 1879 705 est

1051 711 1053 751 l
1083 714 1173 749 populi
1197 715 1316 744 Romani,
1339 724 1352 740 a
1374 715 1427 741 tuis
1449 715 1548 741 invidis
1564 720 1643 750 atque
1658 715 1878 742 obtrectatoribus

1083 760 1178 778 nomen
1190 752 1329 778 inductum
1342 752 1416 778 fictae
1428 752 1574 788 religionis,
1588 757 1704 779 nontam
1717 757 1746 779 ut
1757 758 1781 779 te
1793 753 1879 788 imp&

1052 810 1053 815 .
1081 789 1178 819 dirent,
1201 798 1282 824 quam
1304 794 1333 815 ut
1353 798 1385 815 ne
1395 790 1458 824 quis
1475 795 1580 824 propter
1595 790 1729 816 exercitus
1745 790 1879 825 cupidita-

1083 831 1134 852 tem
1146 826 1333 853 Alexandriam
1357 827 1435 853 vellet
1457 827 1503 853 ire.
1548 827 1689 862 Dignitatis
1704 832 1792 853 autem
1805 832 1876 857 tuae,

1083 872 1161 890 nemo
1181 869 1230 894 est,
1247 864 1313 899 quin
1329 865 1472 894 existimet,
1492 864 1608 890 habitam
1625 873 1684 890 esse
1700 865 1827 891 rationem
1844 864 1878 890 ab

1082 906 1185 927 senatu.
1227 902 1310 927 Nemo
1325 906 1364 928 est
1380 902 1460 931 enim,
1473 902 1520 936 qui
1536 902 1644 931 nesciat.
1657 910 1711 937 quo
1722 902 1812 928 minus
1823 901 1879 928 dis-

1082 939 1168 964 cessio
1188 938 1269 969 fieret,
1292 947 1338 973 per
1353 939 1519 965 adversarios
1536 944 1594 965 tuos
1611 948 1670 965 esse
1686 939 1798 965 factum:
1830 939 1878 974 qui

1084 984 1154 1002 nunc
1175 975 1267 1010 populi
1289 976 1408 1006 nomine,
1430 985 1457 1002 re
1480 981 1568 1002 autem
1586 985 1646 1002 vera
1671 976 1879 1003 sceleratissimo

1084 1013 1232 1043 latrocinio,
1250 1014 1272 1039 si
1288 1022 1356 1048 quae
1371 1013 1538 1039 conabuntur
1554 1022 1639 1049 agere,
1656 1014 1721 1039 satis
1736 1014 1801 1040 mihi
1818 1022 1880 1048 pro·
1904 1018 1906 1020 '

1083 1051 1172 1076 visum
1189 1055 1237 1080 est,
1252 1054 1281 1076 ut
1293 1059 1325 1076 ne
1336 1050 1402 1085 quid
1415 1050 1497 1076 salvis
1509 1051 1637 1085 auspiciis
1649 1055 1694 1076 aut
1707 1050 1821 1086 legibue,
1834 1055 1881 1077 aut

1082 1088 1161 1114 etiam
1173 1088 1231 1114 sine
1244 1088 1269 1113 vi
1281 1096 1357 1123 agere
1368 1088 1480 1122 possint.
1503 1089 1526 1113 3.
1544 1088 1599 1123 Ego
1610 1096 1696 1123 neque
1710 1087 1743 1114 de
1754 1096 1813 1115 meo
1822 1093 1880 1114 stu-

1060 1149 1061 1155 ,
1083 1125 1135 1155 dio,
1162 1133 1249 1159 neque
1265 1124 1297 1151 de
1311 1125 1499 1151 nonnullorum
1515 1125 1611 1151 iniuria
1623 1125 1796 1152 scribendum
1812 1125 1879 1152 mihi

1083 1171 1142 1188 esse
1157 1162 1278 1188 arbitror.
1328 1162 1399 1194 Quid
1414 1163 1485 1188 enim
1502 1167 1547 1189 aut
1567 1171 1609 1189 me
1623 1167 1767 1194 ostentem,
1785 1163 1843 1198 qui,
1855 1163 1879 1190 si

1084 1201 1163 1226 vitam
1177 1208 1224 1234 pro
1235 1204 1279 1225 tua
1290 1199 1419 1235 dignitate
1430 1199 1599 1234 profundam,
1612 1199 1715 1227 nullam
1726 1204 1828 1234 partem
1839 1200 1880 1227 vi-

1655 1242 1701 1264 aut
1718 1237 1751 1264 de
1766 1237 1878 1264 aliorum

1084 1311 1214 1346 possum‘?
1243 1311 1301 1347 Ego
1321 1311 1371 1338 tibi
1386 1320 1401 1338 a
1417 1312 1453 1343 vi,
1471 1311 1520 1338 hac
1532 1313 1687 1347 praesertim
1697 1312 1881 1339 imbecillitate

1084 1349 1299 1385 magistratuum,
1322 1353 1454 1384 praestare
1473 1349 1539 1375 nihil
1556 1358 1681 1384 possum:
1716 1350 1743 1376 vi
1759 1354 1878 1384 excepta.

1085 1395 1195 1421 possum
1215 1386 1383 1418 confirmare,
1407 1391 1431 1413 te
1451 1391 1477 1413 et
1491 1392 1600 1413 senatus
1615 1392 1640 1413 et
1656 1386 1748 1422 populi
1767 1387 1878 1413 Romani

1083 1432 1191 1450 summo
1199 1423 1290 1450 studio
1300 1423 1506 1459 amplitudinem
1518 1429 1590 1451 tuam
1603 1429 1778 1451 retenturum.
1804 1423 1878 1450 Vale.

1132 1514 1150 1534 V
1169 1520 1189 1534 a.
1209 1514 1287 1534 Alte.
1306 1514 1385 1535 Subita
1396 1514 1489 1535 Catoni·
1499 1514 1654 1542 promulgatio.
1670 1514 1773 1538 veretur,
1784 1520 1881 1534 necans-

1083 1555 1109 1569 n
1119 1549 1187 1574 regia,
1199 1549 1292 1570 Lentulo
1303 1554 1385 1576 ert-pn,
1396 1549 1538 1570 ‹testim-tur.

1186 1586 1274 1608 (Rom-e,
1283 1586 1318 1604 Cn.
1336 1586 1426 1607 Lentule,
1436 1586 1526 1610 Philippo
1535 1593 1582 1604 oon.
1601 1592 1627 1604 na.
1645 1586 1702 1605 Febr.
1720 1585 1774 1606 ffl.)

1159 1637 1195 1663 M.
1208 1637 1238 1663 T.
1253 1637 1282 1664 C.
1299 1636 1326 1664 S.
1341 1637 1372 1663 D.
1387 1637 1417 1663 P.
1439 1636 1623 1664 LENTULO
1643 1636 1804 1664 PROCOS.

1143 1679 1164 1703 ⁴.
1187 1673 1312 1704 Tametsi
1327 1678 1394 1705 mihi
1411 1678 1477 1705 nibil
1493 1678 1678 1713 fuitoptatius.
1691 1687 1773 1714 quam
1784 1683 1814 1705 ut
1824 1679 1880 1714 pri-

1084 1723 1160 1741 mum
1171 1715 1220 1741 abs
1231 1720 1255 1742 te
1267 1716 1334 1750 ipso,
1348 1715 1444 1742 deinde
1458 1724 1472 1742 a
1482 1716 1578 1742 ceteris
1588 1716 1714 1742 omnibus
1725 1724 1805 1751 quam
1818 1724 1881 1752 gra-

1085 1753 1208 1779 tissimus
1236 1761 1297 1788 erga
1318 1758 1342 1779 te
1363 1761 1422 1779 esse
1440 1761 1627 1789 cognoscerer:
1670 1758 1758 1780 tamen
1781 1753 1881 1780 afficior

1085 1798 1192 1816 summo
1202 1789 1301 1821 dolore,
1314 1790 1447 1817 eiusmodi
1462 1795 1578 1825 tempora
1590 1795 1650 1825 post
1660 1794 1732 1817 tuam
1739 1790 1882 1826 profectio-

1086 1836 1146 1853 nem
1162 1832 1303 1854 consecuta
1317 1836 1385 1859 esse,
1402 1832 1432 1854 ut
1442 1832 1467 1854 et
1479 1836 1565 1854 meam
1581 1833 1606 1854 et
1620 1832 1768 1854 ceterorum
1780 1836 1841 1864 erga
1852 1833 1879 1855 te

1085 1864 1165 1891 fidem
1180 1869 1206 1891 et
1222 1864 1433 1892 benevolentiam
1449 1865 1546 1892 absens
1557 1866 1716 1900 experirere.
1757 1865 1793 1892 Te
1805 1865 1881 1892 vide-

1085 1910 1112 1928 re
1135 1907 1161 1928 et
1179 1903 1288 1933 sentire,
1311 1902 1432 1928 eamdem
1455 1902 1534 1929 fidem
1559 1911 1618 1929 esse
1635 1902 1775 1929 hominum
1791 1903 1819 1930 in
1834 1907 1879 1930 tua

1084 1939 1222 1974 dignitate,
1239 1948 1322 1974 quam
1337 1948 1386 1975 ego
1401 1940 1429 1966 in
1444 1948 1502 1966 mea
1518 1939 1604 1966 salute
1619 1948 1680 1966 sum
1696 1945 1833 1975 expertuS,
1846 1948 1880 1967 ex

1085 1977 1139 2002 tuis
1146 1975 1377 2003 litterisintellexi.
1390 1979 1414 2003 Ξ.
1422 1977 1566 2012 Nosquum
1572 1976 1814 2008 maximecousilio‚
1821 1982 1881 2004 stu-

1084 2013 1137 2044 dio,
1156 2013 1252 2045 labore,
1269 2015 1362 2050 gratia,
1380 2014 1413 2040 de
1427 2023 1522 2041 caussa
1537 2015 1609 2050 regia
1624 2015 1778 2046 niteremur,
1789 2015 1880 2042 subito

1084 2056 1174 2077 exorta
1194 2056 1235 2077 est
1254 2051 1354 2078 nefaria
1369 2051 1476 2079 Catonis
1494 2051 1686 2088 promulgatio,
1706 2060 1776 2087 quae
1790 2056 1879 2079 nostra

1084 2088 1173 2115 studia
1193 2089 1348 2123 impediret,
1371 2094 1398 2116 et
1411 2090 1515 2116 animos
1529 2097 1544 2115 a
1560 2089 1661 2116 minore
1679 2097 1742 2116 cura
1755 2088 1789 2115 ad
1803 2097 1880 2116 sum-

1085 2134 1159 2152 mum
1174 2126 1295 2153 timorem
1311 2126 1469 2153 traduceret.
1510 2126 1563 2153 Sed
1573 2131 1671 2158 tamen,
1682 2127 1711 2153 in
1722 2125 1879 2153 huiusmodi

1085 2163 1284 2198 perturbatione
1298 2172 1388 2190 rerum
1403 2172 1568 2199 quamquam
1581 2164 1671 2190 omnia
1680 2168 1745 2190 sunt
1757 2168 1880 2190 metuen-

1084 2200 1126 2232 da,
1145 2200 1212 2227 nihil
1228 2201 1323 2236 magis,
1339 2209 1422 2236 quam
1437 2201 1577 2236 perfidiam
1589 2202 1729 2227 timemus:
1751 2205 1777 2227 et
1787 2199 1880 2227 Catoni

1084 2237 1194 2273 quidem
1215 2238 1334 2273 (quoquo
1348 2238 1428 2265 modo
1441 2247 1470 2265 se
1485 2247 1528 2265 res
1543 2238 1632 2273 habet)
1645 2237 1762 2273 profecto
1771 2238 1880 2264 resiste-

1085 2284 1157 2302 mus.
1188 2277 1213 2301 3.
1237 2276 1274 2302 De
1288 2275 1468 2302 Alexandrina
1483 2284 1511 2302 re
1524 2283 1673 2310 caussaque
1687 2275 1760 2310 regia
1775 2279 1878 2301 tantum

1085 2313 1170 2339 habeo
1184 2312 1313 2347 polliceri,
1331 2321 1374 2339 me
1389 2313 1437 2339 tibi
1453 2313 1556 2339 absenti
1570 2313 1679 2347 tuisque
1692 2312 1880 2347 praesentibus

1084 2349 1220 2377 cumulate
1239 2349 1450 2376 satisfacturum.
1490 2349 1544 2376 Sed
1563 2357 1664 2380 vereor,
1682 2357 1715 2375 ne
1725 2353 1772 2375 aut
1781 2349 1881 2384 eripia-

1085 2393 1128 2414 tur
1148 2387 1238 2418 nobis,
1255 2392 1301 2414 aut
1315 2387 1465 2414 deseratur:
1490 2395 1606 2422 quorum
1621 2391 1712 2412 utrum
1727 2387 1818 2413 minus
1831 2394 1881 2413 ve-

1086 2424 1142 2455 lim,
1160 2433 1212 2450 non
1222 2424 1300 2451 facile
1310 2433 1422 2459 possum
1435 2425 1597 2451 existimare.
1631 2423 1693 2454 Sed,
1705 2424 1730 2450 si
1740 2432 1782 2450 res
1792 2428 1878 2459 coget,

1085 2468 1125 2489 est
1143 2462 1274 2498 quiddam
1295 2463 1412 2493 tertium,
1428 2461 1501 2497 quod
1516 2469 1604 2496 neque
1619 2460 1730 2492 Selicio,
1747 2469 1795 2487 nec
1810 2460 1878 2487 mihi

1085 2500 1258 2535 displicebat:
1279 2504 1310 2526 ut
1324 2507 1412 2534 neque
1424 2499 1508 2526 iacere
1519 2507 1575 2525 rem
1586 2503 1746 2532 pateremur,
1759 2506 1816 2529 nec,
1829 2506 1879 2524 no-

1085 2537 1127 2564 bis
1146 2537 1372 2572 repugnantibus,
1393 2536 1427 2562 ad
1440 2544 1503 2562 eum
1517 2535 1629 2566 deferri,
1651 2535 1684 2561 ad
1698 2543 1779 2570 quem
1794 2542 1878 2570 prope

1085 2575 1137 2600 iam
1153 2574 1257 2601 delata*
1267 2574 1444 2600 existimatur.
1484 2573 1506 2600 A
1522 2572 1599 2599 nobis
1613 2577 1726 2608 agentur
1735 2572 1826 2599 omnia
1835 2571 1878 2598 di-

1085 2610 1210 2647 ligenter:
1237 2615 1267 2637 ut
1282 2619 1339 2642 nec,
1350 2611 1374 2637 si
1384 2610 1451 2646 quid
1461 2610 1575 2637 obtineri
1587 2611 1692 2645 poterit,
1705 2618 1758 2637 non
1768 2613 1877 2636 conten-

1892 3000 1905 3052 ιιι
