1941 3052
246 131 296 156 95„
814 130 867 153 uo.
904 128 937 153 M.
974 128 1002 153 τ.

247 201 302 227 lieri
314 201 471 234 sapientem,
486 198 602 224 nondum
614 206 686 222 exse:
700 205 780 231 qutun
794 198 964 231 potissimum
976 207 1037 223 sen-
1057 198 1059 218 l

246 238 354 264 tentiam
367 237 446 269 eliget
458 235 684 269 ‹»t«lis‹·i1›1inmn·!
704 234 763 264 etsi,
777 243 977 269 quoruncumque
988 234 1037 260 eli·
1058 229 1067 275 l.

245 280 302 309 μι-ῑ,
323 275 452 308 insipiens
469 273 558 305 eliget.
599 271 648 297 sed
666 272 700 297 sit
713 272 820 304 ingenio
831 272 938 298 divino:
956 281 1036 306 quem

247 321 329 338 unum
342 320 355 336 e
367 310 486 345 physicis
499 309 668 343 potissimum
682 308 822 342 probabit?
843 310 895 334 Nec
912 309 974 343 plus
987 318 1038 334 uno

246 349 349 383 poterit.
383 349 437 372 Non
452 354 596 380 persequor
607 347 777 380 quaestiones
790 346 921 372 infinitus:
936 351 1036 372 tantum
1058 348 1067 378 l:

245 386 277 410 ili·
291 384 430 419 prineipiis
443 392 531 409 rerum
541 404 546 413 ,
560 392 573 408 e
585 383 686 417 quibus
697 384 786 408 omnia
797 388 931 413 constant,
947 383 1038 409 videa-
1058 398 1060 416 1

247 431 305 448 mus
326 430 406 455 quem
429 420 533 455 probet:
557 425 596 445 est
617 421 688 446 enim
705 421 772 446 inter
788 429 898 452 magnos
916 421 1037 446 homines
1058 427 1060 459 ξ

245 468 349 484 summa
366 458 510 483 dissensio.
551 457 685 483 XXXVII.
711 459 765 483 ⁴⁴8.
789 458 915 492 Princeps
929 458 1035 488 Thales,
1058 468 1067 494 ¹.¹

246 505 315 521 unus
331 504 344 520 e
361 500 476 529 septem,
499 495 542 520 cni
559 503 607 520 sex
623 494 740 529 reliquos
756 496 921 521 concessisse
938 496 1038 529 primns
1058 492 1060 518 ¹.

245 533 345 562 ferunt,
362 542 394 558 ex
406 541 474 566 aqua
486 532 555 558 dixit
565 537 684 557 constare
694 533 793 558 omnia.
833 533 865 558 At
878 533 926 558 hoe
939 533 1038 558 Anaxi-

245 570 364 599 mandro,
374 569 496 603 populari
509 574 533 595 et
544 569 628 595 sodali
640 578 698 598 suo,
708 578 758 595 non
773 571 918 603 persuasit:
933 570 955 595 is
966 570 1036 595 enim

246 608 401 633 intinitatem
415 611 522 632 naturae
533 606 603 632 dixit
614 615 687 636 esse,
705 615 718 632 e
730 615 782 640 qua
794 608 882 632 onmia
894 608 1039 640 gigneren-
1058 627 1060 637 ,

245 649 296 670 tur.
338 645 397 670 Post
409 645 468 669 eius
483 644 589 669 auditor
600 643 794 673 Anaximenes,
813 645 947 670 inlinitum
964 653 1035 670 aera:
1058 674 1060 682 γ

243 681 290 707 sed
307 690 350 711 eu,
369 690 436 715 quae
453 690 486 707 ex
501 690 531 707 eo
547 681 692 710 orirentur,
711 680 833 707 delinita:
857 682 932 716 gigni
949 686 1036 708 autem
1058 687 1060 699 ¹

245 724 349 749 terram,
363 727 470 752 aquam,
488 718 592 750 ignem,
609 723 664 744 tum
677 727 710 744 cx
723 718 764 744 his
775 719 878 744 omnia:
897 719 1038 752 Anaxago-

243 765 295 786 ras,
309 757 446 782 materiam
459 756 605 781 infinitam:
621 755 668 780 sed
681 765 713 781 ex
725 764 754 781 ea
767 755 919 790 particulas,
933 756 1037 782 similes

245 794 312 819 inter
322 802 359 823 sc,
374 794 505 824 minutas;
519 802 563 818 eas
576 793 693 827 primum
705 792 840 824 contusas,
854 798 943 827 postea
957 794 1038 819 inor-
1065 808 1067 824 2

243 830 333 856 (linem
350 830 478 856 adductas
494 840 507 856 a
525 834 611 856 mente
623 830 730 856 divina:
754 830 935 864 Xenophanes
947 830 1037 865 paullo
1058 840 1067 854 ν

242 868 322 893 etiam
334 868 477 901 antiquior,
492 876 575 893 unum
588 876 646 893 esse
657 867 755 898 omnia,
770 876 856 902 neque
868 868 894 893 id
906 876 965 894 esse
977 877 1037 894 mu-

244 904 336 934 tabile,
360 909 385 930 et
401 904 427 930 id
442 913 500 930 esse
515 904 611 934 deum,
635 913 721 938 neque
738 909 828 931 natum
846 914 988 940 umquam,
1012 910 1037 931 et

238 942 450 979 sempiternum,
464 941 620 974 conglobata
632 942 730 976 ligura:
744 942 924 973 Parmenides,
935 943 1034 976 ignem,

242 980 289 1013 qui
303 984 406 1005 moveat
418 984 526 1009 terram,
545 987 613 1013 quae
624 979 658 1004 ab
669 988 699 1005 eo
711 978 852 1005 formetur:
871 980 1034 1014 LeucippuS,

242 1016 366 1050 plenum,
389 1021 414 1042 et
435 1016 525 1048 inane,
552 1017 716 1042 Democritus
737 1016 801 1042 huic
817 1017 843 1043 in
861 1017 909 1043 hoe
925 1017 1034 1047 similiS,

244 1053 350 1079 uberior
366 1054 392 1079 in
408 1054 517 1079 ceteris:
541 1053 729 1087 Empedocles,
751 1054 815 1079 haec
837 1054 992 1089 pervulgata
1012 1060 1036 1080 ct
1064 1059 1066 1081 J

242 1095 302 1116 nota
313 1095 451 1125 quattuor:
465 1090 622 1118 Ilcraclitus,
636 1091 740 1123 ignem:
754 1091 888 1121 Melissus,
898 1091 1036 1126 boc-,quod

241 1133 311 1154 esset
324 1128 458 1153 inlinitum
470 1132 495 1154 ct
507 1128 683 1158 immutabile,
692 1127 808 1154 etsuisse
819 1137 925 1163 semper
936 1134 961 1155 et
973 1129 1035 1155 fore.

241 1164 314 1191 Plato
331 1173 365 1191 ex
377 1165 484 1191 materia
496 1165 522 1191 in
534 1174 561 1191 se
573 1166 661 1191 onmia
675 1166 819 1199 recipiente
831 1166 963 1192 mundum
975 1175 1034 1192 esse

242 1202 341 1228 sactum
352 1207 443 1228 censet
454 1211 466 1227 a
479 1202 528 1227 deo
539 1203 744 1236 sempiternum.
770 1203 929 1238 Pythagorei
940 1212 973 1229 ex
985 1212 1036 1229 nu-

242 1240 322 1265 meris
348 1244 373 1265 et
398 1240 646 1265 mathematicorum
673 1240 758 1266 initiis
783 1240 918 1274 proficisci
943 1240 1037 1267 volunt

240 1277 339 1302 onmia.
380 1277 419 1302 Ex
439 1276 480 1302 his
496 1276 577 1312 eliget
591 1281 679 1302 vester
690 1278 797 1311 sapiens
810 1286 894 1304 unum
905 1277 1033 1313 aliquem,

240 1313 333 1343 credo,
347 1322 428 1347 quem
439 1318 581 1348 sequatur:
604 1314 698 1344 ceteri,
715 1319 752 1341 tot
764 1315 814 1341 viri
826 1320 851 1342 et
863 1315 941 1345 tanti,
955 1324 1037 1350 repu—

240 1351 306 1376 diati
326 1351 359 1376 ab
374 1360 405 1377 eo
421 1351 645 1386 condemnatique
664 1351 813 1378 discedent.
857 1354 912 1378 ⁴19.
935 1352 1036 1384 Quam-

239 1397 356 1422 cumque
372 1396 435 1414 vero
451 1389 609 1414 sententiam
625 1388 790 1423 probaverit,
813 1398 872 1416 eain
891 1390 930 1416 sic
946 1391 1036 1416 animo

239 1425 459 1459 comprehensam
476 1425 598 1456 habebit,
622 1431 650 1452 ut
671 1434 716 1457 ea,
739 1435 807 1461 quae
824 1427 964 1459 sensibus,
987 1436 1036 1454 nec

241 1464 326 1497 magis
340 1463 499 1497 approbabit
510 1472 581 1490 nunc
593 1463 695 1494 lucere,
716 1472 811 1498 quam,
828 1465 956 1499 quoniam
967 1464 1037 1491 Stoi-

239 1509 287 1526 cus
298 1505 350 1531 est,
368 1500 440 1526 hunc
451 1501 584 1527 mundum
596 1510 654 1527 esse
668 1501 831 1536 sapientem,
849 1502 948 1528 habere
960 1511 1037 1528 men-

240 1543 302 1568 tem,
315 1546 384 1572 quae
396 1542 459 1564 etse
471 1542 496 1564 et
508 1539 598 1572 ipsum
611 1538 738 1565 fabricata
751 1539 794 1569 sit,
808 1544 834 1565 et
843 1540 932 1566 omnia
943 1539 1036 1566 mode-

239 1580 325 1606 retur,
344 1580 461 1606 moveat,
480 1580 562 1611 regat.
602 1576 694 1602 Eritei
707 1585 866 1611 persuasum
881 1578 975 1608 etiam,
991 1586 1036 1603 so-

240 1612 305 1643 lem,
324 1612 429 1643 lunam,
446 1612 537 1639 stellas
548 1621 654 1643 oinneS,
675 1618 784 1644 terram,
801 1622 874 1640 mare
889 1614 953 1641 deos
964 1623 1032 1645 esse,

239 1649 311 1685 quod
332 1649 464 1684 quaedam
484 1650 608 1676 animalis
630 1650 806 1686 intelligentia
827 1660 875 1685 per
893 1652 983 1678 onmia
1004 1660 1034 1678 ea

239 1692 377 1721 permanet
387 1691 413 1713 et
425 1692 553 1714 transeat:
570 1687 624 1714 sore
636 1692 722 1714 tamen
735 1687 892 1722 aliquando,
906 1694 936 1715 ut
945 1689 1034 1715 omnis

239 1724 283 1750 hic
305 1724 423 1750 mundus
443 1725 536 1751 ardore
556 1724 692 1760 dellagret.
733 1725 880 1752 XXXVIII.
903 1726 963 1752 Sint
983 1727 1033 1752 ista

240 1770 315 1788 vera:
338 1761 424 1796 (vides
441 1763 512 1788 enim
529 1763 582 1788 iam
598 1771 640 1788 me
655 1761 730 1789 fateri
746 1762 851 1797 aliquid
870 1771 930 1789 esse
950 1763 1034 1798 veriz)

238 1798 430 1833 comprehendi
446 1808 475 1826 ea
491 1804 579 1826 tamen
591 1804 616 1826 et
627 1800 728 1834 percipi
742 1808 818 1835 nego.
859 1799 948 1831 Quum
960 1801 1032 1826 enim

239 1841 301 1862 tuus
317 1837 367 1862 iste
379 1836 484 1862 Stoicus
498 1837 607 1871 sapiens
621 1836 774 1872 syllabatim
792 1837 841 1862 tibi
857 1838 906 1863 ista
918 1837 1029 1864 dixerit:

239 1874 329 1899 veniet
347 1872 446 1899 flumen
466 1874 593 1900 orationis
609 1882 719 1900 aureum
736 1873 851 1900 fundens
867 1874 1030 1905 Aristotcles,

238 1910 287 1945 qui
299 1910 376 1936 illum
387 1910 509 1945 desipere
519 1911 604 1937 dicat:
622 1919 709 1945 neque
720 1911 791 1936 enim
803 1916 890 1937 ortum
902 1920 960 1937 esse
972 1920 1033 1938 um—

238 1955 319 1982 quam
335 1947 556 1982 mundum,quod
568 1947 642 1973 nulla
655 1947 742 1978 suerit,
752 1957 820 1974 novo
831 1948 944 1975 consilio
956 1950 1030 1980 inito,

239 1989 291 2012 tam
303 1984 432 2019 praeclari
443 1986 532 2018 operis
544 1986 668 2019 inceptio,
683 1990 708 2011 et
720 1986 754 2011 ita
765 1994 824 2011 esse
837 1994 898 2011 eum
911 1986 1032 2021 undique

238 2026 345 2056 aptum,
362 2026 392 2048 ut
407 2021 479 2047 nulla
496 2023 538 2048 vis
554 2027 639 2048 tantos
650 2027 730 2056 queat
742 2027 829 2049 motus
844 2024 1033 2050 mutationem-

238 2067 291 2093 que
303 2058 400 2089 moliri,
417 2059 489 2085 nulla
501 2064 625 2085 senectus
635 2059 810 2086 diuturnitate
822 2065 972 2094 temporum
985 2070 1032 2088 ex-

238 2097 342 2127 sistere,
356 2100 385 2122 ut
396 2095 440 2122 hic
451 2101 560 2123 ornatus
571 2105 701 2131 umquam
713 2096 836 2131 dilapsus
846 2097 960 2125 occidat.
987 2099 1033 2125 Ti-

237 2133 266 2159 bi
279 2133 328 2160 hoc
339 2133 491 2168 repudiare,
504 2133 573 2160 illud
583 2139 672 2160 autem
684 2135 819 2168 superius,
836 2135 906 2161 sicut
917 2140 1033 2170 caputet
1061 2160 1062 2167 ,

238 2170 336 2197 samam
348 2175 431 2202 tuam,
444 2170 587 2197 defendere
599 2180 707 2197 necesse
719 2172 781 2197 erit:
800 2172 881 2202 milii,
898 2181 931 2198 ne
941 2178 970 2199 ut
981 2173 1032 2199 du-

237 2207 321 2234 bitem
332 2207 456 2242 quidem‚
475 2208 659 2243 relinquatur?
685 2210 741 2234 ⁴20.
759 2209 791 2235 Ut
805 2210 926 2236 omittam
938 2209 1032 2236 levita-

237 2249 290 2271 tem
303 2250 400 2271 temere
411 2246 629 2277 assentientium,
651 2246 745 2281 quanti
760 2245 869 2273 libertas
882 2247 939 2281 ipsa
951 2248 1032 2274 aesti-

237 2282 333 2309 manda
346 2287 398 2312 est,
412 2291 464 2309 non
477 2283 545 2309 mihi
556 2292 665 2310 necesse
676 2291 748 2313 esse,
761 2283 834 2317 quod
845 2283 895 2310 tibi
906 2283 963 2310 est‘?
978 2285 1032 2311 Cur

236 2319 318 2351 deus,
340 2320 430 2346 onmia
449 2321 532 2346 nostri
553 2329 647 2347 caussa
663 2329 748 2355 quum
765 2320 870 2351 faceret,
893 2321 942 2355 (sic
957 2323 1029 2348 enim

237 2356 341 2392 vultis.)
357 2361 456 2384 tantam
473 2358 528 2383 vim
544 2359 676 2384 natricum
692 2358 901 2392 viperarumque
921 2358 1031 2385 fecerit?

236 2401 284 2419 cur
305 2399 358 2420 tam
377 2394 461 2421 multa
480 2394 606 2429 pestifera
626 2400 694 2421 terra
714 2395 836 2429 marique
855 2395 1031 2430 disperserit?

236 2430 346 2465 Negatis
363 2431 426 2457 haec
442 2437 495 2458 tam
511 2431 606 2466 polite,
624 2437 733 2467 tamque
747 2431 883 2458 subtiliter
897 2432 968 2459 effici
982 2442 1031 2468 po—

237 2467 321 2493 tuisse
332 2469 389 2494 sine
401 2468 493 2495 divina
505 2469 595 2504 aliqua
607 2468 734 2495 sollertia.
762 2468 846 2495 Cuius
858 2469 969 2504 quidem
982 2479 1029 2497 vos

238 2505 401 2530 maiestatem
413 2505 547 2532 deducitis
558 2515 645 2541 usque
654 2505 687 2532 ad
699 2505 790 2539 apium
804 2505 1030 2542 formicarumque

238 2540 440 2573 perfectionem:
453 2548 483 2569 ut
493 2544 572 2569 etiam
585 2544 654 2570 inter
664 2543 728 2569 deos
734 2542 912 2577 Myrmecides
918 2544 1027 2579 aliquis,

238 2577 402 2604 minutorum
418 2579 610 2613 opusculorum
626 2579 781 2610 fabricator,
800 2579 883 2606 fuisse
895 2581 1027 2608 videatur.

239 2614 296 2639 421.
318 2614 405 2652 Negas
420 2617 478 2642 siue
493 2617 543 2643 deo
558 2625 637 2651 posse
656 2617 816 2651 quidquam.
856 2617 924 2644 Ecce
945 2618 994 2645 tibi
1015 2627 1028 2644 e

237 2654 388 2678 transverso
403 2652 601 2687 Lampsacenus
616 2654 714 2685 Strato,
731 2654 779 2688 qui
794 2653 838 2680 det
853 2655 896 2680 isti
911 2655 961 2682 deo
977 2656 1029 2682 im-

1037 128 1312 154 utut-:noxis

1090 199 1245 224 inunitatem
1263 200 1352 232 magni
1368 199 1478 233 quim-m
1494 202 1623 226 muneris.
1662 200 1713 226 Sed
1732 208 1817 235 quum
1837 210 1879 227 sa-

1089 235 1208 260 evi-:loten
1219 236 1330 261 ‹leni-um
1344 238 1505 263 vac-ationem
1522 237 1649 266 habeant,
1667 243 1767 272 qumitu
1781 242 1821 263 est
1836 247 1880 263 ne-

1064 300 1067 307 ·
1089 273 1170 306 quina
1187 272 1284 298 habere
1301 274 1372 307 ipsus
1388 273 1464 298 ileos!
1488 275 1570 309 Negat
1585 284 1663 309 opera
1679 275 1790 300 ‹lt-urum
1803 285 1830 300 se
1842 276 1879 301 uti

1089 309 1121 335 ad
1135 309 1319 335 fabricandum
1332 310 1474 336 mundum.
1514 311 1706 346 Quaecumque
1716 313 1779 340 sint.
1793 312 1878 341 docui.

1089 348 1177 372 onmia
1189 347 1279 372 esl'eeta
1291 356 1349 372 esse
1362 352 1467 373 natura:
1486 356 1547 378 nec,
1566 354 1593 374 ut
1605 348 1649 375 ille
1658 369 1663 378 ,
1680 350 1727 383 qui
1743 349 1845 383 asperis
1856 354 1881 374 et

1091 384 1197 409 levibus
1212 389 1237 410 et
1253 384 1366 410 hamatis
1383 385 1571 419 uncinatisque
1585 386 1742 420 corporibus
1760 391 1880 412 concreta

1091 421 1155 447 haec
1167 430 1225 446 essi·
1237 421 1316 450 dieat,
1332 422 1468 448 interiecto
1480 422 1562 448 inani.
1595 423 1702 449 Somnia
1714 428 1804 449 censet
1817 423 1881 449 haoe

1089 467 1148 483 esse
1161 459 1310 488 Democriti,
1326 468 1376 485 non
1389 459 1522 488 docentis,
1538 459 1585 485 sed
1596 462 1722 494 optantis.
1763 461 1821 494 Ipse
1833 469 1881 486 au-

1090 501 1142 521 tem
1154 496 1276 528 singulas
1288 495 1381 522 mundi
1394 501 1481 530 partes
1493 505 1671 531 persequens,
1688 497 1822 532 quidquid
1837 502 1882 523 aut

1090 533 1124 558 sit
1135 534 1238 563 autliat,
1248 533 1415 559 naturalibus
1426 534 1481 559 fieri
1493 539 1538 559 aut
1551 533 1647 559 [aetum
1659 542 1717 559 csse
1728 533 1804 560 docet
1815 543 1881 569 pon-

1089 570 1200 596 deribus
1211 575 1236 596 et
1248 571 1375 596 motibus.
1402 571 1456 596 Nae
1469 570 1512 596 ille
1523 576 1549 596 et
1559 571 1638 596 deum
1651 580 1730 605 opere
1741 571 1881 606 [1133110Ιί-

1090 607 1172 636 berat.
1186 612 1211 633 et
1223 617 1264 633 me
1276 609 1379 634 timore.
1419 608 1486 639 Quis
1497 609 1568 634 enirn
1581 613 1674 642 potest,
1691 617 1776 643 quum
1787 609 1881 634 existi-

1090 650 1142 670 met
1154 654 1182 670 se
1193 646 1280 671 curari
1292 654 1305 671 a
1317 644 1376 675 deo,
1391 654 1441 671 non
1453 650 1478 671 ct
1489 645 1547 671 dies
1558 650 1583 671 et
1595 650 1683 671 noctes
1694 645 1818 671 divinum
1831 654 1881 671 nu-

1090 691 1149 708 men
1163 681 1287 708 horrere?
1301 687 1339 712 et,
1357 683 1380 708 si
1391 682 1457 716 quid
1469 682 1575 708 adversi
1588 682 1726 712 acciderit.
1744 682 1826 717 (quod
1837 683 1881 708 cui

1090 728 1140 745 non
1157 719 1280 753 accidit‘f)
1298 720 1486 749 extimescere,
1507 728 1539 745 ne
1556 719 1582 746 id
1601 721 1656 745 iure
1672 719 1808 745 evenerit?
1829 720 1881 745 Ner.

1066 770 1067 774 =
1089 757 1202 783 Stratoni
1221 761 1307 783 tamen
1324 757 1466 783 assentior.
1486 766 1534 782 nec
1550 766 1612 783 vero
1628 757 1687 783 tibi.
1728 756 1805 783 Modo
1820 756 1878 784 hoc.

1089 794 1168 820 modo
1180 794 1246 820 illud
1260 794 1427 828 probabilius
1440 794 1555 820 videtur.

1144 831 1270 858 XXXIX.
1295 833 1351 857 ⁴22.
1373 846 1409 851 —
1418 846 1455 851 —
1465 831 1555 858 Latent
1566 834 1614 858 1¹³1«
1625 834 1722 860 omniu.
1734 846 1770 850 —
1781 846 1816 850 —
1828 831 1881 857 Lu-

1087 868 1167 899 culle,

1163 908 1258 932 crassis
1271 907 1398 932 occullata
1410 911 1432 932 et
1444 908 1598 939 circumfusa
1611 907 1727 935 tenebris,

1089 948 1117 969 ut
1129 943 1201 969 nulla
1213 943 1284 969 acies
1296 943 1406 969 humani
1420 943 1521 978 ingenii
1533 947 1602 969 tanta
1614 943 1662 972 sit,
1675 951 1744 977 quae
1758 947 1881 977 penetra-

1088 989 1115 1006 re
1128 981 1154 1006 in
1169 980 1288 1010 caelum,
1307 985 1402 1006 terram
1419 981 1516 1006 intrare
1532 981 1625 1014 possit.
1666 980 1780 1014 Corpora
1793 985 1880 1006 nostra

1089 1026 1139 1044 non
1153 1018 1291 1044 novimus:
1305 1019 1352 1052 qui
1364 1019 1418 1044 sint
1428 1018 1632 1052 situspartium.
1646 1018 1881 1052 quamvimquae-

1087 1063 1140 1090 que
1161 1064 1222 1089 pars
1244 1055 1352 1085 habeat,
1376 1056 1540 1090 ignoramus.
1582 1055 1672 1089 ltaque
1697 1054 1795 1080 medici
1817 1054 1878 1088 ipsi,

1087 1101 1202 1127 quorum
1216 1093 1339 1118 intererat
1350 1101 1379 1118 ea
1391 1101 1477 1120 nosse,
1491 1096 1661 1126 aperuerunt,
1676 1097 1703 1117 ut
1715 1091 1879 1117 viderentur.

1088 1130 1142 1155 Nec
1161 1138 1192 1155 eo
1213 1134 1300 1155 tamen
1317 1130 1392 1155 aiunt
1407 1129 1529 1163 empirici
1545 1129 1645 1155 notiora
1661 1137 1719 1154 esse
1735 1128 1793 1158 illa·,
1816 1129 1880 1162 quia

1088 1167 1173 1201 possit
1184 1166 1250 1197 fieri,
1265 1172 1293 1192 ut
1305 1165 1433 1201 patefacta
1445 1171 1469 1192 et
1480 1166 1581 1192 detecta
1594 1171 1738 1192 mutentur.
1773 1165 1826 1191 Sed
1836 1173 1880 1191 ec-

1088 1203 1154 1238 quid
1171 1212 1218 1230 nos
1234 1204 1326 1230 eodem
1342 1203 1420 1230 modo
1432 1211 1520 1229 rerum
1533 1208 1640 1229 naturas
1651 1211 1801 1237 persecare,
1817 1211 1881 1237 ape-

1088 1240 1273 1271 rire,dividere
1284 1249 1439 1276 possumus,
1456 1246 1484 1266 ut
1497 1240 1646 1270 videamus,
1660 1245 1727 1266 terra
1738 1240 1881 1274 penitusne

1065 1291 1066 1294 ¹
1087 1278 1174 1304 delixa
1191 1279 1238 1308 sit,
1256 1283 1281 1305 et
1296 1279 1375 1313 quasi
1391 1278 1528 1304 radicibus
1543 1278 1600 1303 suis
1617 1278 1730 1304 haereat:
1748 1285 1780 1303 an
1793 1276 1881 1302 media

1065 1324 1066 1327 ¹
1088 1315 1219 1350 pendeat?
1241 1317 1297 1342 423.
1313 1315 1432 1342 Habitari
1443 1316 1480 1341 ait
1491 1315 1671 1350 Xenophanes
1683 1315 1709 1340 in
1722 1313 1794 1343 luna,
1807 1322 1882 1340 eam—

1088 1361 1140 1388 que
1152 1361 1210 1379 esse
1222 1358 1318 1379 terram
1330 1353 1475 1379 multarum
1488 1353 1595 1379 urbium
1607 1357 1631 1378 et
1644 1352 1784 1378 montium.
1819 1352 1882 1377 Por-

1065 1391 1066 1395 ’
1089 1395 1157 1416 tenta
1170 1390 1308 1422 videntur,
1323 1390 1370 1416 sed
1383 1395 1469 1416 tamen
1481 1398 1568 1425 neque
1580 1389 1634 1420 ille,
1647 1390 1695 1424 qui
1706 1388 1785 1418 dixit,
1794 1389 1881 1415 iurare

1060 2085 1062 2091 ,
1084 2062 1138 2088 Sed
1153 2062 1233 2088 redeo
1247 2062 1280 2088 ad
1294 2062 1415 2088 animum
1432 2066 1457 2087 et
1471 2069 1579 2095 corpus.

1088 1432 1186 1462 posset,
1201 1428 1235 1454 ita
1247 1437 1275 1454 se
1286 1437 1342 1454 rem
1355 1428 1466 1457 habere,
1480 1435 1567 1462 neque
1579 1435 1628 1462 ego
1639 1435 1690 1453 non
1703 1426 1748 1452 ita.
1788 1426 1881 1452 Dicitis

1088 1466 1181 1495 etiam,
1199 1474 1258 1491 esse
1273 1474 1288 1491 e
1303 1466 1411 1501 regione
1428 1465 1518 1495 nobis,
1536 1473 1550 1490 e
1561 1464 1691 1490 contraria
1702 1468 1774 1498 parte
1786 1468 1878 1493 terrae,

1064 1529 1065 1537 ,
1087 1503 1135 1537 qui
1156 1502 1278 1529 adversis
1301 1503 1424 1538 vestigiis
1444 1507 1514 1528 stent
1533 1506 1622 1528 contra
1644 1506 1732 1527 nostra
1755 1501 1878 1535 vestigia.

1087 1548 1155 1575 quos
1171 1540 1311 1575 antipodas
1326 1541 1441 1566 vocatis:
1458 1548 1507 1566 cur
1523 1539 1590 1565 mihi
1605 1539 1691 1574 magis
1704 1538 1878 1567 succensetis.

1087 1578 1134 1612 qui
1146 1578 1195 1604 ista
1206 1586 1258 1604 non
1270 1586 1411 1612 aspernor,
1424 1585 1505 1612 quam
1517 1577 1570 1607 eis,
1583 1576 1645 1611 qui,
1659 1584 1743 1610 quum
1755 1575 1878 1603 audiunt.

1086 1615 1209 1649 desipere
1225 1623 1272 1641 vos
1288 1613 1468 1642 arbitrantur?
1487 1614 1593 1640 Hicetas
1608 1613 1782 1649 Syracusius,
1800 1617 1829 1638 ut
1844 1612 1879 1638 ait

1086 1652 1296 1687 Theophrastus,
1311 1652 1426 1682 eaelum,
1439 1651 1532 1682 solem,
1547 1651 1652 1681 lunam,
1665 1649 1769 1680 stellas,
1782 1657 1879 1684 supera

1085 1689 1204 1725 denique
1227 1690 1316 1716 omnia
1336 1694 1405 1716 stare
1428 1693 1532 1719 censet,
1555 1696 1643 1722 neque
1661 1691 1764 1722 praeter
1783 1692 1878 1713 terram

1086 1735 1141 1753 rem
1149 1726 1265 1753 ullamiu
1273 1726 1374 1753 mundo
1384 1726 1499 1752 moveri:
1513 1733 1582 1760 quae
1592 1733 1678 1759 quum
1687 1725 1789 1750 circum
1801 1732 1878 1750 axem

1085 1773 1113 1790 se
1124 1772 1230 1790 summa
1242 1763 1376 1790 celeritate
1387 1767 1522 1789 convertat
1533 1768 1558 1788 et
1570 1767 1699 1796 torqueat,
1707 1761 1800 1787 eadem
1808 1761 1878 1787 estiei

1084 1802 1183 1831 omnia,
1192 1810 1271 1836 quae,
1280 1802 1303 1827 si
1315 1805 1400 1827 stante
1412 1805 1481 1826 terra
1491 1799 1596 1826 caelum
1609 1804 1770 1825 moveretur.
1793 1800 1879 1833 Atque

1085 1839 1134 1865 hoc
1140 1839 1220 1864 etiam
1231 1838 1401 1865 Platonemin
1407 1838 1516 1864 Timaeo
1526 1836 1614 1862 dicere
1625 1836 1735 1870 quidam
1747 1836 1880 1862 arbitran-

1084 1881 1135 1907 tur,
1149 1875 1196 1902 sed
1208 1875 1298 1910 paullo
1308 1875 1462 1902 obscurius.
1493 1874 1564 1906 Quid
1576 1879 1612 1903 tu,
1627 1873 1760 1908 Epicure?
1774 1874 1879 1908 Loque-

1084 1922 1121 1939 re.
1153 1913 1233 1939 Putas
1243 1913 1328 1939 solem
1339 1921 1398 1938 esse
1415 1910 1566 1938 tantulum?
1580 1910 1688 1946 Egone‘?
1704 1919 1751 1937 vos
1767 1910 1877 1945 quidem

1085 1951 1200 1976 tantum!
1215 1950 1267 1976 Sed
1277 1955 1302 1976 et
1314 1959 1361 1976 vos
1372 1950 1406 1975 ab
1418 1949 1464 1975 illo
1476 1948 1635 1978 irridemini,
1648 1953 1674 1974 et
1685 1948 1738 1982 ipsi
1748 1947 1825 1974 illum
1836 1948 1879 1973 vi-

1084 1988 1176 2014 cissim
1189 1987 1309 2014 eluditis.
1344 1987 1424 2013 Liber
1435 1987 1518 2021 igitur
1528 1994 1543 2012 a
1554 1985 1599 2012 tali
1612 1985 1735 2011 irrisione
1745 1985 1875 2014 Socrates,

1085 2024 1153 2051 liber
1163 2024 1351 2055 AristoChius,
1365 2024 1414 2059 qui
1425 2023 1493 2050 nihil
1505 2024 1616 2050 istorum
1628 2023 1777 2085 scirigutat
1788 2030 1875 2056 posse.

1622 2061 1678 2086 ⁴24.
1720 2060 1805 2086 atisne
1819 2064 1878 2086 tan-

1060 2095 1062 2118 i
1083 2099 1145 2126 dem
1166 2108 1197 2125 ea
1213 2104 1272 2126 nota
1287 2104 1351 2125 sunt
1365 2099 1456 2128 nobis,
1477 2106 1547 2133 quae
1563 2105 1706 2124 nervorum
1722 2102 1816 2123 natura
1830 2097 1874 2125 sit.

1083 2145 1152 2171 quae
1163 2136 1312 2163 venarum?
1322 2137 1500 2166 Tenemusne,
1508 2134 1576 2170 quid
1586 2135 1694 2160 animus
1704 2133 1757 2160 sit?
1767 2133 1815 2160 ubi
1825 2132 1878 2159 sit‘?

1060 2170 1062 2191 ἶ
1083 2174 1214 2209 denique,
1233 2174 1315 2204 sitne,
1333 2182 1365 2200 an
1378 2173 1403 2203 ⁸,
1421 2177 1451 2199 ut
1460 2171 1620 2198 Dicaearcho
1631 2172 1722 2197 visum
1732 2175 1785 2201 est,
1798 2179 1831 2197 ne
1842 2171 1878 2196 sit

1083 2211 1194 2246 quidem
1206 2210 1297 2237 ullus?
1307 2211 1335 2236 Si
1345 2215 1398 2237 est:
1416 2215 1503 2236 tresue
1514 2214 1602 2244 partes
1614 2208 1721 2239 habeat,
1734 2213 1764 2234 ut
1773 2207 1875 2234 Platoni

1083 2248 1197 2282 placuit,
1210 2248 1334 2277 rationis,
1350 2248 1416 2277 irae,
1430 2247 1600 2281 cupiditatis,
1618 2254 1651 2272 an
1662 2244 1780 2280 simplex
1790 2253 1876 2270 unus-

1083 2294 1136 2320 que
1145 2284 1198 2311 sit?
1208 2285 1236 2311 Si
1247 2293 1319 2311 unus
1330 2290 1355 2311 et
1365 2283 1492 2318 simplex,
1500 2284 1632 2310 utrumsit
1642 2282 1722 2318 ignis,
1731 2291 1764 2308 an
1774 2282 1873 2311 anima,

1082 2331 1115 2348 an
1127 2321 1256 2358 sanguis?
1270 2331 1317 2353 an,
1336 2327 1365 2348 ut
1375 2321 1538 2348 Xenocrates
1546 2341 1552 2352 ,
1568 2328 1697 2347 numerus
1706 2319 1718 2331 ’
1729 2318 1804 2345 nullo
1816 2327 1875 2345 cor-

1081 2359 1164 2394 pore‘?
1178 2359 1265 2394 (Quod
1277 2359 1401 2394 intelligi,
1415 2357 1494 2393 quale
1504 2359 1552 2389 sit,
1565 2358 1613 2384 vix
1623 2356 1733 2391 potesn)
1746 2361 1780 2385 et,
1793 2356 1875 2390 quid—

1081 2396 1149 2431 quid
1160 2401 1208 2427 est,
1222 2396 1332 2423 mortale
1343 2397 1387 2427 sit,
1403 2404 1436 2422 an
1447 2393 1603 2422 aeternum?
1615 2395 1682 2420 Nam
1693 2398 1835 2428 utramque
1847 2393 1874 2419 in

1082 2439 1185 2468 partem
1205 2433 1288 2460 multa
1308 2433 1446 2459 dicuntur.
1486 2433 1585 2458 florum
1603 2429 1707 2465 aliquid
1727 2435 1816 2456 vestro
1830 2439 1875 2456 sa-

1082 2471 1166 2505 pienti
1181 2475 1283 2497 certum
1299 2470 1420 2496 videtur:
1438 2474 1540 2499 nostro,
1557 2476 1590 2494 ne
1604 2467 1672 2502 quid
1683 2469 1800 2493 maxime
1810 2468 1875 2502 qui-

1081 2507 1142 2534 dem
1153 2507 1293 2542 probabile
1304 2508 1348 2536 sit,
1361 2507 1489 2538 occur-riu
1503 2506 1538 2532 ita
1549 2509 1611 2531 sunt
1623 2505 1650 2530 in
1662 2504 1798 2539 plerisque
1809 2513 1874 2531 con-—

1081 2546 1221 2571 trariarum
1241 2546 1374 2571 rationum
1391 2544 1466 2578 paria
1485 2546 1628 2569 momenta.
1668 2542 1725 2567 XL.
1751 2543 1804 2568 ⁴25.
1824 2541 1872 2568 Sin

1080 2582 1138 2617 agis
1150 2582 1344 2611 verecundius,
1358 2586 1384 2607 et
1394 2589 1437 2606 me
1448 2587 1566 2610 accusas,
1579 2587 1632 2605 uon
1643 2578 1715 2613 quod
1727 2579 1781 2605 tuis
1791 2579 1873 2605 ratio—

1080 2619 1161 2644 nibus
1177 2627 1229 2645 non
1248 2619 1391 2648 assentiar,
1413 2617 1460 2643 sed
1480 2616 1553 2651 quod
1567 2615 1664 2642 nullis:
1688 2616 1795 2642 vincam
1813 2616 1873 2642 ani-

1056 2674 1058 2676 *
1080 2664 1162 2682 nium.
1177 2657 1276 2691 cuique
1287 2655 1425 2684 assentiar.
1438 2653 1565 2689 deligam.
1587 2654 1672 2686 Quem
1682 2652 1873 2687 potissimum?
