1941 3052
241 135 290 161 ⁶20

241 209 267 231 et
279 204 424 231 libertatem
437 203 489 230 nali
502 210 610 228 sumus:
633 205 677 227 uut
689 200 752 227 haec
763 204 900 227 teneamus
911 204 956 225 aut
969 208 1030 226 cum

241 242 370 277 dignitato
381 241 533 267 moriamur,
568 239 685 265 Nimium
697 238 743 263 ‹liu
757 238 880 267 teximus,
894 237 959 271 quid
971 245 1032 263 aen-

243 280 366 305 :iri-mus:
391 286 460 304 nune
473 277 522 302 ium
535 280 653 310 apertum
665 279 718 300 est:
738 284 830 300 omnes
842 274 1030 308 patefecerunt,

243 317 269 342 in
283 321 420 349 utramque
433 318 531 348 partein
543 312 608 347 quid
620 312 742 341 sentiant.
756 311 822 345 quid
834 311 924 337 velint.
965 310 1033 337 Sunt

243 353 318 387 impii
337 353 409 377 cives
431 359 476 384 pro
496 351 602 375 caritate
618 348 780 383 reipublicae
801 349 915 374 nimium
939 348 1029 374 multi:

243 398 290 424 pro
311 387 482 414 multitudine
503 387 569 412 liene
588 386 760 412 sentientium
779 385 922 411 admodum
940 386 1030 419 pauci:

241 435 356 461 qnorum
371 423 607 459 opprimendorum
623 423 659 449 ‹lii
676 422 838 449 immortales
850 422 1032 449 incredibilem

243 462 405 497 reipublicae
424 465 577 496 potestatem
594 465 619 486 et
631 460 761 486 fortunam
773 459 913 486 dederunt.

242 501 312 527 enim
326 499 455 534 praesidia
465 519 470 528 ,
482 507 550 533 quae
562 498 700 528 habemus,
714 497 765 523 iam
777 497 902 523 accedent
911 496 1034 523 consules

242 546 347 563 summa
360 536 512 570 prudentia,
530 536 640 565 virtute,
651 534 802 564 concordia,
819 534 917 561 multos
929 542 1034 560 menses

242 574 275 600 (le
283 573 373 608 populi
382 573 492 599 Romani
504 572 624 599 libertate
634 572 803 598 commentati
815 576 893 606 atque
904 571 1033 597 meditati.
1063 577 1065 587 ¹

242 611 289 637 llis
301 610 453 637 auctoribus
464 614 489 636 et
504 610 632 640 ducibus,
653 609 705 635 diis
717 609 884 639 iuvantibus,
907 609 984 635 nobis
996 609 1036 634 vi-

242 648 389 684 gilantibus
401 652 426 674 et
438 647 552 674 multum
565 647 591 673 in
603 651 736 682 posterum
751 646 967 681 providentibus,
990 654 1036 680 po—

243 685 307 720 pulo
313 686 430 712 Romano
440 685 628 716 consentiente,
638 684 738 710 erimus
750 683 864 718 prolecto
876 683 951 710 liberi
962 683 1035 710 brevi

243 728 369 757 tempore.
410 721 595 749 iucundiorem
607 725 695 748 autem
707 721 784 748 saciet
795 721 942 748 libertatem
952 721 1038 747 servi—

244 761 308 787 tutis
320 759 474 786 recordatio.

299 797 357 823 XV.
380 798 420 823 37.
442 796 514 829 Quas
527 796 561 822 ob
577 804 632 827 res,
653 795 725 831 quod
741 795 839 822 tribuni
856 794 942 830 plebis
957 794 1036 821 verba

243 834 372 866 fecerunt,
386 839 414 860 ut
423 838 532 861 senatus
543 833 668 860 Kalendis
680 834 782 859 Ianuar.
795 837 851 859 tuto
863 832 962 862 haberi,
976 841 1037 858 sen—

243 873 396 907 tentiaeque
406 871 439 898 de
449 880 554 898 summa
566 871 702 905 republica
715 870 796 896 libere
806 870 858 896 dici
870 874 991 905 possent:
1003 870 1036 896 de

244 917 273 936 ea
284 918 311 936 re
322 910 357 936 ita
368 917 475 939 censeo,
489 909 527 934 uti
539 908 567 935 C.
581 909 672 939 Pansa,
685 907 717 934 Α.
730 908 843 938 Hirtius,
855 907 978 934 consules
990 906 1037 933 de-

206 969 211 976 .
244 947 351 983 signati.
365 946 558 981 dentoperam‚
572 946 610 971 uti
621 949 728 971 senatus
740 945 866 971 Kalendis
880 945 981 971 ianuar.
995 949 1037 971 tu-

244 988 271 1011 to
282 984 373 1010 haberi
384 984 480 1018 possit:
493 982 619 1018 quodque
631 982 746 1009 edictum
758 983 788 1009 D.
800 983 883 1012 Bruti.
895 983 1037 1016 imperato-

244 1021 296 1052 ris,
318 1021 436 1047 consulis
455 1021 600 1056 designati,
620 1020 720 1055 optime
735 1019 768 1046 de
784 1019 919 1054 republica
938 1019 1035 1050 meriti,

244 1059 411 1093 propositum
422 1059 469 1088 sit.
491 1062 612 1084 senatum
625 1057 789 1088 existimare,
802 1057 832 1083 D.
845 1057 967 1088 Brutum,
986 1057 1038 1083 im-
1065 1058 1066 1062 ’

245 1100 401 1131 peratorem.
409 1095 546 1122 consulem
557 1095 736 1131 designatum,
747 1095 847 1130 optime
858 1094 890 1121 de
902 1093 1038 1128 republica

245 1133 350 1164 mereri,
363 1141 447 1168 quum
459 1137 566 1159 senatus
579 1132 757 1159 auctoritatem
770 1131 916 1167 populique
927 1132 1038 1158 Romani

245 1169 393 1196 libertatem
405 1170 602 1205 imperiumque
613 1169 747 1196 defendat.
778 1171 819 1195 38.
833 1168 963 1204 Quodque
977 1177 1038 1203 pro-

246 1208 361 1234 vinciam
373 1207 487 1234 Galliam
498 1208 658 1237 citeriorem,
672 1207 833 1241 optimorum
844 1211 870 1233 et
880 1206 1039 1233 fortissimo-

245 1253 306 1272 rum
321 1245 440 1272 virorum
454 1245 735 1280 amicissimorumque
750 1243 912 1280 reipublicae
925 1244 1035 1274 civium,

815 131 857 156 60.
892 129 927 156 M.
961 129 991 156 Τ.
1026 128 1300 156 CICERONIS

1060 205 1061 208 ’
1083 201 1285 235 exercitumque
1306 200 1331 226 in
1348 205 1456 226 senatus
1471 204 1598 235 potestate
1614 200 1736 231 retineat.
1758 200 1785 227 id
1799 209 1871 232 eum.

1060 229 1061 268 l
1083 238 1284 271 exercitumque
1304 237 1376 267 eius,
1403 238 1562 272 municipia,
1586 237 1702 264 mioniae
1724 239 1874 273 provinciae

1084 274 1186 300 Galliae
1202 279 1271 300 recte
1286 279 1364 309 atque
1378 274 1471 301 ordine
1486 283 1572 310 exque
1587 275 1722 309 republica
1740 275 1834 301 fecisse
1849 279 1876 302 et

1086 311 1182 337 tacere:
1205 316 1326 337 senatum
1343 311 1375 337 ad
1391 320 1524 338 summam
1541 312 1732 346 rempublicam
1745 313 1876 347 pertinere

1085 349 1219 378 arbitrari.
1244 358 1257 374 a
1274 349 1303 374 D.
1320 349 1399 374 Bruto
1413 353 1439 375 et
1454 349 1486 375 ab
1501 349 1528 375 L.
1546 349 1641 375 Planco
1661 349 1874 390 imperatoribus.

1060 412 1063 420 Ι
1084 385 1241 411 consulibua
1251 385 1397 420 designatis
1408 386 1525 421 itemque
1535 394 1548 412 a
1558 387 1660 416 ceteris,
1668 388 1714 422 qui
1726 387 1876 422 provinciae

953 459 993 486 Ad
1061 425 1063 442 l
1085 423 1217 453 obtinent,
1233 423 1344 449 obtineri
1357 431 1390 449 ex
1403 422 1459 459 lege
1471 423 1549 454 lulia.
1562 424 1649 458 quoad
1660 432 1692 450 ex
1704 429 1877 450 senatuscon-

1004 468 1033 485 ea
1062 463 1063 470 ¹

1086 461 1157 486 sulto
1172 461 1269 495 cuique
1284 469 1374 486 eorum
1392 469 1546 486 successum
1562 461 1609 486 ait:
1632 469 1730 496 eosque
1741 461 1803 487 dare
1813 468 1878 496 ope-

1087 506 1155 527 rnm.
1179 502 1208 523 ut
1223 506 1268 523 eae
1280 498 1430 532 provinciae
1440 498 1626 532 exercitusque
1638 498 1664 524 in
1676 499 1758 525 senati
1771 497 1879 533 populi-

1085 543 1138 569 que
1154 535 1262 560 Romani
1280 539 1405 569 potestate
1422 535 1607 569 praesidioque
1627 535 1788 569 reipublicae
1809 535 1876 562 sint:

1086 580 1225 607 quumque
1236 580 1327 606 opera.
1342 573 1450 602 virtute,
1464 572 1575 598 consilio
1586 572 1615 598 C.
1628 572 1747 599 Caesaris
1758 580 1878 598 summo-

1087 618 1139 644 que
1150 618 1282 635 consensu
1293 609 1409 635 militum
1421 614 1617 639 veteranorum.
1639 610 1686 644 qui
1697 611 1755 636 eius
1765 609 1880 636 auctori-

1089 651 1166 673 tatem
1187 647 1272 672 secuti
1287 646 1448 681 reipublicae
1463 646 1596 681 praesidio
1609 652 1670 672 sunt
1684 652 1710 673 et
1724 647 1844 677 fuerunt,
1864 654 1879 673 a

1087 684 1256 719 gravissimis
1272 683 1398 718 periculis
1414 683 1529 718 populus
1544 684 1678 710 Romanus
1692 683 1819 711 defensus
1833 684 1878 714 ait,

1088 726 1113 747 et
1124 721 1172 747 hoc
1184 726 1300 756 tempore
1311 721 1481 747 defendatur:
1504 722 1545 747 ³⁹.
1556 730 1696 756 quumque
1708 721 1776 757 legio
1788 721 1880 748 Martia

1088 758 1170 785 Albae
1180 759 1339 789 constiterit,
1363 759 1389 784 in
1405 758 1551 793 municipio
1563 758 1720 785 fidelissimo
1730 764 1755 785 et
1767 758 1880 785 fortissi-

1089 804 1140 825 mo.
1153 804 1265 831 seseque
1277 795 1308 822 ad
1319 800 1427 822 senatus
1437 796 1617 822 auctoritatem
1629 795 1775 831 populique
1785 796 1881 822 noma·

1089 834 1115 860 ni
1132 833 1278 860 libertatem
1294 833 1447 859 contulerit:
1470 833 1542 868 quod
1558 833 1613 868 pari
1628 833 1752 864 consilio,
1773 833 1880 860 eadem-

1087 879 1140 905 que
1153 871 1248 897 virtute
1260 870 1328 906 legio
1339 870 1434 902 Quarta
1447 879 1503 900 usa,
1514 870 1582 896 duce
1593 871 1622 897 L.
1631 870 1788 906 Egnatuleio
1798 878 1881 906 quae-

1088 913 1170 938 store.
1191 908 1243 934 civi
1263 908 1383 943 egregio,
1409 912 1517 934 senatus
1537 908 1716 934 auctoritatem
1733 908 1882 943 populique

1088 946 1198 972 Romani
1214 944 1361 971 libertatem
1375 944 1512 975 defendat,
1528 944 1689 971 defenderit:
1705 946 1809 972 senatui
1825 953 1883 972 me-

1088 991 1156 1018 gnae
1171 991 1249 1009 curae
1264 991 1323 1008 esse
1338 990 1366 1008 ac
1383 981 1449 1013 sore.
1473 987 1502 1008 ut
1517 991 1564 1017 pro
1579 983 1658 1008 tantis
1669 991 1760 1009 eorum
1773 983 1799 1009 in
1811 991 1883 1009 rem-

1089 1019 1224 1055 publicam
1245 1020 1348 1046 meritis
1369 1019 1481 1046 bonores
1501 1020 1540 1046 eis
1561 1020 1706 1046 habeantur
1728 1020 1883 1055 gratiaeque

1089 1057 1249 1083 referantur:
1271 1057 1375 1083 senatui
1388 1056 1502 1091 placere.
1521 1057 1559 1083 uti
1571 1057 1600 1083 C.
1613 1057 1711 1087 Pansa.
1724 1058 1755 1083 A.
1769 1057 1880 1088 Hirtius.

1088 1094 1212 1122 consules
1222 1094 1367 1129 designati,
1380 1102 1466 1128 quum
1476 1094 1660 1129 magistratum
1671 1094 1796 1125 inissent,
1809 1095 1832 1121 si
1843 1095 1883 1121 eie

1089 1131 1237 1162 videretur,
1259 1132 1346 1166 primo
1367 1139 1476 1166 quoque
1496 1136 1614 1166 tempore
1633 1131 1667 1157 de
1687 1131 1730 1158 bis
1751 1131 1830 1158 rebus
1848 1131 1883 1158 ad

1089 1169 1161 1195 hunc
1171 1168 1292 1196 ordinem
1302 1167 1430 1196 referrent
1440 1169 1485 1201 ita,
1498 1169 1537 1196 uti
1547 1177 1561 1196 e
1571 1168 1708 1204 republica
1718 1168 1824 1205 fideque
1834 1176 1882 1196 sua

1089 1206 1233 1233 videretur.

956 1341 1181 1358 —3040'—

1043 1524 1084 1549 60.

775 1586 811 1615 Μ.
845 1586 1025 1616 TULLII
1059 1585 1352 1617 CICERONIS

1040 1661 1085 1683 IN

707 1720 1351 1772 ANTONI

526 1721 584 1770 M.

1435 1718 1604 1769 ΗΜ

871 1814 939 1844 AD
977 1814 1261 1850 QUIRITES

707 1882 1102 1922 PHILIPPICA
1144 1882 1419 1929 QUARTA.

303 2026 377 2047 ΑΚΘ.
393 2025 470 2047 Cicero
484 2029 600 2054 postquam
613 2026 702 2048 tertiam
717 2027 840 2049 orationem
853 2027 1004 2055 Pbilippicarn
1017 2027 1041 2048 iri

249 2065 327 2083 senatu
337 2061 425 2086 habuit,
438 2062 558 2090 productus
573 2069 586 2083 a
595 2063 726 2088 magistratu
736 2063 840 2090 quodam.
854 2062 878 2082 in
887 2062 993 2083 concione
1003 2070 1041 2090 pn-

248 2097 308 2125 puli,
323 2104 379 2124 quae
391 2097 415 2117 in
429 2100 508 2118 senatu
518 2100 566 2118 acta
576 2101 597 2119 et
607 2098 695 2119 decreta
704 2101 778 2123 erant,
793 2097 892 2125 exponit.
917 2098 1041 2123 Cae-arem,

248 2132 276 2153 D.
289 2132 386 2157 Brutum,
397 2131 504 2158 leg-ionem
513 2133 614 2154 Martiam
626 2136 648 2154 et
658 2135 770 2158 Quartam.
781 2140 837 2160 quae
846 2133 900 2153 duee
910 2132 1042 2158 Egnatuleio

249 2168 275 2188 ali
285 2167 382 2188 Antonio
392 2167 511 2192 defecerat,
523 2169 613 2189 summis
624 2168 728 2190 laudibus
738 2172 809 2193 ornet,
819 2168 844 2188 in
850 2167 970 2188 Antonium
981 2167 1043 2188 inve-

249 2201 320 2227 hitur,
340 2205 361 2222 et
375 2210 439 2229 quiini
452 2203 507 2223 bene
520 2203 547 2224 de
559 2203 674 2230 republica
686 2203 791 2231 populum
805 2209 895 2231 aperere
908 2202 981 2227 iubet,
997 2205 1042 2223 tum

249 2244 296 2258 eum
307 2238 333 2258 ad
345 2238 456 2259 libertatis
466 2239 628 2265 recuperandae
638 2239 734 2260 studium
744 2239 879 2260 cohortatur.

303 2292 325 2318 1.
342 2293 366 2318 l.
378 2292 539 2327 Frequentia
553 2297 640 2319 vestra
651 2292 827 2324 incredibilis,
840 2292 966 2325 Quirites,
979 2300 1043 2319 con-

249 2329 343 2364 cioque
359 2333 442 2360 tanta,
460 2334 587 2364 quantam
599 2330 754 2356 meminisse
767 2338 818 2356 uon
830 2330 935 2361 videor,
953 2334 978 2357 et
988 2329 1043 2356 ala-

248 2367 368 2393 critatem
378 2367 445 2393 mihi
457 2375 592 2393 summam
603 2367 676 2394 affert
686 2367 849 2402 reipublicae
860 2367 1042 2394 defendendae

249 2408 275 2430 et
285 2412 359 2438 spem
371 2404 566 2439 recuperandae
578 2404 716 2431 libertatis.
756 2404 924 2440 Quamquam
936 2405 1042 2431 animus

249 2440 316 2467 mihi
335 2441 446 2476 quidem
464 2450 613 2477 numquam
627 2441 726 2473 defuit;
749 2445 867 2477 tempora
885 2441 1041 2468 defuerunt:

250 2485 318 2511 quae
340 2478 454 2505 simulac
472 2479 590 2513 primum
611 2478 714 2513 aliquid
735 2478 803 2505 lucis
826 2479 965 2505 ostendere
985 2478 1042 2504 visa

251 2518 321 2545 sunt,
330 2515 454 2550 princeps
465 2520 568 2542 vestrae
578 2515 707 2542 libertatis
713 2515 895 2542 defendendae
906 2515 954 2542 fui.
967 2514 1044 2547 Quod

250 2550 274 2576 si
285 2555 344 2576 aute
355 2551 439 2578 facere
450 2557 559 2579 conatus
569 2561 670 2584 essem,
683 2561 755 2579 nuuc
766 2552 851 2579 facere
861 2561 914 2579 non
926 2561 1042 2587 possem.

250 2587 382 2614 Hodierno
392 2590 462 2615 enim
474 2590 526 2620 die.
538 2589 665 2622 Quirites,
678 2598 711 2616 ne
722 2589 882 2616 mediocrem
893 2599 950 2616 rem
959 2594 1043 2616 actam

252 2624 430 2656 arbitremini,
450 2625 622 2653 fundamenta
632 2627 699 2653 iacta
712 2631 775 2653 sunt
787 2626 952 2661 reliquarum
964 2627 1045 2652 actio-

253 2669 328 2688 num.
368 2662 436 2688 Nam
451 2667 491 2690 est
504 2663 588 2691 hostis
599 2673 614 2690 a
624 2668 719 2692 senatu
729 2663 850 2692 noudum
860 2664 942 2691 verbo
952 2663 1044 2699 appel-

1093 2029 1176 2061 latus,
1193 2029 1242 2056 sed
1256 2037 1284 2056 re
1299 2029 1351 2055 iam
1363 2027 1497 2055 iudicatus
1507 2026 1648 2053 Antonius.
1687 2025 1714 2051 2.
1734 2023 1812 2050 Nunc
1823 2030 1887 2050 vero

1093 2067 1178 2094 multo
1193 2075 1254 2093 sum
1268 2067 1390 2097 erectior,
1407 2065 1480 2101 quod
1495 2072 1542 2091 vos
1557 2070 1678 2098 quoque,
1694 2060 1902 2103 hostemilluma·

1093 2113 1165 2136 esse,
1184 2109 1255 2131 tanto
1269 2111 1400 2130 consensu
1417 2107 1543 2137 tantoque
1553 2101 1668 2127 clamore
1678 2098 1914 2141 app'ffl'ml'ffiuffw

1093 2143 1147 2168 Nec
1154 2142 1235 2173 enim,
1243 2141 1370 2174 Quirites,
1382 2140 1439 2167 fieri
1449 2143 1543 2174 potest,
1551 2143 1638 2164 utnon
1649 2141 1695 2163 aut
1704 2137 1723 2162 ii
1734 2139 1789 2162 suit
1798 2140 1902 2170 impiis

1094 2179 1141 2214 qui
1161 2184 1250 2206 contra
1272 2178 1410 2205 consulem
1430 2176 1563 2204 exercitus
1582 2176 1816 2209 comparaverunt:
1841 2165 1909 2206 nult.

1093 2216 1139 2243 ille
1151 2216 1245 2247 hostis,
1257 2221 1347 2242 contra
1357 2223 1439 2250 quem
1449 2215 1506 2240 iure
1517 2221 1590 2239 arma
1600 2215 1708 2246 sumpta
1717 2214 1791 2236 sunt.
1814 2207 1907 2240 Hand

1093 2254 1177 2290 igitur
1187 2253 1394 2283 dubitationem,
1411 2259 1575 2287 quamquam
1586 2248 1660 2276 nulla
1669 2252 1746 2289 erat..
1755 2251 1843 2273 tamen

1093 2299 1146 2326 qua
1157 2295 1248 2326 posset
1257 2299 1325 2320 esse.
1338 2294 1447 2316 senatus
1459 2288 1586 2315 hodierno
1596 2286 1639 2312 die
1649 2283 1768 2312 sustulit.
1785 2283 1814 2310 C.
1822 2283 1858 2310 Ca

1094 2337 1149 2359 sar,
1164 2329 1212 2363 qui
1224 2327 1418 2362 rempublicam
1429 2326 1633 2358 libertatemque
1643 2326 1758 2348 vestram
1769 2329 1819 2347 suo
1829 2329 1842 2347 s

1094 2365 1151 2396 dio,
1173 2365 1298 2396 consilio,
1321 2363 1480 2399 patrimonio
1494 2362 1610 2396 denique
1622 2363 1721 2386 tutatus
1732 2362 1772 2384 est
1781 2363 1807 2384 et
1816 2362 1846 2384 tu

1094 2408 1146 2434 tur,
1159 2403 1284 2429 maximis
1296 2406 1404 2428 senatus
1416 2400 1542 2427 laudibus
1553 2401 1661 2424 ornatus
1671 2400 1721 2422 est.
1747 2397 1771 2422 3.
1784 2390 1903 2426 LaudoJ

1095 2439 1174 2467 laudo
1189 2448 1250 2470 νος,
1266 2439 1395 2471 Quirites,
1411 2446 1497 2472 quum
1511 2434 1672 2471 gratissimis
1687 2432 1784 2459 animis
1795 2426 1905 2474 prose-i,

1094 2477 1210 2512 quimiui
1222 2485 1318 2503 nomeu
1329 2475 1472 2502 clarissimi
1482 2472 1671 2501 adolescentis,
1683 2470 1737 2512 'vel-
1747 2478 1824 2505 pueri
1838 2467 1903 2504 ρει-ὲ

1095 2515 1159 2541 tius.
1198 2513 1268 2541 Sunt
1287 2514 1358 2540 enim
1378 2512 1445 2538 facta
1468 2511 1526 2537 eius
1546 2507 1766 2538 immortalitatis,
1789 2510 1905 2548 ιιοιιιιῖιιξ]

1095 2552 1197 2578 aetatis.
1237 2550 1320 2577 Multa
1340 2549 1464 2579 memini,
1485 2546 1569 2574 multa
1589 2545 1695 2576 audivi.
1717 2543 1802 2586 multa
1817 2543 1894 2585 legi-:i

1095 2588 1163 2615 nibil
1174 2597 1208 2615 ex
1218 2588 1290 2614 omni
1304 2586 1470 2614 saeculorum
1481 2584 1608 2611 memoria
1622 2582 1673 2609 tale
1683 2589 1810 2617 cognom:
1826 2587 1895 2615 qum

1094 2634 1180 2661 quum
1191 2626 1319 2651 servitute
1330 2630 1519 2659 premeremur,
1531 2622 1559 2648 in
1569 2621 1627 2647 dies
1635 2619 1737 2646 malum
1746 2616 1892 2661 crescerem

1094 2662 1223 2698 praesidii
1237 2661 1305 2690 nibil
1319 2661 1492 2692 haberemus,
1507 2657 1649 2695 capitalem
1663 2661 1690 2684 et
1703 2654 1860 2692 pestiferum
1866 2661 1892 2680 ⁸2
