1941 3052
336 97 663 126 EPISTOLARUM
692 99 746 126 AD
774 98 1004 126 DIVERSOS
1034 100 1115 127 LIB.
1136 100 1187 127 XI.
1218 101 1279 128 ΕΡ.
1303 102 1373 128 4—
1395 104 1435 129 ¹2.

115 167 177 189 vm.
196 167 272 188 ARG.
291 168 324 188 De
338 167 420 193 legatis
434 168 460 188 aul
472 168 592 189 antonium
603 169 629 189 :le
639 176 693 196 pate
703 168 786 193 missis,
799 169 857 189 etde

62 203 222 231 recuperandae
236 202 349 223 libertatis
363 210 403 230 spe
417 203 441 223 in
458 204 524 224 llruto
538 204 619 231 posita.

279 240 366 262 (Romae,
375 241 441 261 Pansa,
451 241 513 258 Hirtio
524 248 569 258 cusa.
585 243 640 262 711.)

80 285 116 312 M.
139 283 283 312 CICERO
303 284 332 310 S.
353 285 384 311 D.
405 284 534 311 BRUTO
554 285 631 312 [MP.
653 285 734 313 COS.
756 287 836 313 DES.

118 332 141 357 t.
162 326 205 357 Eo
220 335 338 365 tempore
354 329 426 356 Polla
443 335 486 357 tua
504 331 587 362 misit,
607 336 637 358 nt
651 332 684 358 ad
699 336 733 362 te,
751 333 774 358 si
789 332 857 367 quid

61 367 169 399 vellem,
183 367 275 394 darem
287 367 444 398 litterarum,
458 377 553 403 quum,
566 368 795 403 quidscriberem,
804 379 856 396 non
886 389 887 394 .

62 405 204 432 habebam.
227 405 323 432 Omnia
334 405 407 431 enim
418 410 493 431 erant
503 414 635 440 suspensa
646 412 857 442 propterexspe-

60 444 203 470 ctationem
224 442 386 478 legatorum:
418 443 465 477 qui
486 443 554 477 quid
574 444 701 479 egissent,
719 444 855 471 nihildum

61 480 245 507 nuntiabatur.
271 481 340 506 Haec
355 485 443 506 tamen
455 480 598 507 scribenda
609 482 777 507 existimavi:
800 483 857 516 pri-

61 526 146 547 mum,
165 518 193 544 S.
212 518 242 544 P.
262 517 294 549 Q.
315 518 346 543 R.
366 517 399 544 de
414 522 439 544 te
456 517 583 548 laborare,
597 527 649 544 non
660 518 749 544 solum
759 518 855 545 salutis

60 564 125 581 suae
144 563 247 586 caussa,
265 554 314 580 sed
328 555 408 581 etiam
423 555 562 590 dignitatis
577 560 647 582 tuae.
679 555 855 582 Admirabilis

60 593 133 619 enim
149 597 189 618 est
205 592 338 627 quaedam
355 592 393 618 tui
405 593 522 618 nominis
532 592 637 623 caritas,
650 601 778 628 amorque
791 594 817 619 in
831 599 854 619 te
877 604 878 607 ¹

61 629 208 665 singularis
227 629 350 656 omnium
370 630 483 655 civium.
509 630 545 655 Ita
562 631 634 656 enim
652 635 760 664 sperant
774 635 854 665 atque
877 655 878 658 ,

60 667 208 698 confidunt,
231 672 261 693 ut
280 671 356 692 antea
378 675 449 702 rege,
475 667 514 692 sic
531 667 581 693 hoc
596 672 715 701 tempore
732 676 813 703 regno
830 673 854 694 te

60 704 257 739 rempublicam
273 703 460 730 liberaturum.
487 705 511 730 2.
533 704 628 730 Romae
640 704 759 730 delectus
772 705 855 731 habe-

60 746 104 768 tur
124 746 230 776 totaque
250 740 337 767 Italia:
371 741 394 767 si
414 741 457 766 hic
472 740 592 767 delectus
609 741 787 776 appellandus
803 748 851 773 est,

59 787 146 814 quum
162 778 231 805 ultro
245 787 274 804 se
289 777 403 804 offerunt
417 787 523 804 omnes:
551 783 640 805 tantus
651 779 729 805 ardor
739 788 855 814 occupa-

59 817 99 842 vit
110 817 213 842 animos
225 815 366 842 hominum
377 815 511 841 desiderio
523 815 654 842 libertatis
665 816 781 851 odioque
792 817 856 843 diu-

59 853 130 880 tinae
140 853 289 879 servitutis.
310 853 346 878 De
357 852 471 887 reliquis
483 852 563 879 rebus
573 862 588 879 a
598 858 623 879 te
635 854 688 880 iam
700 859 855 889 exspectare

60 890 160 917 litteras
175 890 316 921 debemus,
329 889 396 925 quid
407 891 465 924 ipse
476 899 548 926 agas,
563 891 630 926 quid
641 896 731 917 noster
742 892 852 922 Hirtius,

59 927 126 963 quid
142 928 239 955 Caesar
253 936 343 959 meus;
371 936 439 962 quos
454 936 533 962 spero
550 928 628 955 brevi
639 933 758 963 tempore
769 930 855 956 socie-

60 970 111 992 tate
131 965 258 992 victoriae
279 970 368 991 tecum
389 965 526 1000 copulatos
543 965 607 992 fore.
641 966 787 1001 Reliquum
804 972 852 998 est,

60 1007 90 1029 ut
112 1002 145 1029 de
166 1011 208 1029 me
228 1002 257 1028 id
271 1002 398 1033 scribam,
416 1002 489 1037 quod
504 1007 528 1029 te
544 1011 578 1029 ex
593 1008 700 1030 tuorum
717 1004 813 1031 litteris
830 1009 856 1031 et

59 1048 138 1075 spero
158 1045 184 1067 et
198 1039 268 1066 malo
283 1048 457 1076 cognoscere3
485 1049 527 1067 me
542 1049 630 1076 neque
646 1041 740 1068 deesse
756 1042 810 1068 ulla
827 1042 855 1068 in

60 1086 99 1109 re,
112 1086 201 1113 neque
212 1086 344 1112 umquam
354 1077 511 1104 defuturum
523 1077 650 1113 dignitati
662 1084 732 1105 tuae.

110 1147 152 1168 tx.
168 1147 244 1168 ARG.
262 1148 377 1172 Hortatur,
388 1155 476 1175 operam
486 1148 530 1173 «let,
542 1155 569 1169 ne
579 1147 708 1169 consulibus
719 1147 809 1170 antistiis
817 1148 854 1170 ho-

59 1185 104 1203 nes
115 1182 170 1209 reip.
185 1182 330 1203 invalelcflnt.
346 1185 428 1206 (Occisis
437 1185 504 1206 Pansa,
514 1185 577 1203 Hirtio
587 1192 632 1203 coss.
646 1187 701 1209 711.)

164 1228 196 1254 D.
216 1227 368 1255 BRUTUS
388 1228 417 1255 S.
438 1229 469 1255 D.
490 1229 526 1256 M.
549 1229 747 1257 CICERONI.

117 1275 141 1300 l.
162 1269 253 1300 Pansa
265 1274 374 1305 amisso,
388 1280 521 1309 quantum
533 1275 687 1302 detrimenti
700 1276 853 1311 respublica

58 1312 199 1346 acceperit,
217 1320 269 1338 non
284 1316 309 1337 te
324 1313 460 1346 praeterit.
486 1313 563 1339 Nunc
578 1314 734 1340 auctoritate
749 1319 774 1340 et
789 1323 855 1349 pru-

57 1348 149 1375 dentia
165 1353 209 1375 ‘¹¹²¹
225 1349 373 1383 pr⁰⁵piCi³⁵
389 1354 500 1384 ⁰9⁰“et‘
518 1359 551 1376 ηε
567 1351 672 1377 immid
684 1352 776 1382 ¹¹⁰⁵“i⁷
790 1361 854 1378 ⁰⁰⁰*
884 1367 885 1387 ἶ
906 1368 1040 1403 ploratum
1053 1369 1180 1400 habuero,
1197 1369 1294 1396 faciam
1309 1375 1333 1397 te
1344 1371 1494 1397 certiorem.
1525 1371 1565 1397 Tu
1577 1379 1619 1397 me
1631 1379 1705 1396 ama-

58 1385 167 1412 sulibus
181 1386 306 1417 sublatis,
318 1391 427 1420 sperent
437 1396 466 1413 se
476 1387 663 1414 convalescere
675 1397 763 1423 posse.
785 1389 850 1425 Ego,

58 1431 92 1450 ne
107 1424 253 1450 consistere
267 1424 354 1458 possit
368 1425 395 1450 in
411 1424 485 1451 Italia
497 1425 638 1456 Antonius,
651 1426 721 1452 dabo
731 1435 851 1461 operam.
884 1439 886 1446 ι

58 1460 162 1496 Sequar
177 1469 239 1487 eum
255 1460 406 1488 confestim.
434 1462 582 1497 Utrumque
598 1472 641 1489 me
656 1469 853 1498 praestaturum

57 1507 145 1533 spero,
164 1506 196 1524 ne
212 1502 258 1524 aut
272 1498 414 1525 Ventidius
429 1499 550 1526 elabatur
564 1505 610 1526 aut
620 1501 752 1527 Antonius
764 1502 790 1528 in
802 1502 854 1528 lta-

58 1535 94 1562 lia
105 1540 232 1562 moretur.
254 1536 283 1562 In
294 1536 390 1570 primis
402 1545 466 1572 rogo
477 1542 510 1567 te,
524 1537 557 1563 ad
569 1537 707 1564 hominem
720 1539 853 1566 ventosis-

56 1573 167 1604 simum,
180 1572 322 1607 Lepidum,
336 1574 434 1604 mittas,
448 1583 480 1600 ne
492 1575 594 1601 bellum
602 1575 680 1601 nobis
687 1575 853 1612 redintegra-

57 1619 85 1637 re
104 1611 197 1645 possit,
219 1610 334 1637 Antonio
348 1611 402 1637 sibi
422 1613 574 1639 coniuncto.
600 1613 668 1639 Nam
684 1613 717 1639 de
733 1613 852 1641 Pollione
874 1630 875 1639 η

56 1648 150 1675 Asinio
165 1652 230 1682 puto
245 1652 270 1674 te
285 1649 448 1683 perspicere,
465 1649 533 1684 quid
548 1649 667 1676 facturus
683 1651 727 1677 sit.
753 1651 852 1678 Multae

56 1690 83 1712 et
102 1685 186 1712 bonae
206 1689 233 1711 et
252 1684 344 1711 firmae
365 1691 428 1713 sunt
449 1686 568 1722 legiones
589 1687 684 1722 Lepidi
706 1692 732 1714 et.
751 1689 850 1715 Asinii.
875 1708 876 1716 ,

56 1724 82 1750 2.
103 1723 196 1757 Neque
211 1722 278 1748 haec
289 1722 389 1750 idcirco
400 1724 450 1750 tibi
462 1725 560 1756 scribo,
574 1724 647 1760 quod
658 1730 682 1751 te
694 1734 745 1752 non
757 1726 851 1753 eadem
875 1730 876 1735 ¹

56 1760 268 1787 animadvertere
279 1761 373 1791 sciam,
387 1761 434 1788 sed
446 1762 518 1797 quod
530 1762 597 1788 mihi
610 1763 851 1797 persuasissimum

56 1802 105 1828 est,
119 1797 252 1832 Lepidum
263 1802 333 1824 recte
344 1798 478 1825 facturum
489 1808 649 1835 numquam.
661 1800 685 1826 si
697 1799 762 1827 sorte
774 1801 852 1828 vobis

56 1834 90 1861 de
104 1835 154 1861 hoc
164 1834 280 1861 dubium
291 1840 340 1861 est.
362 1835 490 1863 Plancum
502 1845 610 1872 quoque
621 1837 785 1865 confirmetis
794 1847 849 1870 oro,

55 1880 138 1907 quem
153 1879 240 1906 spero,
258 1871 337 1906 pulso
351 1873 474 1904 Antonio,
493 1874 659 1909 reipublicae
675 1884 727 1902 non
743 1876 853 1903 defutu-

56 1917 126 1935 rum.
153 1908 182 1935 Si
197 1916 227 1934 se
241 1907 323 1943 Alpes
337 1910 469 1937 Antonius
481 1912 622 1942 traiecerit,
635 1913 763 1940 constitui
775 1922 853 1948 prae-

54 1946 158 1972 sidium
174 1946 202 1972 in
217 1945 334 1980 Alpibus
347 1947 487 1979 collocare,
504 1953 530 1975 et
543 1953 568 1975 te
583 1948 617 1975 de
632 1950 706 1976 omni
722 1959 750 1977 re
765 1950 852 1978 facere
883 1961 885 1968 ⁴
905 1976 994 1998 tamen
1011 1980 1063 1998 non
1080 1971 1163 1999 habui
1178 1973 1354 2008 ambiguum,
1376 1977 1402 1999 et
1415 1973 1505 1999 smum
1526 1972 1560 1999 ad
1575 1973 1704 1999 Plancum

884 2009 885 2020 ¹
906 2009 983 2040 misi,
1002 2014 1028 2036 et
1039 2009 1124 2036 biduo
1134 2009 1168 2036 ab
1180 2010 1373 2046 Allobrogibus
1384 2014 1410 2036 et
1420 2010 1501 2036 totius
1513 2009 1617 2037 Galliae
1632 2010 1704 2046 lega-

56 1984 207 2010 certiorem.
232 1991 270 2009 ιιι.
293 1983 352 2010 Kal.
374 1985 448 2016 Maii,
461 1993 495 2012 ex
505 1986 602 2012 castris
612 1986 701 2022 Regii.

108 2060 140 2081 X.
158 2061 235 2082 ΔΕΘ.
254 2061 288 2081 De
297 2062 437 2088 quorumdum
447 2062 611 2088 malevolentia.
623 2063 676 2085 etde
682 2063 736 2092 reip.
744 2064 852 2092 periculo,

275 2097 355 2120 (oeci-is
364 2099 430 2120 Pansa.
440 2099 502 2117 nini«,
512 2106 558 2119 tou.
575 2102 631 2124 ⁷11.)

161 2141 192 2168 D.
214 2141 365 2168 BRUTUS
386 2141 414 2168 S.
435 2143 466 2169 D.
488 2143 523 2169 M.
545 2143 743 2173 CICERONI.

113 2188 136 2213 l.
158 2181 222 2214 Non
239 2187 307 2214 mihi
323 2187 519 2223 rempublicam
534 2188 597 2224 plus
612 2190 712 2218 debere
727 2192 850 2224 arbitror,

55 2231 136 2259 quam
152 2233 194 2251 me
210 2225 269 2252 tibi.
296 2225 445 2252 Gratiorem
461 2234 504 2252 me
519 2234 578 2253 esse
594 2227 621 2254 in
633 2233 657 2255 te
668 2237 756 2264 posse,
770 2239 851 2265 quam

56 2261 100 2288 isti
115 2263 236 2297 perversi
251 2263 305 2289 sint
320 2263 347 2289 in
364 2271 416 2294 me,
428 2263 596 2298 exploratum
608 2264 705 2293 habes:
728 2268 751 2294 si
764 2272 851 2295 tamen

56 2296 106 2325 hoc
127 2301 255 2334 temporis
276 2299 400 2326 videatur
419 2299 473 2326 dici
493 2309 598 2333 caussa,
621 2303 700 2330 malle
716 2313 758 2331 me
775 2311 851 2332 tuum

56 2334 198 2368 iudicium,
211 2345 293 2372 quam
304 2346 339 2364 ex
349 2337 430 2364 altera
445 2342 519 2372 parte
529 2339 651 2366 omnium
666 2341 788 2368 istorum.
811 2343 851 2369 Tu

57 2373 128 2400 enim
146 2382 162 2401 a
181 2379 252 2401 certo
273 2383 353 2401 sensu
375 2380 401 2402 et
416 2384 479 2401 vero
494 2375 599 2403 iudicas
610 2376 643 2403 de
659 2378 750 2405 nobis:
778 2380 851 2414 quod

56 2408 102 2436 isti
121 2418 154 2438 ne
169 2409 279 2443 faciant,
297 2421 404 2438 summa
420 2412 607 2440 malevolentia
622 2419 649 2441 et
664 2413 747 2442 livore
764 2416 851 2451 impe-

57 2445 176 2475 diuntur.
202 2449 375 2484 Interpellent
388 2458 440 2480 me,
458 2458 512 2485 quo
528 2451 619 2478 minus
631 2451 775 2480 honoratus
786 2454 848 2485 sim,

56 2482 122 2511 dum
133 2493 166 2512 ne
176 2485 353 2522 interpellent,
367 2495 421 2523 quo
431 2487 522 2514 minus
534 2488 687 2523 respublica
699 2497 712 2516 a
725 2499 767 2516 me
777 2499 851 2518 oom-

57 2520 135 2549 mode
154 2521 336 2550 administrari
356 2525 451 2559 possit.
478 2524 551 2557 Quae
567 2531 667 2561 quanto
683 2527 719 2554 sit
734 2528 761 2554 in
778 2529 851 2563 peri-

57 2557 126 2590 culo.
143 2568 225 2595 quam
240 2565 331 2596 potero
346 2561 508 2589 brevissime
523 2571 666 2598 exponam.
688 2565 713 2591 2.
729 2565 849 2593 Primum

57 2597 192 2629 omnium,
218 2603 346 2633 quantam
370 2599 599 2634 perturbationem
620 2609 710 2628 rerum
734 2603 850 2630 urbana-

58 2640 118 2660 rum
137 2633 229 2663 asserat
249 2635 340 2664 obitus
356 2636 500 2665 consulum
516 2643 700 2675 quantamque
715 2641 851 2676 cupidita-

1652 105 1701 131 747

908 175 963 197 tem
979 170 1136 198 hominibus
1151 172 1255 199 iniiciat
1269 174 1402 203 vacuitas,
1420 182 1473 200 non
1488 177 1513 200 te
1529 173 1605 210 sugit.
1632 174 1702 201 Satis

908 217 951 234 me
972 208 1055 235 multa
1075 209 1226 244 scripsisse,
1248 218 1317 244 quae
1333 210 1428 237 litteris
1442 211 1625 238 commendari
1640 220 1704 246 pos-

908 246 970 276 sint,
989 246 1111 272 arbitror.
1143 247 1204 273 Scio
1219 248 1300 278 enim,
1318 248 1363 274 cui
1378 248 1504 275 scribam.
1536 250 1561 275 3.
1576 249 1704 276 Revertor

910 292 980 309 nunc
991 283 1025 309 ad
1036 284 1196 310 Antonium:
1219 285 1268 319 qui
1278 293 1312 311 ex
1323 284 1386 321 fuga
1397 294 1482 320 quum
1493 285 1634 321 parvulam
1646 295 1704 312 ma—

909 329 974 346 num
990 321 1112 355 peditum
1128 321 1239 348 haberet
1250 322 1404 353 inermium,
1418 323 1552 358 ergastula
1563 323 1701 355 solvendo,

908 366 1042 393 omneque
1062 367 1149 393 genus
1163 359 1305 386 hominum
1323 360 1477 395 arripiendo
1492 361 1557 388 satis
1574 370 1703 397 magnum

908 403 1052 421 numerum
1066 395 1173 422 videtur
1183 396 1313 423 effecisse.
1335 398 1392 423 Huc
1403 399 1515 425 accessit
1526 407 1622 425 manus
1633 399 1705 425 Ven-

908 432 977 461 tidii.
995 441 1064 467 quae
1079 437 1152 459 trans
1167 434 1340 468 Apenninum
1357 435 1451 461 itinere
1463 435 1531 462 facto
1542 435 1705 462 difficillimo

907 469 941 495 ad
956 470 1029 495 Vada
1045 471 1176 504 pervenit,
1194 476 1274 506 atque
1290 472 1329 498 ibi
1343 481 1372 498 se
1389 480 1451 498 cum
1466 474 1579 500 Antonio
1591 474 1705 500 coniun-

908 507 956 532 xit.
988 507 1035 533 Est
1056 516 1185 533 numerus
1206 514 1392 535 veteranorum
1413 515 1438 536 et
1461 516 1622 537 armatorum
1638 511 1704 537 satis

909 543 1036 578 frequens
1060 553 1123 571 cum
1147 545 1281 572 Ventidio.
1318 548 1342 572 4.
1365 547 1482 573 Consilia
1506 548 1615 574 Antonii
1637 548 1703 574 haec

907 581 963 607 sint
978 590 1087 608 necesse
1103 587 1155 608 est:
1190 588 1235 609 aut
1251 583 1284 609 ad
1300 584 1434 618 Lepidum
1450 590 1480 611 ut
1495 593 1523 611 se
1540 585 1666 616 conserat,
1680 586 1704 611 si

907 619 1048 653 recipitur,
1077 624 1122 645 aut
1138 619 1279 654 Apennino
1294 620 1466 656 Alpibusque
1477 631 1505 648 se
1517 627 1604 649 teneat
1620 628 1646 649 et
1656 622 1704 649 de-

907 656 1082 682 cursionibus
1096 665 1144 691 per
1158 658 1271 692 equites,
1285 667 1354 693 quos
1365 658 1445 685 habet
1456 659 1564 690 multos,
1578 665 1663 687 vastet
1674 668 1704 686 ea

908 692 972 723 loca,
997 694 1023 719 in
1039 702 1108 728 quae
1124 695 1278 721 incurrerit:
1311 700 1357 721 aut
1373 705 1467 722 rursus
1482 705 1510 722 se
1526 698 1553 723 in
1568 697 1704 724 Etruriam

885 736 886 763 g
907 729 1012 761 referat,
1029 731 1101 765 quod
1116 739 1146 757 ea
1161 740 1224 765 pars
1243 731 1333 758 Italiae
1349 733 1408 759 sine
1423 735 1543 760 exercitu
1556 739 1604 761 est.
1627 734 1704 767 Quod

884 766 886 776 ¹
907 768 931 793 si
947 776 989 794 me
1005 768 1102 794 Caesar
1117 769 1237 795 audisset
1256 774 1336 804 atque
1355 770 1530 804 Apenninum
1549 773 1702 798 transisset:

907 805 934 830 in
946 810 1032 831 tantas
1043 806 1182 841 angustias
1193 806 1340 833 Antonium
1354 807 1557 842 compulissem,
1574 814 1604 835 ut
1614 810 1704 844 inopia

907 843 1007 877 potius,
1027 851 1108 877 quam
1125 842 1194 869 ferro
1210 843 1395 871 conficeretur.
1423 844 1476 871 Sed
1491 854 1578 880 neque
1597 846 1705 872 Caesari

908 880 1035 914 imperari
1060 885 1160 915 potest,
1183 889 1233 907 nec
1257 881 1354 908 Caesar
1377 883 1509 909 exercitui
1537 892 1596 910 suo.
1627 883 1705 916 Quod

907 922 1053 952 utrumque
1070 918 1220 952 pessimum
1236 924 1286 945 est.
1307 918 1398 951 Quum
1410 920 1476 946 haec
1488 920 1549 946 talia
1562 921 1628 947 sint:
1652 929 1705 956 quo

907 955 1008 985 minus,
1026 955 1099 990 quod
1114 955 1148 981 ad
1163 964 1206 981 me
1220 957 1373 990 pertinebit.
1388 957 1511 984 homines
1523 958 1703 993 interpellent,

885 997 887 1022 ζ
907 998 937 1019 ut
951 1001 1032 1027 supra
1049 993 1156 1027 scripsi,
1175 1002 1227 1019 non
1242 994 1372 1028 impedio.
1394 995 1464 1021 Haec
1475 996 1705 1030 quemadmodum

908 1029 1039 1064 explicari
1058 1031 1171 1064 possint.
1193 1036 1246 1061 aut,
1265 1040 1278 1057 a
1295 1036 1318 1058 te
1334 1040 1419 1067 quum
1436 1033 1654 1067 explicabuntur,
1674 1042 1706 1059 ne

885 1072 887 1083 ¹
908 1067 1100 1103 impediantur,
1114 1069 1205 1095 timeo.
1227 1069 1252 1095 5.
1267 1068 1345 1095 Alere
1357 1070 1704 1105 iammilitesnonpossum.

885 1111 887 1143 ξ
907 1106 998 1138 Quum
1014 1106 1047 1132 ad
1059 1106 1256 1141 rempublicam
1271 1106 1439 1134 liberandam
1451 1109 1561 1139 accessi,
1574 1108 1631 1135 HS.
1654 1109 1706 1134 mi—

885 1157 887 1162 v
908 1144 937 1170 hi
953 1143 1004 1170 suit
1023 1144 1246 1180 quadringenties
1266 1145 1395 1180 amplius.

1435 1146 1551 1172 Tantum
1570 1146 1659 1177 abest,
1678 1151 1707 1172 ut

908 1190 982 1208 meae
999 1182 1037 1208 rei
1054 1181 1195 1208 familiaris
1212 1182 1328 1209 liberum
1343 1184 1378 1210 sit
1393 1183 1554 1218 quidquam,
1573 1189 1602 1210 ut
1612 1192 1705 1210 omnes

885 1240 886 1248 ,
908 1220 961 1245 iam
985 1228 1059 1245 meos
1074 1220 1175 1246 amicos
1189 1228 1250 1246 aere
1265 1220 1353 1247 alieno
1367 1221 1569 1247 obstrinxerim.
1596 1221 1705 1256 Septem

885 1255 886 1286 ξ
907 1265 980 1283 nunc
995 1265 1140 1283 numerum
1152 1257 1289 1292 legionum
1301 1257 1355 1284 alo:
1378 1267 1432 1293 qua
1443 1258 1610 1289 difficultate,
1624 1263 1651 1285 tu
1663 1267 1706 1284 ar-

907 1294 1016 1320 bitrare.
1046 1295 1114 1323 Non,
1131 1295 1155 1320 si
1166 1295 1292 1321 Varronis
1309 1295 1449 1322 thesauros
1463 1295 1599 1327 haberem,
1614 1296 1705 1322 subsi-

906 1336 976 1358 stere
987 1333 1108 1366 sumptui
1121 1340 1239 1366 possem.
1260 1332 1350 1365 Quum
1362 1333 1482 1368 primum
1493 1333 1526 1359 de
1538 1334 1705 1359 Antonioex-

907 1406 950 1432 bis
962 1407 1010 1435 ita,
1024 1407 1047 1433 si
1061 1407 1110 1433 hoc
1122 1406 1194 1433 idem
1206 1416 1248 1434 me
1259 1408 1287 1434 in
1298 1412 1322 1435 te
1334 1407 1420 1435 faeere
1431 1408 1559 1435 senseris.
1581 1416 1621 1434 111.
1634 1408 1702 1435 Non.

906 1444 978 1475 Maii,
993 1453 1026 1471 ex
1036 1445 1141 1476 castris,
1156 1445 1279 1472 Dertona.

958 1514 1000 1534 XI.
1019 1514 1095 1534 ARG.
1114 1513 1160 1535 lter
1170 1514 1263 1535 Antonii
1274 1515 1300 1534 ad
1312 1514 1416 1542 Lepidum
1425 1530 1430 1538 ,
1446 1514 1533 1535 dubiam
1544 1514 1622 1535 Planci
1634 1515 1704 1539 fidem.

906 1552 927 1568 et
938 1556 999 1569 suum
1010 1549 1033 1569 in
1044 1549 1150 1576 rempubl.
1163 1549 1259 1570 studium
1271 1549 1388 1574 significat.

1131 1586 1210 1609 (Occisi,
1220 1588 1286 1607 an.
1297 1586 1345 1604 IIinti
1348 1593 1415 1605 oooooo
1426 1588 1482 1607 711.)

923 1629 954 1656 D.
969 1629 1100 1656 BRUTUS
1115 1630 1184 1657 IMP.
1200 1629 1273 1657 COS.
1289 1629 1360 1656 DES.
1377 1629 1405 1656 S.
1420 1629 1451 1656 D.
1466 1629 1502 1656 M.
1517 1629 1686 1657 CICERONI.

964 1673 986 1698 ⁴.
1008 1668 1114 1698 Eodem
1131 1672 1256 1707 exemplo
1271 1681 1284 1698 a
1296 1677 1320 1699 te
1332 1674 1369 1698 mi
1382 1671 1484 1698 litterae
1498 1672 1618 1699 redditae
1629 1678 1702 1703 sunt,

905 1718 960 1744 quo
980 1710 1058 1744 pueri
1075 1710 1128 1736 mei
1144 1709 1300 1736 attulerunt.
1341 1710 1455 1736 Tantum
1472 1718 1514 1735 me
1535 1709 1585 1736 tibi
1605 1710 1704 1737 debere

906 1747 1046 1777 existimo,
1064 1752 1196 1782 quantum
1212 1747 1366 1782 persolvere
1382 1746 1494 1773 difficile
1510 1752 1560 1773 est.
1601 1747 1704 1783 Scripsi

874 1795 876 1805 1
906 1784 965 1815 tibi,
979 1793 1048 1819 quae
1060 1784 1103 1811 hic
1114 1789 1281 1820 gererentur.
1311 1785 1339 1811 ln
1352 1785 1446 1811 itinere
1458 1789 1499 1810 est
1511 1785 1656 1818 Antonius,
1671 1785 1705 1812 ad

906 1821 1039 1856 Lepidum
1052 1822 1244 1857 proficiscitur;
1259 1831 1292 1849 ne
1303 1821 1335 1848 de
1343 1822 1440 1848 Planco
1450 1821 1562 1856 quidem
1573 1831 1650 1858 spem
1657 1822 1705 1849 ad-

906 1859 959 1886 huc
969 1859 1077 1888 abiecit.
1091 1864 1121 1886 ut
1131 1868 1166 1886 ex
1178 1859 1278 1886 libellis
1290 1860 1349 1886 eius
1360 1859 1549 1891 animadverti,
1563 1861 1650 1895 quiin
1662 1868 1705 1887 me

905 1897 1071 1929 inciderunt;
1090 1897 1117 1923 in
1129 1897 1241 1932 quibus,
1254 1906 1322 1933 quos
1333 1897 1366 1923 ad
1377 1897 1517 1928 Asinium,
1531 1906 1600 1932 quos
1610 1898 1643 1924 ad
1655 1898 1706 1924 Le-

905 1934 1015 1969 pidum,
1037 1943 1105 1969 quos
1121 1934 1154 1961 ad
1170 1935 1299 1962 Plancum
1318 1935 1447 1966 mitteret,
1463 1934 1608 1962 scribebat.
1648 1935 1706 1971 Ego

905 2051 945 2073 tos
956 2051 1092 2081 exspecto,
1107 2055 1176 2082 quos
1186 2047 1357 2074 confirmatos
1369 2047 1480 2074 domum
1492 2048 1635 2074 remittam.
1677 2049 1702 2074 2.

905 2083 954 2114 Tu,
967 2091 1037 2118 quae
1049 2084 1110 2110 istic
1120 2093 1190 2119 opus
1201 2085 1486 2115 eruntadministrari,
1502 2086 1661 2120 prospicies,
1675 2090 1704 2111 ut

905 2129 939 2147 ex
949 2125 993 2146 tua
1006 2120 1142 2147 voluntate
1153 2122 1247 2157 reique
1258 2122 1385 2157 publicae
1395 2122 1536 2149 commodo
1548 2122 1621 2149 flant.
1648 2122 1704 2149 Mn-

905 2157 1065 2184 levolentiae
1081 2157 1222 2185 hominum
1240 2160 1267 2185 in
1283 2167 1338 2189 me,
1355 2160 1379 2185 si
1395 2159 1508 2194 poteris,
1525 2168 1662 2191 occurres;
1679 2159 1703 2186 si

905 2203 957 2221 non
969 2195 1103 2229 potueris,
1117 2196 1167 2222 hoc
1177 2195 1350 2222 oonsolabere
1358 2216 1364 2227 ,
1381 2195 1454 2231 quod
1465 2205 1508 2223 me
1518 2196 1552 2223 de
1563 2202 1633 2224 statu
1644 2204 1704 2223 meo

906 2231 989 2258 nullis
1004 2232 1177 2259 contumeliis
1191 2232 1325 2259 deterrere
1346 2238 1469 2267 possunt.
1509 2234 1598 2261 Pridie
1614 2235 1703 2261 Nonas

906 2269 978 2300 Maii,
991 2277 1025 2296 ex
1035 2270 1140 2301 castris,
1156 2270 1258 2297 finibus
1268 2270 1491 2297 Statiellensium.

958 2338 1010 2358 xn.
1027 2338 1102 2359 Ano.
1123 2339 1230 2363 Quot-inu
1241 2340 1330 2359 umam
1342 2347 1384 2359 nnn
1395 2339 1522 2366 impedi-ne.
1539 2347 1566 2360 ne
1577 2340 1657 2360 bellum
1668 2347 1701 2361 re-

905 2376 995 2393 ΙΙῦἾΙΓεῐ
1006 2373 1126 2394 Ᾰηὶυηίυι.
1161 2376 1249 2397 (Rornae.
1260 2383 1324 2394 utrina
1334 2377 1400 2397 Pana,
1410 2376 1473 2394 Hirtio
1483 2383 1529 2394 con.
1541 2379 1596 2397 711.)

941 2419 977 2444 M.
995 2418 1138 2445 CICERO
1157 2418 1184 2445 S.
1202 2419 1232 2445 D.
1249 2419 1377 2446 BRUTO
1391 2420 1467 2446 IMP.
1483 2419 1564 2446 COS.
1581 2419 1662 2446 DES.

960 2457 982 2481 ⁴.
1005 2451 1078 2482 Tres
1094 2464 1148 2482 uuo
1161 2456 1205 2482 die
1217 2465 1231 2482 a
1244 2462 1268 2483 te
1282 2458 1373 2492 accepi
1384 2456 1526 2491 epistolas:
1545 2466 1627 2484 unam
1640 2457 1700 2484 bre-

903 2501 978 2523 vem,
995 2501 1078 2528 quam
1095 2493 1188 2520 Flacco
1204 2494 1346 2521 Volumnio
1361 2494 1488 2527 dederas;
1512 2494 1580 2521 duas
1596 2494 1700 2530 plenio-

903 2539 959 2556 res:
971 2539 1088 2565 quarum
1099 2530 1209 2557 alteram
1221 2531 1377 2558 tabellarius
1389 2532 1419 2558 Τ.
1433 2532 1503 2558 Vibii
1515 2531 1617 2563 attulit,
1634 2532 1700 2559 alte-

903 2576 958 2594 ram
973 2567 1006 2594 ad
1023 2576 1065 2594 me
1081 2569 1156 2595 misit
1167 2569 1270 2604 Lupus.
1310 2569 1351 2596 Ex
1363 2570 1416 2596 tuis
1429 2569 1524 2596 litteris
1535 2575 1560 2596 et
1570 2578 1604 2596 ex
1615 2570 1700 2597 Grae-

901 2605 952 2631 ceii
972 2606 1090 2632 oratione
1111 2614 1163 2633 non
1180 2606 1260 2633 modo
1275 2615 1326 2633 non
1342 2607 1500 2634 restinctum
1516 2606 1632 2638 bellum,
1650 2607 1699 2634 sed

901 2642 982 2670 etiam
994 2642 1189 2671 inflammatum
1201 2643 1319 2671 videtur.
1360 2645 1418 2672 Non
1429 2643 1524 2672 dubito
1535 2650 1634 2677 autem,
1650 2653 1699 2681 pro

1433 2691 1492 2719 9⁴·
