1941 3052
252 120 314 145 ⁴292
812 117 866 142 152.

249 195 310 209 nomn
326 187 407 208 tutuo
421 185 594 207 ent-itmnreinr.
623 185 732 206 vnto-tunt
748 184 831 208 iiiii-ri,
847 192 870 204 u·
885 184 983 205 imnum
994 190 1039 205 nm
1061 186 1070 195 ”

249 231 292 244 rem
312 230 387 245 maurim
407 229 472 249 opu-ro-
490 222 515 241 ιιΙ
531 221 612 240 ‹rimi-n
628 220 756 240 imminuta-.-
768 219 891 240 munuu-
907 218 1041 239 trttnmietno

248 258 366 286 pertinere.
401 257 484 277 bitu-nin·
496 263 563 283 propo·
578 255 698 275 tulli-luatur
713 254 856 278 intere-ento,
871 254 891 274 ιὶ
907 254 928 273 tat
944 253 1040 273 trit-uni-

248 293 418 320 pnrmittrrrtnr.
448 291 538 314 vire-ru,
555 290 606 316 qul·
621 296 662 309 nun
674 292 758 316 pute-rat
770 296 848 313 mirare
858 289 880 309 iul
892 289 971 309 factum
983 295 1039 312 ene.

248 336 273 348 ιο
284 327 390 350 rnnl'iinit,
399 330 420 346 ut
431 326 521 348 *liri-ret,
534 332 575 344 nini
587 325 707 351 hircanum
719 324 788 344 tntu·
800 324 829 344 nit
840 324 908 344 rnilcx
920 330 932 344 ι
942 323 1039 347 tribuno,

248 363 382 383 imminui-m
394 368 442 380 runi·
453 360 594 380 tribuniciam
605 363 744 386 poti-nutem.
761 361 809 383 Qu·
819 366 869 379 reru
881 362 927 378 arto·
937 362 958 379 tt
968 358 1039 378 telen-

247 399 279 418 (ἰ.
289 397 410 420 orati-uuis.
427 396 458 415 itn
469 401 490 415 ut
503 399 522 415 et
533 395 662 419 dignita-tem
674 394 845 415 elaris-imorum
856 393 936 414 rivium
944 409 949 417 ,
964 397 1040 414 eontr-

246 430 593 460 ‹pi‹==‹lir1·l1nt,ii‹m§inlarenet
605 433 675 449 innuen
686 429 818 449 nuri-‚riute
827 436 900 449 curium
912 428 969 448 laedi
981 435 1039 448 reum

247 475 288 488 non
309 464 720 494 pateretur!«initiumqueprudentiane
739 471 782 484 rem
798 468 840 484 tum
855 463 968 484 iliflirilcm
987 463 1039 483 alii·

247 501 386 524 traciam-vit.
402 500 468 520 lertio
483 500 531 527 ipra
546 499 676 520 declarabit.
705 499 860 519 Autumnum·
871 502 943 519 autem
954 498 1038 521 habuit.

246 537 314 564 quoii.
332 536 387 556 nicut
399 535 509 559 nuntium,
525 535 654 559 corneti-n,
670 534 890 562 prneterdintrictum
902 533 1038 560 propo-itum

246 573 350 592 mli-ernu-
361 570 482 598 priuclpum
494 569 639 594 voluntatem.
655 574 740 591 caetera
751 570 796 590 vlia
807 569 863 590 nihil
876 569 964 592 seeo-rat.
983 568 1038 595 qnod

245 614 321 631 ningnn
333 613 398 633 uperi·
411 606 582 632 improbaretur:
601 610 715 632 praeterea
729 605 785 631 quod
801 605 849 632 ipse
860 603 982 627 Globulun.
1002 603 1038 630 qui

246 642 400 662 intervenerat
409 657 414 664 .
431 641 505 661 ndi-rat
520 640 636 664 Cornelia,
652 643 673 660 et
688 640 744 666 quod
756 640 826 667 ipsum
837 646 923 666 quoque
932 638 1038 661 «linimur.

245 677 300 704 qumi
317 676 435 696 ‹uam-tina
446 675 546 703 Pompeii
557 675 630 701 ›ing-ui
641 679 744 702 quae-tur
759 675 830 695 fuerat
845 675 900 702 apud
911 674 965 694 ‹lun-
976 680 1038 700 prae-

245 712 341 732 fectum-
353 711 448 738 equitum
460 712 521 731 Rom.
529 713 550 730 et
557 710 665 733 trihu-mn.
673 713 727 731 etex
739 709 806 730 tertia
815 716 900 736 qunque
910 712 972 736 parte
982 708 1038 735 apud

243 747 373 774 plerosque,
387 746 487 773 excrptlu
502 745 531 766 ii·
542 745 660 766 familiari·
671 744 794 772 priuripum
802 744 908 764 cixitntin.
936 744 980 764 Ru
991 746 1039 763 netu
1066 755 1067 762 η

244 786 278 802 erit
289 789 365 807 magno
376 784 483 802 conventu
494 787 612 807 magnaque
623 779 950 807 enpectatinne,‹iuberentu-
960 777 1038 798 iuditii

244 818 332 838 furum-
343 820 409 837 canor.
439 816 455 836 Α
468 815 558 836 nummis
568 815 623 835 viri·
633 815 677 835 «lici
689 814 838 835 trutimnnium
847 829 852 837 .
869 817 890 834 et
900 814 934 837 iil.
950 813 1006 840 qun-t
1021 813 1038 832 ii

243 852 350 875 dicerent,
360 850 459 872 confiteri
471 857 529 870 reum
541 850 750 870 animadvertebant.
770 849 848 869 Eum
859 848 931 869 oratio
942 847 1038 868 humini-

243 964 302 981 muu,
315 957 351 977 ned
363 957 427 977 etiam
439 961 530 983 propter
539 958 607 976 ueniet
618 955 698 982 ipnm:
718 954 795 975 Cicero
806 954 855 981 ipse
865 954 975 979 significat
985 960 1037 980 qun-

225 988 230 996 ¹
243 992 317 1013 triduo
328 991 454 1013 Cornelium
472 990 612 1014 defendi-ue.
631 996 685 1016 qun·
701 989 800 1010 actione·
814 989 937 1010 eontulit-e
951 996 998 1009 eum
1014 989 1038 1009 in

243 1027 298 1048 «lun
308 1026 421 1048 oratione}
430 1029 528 1053 apparet.
543 1025 651 1046 Iudicium
662 1025 684 1045 iil
695 1024 795 1045 exercuit
806 1026 832 1048 Q.
841 1024 930 1045 Gallius
940 1028 1037 1052 praetor.

340 1127 456 1150 VERSU
478 1128 627 1153 Ai’nmo
649 1126 821 1148 CIRCI'I’ER
842 1127 934 1148 CLXI.

430 1164 442 1177 n
532 1165 543 1176 Δ
636 1164 646 1175 t
735 1162 748 1176 t
840 1163 851 1176 υ

481 1187 493 1200 οι
582 1187 595 1201 ᾳ
685 1186 697 1199 t
789 1186 799 1197 ι

299 1212 322 1236 4.
344 1205 500 1237 Postulatur
515 1209 587 1245 apud
602 1218 643 1235 me
655 1214 802 1244 praetorem
818 1210 936 1244 primum
947 1209 981 1235 de
993 1217 1040 1244 pe-

242 1247 331 1274 cuniis
357 1247 523 1282 repetundis,
564 1248 718 1281 Prospectat
742 1245 868 1274 videlicet
887 1247 1036 1277 Cominius,

242 1284 309 1319 quid
325 1290 428 1320 agatur.
469 1284 600 1311 Videlicet
616 1284 739 1310 homines
755 1283 861 1311 sceneos
878 1285 905 1310 in
918 1284 1038 1311 medium

242 1321 275 1348 ad
286 1322 443 1348 tentandum
455 1321 607 1357 periculum
619 1322 760 1356 proiectos.

297 1369 322 1394 2.
345 1367 434 1399 Quid‘?
454 1367 576 1394 Metellus
598 1376 704 1394 summa
723 1367 864 1394 nobilitate
883 1376 913 1393 ac
928 1369 1036 1398 virtute,

242 1413 326 1439 quum
349 1405 391 1430 bis
408 1405 535 1431 iurasset:
558 1404 641 1431 semel
658 1406 784 1440 privatim
800 1413 814 1430 a
829 1410 916 1440 patre;
940 1406 1038 1432 iterum

241 1441 365 1476 publice:
388 1450 401 1468 a
419 1441 476 1477 lege
487 1447 594 1468 coactus
605 1442 707 1469 destitit
717 1443 897 1469 accusatione.
937 1443 977 1469 An
993 1442 1039 1469 vi‘?

241 1487 274 1505 an
291 1478 420 1505 veritate?
435 1480 463 1505 In
479 1488 533 1513 quo
547 1480 730 1514 suspicionem
745 1488 852 1506 omnem
864 1479 932 1506 tollit
943 1480 972 1506 C.
984 1480 1040 1507 Cu-

242 1517 325 1542 rionis
337 1517 423 1543 virtus
435 1525 465 1542 ac
476 1517 603 1552 dignitas,
617 1521 642 1544 et
653 1516 792 1549 Q.Metelli
804 1517 992 1549 adolescentia,
1005 1517 1039 1544 ad

241 1562 376 1579 summam
389 1552 495 1580 laudem
506 1554 634 1581 omnibus
646 1554 726 1580 rebus
737 1559 838 1582 ornata.

298 1600 323 1625 3.
345 1599 453 1634 Legem,
467 1600 568 1634 inquit,
582 1599 615 1626 de
628 1599 815 1627 libertinorum
826 1599 962 1636 suffragiis
974 1600 1039 1627 Cor-

243 1635 330 1662 nelius
341 1644 403 1662 cum
414 1636 524 1663 Manilio
535 1637 618 1672 dedit.
659 1636 730 1669 Quid
743 1642 782 1664 est
794 1637 852 1669 boc,
872 1647 906 1663 nn
915 1638 978 1664 nir?
997 1638 1037 1665 An

241 1672 320 1700 tulit‘?
330 1682 362 1699 an
375 1673 496 1709 rogavit?
507 1682 539 1700 an
552 1674 671 1701 hortatus
685 1673 740 1700 est?
751 1675 817 1701 Nam
830 1674 924 1702 tulisse
935 1675 1039 1702 ridicu-

242 1709 298 1736 lum
310 1715 363 1741 est,
380 1711 458 1745 quasi
471 1711 557 1746 legem
568 1711 686 1746 aliquam
698 1717 744 1739 aut
754 1712 786 1738 ad
797 1712 973 1739 scribendum
984 1712 1039 1739 ‹lif-

242 1746 339 1773 ficilem
348 1768 354 1778 ,
371 1752 416 1774 aut
429 1748 462 1774 ad
473 1749 682 1784 excogitandum
694 1749 869 1776 reconditam.
909 1750 982 1782 Quae
995 1750 1038 1777 lex

241 1785 334 1819 paucis
355 1784 399 1811 his
419 1786 496 1812 annis
518 1794 570 1812 non
591 1786 670 1813 modo
685 1787 784 1822 scripta
793 1807 799 1818 ‚
823 1786 871 1813 sed
889 1788 969 1814 etiam
986 1787 1036 1814 lata

241 1826 321 1848 esset.

298 1867 322 1893 4.
344 1866 372 1893 ln
393 1875 447 1902 quo
462 1876 547 1903 quum
563 1867 647 1895 multa
663 1868 824 1904 reprehensa
844 1870 913 1900 sint,
935 1874 992 1896 tum
1008 1870 1036 1897 in

242 1904 336 1938 primis
347 1903 470 1931 celeritas
481 1906 604 1932 actionis.

295 1950 321 1976 5.
343 1950 440 1976 Petivit
454 1955 543 1976 tamen
559 1959 573 1977 a
589 1959 631 1976 me
643 1955 762 1985 praetore
773 1952 891 1978 maxima
905 1957 1038 1979 contesta—

243 1987 321 2017 tione.
335 1991 365 2013 ut
374 1995 498 2014 caussam
508 1987 612 2014 Manilii
626 1987 808 2015 defenderem.

243 2049 275 2066 vt:
283 2049 296 2066 R
304 2049 338 2067 ΞΠ
351 2049 365 2066 Λ
380 2050 411 2066 PR
419 2049 470 2067 mo
486 2050 608 2068 DCCCCL.
628 2049 693 2072 (Dicit
703 2049 728 2068 dc
738 2049 811 2068 eodem
820 2049 900 2068 Manilii
910 2050 1036 2073 tribunatu.)

297 2087 322 2112 6.
347 2086 414 2112 Nam
425 2095 510 2121 quum
522 2087 545 2113 is
557 2086 682 2113 tribunus
694 2087 781 2122 plebis
791 2087 859 2114 duas
870 2087 943 2123 leges
957 2088 1037 2115 tulis-
1057 2105 1059 2120 2

241 2123 319 2150 setin
331 2131 362 2149 eo
373 2124 539 2159 magistratu.
549 2133 629 2150 unani
642 2125 829 2159 perniciosam,
838 2125 948 2152 alteram
959 2135 1038 2161 egre—

240 2161 327 2196 giam:
349 2160 422 2195 quod
433 2169 568 2187 summam
579 2161 776 2196 rempublicam
788 2162 874 2193 laesit,
892 2162 920 2189 id
931 2163 964 2189 ab
977 2164 1036 2198 ipso

241 2198 349 2224 tribuno
364 2198 500 2224 abiectum
515 2203 565 2225 est.

241 2235 351 2269 publica
362 2239 460 2262 manet.

411 2281 477 2304 (Dicit
487 2282 512 2300 de
522 2281 639 2301 disturbato
648 2282 725 2301 indicio
735 2283 864 2305 Maniliano.)

294 2315 320 2341 7.
344 2315 413 2341 Aliis
427 2315 472 2341 ille
486 2316 513 2342 in
530 2315 607 2342 illum
624 2316 741 2343 furorem
757 2317 863 2352 magnis
877 2316 1035 2344 hominibus

240 2352 394 2378 auctoribus
410 2352 546 2387 impulsus
563 2358 615 2384 est,
637 2355 685 2388 qui
700 2353 810 2389 aliquod
826 2354 931 2380 institui
943 2362 1036 2381 exem-

240 2388 315 2423 plum
331 2389 570 2416 disturbandorum
586 2390 748 2417 iudiciorum
760 2391 1032 2425 perniciosissimum,

241 2427 406 2461 temporibus
417 2428 475 2453 suis
486 2428 805 2459 accommodatissimum=
819 2428 887 2455 meis
899 2428 1036 2455 alienissi-

241 2471 315 2490 mum
327 2464 484 2496 rationibus,
497 2466 650 2501 cupierunt.

499 2536 594 2554 VERSU
616 2536 693 2554 CIRC.
715 2536 772 2554 CXI.

296 2571 320 2596 8.
345 2570 457 2598 Possum
477 2571 580 2603 dicere,
606 2573 744 2600 hominem
764 2581 871 2599 summa
890 2571 1033 2607 prudentia

239 2605 342 2633 clarum
357 2607 387 2634 C.
403 2608 504 2635 Cottam
519 2609 552 2636 de
568 2611 626 2637 suis
642 2610 749 2646 legibus
764 2610 927 2646 abrogandis
942 2611 1033 2645 ipsum

239 2643 272 2669 ad
284 2649 407 2671 senatum
419 2645 552 2672 retulisse.

1061 245 1070 298 ’ἓ

605 2199 708 2225 Bonum
723 2204 813 2226 autem
829 2200 857 2226 in
873 2208 980 2227 summa
994 2209 1037 2227 re-
1057 2216 1058 2226 ι

1067 677 1069 680 ,
1092 649 1207 684 legibus.

902 115 936 141 M.
970 115 1001 142 Τ,
1034 113 1307 142 CICERONIS

1398 195 1580 216 azoctrvn.

1148 232 1172 257 9.
1195 231 1306 257 Possum
1322 236 1347 257 et
1365 231 1487 258 eiuudcm
1504 232 1592 259 Cottae
1614 232 1637 259 le
1657 242 1699 260 em
1719 233 1753 260 dc
1775 233 1884 261 iudiciis

1093 268 1205 303 privatis
1216 277 1285 295 nnnc
1301 273 1374 303 post,
1390 277 1472 304 quatu
1485 269 1534 296 lata
1546 270 1593 300 sit.
1611 279 1624 296 a
1653 276 1720 297 ratre
1736 271 1794 298 eius
1806 271 1884 298 abro-

1091 310 1190 341 getam.

1419 353 1430 369 s
1441 353 1454 369 τ
1465 353 1478 369 Α
1489 353 1502 370 r
1513 353 1519 369 ι
1532 353 1558 370 κ.

1150 389 1188 414 40.
1212 388 1309 423 Legem
1329 388 1458 415 Liciniam
1482 394 1508 415 et
1527 389 1642 415 Muciam
1663 389 1696 416 de
1716 390 1824 416 civibus
1844 399 1886 417 re-

1091 425 1200 459 gumtis.
1214 434 1294 459 (itiam
1309 425 1363 451 duo
1376 425 1510 456 consules.
1523 427 1654 456 oninium.
1670 435 1738 461 quos
1753 427 1883 458 vidimus.

1092 463 1299 497 sapientissimi,
1320 462 1458 493 tulissent.
1476 463 1553 490 video
1568 469 1688 490 constare
1701 465 1769 491 inter
1779 473 1883 492 onines.

1092 510 1143 526 non
1170 499 1248 526 inodo
1274 499 1410 530 inutilem.
1439 500 1486 527 sed
1510 501 1688 535 perniciosam
1719 501 1885 536 reipublicae

1092 537 1186 564 fuisse.

1148 576 1186 600 44.
1202 574 1331 606 Quattuor
1341 575 1451 601 omnino
1461 583 1558 610 genera
1570 580 1641 605 sunt.
1656 575 1768 605 iudices.
1784 576 1809 603 in
1821 577 1885 612 qui-

1092 612 1142 637 bus
1153 620 1200 646 per
1210 617 1341 641 senatum.
1357 621 1428 638 more
1440 613 1580 643 maiorum.
1594 618 1726 639 statuatur
1736 613 1839 648 aliquid
1851 612 1885 640 de

1249 649 1336 676 Unum
1348 654 1388 675 est
1399 649 1541 679 eiusmodi,
1554 649 1658 684 placere
1671 650 1756 685 legem
1770 650 1885 686 abroga-

1091 687 1126 712 ri:
1142 687 1206 718 th.
1215 686 1338 715 Caecilio.
1348 686 1382 712 M.
1396 687 1471 713 lunio
1481 687 1649 717 consulibus,
1661 696 1732 722 (piae
1744 687 1816 723 leges
1828 696 1883 714 rem

1091 723 1233 750 militarem
1255 723 1429 758 impedirent,
1462 729 1491 750 ut
1510 724 1711 760 abrogarentur.
1751 725 1882 755 Alterum.

1089 770 1158 796 quae
1171 761 1213 787 lex
1226 761 1274 787 lata
1287 770 1345 786 esse
1356 760 1474 790 dicatur.
1492 770 1521 787 ea
1538 770 1589 788 non
1605 761 1690 788 videri
1703 762 1833 796 populum
1845 767 1884 789 te-

1066 803 1067 819 1
1091 799 1162 824 neri:
1185 803 1213 825 ut
1225 799 1254 825 L.
1268 798 1377 828 Marcio.
1391 799 1452 824 Sex.
1466 798 1534 824 lulio
1544 798 1716 828 consulibus.
1732 799 1765 825 de
1777 799 1884 835 legibus

1825 836 1885 869 Quo

1091 836 1186 862 Liviis.
1227 836 1345 862 Tertium
1357 840 1396 861 est
1407 835 1439 861 de
1453 835 1541 871 legum
1557 835 1786 871 abrogationibus.

243 887 391 908 trituratoria:
411 892 472 912 qunru
489 892 574 905 numere
588 885 610 905 ln
627 891 703 905 manu·
713 888 746 905 ent
758 884 846 910 utiquo-1
857 883 1038 911 operaepretium
1059 877 1067 910 ῚῘ
1090 873 1123 899 (¹0
1134 881 1232 909 genere
1242 881 1369 907 persaepe
1381 873 1610 899 senatusconsulta
1623 874 1699 904 liunt,
1716 878 1744 900 ut
1755 882 1841 909 nuper
1851 873 1885 900 (Ie

244 929 287 942 nun
297 921 367 942 nolum
379 924 469 948 propter
479 920 594 941 ciceroni-
604 920 729 944 orntloneu,
744 926 798 945 qun
807 926 846 946 pru
858 918 963 939 Cornelio
973 918 1038 939 lul-e-
1066 946 1067 951 1

1091 911 1148 945 ipsa
1161 910 1218 945 lege
1229 909 1383 944 Calpurnia,
1399 918 1468 944 quae
1479 910 1660 945 derogaretur.

1147 949 1186 974 ⁴2.
1210 948 1237 974 l'.
1250 947 1392 974 Africanus
1404 947 1448 973 ille
1459 949 1594 981 superior,
1613 952 1641 974 ut
1651 947 1763 978 dicitur.
1777 956 1829 974 non
1840 956 1884 974 so—

1066 992 1067 999 *
1092 984 1147 1011 lum
1159 994 1172 1011 a
1184 985 1392 1019 sapientissimis
1405 984 1574 1014 bominibus.
1597 985 1645 1019 qui
1660 989 1716 1011 tum
1728 990 1815 1016 erant.
1838 993 1885 1012 ve-

1091 1031 1150 1048 rum
1162 1022 1241 1048 etiam
1253 1031 1266 1048 a
1278 1030 1306 1048 sc
1319 1022 1377 1056 ipso
1387 1030 1466 1056 saepe
1478 1027 1618 1048 accusatus
1629 1026 1682 1051 est.
1699 1023 1770 1057 quod
1779 1043 1785 1052 ,
1798 1031 1884 1057 quum

1090 1059 1183 1086 consul
1204 1064 1275 1086 esset
1289 1067 1351 1085 cum
1370 1059 1410 1085 Ti.
1427 1059 1531 1094 Longo,
1555 1067 1650 1093 passus
1666 1065 1736 1086 esset
1751 1065 1808 1086 tum
1828 1060 1885 1094 pri-

1091 1105 1165 1123 mum
1176 1105 1189 1122 a
1202 1095 1324 1131 populari
1335 1104 1463 1122 consessu
1475 1097 1606 1123 senatoria
1613 1095 1743 1122 subsellia
1754 1097 1883 1131 separari.

1090 1159 1104 1177 C
1110 1159 1118 1176 I
1124 1159 1137 1177 fl
1143 1159 1156 1177 C
1164 1159 1178 1176 Δ
1198 1159 1214 1177 II
1221 1159 1235 1176 Ε
1243 1159 1292 1177 utu
1298 1159 1324 1176 Μ.
1340 1157 1397 1181 (Quo
1406 1157 1453 1176 loco
1462 1159 1565 1180 nument.
1574 1163 1639 1181 quum
1646 1158 1680 1176 Iex
1689 1157 1773 1179 rentur.
1779 1161 1830 1181 quot
1839 1158 1885 1176 lom

1301 1187 1455 1206 intercessionis
1462 1190 1517 1208 sunt,
1528 1187 1587 1206 lubet
1596 1187 1682 1209 ωροτε.)

1147 1223 1186 1247 43.
1212 1221 1260 1247 Est
1282 1221 1376 1256 utique
1401 1221 1444 1247 ius
1467 1220 1588 1251 vetandi,
1618 1229 1704 1255 quum
1724 1228 1753 1246 ea
1774 1220 1883 1252 teratur.

1090 1258 1222 1293 quamdiu
1234 1267 1285 1284 non
1298 1257 1443 1293 perfertur:
1457 1257 1589 1293 quamdiu
1599 1258 1648 1292 qui
1660 1257 1781 1293 suffragii
1792 1257 1886 1285 ferun-

1090 1296 1118 1322 di
1130 1304 1224 1322 caussa
1236 1296 1408 1326 conveniunt,
1418 1295 1471 1322 huc
1481 1300 1507 1322 et
1518 1294 1583 1321 illuc
1597 1294 1802 1326 transferuntur,
1818 1295 1884 1322 dum

1066 1348 1067 1357 1
1091 1333 1188 1368 privati
1199 1333 1306 1359 dicunt:
1329 1332 1394 1359 dum
1407 1332 1518 1359 tabellae
1530 1331 1698 1359 diribentur:
1715 1331 1781 1358 dum
1797 1332 1884 1360 sitella

1090 1370 1222 1397 defertur:
1245 1370 1310 1396 dum
1322 1375 1471 1405 aequantur
1481 1374 1579 1396 sortes:
1601 1369 1667 1396 dum
1681 1370 1784 1396 sortitio
1795 1370 1837 1396 fit:
1859 1375 1886 1396 et

1090 1409 1177 1443 siqua
1189 1412 1253 1434 sunt
1264 1407 1346 1434 buius
1357 1407 1465 1443 generis
1475 1407 1537 1434 alia.

1381 1471 1492 1489 »Aucto
1514 1470 1590 1488 rost.

1148 1501 1187 1526 ⁴4.
1208 1499 1298 1527 Unum
1313 1504 1416 1531 tamen,
1441 1498 1514 1534 quod
1531 1499 1581 1525 hoc
1598 1499 1658 1534 ipso
1673 1497 1782 1526 tribuno
1795 1497 1886 1534 plebis

1089 1536 1190 1563 factum
1203 1542 1256 1568 cst,
1276 1536 1543 1572 praetermittendum
1563 1545 1616 1563 non
1636 1535 1752 1562 videtur.
1791 1537 1886 1572 Neque

1089 1575 1162 1601 enim
1178 1575 1266 1601 maius
1281 1579 1322 1601 est
1337 1574 1424 1610 legere
1440 1573 1575 1605 codicem,
1595 1582 1681 1608 quum
1695 1573 1882 1605 intercedatur,

1089 1620 1170 1646 quam
1190 1611 1306 1638 sitellam
1323 1612 1410 1646 ipsam
1423 1620 1485 1638 cum
1500 1611 1560 1645 ipso
1575 1611 1750 1637 intercessore
1770 1610 1884 1642 deferre,

1090 1658 1138 1675 nec
1149 1650 1270 1685 gravius,
1282 1649 1400 1684 incipere
1413 1648 1490 1680 ferre,
1503 1656 1585 1683 quam
1596 1647 1714 1682 perferre
1723 1668 1729 1678 ,
1743 1656 1791 1674 nec
1802 1647 1886 1675 vehe-

1074 1687 1222 1717 ·mentius‚
1242 1686 1381 1712 ostendere
1392 1694 1421 1712 se
1433 1685 1549 1712 laturum
1565 1685 1650 1711 invito
1663 1684 1780 1720 collega.
1802 1693 1885 1720 quam

1090 1724 1143 1758 ipsi
1155 1723 1272 1758 collegae
1284 1723 1470 1758 magistratum
1480 1722 1622 1758 derogare.
1639 1730 1688 1748 nec
1698 1723 1882 1753 criminosius.

1089 1761 1176 1787 tribus
1188 1760 1221 1787 ad
1233 1760 1321 1795 legem
1332 1759 1526 1794 accipiendam,
1544 1767 1626 1794 quam
1637 1758 1670 1785 ad
1681 1759 1812 1795 collegam
1823 1759 1886 1786 red-

1089 1797 1209 1824 dendum
1224 1798 1352 1832 privatim
1367 1798 1436 1823 intro
1451 1805 1559 1823 vocare:
1581 1804 1651 1831 quae
1662 1797 1704 1822 vir
1715 1795 1790 1823 fortis
1802 1796 1885 1823 huius

1089 1834 1191 1870 collega
1202 1834 1288 1860 Aulus
1299 1834 1433 1861 Gabinius
1445 1835 1472 1860 in
1485 1842 1512 1860 re
1523 1834 1623 1868 optima
1636 1833 1699 1860 fecit
1708 1834 1813 1866 omnia3
1837 1841 1886 1860 ne-

1088 1880 1141 1907 que
1164 1880 1250 1907 quum
1270 1871 1385 1898 salutem
1400 1870 1500 1906 populo
1516 1871 1634 1897 Romano
1657 1875 1737 1905 atque
1756 1870 1884 1897 omnibus

1088 1909 1215 1945 gentibus
1228 1908 1307 1935 finem
1318 1908 1461 1935 diuturnae
1472 1909 1648 1943 captivitatis,
1671 1907 1848 1943 turpitudinis
1859 1912 1886 1934 et

1088 1946 1227 1973 servitutis
1250 1946 1362 1976 afferret.
1385 1954 1482 1980 passus
1501 1950 1554 1976 est,
1580 1945 1643 1980 plus
1663 1946 1746 1972 unius
1766 1944 1885 1981 collegae

1088 1984 1145 2014 sui,
1171 1991 1254 2018 quam
1268 1984 1412 2009 universae
1427 1983 1559 2014 civitatis,
1581 1991 1675 2009 vocem
1690 1981 1779 2008 valere
1793 1986 1820 2009 et
1837 1990 1885 2008 vo—

1089 2020 1228 2048 luntatem.

1146 2059 1186 2085 45.
1207 2058 1241 2084 At
1251 2057 1324 2084 enim
1335 2057 1368 2084 de
1378 2056 1535 2092 corrigenda
1548 2056 1606 2093 lege
1617 2055 1776 2083 retulerunt.

1146 2097 1185 2121 46.
1207 2095 1294 2126 Idem,
1312 2095 1366 2121 nisi
1378 2095 1442 2120 haec
1458 2095 1516 2128 ipsa
1531 2093 1588 2125 lex,
1606 2101 1688 2128 quam
1699 2093 1730 2121 C.
1742 2092 1884 2120 Cornelius

1087 2131 1158 2163 tulit,
1170 2132 1328 2163 obstitisset.
1341 2131 1523 2158 decrevissem
1535 2131 1572 2162 id,
1587 2131 1660 2166 quod
1671 2130 1760 2166 palam
1771 2131 1824 2157 iam
1838 2131 1884 2157 isti

1087 2169 1242 2196 defensores
1253 2169 1415 2196 iudiciorum
1428 2173 1626 2204 pugnaverunt,
1643 2168 1750 2195 senatui
1761 2176 1813 2194 non
1824 2167 1884 2203 pla-

1087 2216 1161 2238 cere,
1184 2207 1212 2233 id
1228 2206 1361 2233 iudicium
1376 2206 1409 2232 de
1424 2205 1514 2232 Sullae
1530 2206 1608 2232 bonis
1625 2205 1692 2231 fieri.
1731 2204 1818 2237 Quam
1833 2213 1883 2240 ego

1087 2253 1210 2271 caussam
1237 2243 1315 2278 louge
1335 2243 1412 2270 aliter
1430 2248 1535 2278 praetor
1558 2243 1587 2269 in
1611 2243 1738 2269 concione
1762 2241 1880 2272 defendi,

1087 2290 1172 2317 quum
1188 2281 1214 2307 id
1231 2281 1363 2311 dicerem,
1385 2280 1458 2315 quod
1470 2279 1552 2306 iidem
1564 2279 1669 2306 iudices
1680 2284 1771 2314 postea
1781 2283 1883 2306 statue-

1087 2323 1158 2350 runt,
1172 2318 1306 2345 iudicium
1317 2318 1443 2353 aequiore
1455 2322 1574 2352 tempore
1584 2316 1643 2343 fieri
1651 2321 1782 2352 oportere.

1411 2381 1423 2397 s
1433 2381 1446 2397 τ
1456 2380 1471 2397 Α
1482 2381 1495 2397 τ
1505 2380 1512 2397 ι
1523 2380 1551 2397 ιι.

1144 2410 1184 2436 47.
1206 2409 1289 2436 Antea
1312 2417 1375 2434 vero
1397 2416 1480 2443 quam
1501 2407 1647 2434 multarum
1667 2415 1757 2433 rerum
1778 2404 1881 2432 iudicia

1087 2446 1192 2473 sublata
1208 2448 1275 2477 sint,
1292 2450 1318 2472 et
1328 2446 1392 2480 quia
1406 2446 1495 2476 scitis,
1516 2450 1665 2480 praetereo,
1681 2449 1750 2471 etue
1760 2451 1842 2478 quem
1853 2444 1880 2469 in

1086 2484 1219 2510 iudicium
1229 2483 1314 2510 oratio
1325 2491 1382 2509 mea
1393 2490 1518 2509 revocare
1529 2482 1662 2508 videatur.

1379 2543 1489 2561 vaur-Lo
1511 2543 1586 2560 POST.

1142 2574 1181 2599 48.
1203 2572 1261 2598 Non
1278 2572 1326 2599 Cn.
1341 2570 1477 2598 Dolabella
1490 2571 1519 2598 C.
1530 2570 1696 2600 Volcatium,
1717 2568 1880 2595 honestissi-

1086 2618 1160 2636 mum
1175 2610 1279 2640 virum,
1301 2609 1439 2635 communi
1452 2612 1478 2634 et
1492 2607 1649 2642 quotidiano
1662 2607 1721 2633 iure
1737 2606 1879 2641 privasset.

1085 2647 1143 2674 Non
1157 2646 1275 2682 denique
1291 2646 1371 2673 homo
1386 2645 1494 2672 illorum
1508 2649 1534 2671 et
1545 2645 1600 2671 vita
1611 2649 1636 2671 et
1646 2643 1790 2679 prudentia
1800 2642 1880 2678 longe
