1941 3052
507 124 558 151 DE
592 123 799 151 OFFICIIS
830 125 909 151 LIB.
941 125 961 150 Ι.
993 124 1086 151 CAP.

63 201 154 225 sontes
162 217 168 227 ,
182 194 383 222 multitudinem
394 203 566 226 conservare,
580 196 608 222 in
618 197 691 222 omni
704 195 808 222 fortuna
819 203 861 221 re-

64 239 105 261 cta
116 238 196 268 atque
211 233 320 259 honesta
336 233 460 259 retinere.
500 233 533 259 Ut
548 233 620 259 enim
637 238 712 264 sunt,
730 232 862 268 quemad-

64 271 175 298 modum
191 278 272 305 supra
288 269 359 301 dixi,
377 271 425 305 qui
440 270 551 296 urbanis
567 271 649 296 rebus
665 270 776 297 bellicas
788 275 862 296 ante-

64 313 178 344 ponant:
200 309 240 333 sic
251 308 368 342 reperias
380 307 491 338 multos,
505 308 607 342 quibus
619 308 769 342 periculosa
780 312 806 334 et
817 315 862 333 ca-

65 346 119 372 lida
130 344 242 372 consilia
257 345 357 380 quietis
368 350 393 371 et
403 346 525 380 cogitatis
538 350 563 371 et
574 344 756 379 splendidiora
768 349 794 371 et
805 353 862 371 ma-

64 385 120 410 iora
131 383 284 409 videantur.
325 384 366 408 83.
386 383 540 417 Numquam
552 383 661 409 omnino
673 382 787 417 periculi
799 381 862 417 fuga

65 419 288 447 committendum
303 424 356 450 est,
373 424 403 446 ut
414 419 538 446 imbelles
549 420 693 455 timidique
705 419 860 446 videamur:

65 458 112 484 sed
124 457 285 493 fugiendum
298 458 378 483 etiam
390 457 471 488 illud,
495 466 528 483 ne
539 457 681 483 offeramus
693 466 741 484 nos
755 457 863 492 pericu-

66 495 99 522 lis
113 496 172 521 sine
183 503 292 521 caussa:
315 503 368 529 quo
383 494 450 520 nihil
463 499 550 529 potest
560 503 618 520 esse
630 494 750 521 stultius.
790 494 863 526 Qua-

65 537 173 568 propter
192 533 221 558 in
240 532 372 558 adeundis
395 531 524 566 periculis
547 532 713 559 consuetudo
734 531 862 558 imitanda

64 570 231 596 medicorum
243 574 291 600 est,
308 570 356 604 qui
369 569 464 595 leviter
474 574 639 605 aegrotantes
653 569 748 595 leniter
758 573 860 598 curant,

64 607 237 643 gravioribus
257 611 346 633 autem
368 606 469 632 morbis
490 607 656 641 periculosas
672 607 823 633 curationes
838 610 864 631 et

65 645 197 679 ancipites
217 643 346 670 adhibere
371 648 513 679 coguntur.
554 643 642 676 Quare
665 645 692 670 in
718 642 864 678 tranquillo

65 686 251 717 tempestatem
262 681 404 707 adversam
415 686 505 716 optare
512 681 645 708 dementis
652 686 704 711 est,
717 681 864 707 subvenire

66 724 156 746 autem
171 720 322 754 tempestati
338 719 435 753 quavis
451 719 552 745 ratione
562 734 599 738 ——
612 719 756 753 sapientis:
779 725 864 752 eoque
893 722 894 730 ¹

65 757 162 792 magis,
179 757 202 782 si
214 756 277 791 plus
288 756 438 790 adipiscare
450 765 476 782 re
488 756 620 791 explicata
632 756 709 786 boni,
722 763 805 790 quam
817 754 864 780 ad-

65 794 187 821 dubitata
212 794 285 820 mali.
322 793 494 820 Periculosae
520 798 609 820 autem
632 802 721 819 rerum
747 794 864 818 actiones

66 832 164 867 partim
174 832 208 857 iis
219 835 292 862 sunt,
301 832 348 866 qui
360 839 405 857 eas
412 831 573 865 suscipiunt,
583 831 680 865 partim
687 829 863 864 reipublicae.

65 870 186 904 Itemque
199 868 246 894 alii
257 868 290 894 de
303 869 356 894 vita
365 889 371 899 ,
395 868 441 894 alii
453 868 485 894 de
496 867 580 903 gloria
592 873 618 894 et
629 867 814 893 benevolentia
826 867 865 892 ci—

66 907 143 933 vium
159 907 186 932 in
197 905 343 932 discrimen
354 911 493 932 vocantur.
534 906 712 940 Promptiores
725 905 807 940 igitur
818 904 866 930 de-

66 944 163 970 bemus
178 951 237 969 esse
248 943 281 969 ad
293 947 381 969 nostra
397 942 530 977 pericula,
553 951 634 978 quam
651 942 683 968 ad
699 942 862 972 communia,

67 981 251 1015 dimicareque
266 981 388 1015 paratius
404 980 437 1006 de
453 980 552 1007 honore
570 985 596 1007 ct
609 980 708 1016 gloria,
733 988 814 1014 quam
831 979 865 1005 de

66 1019 162 1045 ceteris
176 1017 334 1044 commodis.

121 1057 163 1082 84.
184 1056 289 1082 Inventi
301 1059 390 1081 autem
402 1054 481 1081 multi
495 1059 571 1085 sunt,
595 1055 643 1090 qui
660 1063 711 1081 non
729 1053 807 1080 modo
818 1062 866 1088 pe-

67 1093 188 1124 cuniam,
205 1092 252 1119 sed
268 1093 350 1119 vitam
362 1093 442 1119 etiam
453 1091 614 1126 profundere
626 1101 673 1126 pro
685 1093 768 1126 patria
780 1092 866 1126 parati

66 1135 170 1162 essent,
193 1130 276 1156 iidem
292 1130 392 1166 gloriae
407 1130 536 1156 iacturam
553 1138 586 1155 ne
602 1130 742 1156 minimam
754 1129 866 1164 quidem

67 1167 153 1194 facere
175 1167 288 1199 vellent,
311 1176 343 1193 ne
364 1166 503 1202 republica
519 1167 630 1202 quidem
650 1166 814 1201 postulante:
837 1171 867 1192 ut

67 1205 265 1236 Callicratidas,
283 1206 330 1240 qui
345 1213 430 1239 quum
443 1204 715 1231 Lacedaemoniorum
729 1204 786 1231 dux
798 1203 867 1230 suis-

67 1248 107 1270 set
121 1243 347 1277 Peloponnesiaco
363 1241 446 1272 bello,
470 1242 609 1277 multaque
625 1241 732 1268 fecisset
746 1242 864 1277 egregie,

66 1281 148 1307 vertit
158 1280 190 1306 ad
205 1284 356 1306 extremum
367 1281 471 1310 omnia,
488 1288 574 1314 quum
589 1279 702 1306 consilio
714 1288 766 1306 non
777 1279 867 1314 paruit

67 1326 174 1348 eorum.
192 1318 240 1352 qui
254 1317 367 1344 classem
383 1317 416 1343 ab
427 1318 585 1353 Arginussis
600 1316 803 1348 removendam,
818 1325 867 1342 nee

66 1364 130 1382 cum
145 1354 358 1381 Atheniensibus
374 1354 560 1381 dimicandum
579 1355 719 1390 putabant.
760 1354 866 1386 Quibus

68 1392 113 1420 ille
137 1392 289 1427 respondit,
314 1391 553 1423 Lacedaemonios.
581 1392 666 1418 classe
690 1392 736 1418 illa
756 1392 864 1423 amissa,

67 1430 148 1456 aliam
160 1438 253 1465 parare
268 1438 360 1465 posse,
384 1437 412 1455 se
430 1429 522 1465 fugere
537 1430 596 1456 sine
612 1438 661 1456 suo
672 1429 802 1456 dedecore
814 1437 866 1455 non

66 1475 156 1503 posse.
190 1467 278 1502 Atque
289 1467 354 1493 haec
365 1466 476 1502 quidem
489 1467 709 1494 Lacedaemoniis
720 1467 798 1503 plaga
811 1475 868 1493 me·-

67 1505 180 1531 diocris:
198 1504 243 1530 illa
255 1504 390 1540 pestifera,
407 1513 475 1539 qua,
489 1513 574 1539 quum
586 1504 782 1535 Cleombrotus,
796 1505 868 1530 invi-

67 1542 141 1569 diam
157 1542 269 1572 timens,
292 1547 391 1568 temere
406 1550 468 1568 cum
484 1542 671 1577 Epaminonda
689 1541 865 1573 conflixisset,

68 1579 340 1606 Lacedaemoniorum
356 1588 421 1614 opes
436 1584 604 1606 corruerunt.
644 1579 749 1612 Quanto
763 1579 796 1612 Q.
811 1579 869 1606 Ma-

69 1618 160 1644 ximus
173 1616 284 1643 melius!
301 1617 335 1643 de
348 1625 403 1652 quo
414 1617 536 1644 Ennius:

108 1655 179 1681 Unus
192 1656 264 1680 homo
279 1657 350 1681 nobis
361 1657 504 1681 cunctando
515 1657 626 1680 restituit
637 1663 694 1680 rem.

105 1692 164 1719 Non
172 1693 281 1725 ponebat
292 1694 359 1718 enim
369 1701 485 1718 rumores
495 1696 554 1718 ante
564 1693 680 1718 salutem.

108 1729 174 1762 Erqo
183 1734 289 1763 postque
299 1731 431 1763 magisque
441 1731 492 1755 viri
503 1737 571 1755 nunc
580 1731 664 1762 ytoria
678 1730 765 1755 claret.

67 1765 145 1799 Quod
154 1775 242 1802 genus
253 1766 383 1801 peccandi
396 1766 536 1793 vitandum
547 1771 588 1793 est
598 1767 678 1792 etiam
689 1767 718 1792 in
730 1765 811 1792 rebus
823 1774 870 1792 ur-

68 1804 156 1831 banis.
196 1804 265 1831 Sunt
274 1805 356 1835 enim,
370 1804 428 1839 qui,
444 1803 518 1839 quod
529 1804 658 1835 sentiunt,
674 1804 725 1830 etsi
735 1803 869 1839 optimum

68 1842 112 1873 sit,
125 1846 214 1868 tamen
226 1841 346 1867 invidiae
358 1845 430 1868 metu
442 1850 494 1868 non
506 1841 606 1868 audent
616 1841 716 1868 dicere.

124 1879 211 1905 XXV.
242 1879 284 1905 85.
315 1878 444 1909 Omnino,
467 1879 515 1914 qui
538 1878 705 1913 reipublicae
720 1878 870 1914 praefuturi

69 1920 145 1947 sunt,
158 1915 213 1942 duo
223 1915 341 1942 Platonis
353 1920 493 1950 praecepta
505 1920 624 1942 teneant:
641 1924 740 1947 unum,
754 1920 785 1943 ut
795 1915 871 1942 utili-

69 1958 149 1981 tatem
163 1953 266 1979 civium
278 1954 317 1979 sic
329 1957 463 1984 tueantur,
476 1957 514 1983 ut,
529 1961 719 1988 quaecumque
731 1958 822 1989 agunt.
836 1953 869 1979 ad

69 1999 128 2017 eam
140 1990 268 2021 referant,
286 1989 363 2017 obliti
377 1990 580 2017 commodorum
595 1999 721 2017 suorum:
744 1990 867 2022 alterum,

69 2033 100 2055 ut
110 2033 194 2055 totum
206 2036 304 2063 corpus
315 2027 482 2062 reipublicae
496 2031 604 2058 curent,
621 2035 668 2058 ne,
685 2027 750 2054 dum
767 2032 869 2062 partem

69 2065 188 2101 aliquam
201 2070 323 2096 tuentur,
342 2064 460 2099 reliquas
474 2064 608 2091 deserant.
650 2065 764 2091 Utenim
777 2064 868 2096 tutela,

70 2104 110 2129 sic
125 2103 277 2138 procuratio
293 2102 459 2137 reipublicae
477 2101 511 2129 ad
529 2102 671 2129 utilitatem
692 2110 799 2133 eorum,
821 2103 870 2137 qui

69 2141 209 2167 commissi
221 2145 297 2171 sunt,
314 2148 366 2166 non
379 2139 411 2166 ad
423 2148 515 2166 eorum
524 2160 530 2170 ,
547 2139 650 2175 quibus
663 2141 808 2166 commissa
819 2144 869 2170 est,

70 2177 187 2214 gerenda
198 2182 248 2204 est.
282 2177 335 2210 Qui
347 2182 436 2203 autem
448 2178 516 2212 parti
527 2177 631 2203 civium
641 2176 796 2207 consulunt,
810 2185 871 2212 par-

69 2220 124 2242 tem
136 2214 286 2251 negligunt,
303 2223 359 2241 rem
371 2215 629 2249 perniciosissimam
641 2215 668 2241 in
679 2215 816 2241 civitatem
829 2215 871 2240 in-

70 2252 182 2284 ducunt,
199 2252 359 2279 seditionem
371 2256 452 2287 atque
463 2251 641 2278 discordiam:
660 2260 694 2279 ex
703 2261 758 2287 quo
769 2252 868 2282 evenit,

70 2295 100 2317 ut
110 2290 157 2317 alii
168 2289 321 2325 populares,
330 2289 599 2324 aliistudiosioptimi
613 2290 747 2325 cuiusque
759 2289 871 2316 videan-

70 2332 122 2359 tur,
136 2328 216 2363 pauci
229 2327 427 2353 universorum.
469 2328 511 2353 86.
531 2327 597 2354 Hinc
608 2326 680 2362 apud
691 2327 871 2354 Athenienses

71 2373 185 2401 magnae
196 2364 362 2395 discordiae,
376 2365 404 2391 in
416 2368 504 2390 nostra
516 2363 655 2399 republica
667 2373 720 2391 non
731 2364 819 2391 solum
827 2373 871 2390 se-

70 2401 196 2434 ditiones,
209 2402 257 2429 sed
268 2401 394 2437 pestifera
405 2402 486 2428 etiam
498 2401 568 2428 bella
579 2401 686 2428 civilia:
698 2410 768 2436 quae
779 2402 870 2437 gravis

71 2444 97 2467 et
107 2439 183 2467 fortis
197 2440 267 2467 civis
277 2444 304 2466 et
314 2439 341 2465 in
353 2438 492 2474 republica
503 2438 604 2475 dignus
619 2439 772 2474 principatu
785 2438 871 2474 fugiet

71 2482 151 2513 atque
165 2477 265 2508 oderit,
283 2476 423 2512 tradetque
438 2484 466 2502 se
482 2480 566 2502 totum
582 2476 760 2511 reipublicae,
782 2484 871 2511 neque

71 2522 136 2549 opes
149 2519 196 2542 aut
210 2515 356 2550 potentiam
377 2513 588 2544 consectabitur,
607 2518 742 2548 totamque
758 2522 816 2539 eam
831 2514 870 2540 sic

71 2551 199 2583 tuebitur,
215 2556 246 2579 ut
255 2551 382 2579 omnibus
394 2551 525 2578 consulat.
566 2551 620 2577 Nec
635 2559 697 2577 vero
708 2550 870 2577 criminibus

71 2588 148 2615 falsis
167 2589 195 2616 in
216 2589 310 2616 odium
333 2593 380 2616 aut
404 2588 537 2616 invidiam
561 2596 727 2623 quemquam
752 2588 868 2620 vocabit,

70 2626 235 2662 omninoque
251 2627 286 2653 ita
298 2627 416 2653 iustitiae
428 2625 614 2661 honestatique
625 2625 812 2657 adhaerescet,
829 2630 868 2656 ut.

71 2663 137 2691 dum
150 2672 181 2692 ea
195 2668 349 2696 conservet,
364 2664 492 2700 quamvis
510 2663 628 2700 graviter
647 2662 776 2694 offendat,
798 2671 871 2690 mor-

1118 126 1149 151 22
1169 141 1205 144 —
1226 127 1265 151 26.
1644 129 1700 153 1231

912 201 1020 230 temque
1033 201 1140 231 oppetat
1151 197 1254 231 potius,
1271 204 1352 231 quam
1364 196 1468 222 deserat
1479 196 1537 225 illa,
1555 205 1624 231 quae
1636 197 1705 225 dixi.

913 234 953 259 87.
976 234 1126 260 Miserrima
1142 239 1182 260 est
1196 234 1306 260 omnino
1319 234 1430 260 ambitio
1446 233 1632 268 honorumque
1643 243 1707 260 con-

913 271 1007 301 tentio,
1029 271 1062 297 de
1077 280 1129 306 qua
1141 271 1275 306 praeclare
1286 271 1357 305 apud
1369 271 1494 298 eumdem
1506 276 1545 297 est
1555 271 1704 298 Platonem:

913 310 1038 334 Similiter
1048 311 1133 342 [acere
1143 317 1191 338 eos,
1204 312 1248 342 qui
1260 311 1325 334 inter
1335 318 1361 335 se
1372 311 1555 337 contenderent,
1564 312 1708 342 atei-potius

915 347 1094 378 rempublicam
1105 348 1310 375 administraret,
1322 351 1348 372 ut
1358 349 1381 372 si
1391 351 1485 371 nautae
1496 351 1634 376 certarent,
1651 350 1709 380 qais

914 391 999 408 eorum
1009 385 1167 415 potissimum
1178 385 1340 416 gubernaret.
1381 383 1508 417 Idemque
1520 384 1663 418 praecipit,
1680 389 1709 410 ut

914 428 955 445 eos
970 422 1133 446 adversarios
1148 423 1333 450 existimemus,
1355 424 1398 454 qui
1413 430 1486 446 arma
1507 426 1595 447 contra
1610 423 1708 454 serant:

914 466 964 482 non
975 466 1023 487 eos,
1033 460 1077 490 qui
1087 466 1133 483 suo
1144 460 1239 483 iudicio
1250 460 1316 483 tueri
1328 460 1507 490 rempublicam
1519 459 1608 483 velint:
1619 457 1709 492 qualis

916 493 966 520 fuit
980 495 1048 520 inter
1060 495 1087 520 P.
1100 494 1256 521 Africanum
1268 500 1293 521 et
1303 494 1335 527 Q.
1348 495 1484 522 Metellum
1496 495 1554 520 sine
1566 496 1709 522 acerbitate

915 531 1058 557 dissensio.

970 571 1011 595 88.
1034 570 1088 595 Nec
1103 577 1165 595 vero
1181 569 1322 600 audiendi,
1342 570 1390 604 qui
1405 570 1523 604 graviter
1538 570 1709 596 irascendum

915 607 1034 632 inimicis
1046 606 1188 641 putabunt,
1197 607 1279 641 idque
1291 607 1457 642 magnanimi
1469 611 1493 632 et
1505 606 1579 632 fortis
1592 608 1709 633 viriesse

915 643 1073 670 censebunt.
1114 643 1187 670 Nihil
1205 645 1276 670 enim
1293 644 1471 673 laudabilius,
1495 644 1561 670 nihil
1577 653 1673 679 magno
1685 650 1710 670 et

916 680 1050 715 praeclaro
1066 681 1122 707 viro
1138 681 1248 716 dignius
1264 681 1444 716 placabilitate
1459 686 1537 715 atque
1555 681 1708 707 clementia.

917 719 943 744 ln
957 718 1049 744 liberis
1062 727 1124 745 vero
1135 718 1243 753 populis
1275 720 1338 745 etin
1353 719 1420 745 iuris
1432 718 1620 753 aequabilitate
1633 727 1710 745 exer-

915 755 999 781 cenda
1015 760 1055 782 est
1070 757 1149 782 etiam
1165 755 1279 782 facilitas
1290 761 1315 782 et
1325 755 1437 782 altitudo
1449 757 1545 785 animi,
1562 764 1629 790 quae
1641 756 1711 782 dici-

916 798 972 819 tur:
996 801 1041 823 ne,
1060 794 1083 818 si
1100 794 1246 819 irascamur
1261 798 1306 819 aut
1321 794 1508 827 intempestive
1521 793 1710 819 accedentibus

917 835 962 856 aut
977 830 1149 864 impudenter
1163 830 1335 865 rogantibus,
1353 831 1379 856 in
1396 831 1575 856 morositatem
1588 830 1711 856 inutilem

917 872 942 894 et
957 867 1078 894 odiosam
1099 867 1261 893 incidamus.
1302 868 1334 894 Et
1356 873 1443 894 tamen
1465 869 1499 894 ita
1520 867 1656 901 probanda
1672 872 1711 893 est

917 904 1095 931 mansuetudo
1107 910 1186 939 atque
1197 904 1348 935 clementia,
1370 910 1399 931 ut
1410 904 1569 931 adhibeatur
1581 904 1712 939 reipubli-

916 951 962 968 cae
973 951 1068 968 caussa
1079 943 1217 973 severitas,
1227 942 1284 968 sine
1296 951 1348 977 qua
1360 942 1542 968 administrari
1553 943 1648 968 civitas
1661 951 1712 967 non

917 984 1013 1014 potest.
1054 979 1149 1006 Omnis
1168 985 1258 1006 autem
1278 985 1304 1007 et
1321 980 1519 1006 animadversio
1535 984 1559 1005 et
1574 980 1713 1014 castigatio

917 1016 1079 1044 contumelia
1091 1025 1184 1044 vacare
1196 1017 1288 1049 debet,
1312 1026 1399 1052 neque
1410 1017 1443 1043 ad
1455 1018 1527 1047 eius,
1543 1018 1590 1051 qui
1603 1017 1713 1051 punitur

917 1055 1036 1090 aliquem
1054 1060 1100 1082 aut
1114 1055 1206 1081 verbis
1222 1054 1327 1090 fatigat,
1351 1055 1398 1081 sed
1414 1054 1446 1080 ad
1462 1054 1626 1089 reipublicae
1640 1053 1714 1080 utili-

917 1097 997 1119 tatem
1017 1092 1119 1119 referri.
1160 1094 1201 1118 89.
1224 1092 1379 1119 Cavendum
1402 1097 1442 1118 est
1461 1093 1554 1121 etiam,
1579 1100 1610 1117 ne
1631 1092 1715 1117 maior
1743 1119 1747 1122 ,

917 1138 1011 1164 poena,
1024 1139 1106 1165 quam
1117 1129 1195 1164 culpa
1207 1131 1255 1156 sit:
1268 1134 1294 1156 et
1305 1138 1337 1156 ne
1349 1129 1445 1156 iisdem
1456 1129 1488 1155 de
1495 1130 1598 1155 caussis
1605 1128 1650 1154 alii
1659 1128 1715 1162 ple-

917 1172 1031 1198 ctantur,
1044 1167 1090 1193 alii
1102 1176 1135 1194 ne
1146 1167 1315 1202 appellentur
1325 1167 1446 1202 quidem.
1487 1166 1655 1193 Prohibenda
1667 1175 1715 1191 au-

917 1210 971 1232 tem
987 1205 1104 1231 maxime
1119 1210 1160 1231 est
1176 1205 1213 1231 ira
1231 1205 1257 1230 in
1275 1204 1422 1239 puniendo.
1463 1205 1616 1239 Numquam
1631 1204 1713 1232 enim.

918 1243 1002 1269 iratus
1013 1243 1061 1276 qui
1073 1242 1180 1269 accedet
1191 1242 1224 1268 ad
1237 1250 1359 1277 poenam.
1369 1241 1579 1268 mediocritatem
1591 1241 1664 1267 illam
1677 1246 1715 1266 te-

918 1280 1005 1310 nebit,
1024 1288 1093 1314 quae
1109 1284 1148 1306 est
1163 1281 1232 1306 inter
1246 1280 1362 1306 nimium
1377 1285 1403 1305 et
1417 1287 1526 1313 parum:
1550 1287 1618 1313 quae
1630 1278 1717 1312 placet

919 1318 1115 1352 Peripateticis,
1133 1323 1159 1344 et
1170 1322 1238 1343 recte
1251 1316 1350 1351 placet,
1369 1316 1448 1343 modo
1461 1325 1493 1342 ne
1510 1315 1648 1342 laudarent
1664 1317 1716 1341 ira-

918 1355 1046 1381 cundiam
1062 1360 1088 1381 et
1098 1354 1217 1381 dicerent
1229 1354 1330 1381 utiliter
1341 1363 1354 1380 a
1366 1359 1458 1381 natura
1471 1353 1569 1380 datam.
1611 1352 1657 1378 Illa
1670 1361 1716 1378 ve-

918 1401 947 1419 ro
962 1393 1090 1419 omnibus
1107 1393 1133 1418 in
1150 1392 1231 1418 rebus
1248 1391 1414 1426 repudianda
1425 1396 1478 1419 est:
1501 1390 1714 1425 optandumque,

918 1435 948 1457 ut
963 1430 996 1461 ii,
1014 1430 1063 1464 qui
1079 1435 1207 1464 praesunt
1223 1429 1400 1464 reipublicae,
1423 1428 1513 1463 legum
1533 1427 1636 1454 similes
1652 1428 1714 1456 sint,

918 1476 987 1502 quae
998 1467 1031 1493 ad
1042 1467 1212 1502 puniendum
1225 1475 1277 1493 non
1290 1466 1441 1496 iracundia,
1459 1465 1506 1492 sed
1521 1466 1654 1500 aequitate
1665 1464 1716 1490 du-

919 1510 1026 1532 cuntur.

974 1542 1071 1568 XXVI.
1093 1542 1135 1567 90.
1158 1541 1244 1576 Atque
1260 1542 1339 1567 etiam
1357 1542 1383 1567 in
1399 1541 1480 1567 rebus
1497 1540 1632 1575 prosperis
1648 1538 1716 1565 etad

919 1579 1083 1606 voluntatem
1096 1583 1213 1605 nostram
1226 1578 1372 1605 fluentibus
1406 1576 1717 1612 superbiani,sastidiiiui

920 1617 1154 1653 arrogantiamque
1166 1625 1262 1652 niagno
1273 1624 1352 1651 opere
1368 1615 1512 1651 fugiamus.
1552 1615 1619 1640 Nam
1631 1619 1659 1640 ut
1670 1613 1718 1639 ad-

921 1663 1012 1680 versas
1031 1663 1088 1685 res,
1114 1654 1153 1679 sic
1173 1653 1306 1680 secundas
1326 1653 1499 1679 immoderate
1517 1651 1584 1678 ferre
1601 1651 1718 1677 levitatis

920 1696 973 1718 est:
987 1691 1176 1726 praeclaraque
1188 1696 1228 1718 est
1238 1690 1416 1726 aequabilitas
1429 1691 1454 1716 in
1466 1690 1539 1716 omni
1555 1690 1608 1715 vita
1615 1688 1718 1714 etidem

920 1737 1027 1764 semper
1038 1728 1130 1755 vultus
1141 1728 1289 1764 eademque
1301 1728 1386 1758 frons;
1402 1727 1468 1754 utile
1475 1727 1590 1756 Socrate,
1600 1727 1718 1760 itemque

920 1767 953 1793 de
964 1767 993 1793 C.
1007 1766 1096 1793 Laelio
1109 1767 1274 1801 accepimus.
1314 1765 1471 1800 Philippum
1487 1764 1613 1799 quidem,
1632 1764 1719 1789 Mace-

920 1804 1021 1830 donum
1033 1812 1134 1839 regem,
1143 1804 1224 1830 rebus
1236 1803 1319 1839 gestis
1329 1808 1354 1829 et
1364 1803 1448 1839 gloria
1460 1807 1616 1837 superatum
1628 1810 1641 1827 a
1653 1800 1717 1830 titio,

921 1841 1048 1868 facilitate
1058 1846 1084 1868 et
1095 1841 1260 1868 humanitate
1273 1840 1351 1867 video
1363 1840 1529 1875 superiorem
1542 1839 1636 1865 fuisse.
1669 1838 1720 1864 lta-

920 1888 973 1914 que
985 1879 1051 1906 alter
1061 1887 1168 1914 semper
1180 1887 1303 1914 magnus,
1317 1878 1382 1905 alter
1393 1886 1472 1912 saepe
1487 1877 1675 1912 turpissimus:
1692 1880 1720 1902 ut

921 1922 991 1943 recte
1007 1917 1161 1951 praecipere
1176 1917 1332 1946 videantur,
1350 1917 1398 1950 qui
1414 1920 1534 1941 monent.
1558 1919 1599 1943 ut,
1619 1918 1720 1947 quanto

921 1955 1075 1989 superiores
1095 1962 1206 1985 sumus,
1236 1958 1308 1980 tanto
1329 1962 1376 1979 nos
1395 1961 1522 1988 geramus
1542 1951 1718 1977 submissius.

922 1992 1064 2018 Panaetius
1075 1991 1186 2026 quidem
1199 1992 1363 2025 Africanum,
1378 1992 1520 2016 auditorem
1532 1994 1554 2014 ct
1565 1990 1719 2022 [anulini-cm

921 2037 1008 2059 suum,
1019 2031 1122 2055 solitum
1133 2029 1171 2056 ait
1180 2031 1277 2059 dicere,
1290 2033 1316 2054 ut
1327 2036 1415 2061 equos,
1430 2032 1534 2060 propter
1547 2028 1648 2052 crebras
1661 2034 1720 2051 cou-

923 2068 1045 2092 tentiones
1056 2068 1215 2099 praeliorum
1225 2069 1358 2099 ferocitate
1369 2066 1539 2091 exsultantes.
1555 2064 1721 2089 ‹tornum-ibus

922 2105 1024 2129 tradere
1034 2105 1143 2133 soleant,
1161 2108 1188 2129 ut
1200 2106 1232 2129 iis
1242 2105 1402 2136 facilioribus
1413 2104 1509 2135 possint
1522 2103 1572 2126 uti:
1592 2103 1629 2125 sic
1640 2101 1720 2125 ‘ionii-

922 2148 965 2166 nes
974 2142 1092 2166 secundis
1106 2142 1181 2166 rebus
1195 2143 1332 2173 effrenatos
1346 2141 1444 2172 sibique
1458 2140 1625 2172 praefidentes
1654 2142 1719 2162 (ωηι-

922 2186 1000 2211 quam
1016 2179 1042 2202 in
1056 2185 1148 2210 yyrmii
1164 2179 1273 2203 rationis
1287 2182 1310 2202 ct
1325 2179 1458 2202 doctrinae
1471 2178 1531 2201 duci
1546 2180 1672 2208 oportere.
1694 2178 1719 2198 ut

921 2217 1093 2248 perspicerent
1108 2223 1194 2239 rerum
1209 2215 1379 2239 tmmanurum
1396 2214 1590 2238 imbecillitatem
1607 2214 1719 2236 iura-tn-

923 2256 1019 2285 temqua
1038 2254 1164 2285 fortunar.
1205 2253 1247 2276 91.
1270 2251 1356 2285 Atque
1371 2251 1451 2276 etiam
1471 2250 1497 2276 in
1513 2248 1719 2275 secundissimis

923 2289 1004 2315 rebus
1016 2289 1133 2315 maxime
1144 2293 1184 2314 cst
1196 2287 1324 2314 utendum
1336 2287 1450 2313 consilio
1460 2288 1617 2315 amicorum,
1632 2286 1719 2319 iisque

924 2327 1008 2352 maior
1019 2326 1114 2356 ctiam,
1131 2334 1212 2361 quam
1225 2330 1298 2353 ante.
1317 2324 1459 2351 tribuenda
1473 2324 1625 2350 auctoritas.
1671 2323 1720 2348 lis-

922 2363 1039 2398 demque
1051 2363 1218 2397 temporibus
1229 2361 1379 2388 cart-ndum
1391 2366 1444 2390 est,
1463 2370 1494 2387 nc
1509 2359 1720 2387 assentatoribus

923 2400 1116 2436 patefaciamus
1127 2409 1218 2429 aures,
1233 2408 1280 2426 nec
1292 2399 1396 2425 adulari
1409 2407 1456 2424 nos
1468 2399 1603 2424 sinanius:
1627 2397 1654 2423 in
1665 2404 1720 2431 quo

924 2438 979 2464 fatti
993 2437 1069 2464 tacite
1081 2443 1130 2464 est.
1170 2437 1247 2464 Tales
1259 2437 1330 2463 enim
1343 2445 1389 2462 nos
1401 2444 1459 2461 csse
1472 2440 1607 2469 putamus.
1621 2439 1650 2460 ut
1662 2435 1720 2460 iure

924 2475 1074 2501 laudemur.
1102 2475 1142 2502 Ex
1152 2484 1206 2510 quo
1219 2479 1364 2501 nascuntur
1376 2472 1583 2499 innumerabilia
1596 2476 1716 2506 peccata:

921 2521 1007 2548 quum
1021 2513 1144 2539 homines
1159 2511 1241 2539 inllati
1252 2510 1427 2546 opinionibus
1439 2511 1551 2544 turpiter
1563 2509 1717 2537 irridentur.

922 2555 947 2576 ct
959 2550 985 2576 iu
998 2550 1124 2576 maximis
1136 2554 1275 2576 versantur
1286 2548 1432 2575 erroribus.
1467 2546 1518 2573 Sed
1531 2546 1595 2572 baec
1606 2545 1718 2581 quidem

923 2587 1062 2613 hactenus.

978 2625 1020 2650 92.
1037 2623 1106 2650 lllud
1117 2629 1205 2650 autem
1215 2623 1254 2649 sio
1265 2627 1305 2649 est
1317 2621 1502 2651 iudicandum,
1520 2621 1651 2647 maximas
1661 2621 1718 2655 geri

923 2670 966 2689 res
980 2666 1006 2689 ct
1022 2662 1134 2689 maximi
1150 2662 1233 2688 animi
1247 2660 1281 2687 ab
1298 2660 1345 2691 iis,
1366 2660 1414 2695 qui
1431 2658 1598 2694 respublicas
1615 2662 1716 2694 regant,
