1941 3052
1002 474 1040 500 59.

735 551 768 579 Μ.
804 551 980 580 TULLII
1017 550 1302 580 CICERONIS

981 644 1068 664 Plio

401 719 445 767 L.
534 717 839 768 CORN

894 719 1173 768 ELIO
1260 717 1294 766 B

1346 716 1644 766 ALBO

831 823 1215 864 ORATIO.

743 1004 950 1030 NOTITIA
985 1002 1304 1029 LITTERARIA.

310 1081 356 1102 Les.
370 1081 395 1102 L.
415 1081 483 1102 Gellii
501 1081 633 1102 Publicolae
652 1081 692 1102 en.
714 1081 813 1101 Cornelii
830 1080 924 1101 Lentuli
943 1080 1047 1100 Clodiani
1066 1086 1122 1100 coss.
1141 1081 1199 1105 (una.
1218 1079 1243 1099 Π.
1259 1081 1292 1104 c.)
1305 1080 1331 1099 de
1345 1081 1439 1099 aenne-1¹
1454 1078 1566 1099 ueneeneia
1582 1079 1670 1103 nausii,
1687 1082 1721 1103 ue,
1734 1085 1789 1106 quoe
1801 1078 1840 1099 fn.

206 1116 329 1144 Pompeia:
344 1117 468 1144 imperator
482 1118 509 1137 dc
523 1116 614 1137 comilii
628 1116 703 1137 tellio-¹
716 1116 828 1137 sententia
845 1115 982 1142 singillatim
999 1115 1094 1136 cia-itate
1105 1116 1212 1139 donaret.
1227 1114 1286 1135 tiam
1301 1113 1402 1134 Romani
1415 1117 1488 1134 eueni
1502 1114 1552 1134 inm
1566 1114 1660 1141 optimo.

1698 1114 1769 1134 cain
1786 1114 1842 1141 Ιιςίι

206 1151 314 1179 beneficio
333 1159 359 1172 ne
378 1152 465 1173 Bulbus
479 1152 655 1176 destitueretur,
674 1151 722 1172 :ius
739 1151 898 1179 patrocinium
917 1157 1034 1178 suscepere
1053 1149 1158 1174 cru-uus,
1177 1149 1225 1177 ipse
1242 1149 1366 1177 Pompei-u
1380 1153 1401 1170 ει
1421 1149 1499 1169 Cicero
1519 1149 1559 1169 Cn.
1581 1148 1682 1170 Cornelio
1695 1148 1801 1173 lentulo,
1815 1149 1841 1169 1..

206 1186 297 1208 Marcio
306 1186 417 1215 Philippo
429 1193 486 1208 cosc-
497 1189 554 1213 (698.
565 1187 606 1213 Ε.)

259 1331 336 1352 ARG.
353 1331 476 1352 Gaditanus
492 1331 578 1358 quidun
594 1331 618 1351 L.
631 1330 734 1352 Cornelio
746 1331 815 1352 Balbo
825 1330 878 1351 item
889 1329 1000 1351 Gaditano

206 1366 270 1393 eique
283 1373 323 1394 per
336 1366 438 1393 Pompeii
452 1366 544 1391 gratiam
559 1365 603 1386 civi
613 1367 710 1386 Romano
721 1366 780 1387 facto
791 1366 963 1387 controversiam
974 1365 1001 1385 ile

206 1401 298 1422 ebitum
311 1404 415 1426 moverat,
430 1401 516 1422 :luobus
531 1401 666 1426 argumentis
676 1409 737 1424 usus.
748 1401 827 1428 primo,
838 1401 894 1428 quud
905 1399 1000 1428 populus

206 1436 330 1457 Gaditanus
339 1443 382 1456 non
393 1435 642 1464 essetfuudmsuctm
648 1435 705 1461 legis
715 1436 804 1457 Gelliae
814 1435 938 1460 Corneliae,
951 1434 972 1455 li.
979 1441 998 1455 e.

206 1478 251 1492 earn
266 1478 309 1492 nun
324 1471 443 1492 ascivisset
458 1474 479 1491 et
494 1472 649 1498 approbasset:
668 1471 772 1496 secundo,
783 1471 840 1498 qnod
851 1471 929 1491 foedus
940 1472 999 1490 esset

205 1514 252 1527 rum
271 1505 353 1535 populo
369 1505 480 1527 Gaditano
495 1509 666 1530 sacru-anctum.
682 1513 752 1533 neque
766 1505 842 1532 igitur„
854 1505 955 1533 qnoniam
967 1504 999 1525 rei

205 1544 359 1562 sacrosanctae
377 1543 460 1569 partem
479 1540 514 1561 vel
528 1540 614 1561 violare
628 1541 664 1562 veI
678 1541 766 1561 auferre
781 1542 843 1563 nefas
858 1545 925 1566 esset,
937 1540 998 1561 sah-n

205 1577 294 1597 sne-iere
308 1576 387 1597 liceret
402 1576 470 1597 civem
481 1576 601 1597 Gaditanis
612 1577 706 1597 aui'erre.
730 1577 809 1598 Cicero
818 1576 890 1602 igitur
899 1582 998 1596 tansum

205 1611 237 1632 nie
247 1611 314 1635 dixit.
325 1614 357 1636 ut.
369 1618 411 1638 quo
422 1611 545 1632 adversarii
554 1615 683 1636 argumenta
691 1611 833 1635 dissolveret,
844 1611 914 1638 primo
924 1614 999 1630 osten—

204 1647 267 1667 deret
281 1653 347 1674 pos-e
361 1646 426 1667 etiarn
436 1646 540 1673 populum
552 1647 687 1667 foederatum
698 1649 736 1667 eut
745 1646 846 1670 Iibernm.
857 1645 1000 1673 permittente

204 1681 286 1709 populu
296 1682 401 1706 Romnum.
417 1682 507 1702 functum
518 1681 567 1702 neri
578 1682 648 1707 legum
658 1684 743 1703 tannim
753 1681 862 1705 civilium,
872 1688 916 1701 non
926 1685 998 1701 nutem

204 1723 286 1742 earum,
300 1723 356 1743 qnae
366 1717 392 1737 ιιΙ
406 1716 522 1743 imperinm
538 1717 615 1744 populi
625 1717 725 1741 Romani,
735 1717 802 1742 bellu,
812 1716 919 1737 victorin
929 1715 999 1742 perti-

204 1754 290 1776 nerent,
301 1751 374 1777 quali·
383 1755 442 1772 emet
453 1752 527 1772 Gellia
539 1750 650 1773 Cornelia.
679 1751 766 1771 Deinde
776 1758 818 1771 non
829 1752 892 1772 morlo
902 1751 926 1771 in
936 1757 998 1776 rege-

204 1786 266 1807 tione
276 1786 352 1807 Gellia
359 1785 463 1807 Cornelia
477 1785 542 1810 nibil.
558 1786 616 1812 qnod
629 1788 793 1807 uero-unctum
805 1789 871 1811 esset,
883 1789 998 1813 exceptum

205 1827 254 1842 ense
267 1820 351 1845 «locuit.
367 1821 404 1841 ned
415 1821 480 1841 etiem
492 1821 569 1842 foedus
579 1820 636 1842 inunt
646 1828 690 1841 non
699 1827 749 1843 cue
758 1824 930 1845 ueros-netum.
941 1821 998 1847 quod

204 1862 249 1876 uun
263 1862 276 1876 ι
289 1855 371 1883 populu
386 1858 424 1876 aut
434 1855 498 1883 plebe
507 1859 567 1876 enet
574 1856 691 1880 nucitum.
702 1863 773 1883 neque
782 1855 932 1876 otte-tatione
941 1855 997 1881 legi·

204 1893 242 1911 aut
257 1890 424 1911 coniectatione
437 1890 518 1918 capitis
537 1893 654 1912 nei-ntum.
679 1891 754 1917 mque
768 1894 790 1911 et
797 1898 893 1912 summos
903 1891 998 1918 imperu-

204 1928 265 1946 ture·
283 1925 410 1946 bominibus
433 1928 455 1946 et
473 1925 595 1946 foederatis
612 1925 702 1953 populi·
721 1925 834 1946 eis-itatem
851 1926 997 1953 impertiine.

204 1967 295 1987 eumque
305 1967 348 1981 rem
360 1967 426 1988 saepe
436 1963 525 1981 senatus
535 1960 668 1981 auctoritate
679 1967 702 1982 ne
712 1960 809 1982 iudicum
820 1961 947 1986 sententiis.
958 1968 997 1989 po—

203 1994 252 2022 puli
269 1994 364 2022 denique
378 1995 493 2021 suffragii·
508 2002 558 2016 esse
571 1996 740 2023 comprobatam.
764 1996 861 2017 Exornlio
872 1996 998 2021 magnificas

204 2029 306 2057 Pompeii
320 2029 396 2050 laudes
411 2029 547 2057 complexus,
563 2030 669 2051 invidiam
681 2030 852 2055 familiaritatis,
863 2037 918 2058 quse
929 2030 997 2051 Bulbo

203 2071 251 2085 curn
261 2065 357 2086 Caes-re
366 2064 524 2089 intercedebat,
536 2065 678 2086 cunclusione
688 2065 818 2092 deprecatus
829 2069 870 2086 est.

259 2111 279 2137 1.
293 2112 316 2137 ⁴.
330 2105 364 2137 Si
374 2110 542 2137 auctoritates
553 2115 725 2145 patronorum
739 2111 765 2137 in
778 2111 885 2138 iudiciis
897 2110 994 2143 valent,

203 2147 236 2174 ab
252 2147 428 2182 amplissimis
444 2148 509 2174 viris
524 2148 554 2174 L.
571 2147 685 2175 Cornelii
706 2156 799 2175 caussa
821 2148 930 2176 defensa
941 2154 996 2180 est;

203 2185 226 2212 si
241 2193 320 2216 usus,
343 2194 357 2211 a
379 2185 562 2220 peritissimi53
584 2185 607 2211 si
623 2186 738 2221 ingenia,
761 2185 794 2212 ah
809 2185 998 2221 eloquentissi—

203 2222 269 2253 mis;
291 2223 315 2248 si
325 2223 422 2253 studia,
435 2222 468 2248 ab
479 2223 650 2249 amicissimis
661 2227 687 2249 et
697 2231 782 2257 quum
793 2223 997 2250 beneficiiscum

204 2259 234 2286 L.
261 2259 395 2291 Cornelio.
423 2264 479 2286 tum
501 2260 616 2286 maxima
637 2259 816 2287 familiaritate
835 2261 995 2288 coniunctis.

203 2295 276 2328 Quae
294 2301 358 2323 sunt
378 2297 460 2333 igitur
479 2305 552 2324 meae
573 2296 680 2332 partes?
707 2298 878 2325 Auctoritatis
898 2303 994 2330 tantae,

203 2338 330 2368 quantam
346 2343 393 2361 vos
403 2334 432 2360 in
443 2343 485 2361 me
496 2343 555 2360 esse
567 2334 699 2366 voluistis.
713 2343 781 2362 usus
791 2335 942 2366 mediocris,
955 2336 998 2362 in-

203 2371 275 2406 genii
291 2372 401 2398 mimine
412 2371 540 2398 voluntati
553 2372 634 2406 paris.
675 2372 742 2399 Nam
752 2373 856 2404 ceteris,
870 2382 883 2400 a
894 2373 996 2408 quibus

204 2412 244 2434 est
263 2407 403 2440 defensus,
431 2408 502 2435 hunc
525 2409 622 2435 debere
645 2408 794 2444 plurimum
815 2410 906 2437 video:
936 2419 994 2446 ego,

204 2449 332 2479 quantum
354 2446 377 2472 ei
398 2445 518 2477 debeam,
540 2445 592 2473 alio
611 2445 852 2483 1oeo[ostendam].
878 2449 903 2475 2.
920 2448 998 2474 Prin—

203 2481 274 2515 cipio
288 2483 414 2509 orationis
430 2483 478 2509 hoc
493 2491 571 2518 pono,
585 2491 628 2509 me
638 2484 773 2515 omnibus¹
786 2485 834 2518 qui
847 2485 926 2511 amici
937 2484 997 2511 fue-

205 2517 257 2543 rint
271 2518 350 2545 saluti
362 2524 386 2546 et
397 2519 520 2555 dignitati
531 2528 614 2551 meae,
627 2521 650 2546 si
663 2521 752 2546 minus
764 2520 901 2547 referenda
912 2522 996 2557 gratia

204 2554 354 2581 satisfacere
375 2557 514 2590 potuerim,
532 2561 557 2583 at
572 2557 747 2592 praedicanda
759 2562 784 2584 et
795 2557 916 2585 habenda
927 2564 996 2585 certe

204 2591 268 2617 satis
289 2600 347 2618 esse
368 2592 508 2620 facturum.
543 2593 616 2626 Quae
640 2593 720 2620 fuerit
739 2594 862 2621 hesterno
882 2595 925 2622 die
946 2596 993 2622 Cn.

204 2628 322 2663 Pompeii
342 2630 458 2664 gravitas
478 2630 505 2656 in
525 2630 646 2662 dicendo,
663 2631 775 2663 iudices,
792 2640 860 2666 quae
872 2632 992 2664 facultas,

203 2674 271 2700 quae
287 2666 370 2701 copia,
388 2674 440 2692 non
451 2667 574 2702 opinione
585 2669 662 2695 tacita
675 2673 822 2696 vestrorum
833 2670 992 2702 animorum,

1049 1329 1097 1357 sed
1109 1330 1249 1365 perspicua
1260 1329 1434 1356 admiratione
1445 1328 1572 1356 declarari
1583 1329 1734 1356 videbatur.
1769 1328 1842 1356 Nihil

1049 1369 1120 1394 enim
1143 1376 1272 1402 umquam
1293 1367 1398 1398 audivi¹
1421 1367 1494 1402 quod
1512 1367 1579 1393 mihi
1593 1367 1626 1394 de
1642 1368 1699 1394 iure
1713 1366 1843 1394 subtilius

1049 1405 1101 1431 dici
1123 1405 1266 1436 videretur,
1284 1404 1351 1431 nihil
1367 1404 1400 1431 de
1416 1413 1488 1431 more
1503 1405 1646 1435 maiorum.
1663 1404 1697 1431 de
1711 1403 1843 1439 exemplis

1049 1442 1163 1473 acutius,
1185 1441 1253 1468 nihil
1269 1442 1380 1476 peritius
1395 1441 1428 1468 de
1444 1441 1606 1472 foederibus,
1619 1441 1686 1468 nihil
1699 1441 1844 1468 illustriore

1049 1480 1203 1506 auctoritate
1218 1479 1251 1506 de
1266 1479 1355 1510 bellis,
1372 1479 1439 1505 nihil
1450 1478 1483 1505 de
1495 1479 1632 1514 republica
1642 1480 1760 1515 gravius.
1774 1478 1842 1505 nibil

1048 1517 1081 1543 de
1092 1518 1151 1552 ipso
1164 1516 1321 1547 modestius.
1335 1516 1402 1543 nihil
1413 1516 1447 1543 de
1455 1525 1551 1543 caussa
1560 1516 1841 1543 etcrimineornatius:

1049 1556 1074 1581 3.
1097 1559 1126 1581 ut
1141 1554 1208 1580 mibi
1224 1555 1276 1580 iam
1292 1562 1386 1580 verum
1402 1553 1601 1580 videaturillud
1612 1562 1680 1585 esse,
1693 1553 1766 1588 quod
1777 1561 1844 1580 nou-

1049 1591 1126 1622 nulli,
1150 1591 1244 1617 litteris
1259 1599 1289 1618 ac
1304 1591 1404 1617 studiis
1417 1590 1552 1617 doctrinae
1566 1591 1659 1622 dediti.
1671 1591 1750 1626 quasi
1761 1590 1844 1625 quid-

1049 1628 1110 1655 dam
1130 1628 1288 1654 incredibile
1301 1628 1390 1654 dicere
1405 1628 1581 1662 putabantur,
1597 1637 1670 1659 eum.
1686 1629 1733 1663 qui
1749 1635 1843 1654 omnes

1049 1666 1138 1692 animo
1149 1666 1262 1691 virtutes
1274 1665 1642 1700 penituscomprehendisset.
1663 1665 1761 1695 omnia.
1773 1672 1843 1700 quae

1049 1702 1138 1733 vellet,
1159 1711 1241 1737 quam
1261 1701 1389 1729 facillime
1409 1706 1529 1728 tractare.
1573 1701 1646 1734 Quae
1667 1703 1738 1728 enim
1760 1702 1789 1728 in
1810 1701 1840 1728 L.

1049 1740 1144 1767 Crasso
1168 1739 1263 1774 potuit.
1291 1739 1398 1766 bomine
1419 1743 1480 1766 nato
1498 1739 1532 1765 ad
1551 1739 1658 1766 dicendi
1677 1738 1842 1774 singularem

1048 1776 1193 1812 quamdam
1214 1776 1375 1807 facultatem.
1392 1777 1415 1802 si
1431 1776 1499 1803 hanc
1513 1785 1637 1802 caussam
1648 1781 1745 1812 ageret,
1759 1777 1843 1803 maior

1048 1823 1106 1841 esse
1119 1814 1234 1845 ubertas.
1248 1814 1370 1844 varietas,
1383 1814 1468 1848 copia.
1481 1822 1562 1848 quam
1574 1813 1625 1840 fuit
1635 1814 1662 1840 in
1673 1822 1712 1844 eo.
1725 1814 1772 1848 qui
1784 1818 1843 1840 tan·

1048 1856 1106 1878 tum
1127 1851 1214 1886 potuit
1229 1851 1364 1886 impertire
1380 1851 1443 1877 huic
1452 1850 1543 1877 studio
1557 1851 1693 1886 temporis.
1710 1855 1842 1885 quantum

1047 1889 1118 1924 ipse.
1141 1897 1156 1914 a
1167 1889 1280 1923 pueritia
1301 1896 1388 1923 usque
1407 1887 1440 1914 ad
1456 1888 1523 1914 hanc
1538 1893 1658 1919 aetatem.
1679 1897 1693 1914 a
1707 1887 1842 1914 continuis

1048 1926 1126 1952 bellis
1146 1930 1172 1952 et
1187 1926 1305 1952 victoriis
1320 1925 1492 1960 conquievit?
1516 1926 1540 1952 4.
1559 1925 1618 1958 Quo
1628 1925 1694 1951 mihi
1707 1924 1843 1951 difficilior

1048 1968 1088 1990 est
1099 1963 1142 1990 hic
1153 1968 1288 1990 extremus
1300 1962 1440 1998 perorandi
1452 1962 1536 1989 Iocus.
1576 1963 1682 1989 Etenim
1692 1963 1717 1988 ei
1727 1961 1843 1988 succedo

1047 2001 1167 2032 orationi,
1189 2009 1258 2035 quae
1273 2009 1326 2027 non
1342 2004 1519 2035 praetervecta
1533 2000 1569 2026 sit
1581 2008 1659 2026 aures
1671 2004 1780 2030 vestras.
1793 1997 1843 2025 sed

1047 2038 1075 2064 in
1086 2038 1184 2064 animis
1198 2038 1319 2065 omnium
1331 2038 1438 2072 penitus
1449 2037 1589 2070 insederit;
1605 2036 1706 2072 utplus
1719 2035 1843 2071 volupia-

1048 2075 1081 2101 tis
1096 2083 1129 2102 ex
1139 2075 1320 2102 recordatione
1330 2075 1404 2101 illius
1414 2075 1550 2106 orationis,
1562 2083 1644 2109 quam
1657 2083 1709 2101 non
1720 2073 1800 2100 modo
1807 2081 1843 2100 ex

1047 2121 1119 2144 mea,
1136 2112 1184 2139 sed
1198 2113 1360 2147 cuiusquam
1373 2113 1490 2138 oratione
1500 2120 1594 2147 capere
1605 2111 1723 2146 possitis.
1744 2111 1777 2138 11.
1789 2109 1842 2137 Sed

1047 2159 1104 2176 mos
1115 2154 1156 2176 est
1165 2149 1299 2185 gerendus
1310 2158 1363 2176 non
1375 2149 1589 2180 modoCornelio,
1597 2149 1675 2175 cuius
1685 2157 1735 2184 ego
1745 2147 1843 2175 volun-

1047 2188 1093 2213 tati
1107 2187 1135 2214 in
1149 2188 1208 2214 eius
1226 2186 1352 2221 periculis
1367 2186 1442 2213 nullo
1457 2186 1535 2213 modo
1549 2186 1642 2212 deesse
1657 2194 1780 2220 possum,
1793 2184 1842 2212 sed

1046 2225 1126 2251 ctiam
1137 2223 1185 2251 Cn.
1198 2224 1333 2259 Pompeio.
1344 2225 1393 2259 qui
1404 2224 1447 2250 sui
1454 2223 1524 2254 facti.
1535 2223 1580 2250 sui
1590 2222 1693 2253 iudicii.
1705 2223 1749 2249 sui
1758 2222 1843 2249 benc.—

1047 2261 1100 2289 Iicii
1123 2261 1208 2288 voluit
1217 2269 1260 2287 me
1271 2270 1342 2292 esse,
1356 2266 1385 2287 ut
1394 2261 1467 2296 apud
1477 2260 1585 2287 eosdem
1597 2269 1653 2291 vos.
1665 2259 1778 2290 iudices,
1790 2268 1842 2286 nu-

1047 2307 1094 2334 per
1104 2299 1132 2325 in
1138 2298 1189 2325 alia
1204 2307 1299 2325 caussa
1306 2298 1412 2329 fuerim,
1420 2297 1839 2333 etpraedicatoremetauctorem.

1103 2337 1128 2362 5.
1142 2335 1181 2362 Ac
1201 2336 1268 2362 mihi
1283 2335 1394 2371 quidem
1409 2335 1460 2362 hoc
1473 2335 1587 2371 dignum
1601 2335 1639 2360 rei
1655 2333 1773 2364 videtur.
1790 2333 1842 2360 hoe

1046 2372 1138 2399 deberi
1154 2373 1236 2399 huius
1247 2372 1403 2399 excellentis
1414 2373 1464 2399 viri
1476 2371 1719 2407 praestantissimae
1728 2370 1838 2406 gloriae,

1048 2409 1096 2437 hoc
1107 2411 1245 2445 proprium
1257 2419 1316 2436 esse
1327 2410 1409 2436 vestri
1418 2409 1510 2439 officii.
1517 2408 1568 2435 hoc
1578 2409 1643 2434 satis
1651 2416 1712 2435 esse
1718 2415 1838 2439 caussae,

1047 2452 1085 2478 ut.
1100 2447 1173 2482 quod
1189 2447 1285 2474 fecisse
1299 2447 1347 2474 Cn.
1363 2447 1521 2481 Pompeium
1535 2450 1651 2476 constet,
1669 2445 1697 2472 id
1711 2453 1804 2472 omnes
1814 2444 1841 2472 ei

1046 2484 1155 2511 licuisse
1165 2485 1320 2511 concedant.
1355 2485 1422 2511 Nam
1433 2484 1523 2510 verius
1534 2482 1602 2509 nihil
1613 2487 1662 2514 est,
1674 2491 1756 2517 quam
1766 2481 1840 2517 quod

1046 2521 1170 2548 hesterno
1184 2521 1228 2547 die
1241 2522 1310 2548 dixit
1324 2521 1396 2556 ipse,
1411 2521 1447 2547 ita
1462 2521 1492 2546 L.
1509 2519 1662 2547 Cornelium
1677 2519 1710 2546 de
1724 2519 1839 2546 fortunis

1045 2559 1172 2585 omnibus
1188 2559 1327 2589 dimicare.
1345 2563 1374 2584 ut
1389 2557 1490 2584 nullius
1505 2558 1533 2583 in
1548 2557 1639 2583 delicti
1648 2557 1749 2583 crimen
1760 2564 1839 2583 voca-

1045 2600 1128 2622 retur.
1167 2596 1226 2622 Non
1240 2596 1312 2622 enim
1326 2595 1429 2621 furatus
1444 2603 1503 2621 esse
1516 2594 1665 2624 civitatem.
1685 2602 1737 2620 non
1751 2601 1838 2629 genus

1045 2641 1126 2659 suum
1147 2633 1305 2664 ementitus,
1321 2640 1373 2659 non
1387 2632 1416 2658 in
1431 2631 1521 2667 aliquo
1535 2631 1686 2666 impudenti
1700 2630 1839 2657 mendacio

1045 2669 1198 2702 delituisse,
1222 2679 1276 2697 non
1295 2669 1436 2705 irrepsisse
1450 2669 1479 2696 in
1492 2677 1604 2696 censum
1619 2668 1730 2695 dicitur:
1752 2676 1838 2694 unum
