1941 3052
434 130 619 158 ORATIO
652 130 741 157 PRO
773 131 809 156 M.

77 202 194 237 denique
217 201 296 229 modo
316 205 340 227 te
360 201 392 233 Q.
413 200 513 228 Metelli
532 202 732 228 matrimonium
752 201 871 228 tenuisse

77 239 191 270 sciebas,
203 239 346 266 clarissimi
357 247 386 265 ac
398 237 536 265 fortissimi
549 239 599 266 viri
611 239 765 274 patriaeque
779 247 872 265 aman-

77 276 193 304 tissimi?
212 278 259 312 qui
275 276 389 302 simulac
403 276 498 311 pedem
515 276 607 303 limine
621 276 764 307 extulerat,
777 284 871 302 omnes

76 323 160 350 prope
172 314 246 341 cives
262 314 372 344 virtute,
389 314 487 350 gloria,
504 313 633 349 dignitate
647 312 808 348 superabat?
827 313 873 340 cui

76 359 163 387 quum
178 360 212 378 ex
226 350 394 385 amplissimo
404 359 500 386 genere
515 351 543 377 in
555 350 684 378 familiam
694 350 872 377 clarissimam

77 389 234 424 nupsisses,
261 396 309 416 cur
333 388 381 414 tibi
407 388 513 415 Caelius
542 393 595 415 tam
622 389 782 415 coniunctus
803 387 873 414 suit‘?

77 426 231 462 Cognatus‘?
249 425 356 453 affinis?
375 426 426 452 viri
441 426 481 453 tui
497 425 654 452 familiaris?
674 425 747 452 Nihil
764 425 870 452 horum.

76 463 148 496 Quid
167 464 250 499 igitur
271 463 334 494 fuit,
356 463 410 490 nisi
429 463 561 499 quaedam
578 463 711 490 temeritas
728 471 756 489 ac
772 461 873 489 libido?

76 501 171 528 Nonne
187 506 223 532 te,
242 502 265 528 si
280 505 385 528 nostrae
400 501 531 536 imagines
546 500 638 527 viriles
654 509 705 527 non
721 507 873 526 commove-

76 538 155 570 bant,
172 547 205 565 ne
220 538 362 575 progenies
376 538 488 573 quidem
503 546 574 569 mea,
587 537 619 570 Q.
635 537 681 564 illa
692 537 817 568 Claudia,
830 545 874 563 ae-

77 575 179 603 mulam
194 576 356 603 domesticae
371 575 458 602 laudis
472 576 500 602 in
516 574 600 611 gloria
615 574 741 601 muliebri
755 582 815 600 esse
826 573 874 600 ad-

77 613 220 641 monebat?
247 622 301 640 non
321 613 398 649 virgo
417 612 463 639 illa
474 612 587 640 Vestalis
598 611 721 642 Claudia,
735 619 812 646 quae,
827 619 874 645 pa-

77 656 145 678 trem
155 651 293 686 complexa
305 649 524 685 triumphantem,
537 649 687 676 abinimico
697 648 806 675 tribuno
816 648 874 682 ple-

77 688 120 716 bis
140 689 173 715 de
192 697 273 715 curru
293 688 396 715 detrahi
412 696 490 722 passa
506 695 558 714 non
573 685 632 713 est?
651 686 705 713 Cur
720 690 745 712 te
761 685 874 712 fraterna

78 727 143 753 vitia
163 727 266 761 potius,
288 734 370 761 quam
385 725 453 752 bona
469 728 578 759 paterna
593 728 618 751 et
632 724 702 750 avita
716 727 743 750 et
757 731 845 758 usque
860 731 873 748 a

78 764 156 790 nobis
175 772 261 798 quum
282 763 309 789 in
326 763 404 794 viris,
426 767 484 789 tum
499 762 579 788 etiam
595 761 622 787 in
638 760 746 787 feminis
762 760 874 795 repetita

78 800 237 828 moverunt?
256 800 351 827 Ideone
371 808 420 835 ego
441 808 533 834 pacem
552 798 648 834 Pyrrhi
668 798 779 829 diremi,
799 802 829 824 ut
845 802 874 824 tu

78 847 198 865 amorum
209 838 428 872 turpissimorum
440 836 560 872 quotidie
571 835 676 863 foedera
687 834 798 862 ferires?
814 834 874 861 ideo

77 884 175 911 aquam
195 875 309 906 adduxi,
332 879 362 901 ut
381 882 411 900 ea
426 878 455 900 tu
470 875 571 900 inceste
586 872 706 899 uterere?
726 872 786 899 ideo
802 873 873 898 viam

77 913 191 943 munivi,
205 916 235 939 ut
245 920 303 938 eam
315 916 343 938 tu
354 911 449 938 alienis
461 911 526 938 viris
537 911 661 938 comitata
670 909 837 937 celebrares?

133 950 191 977 XV.
208 951 250 976 35.
263 949 316 976 Sed
329 949 396 984 quid
409 958 472 985 ego,
484 948 601 979 iudices,
615 948 650 975 ita
660 956 770 984 gravem
781 955 874 982 perso—

77 997 139 1015 nam
149 987 254 1018 induxi‚
268 991 298 1014 ut
308 995 407 1018 verear,
415 995 448 1013 ne
459 994 488 1013 se
499 986 570 1012 idem
576 986 681 1021 Appius
692 989 800 1020 repente
809 993 875 1011 con-

77 1029 162 1052 vertat
181 1029 207 1051 et
222 1024 342 1051 Caelium
356 1025 467 1059 incipiat
480 1032 605 1050 accusare
619 1022 665 1049 illa
680 1031 728 1049 sua
743 1023 874 1058 gravitate

77 1061 213 1090 censoria‘?
233 1061 287 1089 Sed
298 1062 389 1089 videro
400 1062 450 1088 hoc
460 1061 601 1096 posterius,
615 1065 695 1095 atque
705 1061 750 1091 ita,
758 1059 872 1090 iudices,

76 1104 107 1127 ut
118 1099 161 1127 vel
172 1100 352 1126 severissimis
362 1099 586 1134 disceptatoribus
597 1098 633 1125 M.
642 1097 725 1125 Caelii
736 1098 819 1124 vitam
831 1105 874 1124 me

77 1137 252 1173 probaturum
278 1145 338 1163 esse
361 1137 503 1164 confidam.
548 1136 588 1162 Tu
610 1144 673 1162 vero
693 1134 790 1162 mulier
810 1135 873 1170 (iam

77 1175 149 1201 enim
164 1175 223 1210 ipse
237 1179 339 1206 tecum,
353 1174 426 1201 nulla
438 1182 551 1209 persona
562 1173 720 1204 introducta,
735 1172 838 1208 loquor)
850 1172 873 1198 si

77 1220 116 1244 ea,
129 1221 199 1248 quae
213 1212 286 1243 sacis,
299 1220 368 1247 quae
379 1212 456 1243 dicis,
468 1220 539 1247 quae
549 1210 702 1241 insimulas,
715 1219 784 1245 quae
795 1209 874 1236 moli-

77 1250 128 1280 ris,
142 1258 211 1285 quae
221 1250 322 1285 arguis,
336 1249 448 1284 probare
457 1250 573 1285 cogitas:
596 1249 725 1275 rationem
737 1252 823 1274 tantae
835 1247 875 1274 la-

78 1287 248 1318 miliaritatis‚
261 1291 348 1314 tantae
358 1287 571 1317 consuetudinis,
580 1290 667 1312 tantae
677 1285 875 1312 coniunctionis

78 1324 173 1351 reddas
188 1329 268 1359 atque
283 1332 400 1359 exponas
416 1332 524 1351 necesse
538 1328 587 1350 est.
627 1323 801 1350 Accusatores
812 1323 875 1358 qui-

77 1361 139 1388 dem
151 1361 291 1392 libidines,
304 1370 421 1393 amores,
433 1361 578 1392 adulteria,
591 1361 676 1392 Baias,
689 1364 769 1392 actas,
781 1360 875 1387 convi-

78 1399 134 1430 via,
164 1399 380 1430 comissationes,
410 1403 518 1429 cantus,
549 1398 739 1434 symphonias,
766 1398 875 1433 navigia

76 1437 188 1463 iactant:
204 1436 340 1472 iidemque
351 1436 503 1472 significant
513 1435 581 1463 nihil
592 1444 630 1467 se,
638 1440 663 1463 te
674 1436 767 1466 invita,
775 1435 874 1462 dicere.

77 1473 151 1506 Quae
166 1478 209 1505 tu,
234 1474 361 1509 quoniam
377 1478 466 1500 mente
481 1473 571 1500 nescio
589 1482 642 1508 qua
657 1473 780 1500 effrenata
795 1477 875 1508 atque

77 1512 218 1546 praecipiti
241 1512 268 1538 in
284 1511 371 1538 sorum
387 1510 484 1538 deferri
496 1511 682 1546 iudiciumque
694 1510 817 1541 voluisti,
829 1514 876 1537 aut

78 1549 167 1575 diluas
188 1553 289 1584 oportet
309 1553 334 1575 et
355 1548 421 1575 falsa
436 1557 496 1575 esse
514 1548 624 1579 doceas,
642 1552 688 1574 aut
704 1547 770 1574 nihil
787 1556 875 1583 neque

78 1586 183 1613 crimini
199 1590 246 1613 tuo
262 1594 349 1622 neque
359 1586 510 1613 testimonio
521 1585 684 1613 credendum
695 1594 755 1612 esse
767 1585 874 1612 fateare.

78 1625 119 1651 36.
136 1623 184 1650 Sin
203 1628 292 1650 autem
314 1623 444 1650 urbanius
465 1632 508 1650 me
529 1631 608 1659 agere
623 1623 724 1654 mavis,
742 1623 782 1649 sic
797 1631 874 1658 agam

77 1666 181 1688 tecum:
203 1661 345 1688 removebo
359 1660 438 1687 illum
450 1669 542 1687 senem
553 1660 653 1687 durum
664 1669 694 1687 ac
705 1669 789 1695 paene
799 1668 876 1696 agre-

77 1703 160 1731 stem3
183 1706 216 1725 ex
232 1698 329 1734 hisque
345 1698 399 1725 tuis
414 1707 520 1725 sumam
531 1697 650 1733 aliquem
661 1706 691 1724 ac
703 1698 874 1733 potissimum

78 1736 221 1763 minimum
242 1735 364 1767 fratrem,
386 1736 433 1771 qui
450 1740 491 1762 est
505 1736 533 1763 in
548 1736 599 1762 isto
613 1743 710 1771 genere
726 1735 876 1762 urbanissi-

78 1782 153 1800 mus:
179 1773 226 1809 qui
251 1777 276 1800 te
297 1778 368 1800 amat
388 1773 551 1808 plurimum,
573 1774 636 1808 qui,
658 1777 765 1808 propter
786 1773 876 1800 nescio

77 1819 169 1846 quam,
182 1809 274 1842 credo,
287 1811 458 1837 timiditatem
474 1815 500 1837 et
515 1814 659 1837 nocturnos
674 1810 806 1845 quosdam
817 1811 876 1837 ina-

79 1857 125 1874 nes
137 1852 234 1879 metus,
243 1852 330 1875 tecum
341 1856 447 1883 semper
457 1849 536 1883 pusio
545 1856 609 1875 cum
619 1848 718 1875 maiore
728 1856 817 1875 sorore
828 1856 876 1874 cu-

78 1885 182 1912 bitavit.
213 1886 283 1912 Eum
294 1890 386 1920 putato
397 1890 484 1912 tecum
497 1885 585 1920 loqui:
607 1885 678 1918 Quid
689 1885 873 1916 tumultuarie,

78 1922 170 1950 soror?
183 1922 249 1958 quid
261 1922 382 1949 insanis?
394 1923 461 1957 quid
472 1922 587 1949 clamore
598 1931 700 1954 exorsa,
714 1923 803 1950 verbis
816 1931 877 1958 par-

80 1968 140 1986 vam
165 1968 220 1986 rem
244 1968 369 1995 magnam
394 1959 479 1987 facis?
498 1960 623 1987 Vicinum
644 1959 876 1987 adolescentulum

79 1997 222 2032 aspexisti:
248 1997 346 2024 candor
362 1996 444 2024 huius
460 2001 484 2024 te
495 2001 521 2023 et
532 1997 676 2032 proceritas
688 1997 780 2024 vultus
791 1997 877 2024 oculi-

79 2042 132 2069 que
153 2033 328 2069 pepulerunt:
353 2034 461 2069 saepius
482 2034 572 2061 videre
593 2034 716 2061 voluisti:
743 2043 877 2062 nonnum-

80 2080 162 2106 quam
175 2072 202 2098 in
214 2071 310 2098 iisdem
323 2071 405 2098 hortis
413 2072 468 2098 visa
476 2071 574 2098 nobilis
581 2071 691 2098 mulier:
705 2071 782 2098 illum
789 2072 876 2099 filium

79 2109 196 2135 familias
208 2113 282 2144 patre
293 2117 371 2143 parco
382 2117 412 2135 ac
423 2109 508 2136 tenaci
516 2109 612 2135 habere
624 2109 678 2136 tuis
690 2110 775 2144 copiis
781 2109 877 2137 devin-

79 2151 152 2173 ctum
164 2154 216 2173 non
228 2150 316 2181 potes:
337 2145 465 2177 calcitrat.
478 2146 589 2180 respuit,
603 2155 655 2173 non
667 2151 742 2181 putat
753 2151 797 2173 tua
808 2147 876 2174 dena

80 2191 138 2210 esse
150 2183 226 2210 tenti.
267 2182 362 2210 Confer
377 2187 402 2210 te
412 2183 474 2210 alio.
505 2183 591 2210 Habes
603 2183 692 2210 hortos
703 2183 735 2210 ad
748 2184 874 2215 Tiberim,

79 2229 110 2247 ac
123 2221 266 2257 diligenter
281 2228 312 2247 eo
328 2220 383 2247 loco
398 2221 510 2255 parasti,
528 2229 582 2255 quo
592 2221 680 2248 oninis
691 2221 818 2248 iuventus
829 2231 878 2248 na-

79 2258 152 2285 tandi
173 2267 268 2285 caussa
289 2259 371 2284 venit.
411 2258 477 2284 Hinc
497 2258 559 2285 licet
577 2258 742 2285 conditiones
756 2259 877 2295 quotidie

81 2295 163 2332 legas.
204 2295 258 2322 Cur
270 2295 342 2326 huic,
357 2296 405 2330 qui
418 2299 442 2322 te
452 2295 564 2330 spernit,
578 2295 688 2322 molesta
700 2295 748 2323 es?

136 2333 204 2360 XVI.
227 2334 268 2359 37.
281 2332 369 2359 Redeo
390 2341 462 2359 nunc
481 2332 515 2359 ad
536 2337 574 2364 te,
596 2332 682 2364 Caeli,
696 2333 830 2365 vicissim,
848 2342 878 2360 ac

80 2369 148 2396 mihi
168 2371 350 2397 auctoritatem
371 2370 483 2404 patriam
504 2370 728 2405 severitatemque
742 2371 875 2406 suscipio:

81 2407 128 2434 sed
138 2407 240 2439 dubito,
253 2416 335 2443 quem
348 2412 449 2442 patrem
461 2407 632 2442 potissimum
644 2416 765 2434 sumam:
787 2408 879 2436 Caeci-

81 2443 217 2472 lianumne
227 2445 346 2479 aliquem
358 2445 544 2471 vehementem
555 2449 635 2480 atque
645 2444 762 2471 durum?

154 2482 230 2509 Nunc
243 2485 310 2509 enim
323 2485 423 2509 domum
435 2484 498 2509 mihi
507 2485 609 2508 &inimus
619 2484 706 2513 ardet,
719 2485 787 2510 ηύιιο
796 2491 879 2510 meum

491 2528 536 2546 cor
545 2521 693 2546 cunnumtur
703 2521 754 2546 im.

81 2554 136 2582 Aut
144 2555 231 2587 illum,
243 2571 281 2577 —-—
290 2571 327 2577 —-

157 2592 179 2620 0
188 2595 289 2627 infelix,
302 2603 317 2620 ο
326 2595 429 2620 sceleste
438 2608 476 2614 -—
485 2608 522 2613 —

83 2628 170 2656 Feri-oi
183 2634 247 2657 sunt
258 2631 302 2658 isti
313 2635 412 2666 patres.

156 2681 193 2688 —
203 2682 239 2688 —
249 2668 335 2702 qune
345 2670 407 2703 quid
416 2666 522 2695 dicam?
541 2676 617 2702 ayone
627 2669 689 2702 quid
699 2667 793 2696 velini?

844 130 1037 157 CAELIO.
1079 130 1176 158 CAP.

1210 133 1218 157 l
1229 133 1234 157 1
1260 146 1296 151 -
1318 132 1358 157 17.
1665 133 1714 159 527

998 201 1069 234 Quae
1083 206 1110 228 tu
1125 204 1211 228 emnia
1225 205 1276 228 tuis
1290 204 1369 235 foedis
1382 204 1459 235 [aclis
1473 204 1551 235 {dci-s,
1568 207 1595 228 ut
1611 206 1717 236 nequid-

1332 242 1409 272 qudm
1418 240 1502 265 velim.

923 275 975 302 Vix
989 274 1097 302 ferenda
1112 275 1212 302 diceret
1226 275 1288 302 talis
1303 281 1390 311 pater:
1418 276 1493 307 „Cur
1508 281 1530 302 te
1545 279 1573 302 in
1587 279 1663 302 istam
1680 286 1718 302 r«-

924 315 1054 339 cinitatem
1068 315 1240 339 meretriciam
1251 313 1400 340 contulisti?
1423 313 1482 344 Cur,
1495 315 1621 339 illecebris
1632 315 1719 346 coqui-

923 352 969 379 tis,
984 358 1034 376 non
1048 349 1185 383 refugisti?
1207 350 1260 377 Cur
1273 353 1385 377 alienam
1399 352 1479 377 ullam
1494 352 1624 376 mulierem
1633 350 1719 376 nosti.)

924 387 988 414 Dide
1001 396 1033 414 ac
1048 389 1151 421 disjice!
1170 388 1218 414 Per
1233 397 1270 414 me
1285 390 1378 414 licebit.
1418 388 1448 415 Si
1458 390 1547 421 egebis,
1560 390 1606 414 tibi
1618 389 1718 414 dolebit.

1337 426 1402 452 Mihi
1414 430 1455 452 sat
1469 430 1514 456 est,

924 464 981 494 qui,
992 464 1087 488 aetatis
1096 463 1164 495 quod
1173 463 1300 495 reliquum
1310 468 1354 493 est,
1367 465 1493 493 oblectem,
1505 471 1583 488 meae.
1594 465 1610 476 ¹⁴

924 500 966 525 38.
988 499 1056 525 Huic
1070 499 1139 526 tristi
1155 507 1185 525 ac
1199 498 1299 526 directo
1311 501 1369 526 seni
1381 499 1552 535 responderet
1561 498 1678 529 Caelius,
1691 507 1720 525 se

924 535 998 562 nulla
1018 536 1164 571 cupiditate
1185 536 1325 563 inductum
1344 537 1378 564 de
1393 538 1436 564 via
1451 537 1609 564 decessisse.
1650 535 1721 568 Quid

924 572 1014 608 signi?
1033 573 1107 600 Nulli
1127 578 1267 608 sumptus,
1290 574 1363 601 nulla
1379 575 1490 605 iactura,
1509 574 1582 601 nulla
1598 582 1719 600 versura.

924 610 958 637 At
969 611 1020 637 luit
1031 610 1111 637 fama.
1151 610 1254 643 Quotus
1266 612 1384 646 quisque
1393 617 1443 643 est,
1455 612 1503 646 qui
1513 613 1592 638 istam
1604 611 1721 646 effugere

925 652 1012 682 potest
1021 648 1049 674 in
1061 653 1114 674 tam
1126 648 1384 675 maledicacivitate‘?
1398 650 1522 675 Vicinum
1534 650 1592 675 eius
1600 648 1721 675 mulieris

925 686 1030 711 miraris
1041 685 1110 711 male
1120 685 1237 716 audisse,
1249 687 1328 713 cuius
1340 686 1419 713 frater
1429 695 1573 722 germanus
1584 694 1721 712 sermones

924 722 1080 758 iniquorum
1092 722 1208 758 effugere
1220 732 1273 750 non
1284 723 1388 759 potuit?
1408 725 1474 751 Leni
1485 732 1547 751 vero
1560 729 1585 752 et
1595 723 1721 750 clementi

925 760 1002 795 patri,
1016 760 1169 787 cuiusmodi
1180 760 1226 787 ille
1237 765 1291 788 est:

998 797 1077 823 Fores
1087 797 1206 831 effregit?
1226 801 1406 825 restituentur:
1426 800 1530 825 discidit

998 834 1108 861 vestem?
1127 837 1292 866 resarciatur,
1302 851 1340 856 —

925 870 1007 898 Caelii
1017 880 1114 898 caussa
1125 876 1165 898 est
1175 872 1388 907 expeditissima.
1427 872 1499 905 Quid
1510 873 1582 898 enim
1594 877 1677 903 esset,
1695 873 1722 898 in

924 917 979 944 quo
994 918 1023 935 se
1039 918 1091 936 non
1102 908 1179 936 facile
1189 909 1361 937 defenderet?
1381 910 1454 936 Nihil
1466 910 1519 936 iam
1534 910 1561 936 in
1572 911 1650 935 istam
1663 918 1722 935 nin—

925 946 1018 973 lierem
1029 946 1102 974 dico:
1114 947 1171 978 sed,
1179 948 1203 974 si
1213 953 1285 974 esset
1298 947 1387 983 aliqua
1399 947 1540 974 dissimilis
1552 947 1640 977 istius,
1653 955 1722 981 quae

925 993 954 1010 se
967 984 1093 1011 omnibus
1104 984 1283 1021 pervulgaret,
1292 994 1360 1020 quae
1372 985 1480 1012 haberet
1491 984 1722 1020 palamdecretum

925 1030 1032 1057 semper
1041 1022 1173 1057 aliquem,
1185 1024 1265 1049 cuius
1277 1023 1303 1049 in
1315 1023 1414 1053 hortos,
1427 1022 1550 1054 domum,
1563 1022 1648 1053 Baias,
1665 1022 1723 1048 iure

925 1068 974 1086 suo
987 1059 1113 1086 libidines
1123 1060 1245 1086 omnium
1256 1065 1450 1093 commearent3
1472 1068 1541 1095 quae
1552 1060 1631 1086 etiam
1642 1058 1724 1085 aleret

925 1096 1119 1129 adolescentes,
1136 1102 1163 1124 et
1175 1098 1365 1132 parsimoniam
1381 1102 1487 1132 patrum
1499 1098 1556 1124 suis
1567 1097 1724 1131 sumptibus

925 1139 1098 1161 sustentaret:
1115 1135 1138 1161 si
1151 1135 1232 1161 vidua
1242 1134 1333 1166 libere,
1343 1140 1464 1170 proterva
1476 1134 1634 1170 petulanter,
1647 1134 1723 1160 dives

925 1171 1021 1203 effuse,
1036 1172 1178 1199 libidinosa
1189 1173 1338 1199 meretricio
1350 1181 1422 1199 more
1434 1173 1548 1205 viveret3
1571 1172 1723 1198 adulterum

926 1219 974 1246 ego
991 1214 1125 1244 putarem,
1139 1211 1163 1237 si
1179 1211 1241 1245 quis
1257 1210 1325 1237 hanc
1337 1210 1428 1245 paullo
1440 1210 1552 1237 liberius
1563 1208 1724 1236 salutasset?

979 1248 1062 1274 XVII.
1078 1249 1118 1275 39.
1134 1248 1208 1274 Dicet
1222 1247 1335 1283 aliquis:
1358 1249 1427 1275 Haec
1442 1252 1483 1274 est
1493 1248 1576 1283 igitur
1587 1252 1630 1273 tua
1642 1246 1724 1272 disci-

926 1284 1017 1320 plina‘?
1037 1286 1076 1312 sic
1088 1289 1116 1312 tu
1126 1285 1246 1312 instituis
1258 1284 1457 1313 adolescentes?
1475 1285 1510 1312 ob
1522 1285 1590 1311 hanc
1600 1292 1723 1311 caussam

926 1323 976 1349 tibi
992 1322 1064 1350 hunc
1079 1331 1194 1357 puerum
1209 1331 1305 1358 parens
1316 1322 1550 1350 commendavitet
1564 1321 1681 1351 tradidit,
1696 1327 1725 1347 ut

926 1360 954 1386 in
970 1368 1058 1387 amore
1068 1364 1096 1387 et
1106 1359 1290 1395 voluptatibus
1305 1360 1511 1387 adolescentiam
1523 1368 1599 1386 suam
1611 1358 1724 1386 colloca-

926 1402 974 1428 ret,
990 1402 1016 1424 et
1035 1397 1104 1424 hanc
1119 1402 1148 1424 tu
1158 1398 1242 1424 vitam
1257 1402 1338 1433 atque
1358 1398 1423 1424 haec
1443 1397 1533 1424 studia
1548 1395 1725 1423 defenderes?

926 1435 991 1470 Ego,
1014 1435 1105 1470 siqui,
1127 1434 1241 1466 iudices,
1258 1435 1308 1462 hoc
1322 1435 1415 1462 roboro
1430 1435 1511 1461 animi
1528 1439 1607 1469 atque
1622 1433 1670 1460 hae
1682 1434 1724 1459 in-

926 1472 986 1499 dole
1007 1473 1114 1499 virtutis
1129 1480 1159 1499 ac
1173 1473 1349 1499 continentiae
1367 1472 1426 1504 tuit.
1444 1476 1473 1499 ut
1485 1476 1621 1507 respueret
1631 1478 1724 1498 omnes

927 1509 1077 1544 voluptates
1088 1518 1249 1544 omnemque
1262 1511 1330 1537 vitae
1341 1519 1405 1536 suae
1415 1518 1525 1536 cursum
1539 1510 1565 1535 in
1573 1508 1661 1535 labore
1667 1516 1725 1534 cor-

927 1548 998 1582 poris
1019 1552 1099 1582 atque
1122 1548 1149 1574 in
1171 1548 1254 1574 animi
1273 1547 1440 1574 contentione
1462 1547 1615 1574 conficeret:
1641 1553 1723 1580 quem

927 1593 979 1611 non
999 1585 1087 1620 quieS,
1111 1593 1163 1611 non
1180 1585 1310 1616 remissio,
1325 1593 1377 1611 non
1393 1584 1546 1619 aequalium
1559 1583 1657 1614 studia,
1672 1591 1724 1609 non

928 1622 994 1653 ludi,
1012 1630 1064 1649 non
1079 1623 1201 1649 convivia
1217 1622 1390 1654 delectarent;
1413 1622 1481 1649 nihil
1493 1622 1520 1648 in
1533 1621 1585 1647 vita
1597 1626 1725 1655 expeten—

926 1659 992 1686 dum
1008 1664 1121 1694 putaret,
1135 1660 1186 1686 nisi
1200 1660 1273 1694 quod
1283 1664 1354 1686 esset
1364 1668 1426 1686 cum
1438 1659 1515 1686 laude
1525 1664 1623 1685 etcum
1635 1658 1725 1693 digni-

927 1701 979 1724 tate
993 1697 1180 1724 coniunctum:
1203 1697 1276 1724 hunc
1287 1705 1345 1724 mea
1355 1697 1486 1724 sententia
1497 1696 1598 1723 divinis
1609 1696 1725 1730 quilius-

926 1734 989 1762 dam
1009 1734 1088 1762 bonis
1102 1735 1264 1761 instructum
1279 1739 1360 1770 atque
1374 1739 1497 1762 ornatum
1510 1738 1584 1768 puto.
1624 1733 1664 1760 Ex
1677 1733 1725 1759 hoc

926 1780 1024 1808 genere
1044 1771 1106 1799 illos
1127 1771 1212 1798 fuisse
1227 1772 1349 1803 arbitror,
1362 1772 1498 1802 Camillos,
1513 1771 1657 1798 Fabricios.
1673 1770 1726 1797 Cu-

927 1810 990 1841 rios,
1006 1817 1156 1844 omnesque
1171 1818 1225 1841 ece,
1243 1810 1290 1845 qui
1308 1810 1372 1836 haec
1387 1818 1420 1836 ex
1436 1809 1557 1836 minimis
1573 1814 1644 1835 tanta
1657 1808 1726 1834 secc-

927 1851 999 1874 runt.
1030 1848 1073 1875 ⁴0.
1089 1847 1188 1874 Verum
1203 1847 1269 1874 haec
1282 1855 1379 1883 genera
1392 1847 1522 1874 virtutum
1535 1855 1586 1873 non
1598 1846 1686 1873 solum
1699 1847 1725 1872 in

927 1884 1049 1912 moribus
1070 1885 1183 1916 nostris,
1206 1884 1254 1911 sed
1275 1885 1321 1912 vix
1336 1885 1388 1911 iam
1405 1885 1433 1911 in
1453 1884 1528 1911 libris
1544 1884 1725 1918 reperiuntur.

928 1922 1040 1949 Chartae
1062 1930 1185 1958 qnoque,
1208 1930 1278 1957 quae
1298 1922 1372 1949 illam
1394 1922 1535 1957 pristinam
1557 1921 1725 1948 severitatem

927 1960 1112 1991 continebant,
1134 1959 1339 1993 obsoleverunt;
1361 1968 1449 1995 neque
1469 1959 1558 1986 solum
1579 1958 1650 1993 apud
1667 1967 1724 1987 nos,

927 1997 975 2032 qui
996 1997 1065 2024 hanc
1084 2001 1183 2024 sectam
1204 1998 1388 2032 rationemque
1403 1997 1472 2024 vitae
1489 2005 1516 2023 re
1531 1997 1627 2032 magis.
1645 2004 1725 2031 quam

928 2034 1018 2061 verbis
1033 2035 1120 2062 secuti
1135 2043 1242 2066 sumus,
1255 2035 1303 2062 sed
1315 2036 1394 2062 etiam
1406 2034 1478 2070 apud
1490 2034 1614 2064 Graecos,
1628 2033 1727 2060 doctis-

927 2072 1011 2099 simos
1027 2072 1160 2104 homines.
1172 2072 1284 2107 quibus,
1296 2081 1382 2107 quum
1395 2071 1480 2099 facere
1492 2080 1544 2098 non
1556 2076 1674 2106 possent,
1690 2070 1726 2097 lo-

927 2110 977 2144 qui
997 2113 1085 2137 tamen
1105 2114 1132 2137 et
1151 2109 1268 2136 scrihere
1289 2109 1399 2136 honeste
1419 2114 1446 2136 et
1464 2108 1604 2144 magnifiee
1620 2108 1724 2136 licebat.

928 2146 979 2173 alis
989 2147 1133 2182 quaedam,
1146 2147 1256 2174 mutatis
1267 2146 1392 2174 Graeciae
1404 2146 1579 2181 temporibus,
1587 2150 1726 2180 praecepta

928 2185 1099 2211 exstiterunt.
1139 2185 1180 2211 tt.
1198 2185 1289 2219 Itaque
1303 2184 1349 2211 alii
1366 2183 1512 2218 voluptatis
1527 2192 1622 2210 caussa
1637 2183 1725 2208 omnia

927 2222 1063 2256 sapientes
1078 2220 1164 2248 faeere
1178 2220 1313 2252 dixerunt,
1327 2229 1415 2256 neque
1427 2221 1460 2247 ab
1471 2220 1519 2247 hac
1533 2221 1659 2247 orationis
1672 2225 1726 2246 tur-

929 2258 1052 2293 pitudine
1067 2258 1164 2285 eruditi
1182 2258 1304 2285 homines
1320 2258 1490 2293 refugerunt:
1514 2257 1559 2284 alii
1574 2266 1635 2284 cum
1649 2256 1725 2283 volu-

929 2299 999 2330 ptate
1009 2295 1166 2330 dignitatem
1176 2295 1392 2331 coniungendam
1404 2299 1574 2330 putaverunt.
1584 2299 1613 2320 ut
1623 2302 1664 2320 res
1671 2302 1726 2319 ma-

929 2333 1001 2359 xime
1016 2333 1085 2359 inter
1098 2340 1127 2359 se
1137 2338 1317 2367 repugnantes
1327 2332 1433 2359 dicendi
1446 2331 1569 2359 facilitate
1580 2332 1727 2366 coniunge-

929 2373 996 2396 rent.
1018 2369 1088 2396 lllud
1100 2378 1185 2396 unum
1196 2370 1326 2396 directum
1338 2370 1388 2396 iter
1399 2369 1431 2396 ad
1447 2369 1553 2395 laudem
1564 2377 1625 2395 cum
1639 2368 1727 2394 labore

928 2407 975 2441 qui
988 2406 1176 2441 probaverunt.
1185 2414 1266 2441 prope
1278 2407 1330 2433 iarn
1341 2407 1391 2433 soli
1404 2407 1431 2433 in
1442 2405 1543 2432 scholis
1555 2411 1619 2432 sunt
1629 2405 1724 2432 relicti.

930 2443 1011 2471 Multa
1022 2444 1094 2470 enim
1107 2443 1184 2470 nobis
1195 2443 1375 2470 blandimenta
1388 2448 1480 2470 natura
1492 2443 1656 2479 ipsagenuit,
1664 2444 1727 2478 qui-

929 2481 981 2508 bus
993 2481 1078 2516 sopita
1090 2481 1176 2508 virtus
1186 2482 1354 2508 conniveret:
1376 2486 1401 2508 et
1413 2481 1546 2507 interdum
1559 2480 1656 2507 multas
1670 2481 1726 2506 vius

929 2518 1123 2546 adolescentiae
1143 2518 1260 2545 lubricas
1280 2518 1409 2549 ostendit,
1425 2519 1526 2553 quilius
1541 2518 1586 2544 illa
1602 2519 1726 2545 insistere

929 2561 975 2583 aut
994 2555 1099 2592 ingredi
1115 2557 1174 2583 sine
1188 2565 1252 2583 casu
1268 2555 1359 2591 aliquo
1370 2561 1414 2582 aut
1426 2555 1594 2591 prolapsione
1606 2556 1651 2582 vix
1664 2564 1726 2590 pos-

929 2598 977 2624 set.
1000 2598 1027 2620 et
1042 2593 1188 2620 multarum
1200 2602 1289 2620 rerum
1302 2593 1559 2620 iucundissimarum
1572 2594 1724 2619 varietatem

929 2630 1012 2661 dedit,
1034 2639 1087 2666 qua
1102 2640 1155 2658 non
1167 2630 1245 2658 modo
1255 2631 1319 2657 haee
1330 2636 1410 2661 netas,
1423 2630 1470 2657 sed
1482 2631 1560 2657 etiam
1574 2631 1625 2657 inm
1638 2639 1725 2656 corro-

930 2667 1018 2696 borata
1030 2674 1178 2704 caperetur.
1201 2669 1240 2696 42.
1251 2668 1429 2702 Quamobrem
1443 2669 1467 2695 si
1478 2676 1559 2704 quem
1572 2667 1637 2695 forte
1649 2668 1724 2695 inve-
