1941 3052
242 138 288 163 0:3¹.
807 136 861 158 toli.
897 134 931 159 Μ.
962 133 992 159 Τ.

241 208 334 233 odium
349 206 426 232 Inerit
440 213 580 239 uinquam,
604 212 763 238 semperque
780 204 812 229 ita
826 204 915 232 statui,
930 212 980 229 non
992 212 1034 228 es-

243 255 271 270 se
285 243 451 270 insvvianntm
466 242 757 270 1ni=ni1=0rn=nmun-os.
777 241 931 275 praesertim
945 240 1035 266 Inimi-

245 282 335 308 ti01···s;
361 290 407 305 nee
428 280 469 304 liis
486 278 628 312 praesidiis
644 283 747 304 nosmet
764 279 835 312 ips-ox
847 286 906 303 esse
917 277 1036 311 spolian-

243 319 300 344 dos.
328 319 347 343 t.
363 319 426 342 Nam
439 316 471 340 de
484 315 665 350 pun-rotunda»
677 320 735 341 tuas
748 320 835 349 partes
847 315 1034 343 esscarbitror,
1058 310 1067 350 ‚¹
1088 314 1231 340 «lebamus.

245 362 271 381 ut
287 356 344 380 vim
359 354 478 379 animuin
492 358 622 382 tenerum,
641 352 869 387 qus-inadmodum
882 352 987 378 scribis.
1005 352 1036 377 iis
1058 350 1067 375 'l
1090 351 1166 376 liberi
1182 360 1286 377 sumus.

243 391 418 426 opinionibus
441 390 559 418 imbuas.
580 394 606 415 ut
623 399 654 415 n‹·
671 399 738 424 (pias
752 390 907 415 inimic-itinn
920 389 1036 415 residere

245 431 270 454 in
289 428 398 454 l'inniliis
414 428 511 453 nostris
527 427 679 453 arbitretur.
720 427 850 453 (Iontendi
862 435 922 452 cum
937 427 964 452 I'.
977 426 1038 452 (110-

243 466 296 494 dio,
311 474 395 500 quum
408 474 456 497 ego
469 464 604 498 publicani
617 473 750 493 emissam,
764 464 807 489 ille
818 473 894 489 suam
909 463 1038 490 defende-

245 508 292 529 ret.
335 503 441 527 Ntmtras
462 502 670 527 eoneertutiones
692 501 845 536 respublica
865 501 1036 526 diiudieavit.

244 541 271 565 Si
290 540 404 567 viveret.
428 539 493 564 milii
510 547 570 564 euni
590 538 634 564 illo
651 538 722 564 nulla
737 539 870 564 eontentio
883 539 934 564 iam
948 546 1038 564 mane·
1060 535 1068 569 J

245 581 292 603 ret.
333 578 357 602 5.
379 578 474 607 Quare,
493 577 619 610 quoniam
633 576 681 601 lioe
693 585 705 601 a
719 585 760 601 me
772 577 810 601 sit:
822 576 900 610 petis,
920 580 956 604 ut,
969 584 1038 610 quae

245 620 288 640 tua
302 618 417 648 potestas
428 618 476 642 est.
494 622 523 638 ea
537 622 616 646 neges
629 618 652 639 te
665 622 706 639 mc
720 614 803 639 invito
816 621 938 642 usurum,
957 621 1039 647 puero

244 660 352 686 quoqu(-
366 651 414 676 lion*
426 660 438 675 a
452 659 492 676 nie
505 651 591 680 dabis,
602 651 624 675 si
637 650 684 676 tibi
699 650 848 676 videbitur:
866 659 917 676 non
929 658 984 684 quo
995 654 1040 675 aut

245 694 316 715 aetus
337 693 424 714 nostra
449 688 481 713 ab
504 687 576 713 illius
593 692 675 713 aetate
691 688 768 722 quid(
781 696 841 713 uam
857 687 953 713 debeat
969 687 1039 721 peri-

245 726 298 752 euli
318 725 464 759 suspicari,
488 730 532 751 aut
546 724 663 758 dignitas
676 734 733 751 mea
748 734 764 751 u
779 725 830 750 lam
843 725 1038 751 contentionem

245 764 415 793 extimescat,
438 761 485 788 sed
503 767 531 789 ut
545 767 648 788 nosmet
664 763 716 796 ipsi
732 764 800 788 inter
815 771 862 788 nos
873 762 1040 788 coniunctio-

247 810 287 827 res
307 801 407 830 simus,
435 808 516 834 quam
537 799 625 825 adhuc
647 799 759 826 suimus.
805 799 1040 834 interpellantibus

245 838 317 864 enim
333 838 375 863 his
392 837 550 867 inimicitiis,
568 837 675 863 animus
692 841 754 863 tuus
766 837 832 862 milii
845 837 931 871 magis
943 837 1037 871 patuit.

245 884 326 910 quam
339 874 444 900 doinus.
481 874 533 900 Sed
546 874 610 900 haec.
622 874 760 900 hactenus.
791 874 860 900 Illud
872 878 1036 900 extremum:

245 921 308 947 ego,
331 921 399 946 quae
417 917 439 937 te
457 911 538 941 velle,
561 920 684 946 quaeque
699 911 731 937 ad
748 916 772 938 te
783 912 915 946 pertinere
927 911 1040 937 arbitra-

234 950 307 985 ‚hoim
324 958 431 983 semper
446 949 504 974 sine
520 949 573 974 ulla
590 949 756 975 dubitatione
772 957 879 975 summo
893 949 983 975 studio
1001 948 1039 974 Ia-

245 988 325 1013 eiam.
369 987 419 1012 lloe
433 986 513 1012 velini
527 986 574 1012 tibi
588 987 695 1020 penitus
707 986 879 1020 persuadeas.

391 1058 420 1076 (in
432 1058 540 1077 run-num.
550 1058 639 1078 Ant-unu,
652 1058 717 1074 nui-i„
728 1058 750 1074 n..
761 1064 806 1074 cm„
818 1058 872 1078 τω.)

430 1100 596 1127 CICERO
626 1100 794 1127 ATTICO
822 1100 849 1126 S.

289 1142 306 1163 l.
321 1153 354 1157 —
363 1154 396 1157 —
409 1133 545 1164 Iteradum
558 1140 643 1164 eadem
656 1141 733 1163 istae'c
744 1139 820 1163 mihi!

245 1176 392 1201 Coronatus
404 1176 520 1207 Quintus
535 1180 623 1201 noster
636 1174 788 1201 Parilibus?
809 1174 953 1200 Parilibus.

248 1212 344 1238 lusne‘?
355 1212 441 1244 solus3
456 1213 505 1238 etsi
517 1212 595 1238 addis
610 1213 743 1238 Lamiam:
757 1212 829 1246 quod
837 1212 1040 1246 demirorequi—

246 1250 321 1277 dem;
354 1249 400 1274 sed
418 1250 485 1275 seire
502 1250 595 1284 cupio,
613 1250 660 1284 qui
673 1249 772 1276 fuerint
783 1249 843 1275 alii:
874 1257 1039 1283 quamquam

246 1288 311 1313 satis
335 1287 404 1317 seio,
428 1287 480 1312 nisi
501 1287 665 1321 improbum,
687 1287 834 1312 neminem.
874 1286 1040 1321 Explanabis

246 1325 329 1359 igitur
342 1324 390 1349 hoc
401 1323 570 1359 diligentius..
605 1325 661 1359 Ego
672 1329 761 1350 autem
775 1332 839 1350 casu
851 1332 936 1358 quum
948 1324 1041 1350 dedis-

246 1370 303 1387 sem
315 1360 348 1387 ad
361 1365 383 1387 te
399 1360 499 1387 litteras
512 1370 547 1387 vr.
560 1361 673 1387 Kalend.
695 1362 759 1387 satis
772 1361 866 1387 multis
877 1361 978 1391 verbis,
992 1362 1041 1388 tri-

248 1399 299 1424 bus
311 1397 364 1424 sere
377 1398 449 1424 horis
462 1403 521 1433 post
531 1399 621 1433 accepi
633 1403 701 1429 tuas,
715 1403 740 1425 et
751 1399 842 1434 magni
854 1398 965 1433 quidem
972 1407 1041 1433 pon-

246 1435 328 1461 deris.
370 1436 461 1470 ltaque
479 1436 534 1462 ioca
551 1440 595 1462 tua
612 1435 690 1470 plena
703 1435 872 1466 facetiarum,
890 1436 923 1462 de
935 1436 1038 1462 haeresi

246 1473 401 1499 Vestoriana
417 1477 443 1499 et
458 1473 491 1499 de
507 1473 669 1499 Pherionum
687 1481 759 1499 more
775 1472 932 1504 Puteolano,
946 1474 1039 1499 risisse

246 1518 289 1536 nie
301 1510 374 1540 satis.
390 1510 457 1536 nihil
470 1515 510 1536 est
521 1519 629 1536 necesse
641 1510 768 1537 scribere.
790 1510 983 1547 Πολιτικώτερα
995 1510 1040 1536 illa

246 1547 399 1573 videamus
425 1549 450 1573 ⁶2.
467 1548 503 1574 Ita
514 1548 608 1574 Brutos
620 1548 799 1583 Cassiumque
810 1547 947 1578 defendis,
961 1549 1040 1582 quasi

246 1593 291 1611 eos
312 1593 361 1620 ego
379 1584 587 1619 reprehendam:
620 1594 688 1620 quos
704 1585 769 1611 satis
786 1584 894 1611 laudare
910 1593 961 1611 non
978 1593 1041 1619 pos—

246 1630 318 1648 sum.
341 1622 439 1648 Rerum
451 1630 501 1658 ego
513 1623 578 1649 vitia
589 1622 695 1658 collegi,
708 1631 761 1649 non
769 1622 920 1648 hominum.
942 1621 1041 1649 Subla-

247 1665 272 1686 to
295 1659 368 1685 enim
390 1664 515 1695 tyranno,
546 1660 688 1696 tyrannida
713 1668 821 1686 manere
842 1659 932 1686 video.
973 1660 1040 1685 Nam

301 1056 361 1076 xn'.

990 1174 1039 1199 So-

247 1705 316 1731 quae
328 1696 373 1722 ille
383 1696 504 1725 facturus
517 1706 568 1723 non
582 1697 640 1727 suit.
657 1706 685 1723 ea
702 1697 777 1728 liunt,
792 1701 820 1723 ut
831 1697 864 1723 de
877 1696 982 1728 Clodio;
1007 1696 1040 1722 de
1062 1705 1063 1709 ¹

246 1742 301 1768 quo
315 1734 383 1759 mihi
395 1734 562 1768 exploratum
575 1739 628 1765 est,
647 1734 725 1760 illum
736 1743 788 1761 non
801 1733 880 1760 modo
890 1743 942 1760 non
955 1733 1041 1760 sactu-

248 1779 317 1801 rum,
331 1771 378 1797 sed
391 1772 471 1797 etiam
483 1780 515 1798 ne
527 1780 671 1806 passurum
682 1771 793 1806 quidem
806 1771 900 1797 luisse.
937 1771 1042 1805 Seque-

247 1813 290 1834 tur
311 1808 387 1834 Rufio
407 1808 594 1839 Vestorianus‚
618 1809 720 1840 Victor,
738 1817 888 1843 numquam
907 1809 1037 1842 scriptus,

247 1846 341 1877 ceteri;
359 1846 422 1879 quis
434 1845 504 1872 non‘?
519 1846 569 1873 Cui
581 1846 682 1872 servire
697 1846 750 1880 ipsi
762 1854 813 1872 non
820 1846 967 1880 potuimus,
981 1846 1040 1871 eius

248 1881 348 1908 libellis
359 1891 495 1916 paremus.
527 1884 593 1909 Nam
605 1882 776 1909 Liberalibus
786 1883 849 1918 quis
863 1883 949 1917 potuit
960 1883 985 1908 in
998 1891 1042 1908 se-

247 1923 340 1945 natum
362 1928 414 1945 non
434 1920 544 1946 venire?
577 1920 628 1946 Fac
648 1919 676 1946 id
694 1921 814 1954 potuisse
834 1919 926 1954 aliquo
946 1919 1038 1946 modo.-

247 1964 327 1987 num,
341 1957 421 1982 etiam
433 1965 517 1991 quum
531 1957 715 1988 venissemus,
734 1956 818 1983 libere
830 1958 968 1991 potuimus
979 1966 1041 1983 sen-

246 1993 358 2020 tentiam
378 1993 486 2020 dicere‘?
514 1995 607 2020 Nonne
630 1995 704 2020 omni
725 1995 825 2020 ratione
841 1995 975 2025 veterani,
992 1996 1040 2029 qui

247 2031 342 2057 armati
354 2030 476 2061 aderant,
490 2040 575 2066 quum
586 2031 715 2066 praesidii
727 2039 774 2057 nos
786 2031 854 2057 nihil
867 2031 1038 2063 haberemus,

247 2067 412 2094 defendendi
433 2068 558 2094 suerunt?
596 2068 672 2095 Illam
692 2069 841 2095 sessionem
862 2068 1040 2103 Capitolinam

248 2104 317 2131 mihi
339 2114 391 2132 non
412 2105 555 2140 placuisse,
579 2110 606 2132 tu
627 2106 703 2132 testis
719 2114 758 2132 eS.
798 2105 869 2138 Quid
885 2105 967 2141 ergo‘?
990 2107 1040 2132 ista

247 2142 327 2177 culpa
342 2142 501 2169 Brutorum‘?
526 2143 636 2170 Minime
648 2143 756 2169 illorum
767 2143 892 2178 quidem;
915 2143 963 2170 sed
974 2143 1041 2170 alio—

249 2189 308 2206 rum
329 2180 483 2212 brutorum;
515 2181 563 2215 qui
584 2189 613 2207 se
627 2185 719 2207 cautos
732 2189 763 2206 ac
778 2181 914 2215 sapientes
929 2185 1036 2215 putant:

247 2217 349 2252 quibus
361 2218 425 2243 satis
440 2217 490 2244 fuit
502 2217 605 2250 laetari;
639 2217 791 2248 nonnullis,
804 2219 885 2244 etiam
895 2217 1038 2253 gratulari:

247 2254 345 2286 nullis,
372 2263 539 2289 permanere.
579 2257 604 2281 3.
629 2255 682 2281 Sed
705 2255 847 2290 praeterita
867 2256 1037 2282 omittamus:

247 2292 313 2318 istos
328 2293 402 2318 omni
416 2300 480 2318 cura
494 2292 684 2327 praesidioque
699 2297 837 2325 tueamur3
860 2297 895 2323 et,
908 2292 1040 2327 quemad-

248 2329 359 2355 modum
374 2334 403 2355 tu
418 2330 568 2364 praecipis,
589 2330 708 2356 contenti
726 2329 820 2356 Idibus
840 2330 916 2356 Mart.
936 2330 1037 2356 simus:

247 2374 316 2400 quae
327 2366 438 2401 quidem
450 2368 548 2393 nostris
560 2367 667 2397 amicis,
685 2366 787 2393 divinis
799 2367 879 2397 viris,
893 2367 997 2393 aditum
1007 2366 1040 2393 ad

247 2403 352 2430 caelum
364 2404 508 2434 dederunt,
527 2403 676 2430 libertatem
686 2403 786 2439 populo
797 2405 915 2430 Romano
926 2413 978 2430 non
992 2404 1041 2430 de-

247 2440 354 2467 derunt.
393 2441 541 2468 Recordare
562 2446 619 2468 tua:
651 2449 738 2467 nonne
758 2442 907 2467 meministi
925 2441 1040 2468 clamare

248 2482 282 2507 te,
295 2478 384 2504 onmia
396 2479 518 2512 periisse,
532 2479 555 2504 si
567 2478 612 2505 ille
625 2477 718 2504 funere
728 2477 908 2505 elatusesset‘?
926 2478 1040 2514 Sapien-

249 2519 288 2541 ter
303 2514 330 2540 id
346 2515 468 2549 quidem.
509 2517 600 2550 ltaque
617 2524 651 2542 ex
666 2523 697 2541 eo
708 2523 777 2550 quae
789 2516 937 2547 manarint,
950 2516 1038 2542 vides.

249 2552 273 2577 4.
288 2550 361 2583 Quae
377 2553 474 2578 scribis
490 2553 618 2579 Kalendis
632 2553 718 2578 Iuniis
728 2552 875 2579 Antonium
886 2553 918 2579 de
929 2554 1040 2587 provin-

248 2588 299 2614 ciis
319 2588 478 2620 relaturum,
496 2595 525 2616 ut
540 2594 565 2616 et
577 2590 634 2624 ipse
645 2589 747 2616 Gallias
758 2589 867 2621 haheat,
881 2594 906 2616 et
917 2591 1040 2625 utrisque

248 2625 307 2651 dies
319 2630 487 2661 prorogetur:
517 2626 641 2653 licebitne
652 2627 760 2653 decerni
773 2626 874 2653 libere?
888 2626 1037 2658 Silicuerit,

1023 132 1296 158 ‹linientixis

1063 203 1066 244 Ι
1086 202 1152 236 quid
1176 203 1242 228 inihi
1259 202 1376 228 attulerit
1394 204 1441 228 ista
1457 202 1559 229 domini
1577 204 1688 229 mutatio
1705 209 1808 237 prm-ter
1824 203 1878 230 tae-

1064 251 1065 258 *
1088 241 1182 269 titiani,
1194 248 1274 273 ‹pnnn
1286 239 1372 265 ocuti„
1383 248 1442 274 cepi
1456 240 1667 275 tumultuentur>
1676 243 1770 266 runni'!
1789 242 1814 266 5.
1829 242 1879 267 n·-

1059 384 1068 454 i

1088 277 1165 311 pinus
1179 276 1277 302 »wnbis
1293 276 1324 301 ad
1341 277 1406 310 Upis
1419 278 1489 302 lieri:
1511 286 1579 312 qua»
1591 287 1638 304 nos
1648 287 1756 312 quoquc·
1769 283 1824 304 tum
1838 279 1879 304 vi-

1274 314 1326 340 Nat·
1343 323 1390 339 nos
1406 319 1431 339 et
1444 314 1547 340 liberati
1559 314 1592 340 nb
1603 316 1719 349 egregiis
1734 316 1811 343 viris,
1831 324 1879 341 nec

1329 351 1363 376 lta
1377 351 1434 376 lans
1447 351 1553 377 illorum
1565 357 1613 380 est.
1627 352 1705 386 eulpa
1718 358 1815 378 nostra.
1848 353 1879 378 Et

1090 388 1202 414 hortaris
1218 397 1273 417 me,
1292 393 1319 414 ut
1335 388 1458 413 historias
1470 388 1605 414 neribam‘!
1630 389 1792 421 iit‹·olli1.'‹'irn
1809 395 1879 415 tanta

1089 434 1180 451 eorum
1196 424 1309 454 seelera.
1327 434 1340 450 a
1353 425 1454 459 quibus
1465 426 1544 451 etium
1557 434 1628 451 nunc
1638 426 1812 452 obsidemur?
1833 427 1880 452 l'n-

1090 468 1104 488 t:
1117 472 1178 488 rone
1199 471 1244 487 eos
1265 463 1337 496 ipsos
1358 471 1408 488 non
1432 462 1553 491 laudare.
1578 463 1625 497 qui
1643 468 1666 488 te
1681 463 1879 496 obsignatorem

1089 500 1290 525 adhibuerunt?
1321 500 1374 525 Nec
1391 499 1543 525 melnen-ut·-
1561 508 1602 525 me
1618 499 1812 526 raudusculuin
1825 511 1880 526 ino-

1091 541 1146 562 vet:
1179 536 1225 562 sed
1251 536 1373 562 homines
1395 536 1553 566 benevolos,
1575 536 1786 572 qualescumque
1807 544 1878 565 sunt.

1090 583 1171 607 grave
1191 579 1231 599 est
1254 574 1359 608 insequi
1376 574 1548 600 contumelia.
1589 576 1614 599 6.
1630 574 1682 599 Sed
1703 573 1735 600 de
1753 575 1880 600 omnibu.-

1091 612 1158 637 nieis
1169 611 1299 639 consiliis,
1317 616 1344 636 ut
1359 611 1464 640 scribis.
1478 612 1604 637 existimo
1614 611 1778 645 exploratius
1790 620 1837 638 nos
1849 612 1880 638 ad

1091 649 1223 675 Kalendas
1245 649 1333 674 lunias
1348 653 1463 674 statuere
1479 657 1570 682 posse:
1609 648 1640 674 ad
1653 657 1721 683 quas
1733 648 1825 676 adero:
1857 654 1882 675 et

1089 687 1162 712 omni
1183 695 1232 720 opu·
1252 690 1331 720 atque
1346 694 1425 720 opera
1443 686 1542 715 enitar.
1560 685 1704 711 adiuvante
1721 695 1762 711 ine
1779 685 1882 712 scilicet

1091 724 1244 749 auetoritate
1265 728 1307 748 tua
1323 727 1348 749 et
1363 723 1446 756 gratia
1463 728 1488 749 et
1499 731 1603 748 summa
1616 723 1749 757 aequitate
1760 732 1880 750 caussae.

1092 766 1119 787 ut
1140 761 1172 786 de
1195 760 1339 786 Buthrotiis
1355 765 1464 785 senatus
1483 760 1650 789 consultum,
1673 760 1752 794 quale
1773 760 1879 789 scribis,

1093 799 1145 824 liat.
1173 797 1247 829 Quod
1262 806 1303 823 ine
1315 798 1430 830 cogitare
1444 797 1529 823 iubes.
1543 797 1666 829 cogitabo
1678 797 1819 831 equidem:
1843 803 1882 824 et-

1091 836 1113 861 si
1132 835 1179 861 tibi
1196 835 1321 860 dederam
1341 835 1478 868 superiore
1494 834 1606 869 epistola
1618 835 1802 866 cogitandum.
1843 835 1881 860 Tu

1068 893 1069 898 .
1091 877 1194 901 auu-m,
1217 873 1294 906 quasi
1312 872 1363 897 iam
1381 877 1534 906 recuperata
1551 871 1701 906 republica.
1721 873 1818 898 vicinis
1830 873 1883 898 tuis

1092 909 1309 936 Massiliensibus
1323 918 1371 935 sua
1384 910 1484 935 reddis.
1526 909 1594 935 llaec
1605 910 1695 935 armis.
1709 918 1787 943 qnae.
1801 918 1882 943 quam

1093 948 1166 973 lirma
1181 947 1336 975 habeamus,
1352 947 1452 981 ignoro.
1467 946 1689 972 restitliil'ortasse
1697 952 1819 980 possunt:
1835 955 1882 971 au-

1091 986 1210 1011 ctoritate
1223 993 1273 1010 non
1287 990 1408 1018 possunt.

1146 1054 1195 1074 xv.
1220 1053 1580 1074 sintantuin-11..A..=-.2.i·1.11=.1·1.-u=
1591 1062 1636 1071 ω..
1649 1056 1701 1075 rio,

1273 1098 1440 1124 CICERO
1470 1096 1637 1123 ATTICO
1667 1098 1695 1123 S.

1150 1138 1171 1161 t.
1195 1131 1316 1169 Epistola
1339 1135 1443 1165 brevis,
1460 1143 1528 1169 quae
1545 1140 1634 1169 postea
1651 1144 1664 1160 a
1682 1139 1706 1160 te
1721 1135 1819 1169 scripta
1833 1140 1880 1159 esi.

1091 1181 1154 1199 sane
1175 1173 1241 1198 mihi
1263 1172 1313 1198 suit
1330 1172 1460 1202 iucunda,
1477 1171 1511 1197 de
1526 1172 1598 1197 Bruti
1615 1171 1647 1197 ad
1661 1172 1803 1197 Antonium
1815 1177 1840 1197 et
1851 1171 1884 1196 de

1091 1209 1213 1236 eiusdem
1230 1209 1262 1235 ad
1278 1215 1301 1235 te
1318 1209 1422 1235 litteris.
1466 1209 1543 1235 Posse
1556 1209 1682 1234 videntur
1693 1217 1751 1234 esse
1764 1208 1882 1237 meliora,

1092 1256 1173 1282 quam
1185 1247 1273 1273 adhuc
1286 1246 1403 1273 suerunt.
1442 1246 1493 1272 Sed
1506 1246 1596 1272 nobis.
1616 1246 1661 1271 ubi
1674 1247 1775 1275 simus,
1793 1251 1819 1272 et
1831 1254 1886 1280 quo

1093 1285 1144 1311 iam
1168 1293 1237 1311 nunc
1255 1293 1302 1310 nos
1316 1283 1499 1314 conferamus,
1516 1283 1714 1318 providendum
1726 1288 1776 1309 est.
1817 1284 1841 1309 Ξ.
1863 1282 1886 1309 O

1093 1323 1237 1348 mirilicum
1250 1321 1412 1347 Dolabellam
1426 1321 1529 1347 meum!
1557 1321 1610 1346 Iam
1622 1321 1694 1346 enim
1706 1320 1766 1346 dico
1778 1329 1882 1349 meum:

1092 1365 1177 1390 antea,
1190 1358 1268 1385 crede
1281 1359 1358 1388 milii,
1374 1358 1596 1384 subdubitabam.
1627 1358 1749 1392 Magnam
1761 1357 1884 1384 ἀναθεώ-

1092 1407 1165 1432 ρησιν
1187 1405 1228 1422 res
1245 1396 1337 1422 habet:
1364 1395 1397 1421 de
1413 1404 1486 1422 saxo:
1497 1396 1523 1421 in
1539 1394 1818 1427 crucem-,columnam
1835 1394 1885 1421 tol—

1093 1434 1160 1462 lere:
1185 1434 1272 1459 locum
1285 1433 1363 1459 illum
1374 1432 1548 1459 sternendum
1565 1431 1659 1458 locare.
1681 1431 1751 1464 Quid
1759 1431 1886 1466 quaeris-⁶?

1092 1471 1212 1497 heroica:
1244 1470 1388 1497 sustulisse
1403 1470 1471 1496 mihi
1484 1469 1591 1496 videtur
1601 1469 1800 1495 simulationem
1813 1469 1886 1495 desi-

1092 1509 1174 1539 derii,
1191 1508 1280 1534 adhuc
1291 1516 1360 1542 quae
1371 1507 1496 1542 serpebat
1507 1507 1533 1533 in
1545 1506 1617 1535 dies,
1631 1511 1657 1533 et
1669 1507 1824 1536 inveterata,
1838 1514 1887 1532 ve-

1093 1546 1183 1576 rebar,
1216 1554 1249 1571 ne
1279 1544 1430 1579 periculosa
1455 1545 1553 1570 nostris
1581 1544 1779 1579 ti‘rannoctonis
1804 1548 1884 1570 esset.

1092 1586 1116 1609 3.
1130 1584 1206 1609 Nunc
1218 1591 1328 1617 prorsus
1339 1582 1470 1608 assentior
1481 1581 1644 1609 tuislitteris,
1653 1589 1785 1615 speroque
1792 1579 1887 1606 melio-

1070 1637 1071 1651 ,
1093 1629 1134 1646 ra:
1157 1628 1322 1655 quamquam
1336 1620 1400 1645 istos
1412 1619 1481 1645 ferre
1495 1627 1547 1645 non
1562 1626 1687 1652 possum:
1709 1626 1766 1652 qui,
1779 1617 1845 1644 dum
1856 1626 1885 1643 se

1093 1666 1185 1693 pacem
1202 1657 1270 1683 velle
1285 1656 1427 1686 simulant,
1445 1661 1501 1683 acta
1518 1655 1617 1682 nefaria
1633 1654 1790 1681 detendunt.
1831 1654 1885 1681 Sed

1093 1704 1144 1721 non
1167 1699 1279 1729 possunt
1299 1694 1389 1720 omnia
1413 1693 1505 1719 simul.
1547 1693 1642 1727 Incipit
1663 1700 1705 1718 res
1721 1691 1819 1718 melius
1835 1692 1883 1721 ire,

1092 1741 1173 1767 quam
1186 1736 1318 1766 putaram.
1341 1731 1395 1757 Nec
1407 1739 1469 1757 vero
1479 1730 1627 1759 discedam,
1642 1730 1694 1755 nisi
1705 1737 1791 1764 quum
1803 1734 1830 1755 tu
1843 1737 1886 1754 me

1093 1769 1120 1796 id
1141 1769 1250 1795 honeste
1271 1768 1380 1802 putabis
1402 1767 1486 1794 facere
1507 1775 1595 1801 posse.
1636 1766 1716 1792 Bruto
1738 1771 1808 1792 certe
1827 1774 1886 1792 meo

1093 1806 1167 1833 nullo
1183 1806 1239 1832 loco
1257 1805 1349 1837 deerog
1374 1805 1470 1839 idque,
1489 1804 1595 1831 etiamsi
1607 1803 1674 1830 mihi
1686 1812 1748 1829 cum
1760 1802 1805 1830 illo
1816 1803 1885 1829 nihil

1093 1843 1197 1874 fuisset,
1221 1843 1335 1869 facerem
1356 1847 1464 1877 propter
1481 1842 1540 1868 eius
1555 1840 1722 1877 singularem
1739 1840 1887 1867 incredibi-

1093 1881 1199 1916 lemque
1212 1881 1348 1906 virtutem.
1365 1880 1388 1905 4.
1397 1879 1479 1905 Piliae
1491 1883 1594 1905 nostrae
1607 1877 1698 1904 villam
1710 1882 1791 1904 totam
1802 1886 1887 1912 quae-

1091 1927 1145 1953 que
1166 1918 1192 1944 in
1213 1917 1277 1943 villa
1293 1922 1357 1943 sunt
1375 1916 1449 1943 trado
1468 1917 1495 1943 in
1514 1916 1708 1950 Pompeianum
1727 1916 1786 1950 ipse
1805 1914 1886 1950 profi-

1091 1956 1196 1982 ciscens
1218 1954 1331 1981 Kalend.
1353 1954 1441 1980 Maiis.
1481 1952 1566 1985 Quam
1589 1952 1669 1979 velim
1682 1952 1761 1979 Bruto
1775 1960 1886 1987 persua-

1093 1993 1166 2023 deas,
1179 1997 1209 2019 ut
1220 1993 1332 2018 Asturae
1343 1991 1388 2017 sit.

1144 2064 1207 2085 XVI.
1231 2064 1330 2089 (Puteolis,
1339 2064 1431 2084 Antonio,
1440 2063 1540 2081 Dolabella
1551 2070 1598 2081 mu.
1610 2063 1665 2084 710.)

1278 2106 1446 2135 CICERO
1474 2105 1643 2133 ATTICO
1671 2105 1699 2132 S.

1149 2147 1171 2171 t.
1194 2140 1301 2176 Quinto
1316 2145 1384 2171 Non.
1400 2143 1584 2171 conscendens
1601 2143 1635 2169 ab
1649 2142 1733 2170 hortis
1743 2141 1884 2169 Cluvianis

1091 2183 1118 2208 in
1131 2182 1273 2217 phaselum
1284 2183 1428 2217 epicopum
1444 2181 1493 2207 has
1503 2180 1566 2207 dedi
1579 2180 1688 2210 litteras,
1701 2187 1787 2215 quum
1800 2178 1883 2205 Piliae

1091 2224 1195 2245 nostrae
1208 2218 1301 2245 villam
1311 2219 1344 2245 ad
1352 2219 1508 2248 Lucrinum,
1517 2217 1632 2248 villicos,
1640 2221 1824 2252 procuratores
1831 2221 1884 2242 tra-

1091 2256 1233 2283 didissem.
1274 2257 1333 2291 Ipse
1353 2261 1442 2282 autem
1457 2264 1489 2282 eo
1502 2255 1547 2281 die
1562 2255 1590 2281 in
1607 2255 1678 2281 Paeti
1691 2254 1773 2280 nostri
1785 2258 1884 2288 tyrota—

1091 2294 1197 2320 richum
1213 2293 1402 2325 imminebamg
1433 2293 1576 2328 perpaucis
1591 2291 1689 2318 diebus
1704 2291 1732 2317 in
1743 2290 1884 2325 Pompeia-

1093 2339 1170 2357 num:
1203 2335 1263 2365 post
1282 2331 1308 2357 in
1330 2330 1396 2356 haec
1410 2329 1554 2356 Puteolana
1569 2334 1594 2356 et
1609 2328 1728 2356 Cumana
1744 2335 1824 2362 regna
1841 2336 1884 2353 re-

1091 2369 1229 2403 navigaro.
1269 2367 1291 2394 O
1316 2367 1372 2394 loca
1395 2368 1531 2402 ceteroqui
1555 2365 1634 2392 valde
1655 2365 1817 2399 expetenda,
1840 2365 1883 2390 in-

1091 2405 1291 2439 terpellantium
1318 2410 1407 2431 autem
1431 2403 1605 2431 multitudine
1629 2410 1713 2437 paene
1738 2401 1880 2437 fugienda!

1091 2444 1116 2469 Ε.
1129 2442 1182 2469 Sed
1194 2441 1226 2468 ad
1238 2451 1294 2468 rem
1306 2446 1335 2468 ut
1346 2442 1462 2472 veniam,
1475 2450 1490 2467 o
1504 2439 1654 2467 Dolabellae
1666 2439 1882 2475 nostrimagnam

1092 2479 1236 2515 ἀριστείανέ
1253 2479 1356 2512 Quanta
1368 2484 1408 2505 est
1419 2477 1614 2514 ἀναθεώρησιςῖ
1632 2475 1766 2511 Equidem
1774 2475 1882 2502 laudare

1091 2525 1154 2543 eum
1169 2521 1195 2543 et
1210 2516 1309 2543 hortari
1324 2525 1376 2543 non
1393 2515 1502 2542 desisto.
1543 2514 1622 2540 Recte
1638 2518 1665 2539 tu
1680 2513 1808 2539 omnibus
1823 2513 1883 2548 epi-

1092 2553 1168 2580 stolis
1179 2553 1327 2589 significas,
1335 2552 1403 2588 quid
1414 2552 1447 2579 de
1458 2560 1495 2582 re,
1508 2550 1575 2586 quid
1585 2550 1619 2576 de
1630 2551 1688 2576 viro
1699 2551 1808 2576 sentias.
1830 2550 1883 2576 Mi-

1092 2590 1119 2617 hi
1132 2590 1242 2626 quidem
1255 2590 1361 2617 videtur
1372 2590 1470 2616 Brutus
1481 2593 1570 2614 noster
1579 2588 1633 2614 iam
1645 2587 1686 2613 vel
1698 2595 1822 2614 coronam
1833 2595 1882 2613 au-

1091 2636 1164 2654 ream
1179 2636 1227 2662 per
1242 2627 1329 2654 forum
1345 2626 1414 2652 ferre
1425 2633 1512 2661 posse.
1552 2624 1620 2657 Quis
1631 2625 1704 2650 enim
1715 2624 1812 2651 audeat
1823 2624 1881 2650 vio-

250 2662 400 2690 libertatem
411 2671 470 2690 esse
481 2668 663 2699 recuperatam
676 2663 805 2691 laetabor:
824 2665 848 2690 si
859 2663 1036 2697 nonlieuerit;
1069 2673 1071 2685 ι
1093 2663 1158 2695 lare,
1182 2665 1316 2699 proposita
1340 2671 1419 2690 cruce
1444 2667 1490 2689 aut
1508 2661 1591 2689 saxo?
1619 2662 1777 2697 praesertim
1801 2661 1881 2688 tantis
