1941 3052
435 156 621 184 ORATIO
653 156 743 183 PRO
774 157 804 183 P.
839 156 1006 183 SULLA.
1041 156 1139 183 CAP.

61 237 135 259 rum,
151 228 199 263 qui
210 231 342 262 praetores
354 226 475 259 fuerunt,
494 231 520 254 et
532 228 652 254 universi
663 232 772 254 senatus
783 236 856 254 com-

61 266 151 293 munis
163 270 202 292 est
214 265 286 291 laus:
309 269 338 290 ut
348 268 462 295 constet,
477 269 537 299 post
547 265 688 291 hominum
700 265 855 292 memoriam

60 311 209 338 numquam
219 302 248 328 in
259 302 306 328 illo
316 301 409 328 ordine
420 302 482 336 plus
498 303 619 334 virtutis,
636 302 699 337 plus
715 303 812 329 amoris
828 303 855 329 in

61 339 268 376 rempublicam,
285 339 347 374 plus
362 340 501 375 gravitatis
517 339 610 366 fuisse.
651 340 704 366 Sed
719 341 782 375 quia
794 344 857 366 sunt

61 378 187 412 descripti
208 377 374 408 consulares,
397 377 431 404 de
451 378 494 404 his
510 382 613 404 tantum
629 378 695 404 mihi
711 377 856 404 dicendum

60 416 167 452 putavi,
180 414 253 450 quod
263 415 328 441 satis
339 419 422 446 esset,
436 419 574 442 attestante
586 415 711 442 memoria
723 415 854 446 omnium,

61 453 196 480 neminem
212 461 271 479 esse
286 461 320 479 ex
334 452 381 479 illo
396 453 504 479 honoris
520 453 619 489 gradu,
641 453 689 488 qui
711 461 762 479 non
783 452 856 478 omni

61 491 163 522 studio,
182 490 294 521 virtute,
317 491 471 517 auctoritate
487 491 641 516 incubuerit
655 490 688 516 ad
707 489 857 524 rempubli-

61 537 119 555 cam
129 527 350 555 conservandam.
390 528 480 554 XXX.
498 530 538 554 83.
562 528 615 554 Sed
626 527 711 562 quid‘?
726 528 795 562 Ego,
808 527 856 561 qui

61 565 202 593 Catilinam
219 574 271 592 non
288 565 410 596 laudavi,
432 566 481 600 qui
496 574 540 591 reo
552 565 680 591 Catilinae
695 564 788 590 consul
805 573 857 590 non

61 603 149 634 adfui,
166 603 213 638 qui
230 603 413 629 testimonium
429 603 462 628 de
477 603 658 629 coniuratione
672 602 728 627 dixi
740 602 767 627 in
779 601 854 632 alios,

61 640 160 667 adeone
172 640 249 666 vobis
261 640 365 666 alienus
376 649 390 666 a
401 640 525 671 sanitate,
543 640 608 666 adeo
622 639 722 666 oblitus
733 643 857 665 constan-

61 679 112 705 tiae
127 686 215 708 meae,
238 677 302 703 adeo
318 678 458 703 immemor
473 686 561 703 rerum
573 685 587 703 a
599 686 640 702 me
651 681 787 712 gestarum
799 684 857 702 esse

61 715 165 746 videor,
179 719 221 746 ut,
235 723 320 750 quum
331 714 424 741 consul
437 714 539 740 bellum
549 714 680 750 gesserim
691 722 752 740 cum
764 714 858 739 coniu-

877 254 878 261 1

876 266 878 276 r

61 753 139 784 ratis,
163 760 234 778 nunc
249 760 340 778 eorum
356 752 452 778 ducem
464 760 570 777 servare
581 752 702 786 cupiam,
725 756 750 777 et
762 751 788 777 in
800 751 854 777 ani-
878 759 879 771 ³

61 799 137 816 mum
153 789 291 820 inducam,
313 790 392 815 cuius
408 798 494 823 nuper
509 788 610 815 ferrum
626 788 771 814 retuderim
783 787 858 814 llam-

61 835 187 862 mamque
199 827 380 858 restinxerim,
398 826 519 852 eiusdem
536 835 607 852 nunc
622 835 744 852 caussam
762 826 858 851 vitam—

60 873 114 900 que
125 863 285 890 defendere?
296 863 324 890 Si
335 863 441 890 medius
453 863 542 895 fidius,
556 863 668 895 iudices,
683 872 734 890 non
745 871 787 889 me
800 863 857 898 ipsa

61 901 226 937 respublica,
241 902 307 927 meis
319 901 456 928 laboribus
468 906 493 927 et
503 901 631 936 periculis
643 905 811 932 conservata,
825 900 857 926 ad

60 940 217 976 gravitatem
229 939 310 965 animi
323 943 348 965 et
358 940 532 965 constantiam
544 947 591 965 sua
606 939 734 974 dignitate
751 946 858 964 revoca-

61 982 108 1008 ret,
123 981 210 1003 tamen
222 976 271 1003 hoc
282 981 375 1002 natura
387 981 427 1003 est
438 977 559 1007 insitum,
573 981 615 1007 ut,
629 985 710 1011 quem
723 976 854 1007 timueris,

60 1015 172 1050 quicum
183 1013 216 1040 de
227 1014 281 1040 vita
293 1013 461 1049 fortunisque
474 1013 655 1044 contenderis,
673 1014 751 1040 cuius
767 1021 800 1039 ex
816 1013 858 1039 in-

61 1052 138 1079 sidiis
149 1052 274 1082 evaseris,
288 1052 360 1078 hunc
371 1060 477 1086 semper
488 1051 586 1078 oderis.
618 1051 684 1081 Sed,
698 1059 784 1086 quum
796 1059 858 1086 aga-

61 1094 104 1117 tur
114 1089 198 1116 honos
210 1097 286 1115 meus
298 1089 497 1124 amplissimus,
514 1088 598 1125 gloria
615 1097 703 1115 rerum
720 1093 856 1124 gestarum

61 1126 216 1163 singulariS,
230 1127 438 1162 quum,qu0ties
450 1128 594 1162 quisquam
606 1131 646 1152 est
657 1127 684 1152 in
697 1126 745 1152 lioc
757 1125 857 1152 scelere

61 1165 212 1196 convictus,
232 1165 307 1190 toties
322 1168 464 1190 renovetur
479 1164 605 1190 memoria
623 1172 669 1198 per
681 1172 722 1189 nie
734 1164 857 1189 inventae

60 1201 169 1229 salutis:
192 1210 241 1237 ego
252 1202 303 1228 sim
316 1206 368 1228 tam
380 1201 503 1233 demens,
522 1210 570 1237 ego
580 1201 757 1231 committam,
777 1205 805 1227 ut
815 1209 854 1232 ea,

60 1247 130 1276 quae
141 1247 188 1274 pro
199 1238 285 1265 salute
295 1239 416 1265 omnium
427 1239 508 1275 gessi,
522 1248 585 1265 casu
598 1239 683 1274 magis
695 1243 720 1264 et
733 1238 856 1264 felicitate

61 1286 75 1304 a
91 1285 147 1307 me,
165 1285 247 1311 quam
264 1277 361 1303 virtute
377 1281 402 1302 et
417 1276 528 1303 consilio
543 1281 617 1312 gesta
628 1284 687 1302 esse
698 1275 858 1302 videantur?

62 1316 104 1341 St.
126 1314 197 1346 Quid
213 1313 293 1349 ergo?
312 1314 366 1340 Hoc
383 1314 431 1340 tibi
446 1314 546 1345 sumis,
569 1314 639 1340 dicet
655 1313 765 1339 fortasse
781 1314 858 1348 quis-

61 1354 142 1388 piam.
157 1356 195 1382 ut,
208 1352 272 1386 quia
284 1356 311 1377 tu
322 1351 487 1382 defenderis,
502 1353 628 1377 innocens
640 1351 858 1386 iudicetur-‘21:¹50

62 1398 137 1420 vero,
161 1389 276 1419 iudices,
300 1397 352 1414 non
364 1388 442 1415 modo
454 1389 520 1414 mihi
532 1388 600 1415 nihil
615 1397 737 1419 assumo,
761 1388 788 1414 in
804 1397 858 1422 quo

61 1427 198 1463 quispiam
219 1431 362 1461 repugnet,
386 1426 434 1452 sed
450 1427 542 1457 etiam,
565 1427 589 1452 si
604 1425 670 1460 quid
687 1426 719 1451 ab
730 1426 857 1451 omnibus

60 1464 227 1495 conceditur,
246 1463 271 1489 id
284 1463 365 1489 reddo
376 1472 405 1489 ac
417 1464 531 1490 remitto.
571 1464 629 1490 Non
640 1463 667 1489 in
679 1472 708 1489 ea
721 1463 857 1498 republica

61 1510 161 1532 versor,
177 1510 227 1527 non
239 1501 272 1527 iis
285 1501 450 1535 temporibus
461 1506 541 1535 caput
553 1510 642 1527 meum
654 1500 739 1527 obtuli
752 1509 800 1535 pro
811 1509 858 1535 pa—

61 1540 109 1567 tria
121 1538 248 1574 periculis
260 1538 395 1570 omnibus,
405 1547 456 1565 non
468 1544 513 1564 aut
524 1539 559 1565 ita
571 1543 634 1564 sunt
646 1539 780 1569 exstincti,
789 1547 857 1573 quos

61 1578 127 1608 vici,
141 1580 186 1603 aut
197 1577 231 1602 ita
243 1576 326 1612 grati,
342 1584 409 1611 quos
421 1576 538 1607 servavi,
558 1580 587 1602 ut
598 1585 646 1612 ego
659 1576 723 1601 milii
737 1575 799 1610 plus
811 1584 855 1611 ap-

60 1619 150 1650 petere
161 1622 248 1645 coner,
262 1622 343 1648 quam
355 1618 485 1649 quantum
497 1622 590 1640 omnes
602 1614 704 1640 inimici
717 1613 857 1648 invidique

60 1653 204 1688 patiantur.
245 1652 286 1678 85.
304 1651 391 1678 Grave
402 1660 461 1678 esse
472 1651 587 1683 videtur,
600 1660 672 1681 enm,
686 1651 733 1685 qui
746 1652 859 1677 investi-

60 1690 129 1727 garit
139 1689 362 1719 coniurationem,
380 1690 427 1724 qui
439 1689 606 1724 patefecerit,
624 1689 671 1724 qui
684 1689 855 1724 oppresserit,

60 1728 105 1754 cui
115 1731 224 1754 senatus
236 1726 422 1762 singularibus
435 1727 524 1753 verbis
535 1727 633 1763 gratias
645 1728 738 1763 egerit,
755 1727 798 1753 cui
811 1727 857 1753 uni

62 1769 149 1801 togato
164 1764 388 1799 supplicationem
404 1764 564 1796 decreverit,
588 1764 676 1791 dicere
698 1766 725 1791 in
742 1764 855 1791 iudicio.-

62 1811 113 1830 non
125 1801 309 1833 defenderem,
327 1802 351 1828 si
366 1802 540 1828 coniurasset.
582 1803 639 1829 Non
650 1803 710 1829 dico
726 1802 766 1833 id,
784 1801 857 1837 quod

60 1848 141 1877 grave
152 1844 205 1866 est:
219 1839 279 1866 dico
290 1839 367 1870 illud,
376 1840 448 1874 quod
460 1840 486 1866 in
498 1840 540 1866 his
550 1840 654 1866 caussis
665 1840 857 1867 coniurationis

62 1886 113 1905 non
129 1877 277 1904 auctoritati
293 1885 443 1909 assumam,
466 1877 513 1904 sed
534 1877 631 1912 pudori
647 1886 719 1904 meo:
741 1878 798 1913 Ego
813 1877 858 1903 ille

60 1915 250 1942 coniurationis
262 1915 436 1950 investigator
446 1919 525 1950 atque
538 1915 606 1941 ultor
621 1920 691 1942 certe
703 1924 754 1942 non
766 1915 859 1942 defen-

61 1952 150 1979 derem
163 1951 275 1983 Sullani,
290 1952 314 1978 si
324 1952 480 1978 coniurasse
492 1953 642 1979 arbitrarer.
665 1953 729 1989 Ego,
743 1953 855 1984 iudices,

60 1989 93 2017 de
108 1990 189 2016 tantis
204 1989 326 2015 omnium
342 1989 469 2024 periculis
483 1999 569 2025 quum
585 1999 741 2025 quaererem
757 1991 855 2022 onmia,

60 2027 144 2054 multa
156 2026 285 2057 audirem,
300 2035 351 2053 non
363 2027 497 2053 crederem
509 2028 607 2058 omnia,
620 2036 741 2054 caverem
753 2029 856 2054 omnia:

61 2064 120 2091 dico
132 2065 189 2095 lioc,
202 2064 275 2099 quod
286 2064 363 2090 initio
373 2064 438 2095 dixi.
456 2064 559 2091 nullius
572 2065 682 2096 indicio,
698 2065 800 2092 nullius
812 2074 859 2091 su—

61 2102 194 2138 spicione,
212 2101 315 2128 nullius
331 2101 424 2127 litteris
436 2102 468 2127 de
481 2102 509 2128 P.
523 2102 597 2129 Sulla
610 2111 664 2129 rem
678 2103 759 2129 ullam
772 2102 858 2129 adme

61 2147 119 2166 esse
131 2139 255 2165 delatam.
295 2139 397 2165 XXXI.
411 2141 451 2165 86.
465 2139 643 2171 Quamobrem
656 2149 716 2170 vos,
729 2140 767 2166 dii
780 2142 859 2175 patrii

61 2185 91 2204 ac
101 2181 220 2212 penates,
228 2176 276 2213 qui
288 2176 352 2202 huic
363 2176 423 2202 urbi
435 2181 514 2211 atquc
526 2177 589 2204 huic
601 2178 712 2212 imperio
724 2178 860 2213 praeside—

62 2214 104 2246 tis,
117 2215 164 2249 qui
177 2214 226 2240 hoc
238 2214 393 2249 imperium,
407 2214 454 2249 qui
467 2214 534 2241 lianc
547 2214 694 2242 libertatem
712 2216 859 2251 populum-

61 2259 114 2288 que
126 2252 289 2282 Romanum,
307 2252 354 2286 qui
367 2252 431 2277 haec
443 2256 507 2278 tecta
518 2256 598 2287 atquo
610 2253 721 2288 templa.
740 2262 782 2279 me
796 2262 859 2280 eon-

61 2288 133 2321 sule,
147 2293 235 2316 vestro
246 2290 356 2316 numine
368 2289 522 2324 auxilioque
533 2291 673 2321 servastis,
687 2295 777 2322 testor,
791 2291 860 2317 inte—

61 2335 108 2363 gro
118 2335 162 2353 me
176 2327 266 2354 animo
280 2335 310 2353 ac
327 2326 409 2352 libero
424 2327 452 2352 P.
465 2326 556 2353 Sullae
567 2336 689 2354 caussam
701 2328 856 2355 defendere:

62 2363 167 2391 nullum
179 2373 193 2391 a
205 2373 247 2391 me
259 2365 359 2391 sciente
371 2363 474 2390 facinus
488 2364 628 2396 occultari,
647 2365 752 2392 nullum
769 2366 858 2392 scelus

62 2406 217 2437 susceptum
238 2406 327 2429 contra
348 2401 462 2428 salutem
484 2402 604 2428 omnium
626 2402 732 2429 defendi
749 2412 778 2429 uc
795 2404 857 2439 tegi.

62 2437 136 2466 Nihil
150 2439 184 2466 de
199 2439 249 2466 hoc
264 2439 356 2466 consul
373 2440 505 2474 comperi,
527 2439 594 2465 niliil
611 2441 764 2475 suspicatus
785 2449 856 2472 sum,

63 2475 129 2503 nihil
140 2476 242 2503 audivi.
283 2477 325 2503 87.
343 2478 433 2512 ltaque
444 2477 514 2503 idem
526 2485 575 2512 ego
587 2477 640 2508 1110,
654 2478 701 2512 qui
714 2477 859 2504 vehemens

62 2512 90 2540 iu
105 2512 185 2546 ulios,
208 2515 256 2549 qui
272 2514 446 2541 inexorabilis
461 2515 488 2541 in
505 2520 605 2541 ceteros
621 2523 681 2541 csse
698 2515 773 2541 visus
785 2524 855 2545 sum,

63 2549 189 2586 (persolvi
199 2551 312 2587 patriae,
325 2552 399 2587 quod
409 2551 505 2578 debui:
524 2552 625 2587 reliqua
642 2553 693 2579 ium
705 2561 719 2578 3
732 2561 773 2579 me
785 2561 858 2579 meae

63 2592 205 2623 perpetuae
225 2589 414 2616 consuetudini
434 2593 597 2625 naturaeque
618 2589 775 2625 ‹lebentur:)
804 2594 856 2617 tam

63 2632 124 2652 sum
135 2626 294 2659 misericors,
308 2627 420 2658 iudices,
434 2635 515 2662 quam
528 2636 588 2654 vos:
612 2632 663 2654 tani
676 2628 762 2658 mitis,
775 2636 856 2663 quam

83 2662 111 2689 ui
122 2661 287 2691 lenissimus.
309 2665 338 2691 In
349 2673 404 2700 quo
415 2665 561 2691 vehemens
574 2664 612 2691 fui
625 2665 774 2696 vobiscum,
790 2665 856 2692 niliil

75 2699 127 2732 eei,
144 2701 196 2728 nisi
211 2705 332 2729 coactus:
349 2701 514 2737 reipublicae
528 2702 713 2738 praecipitanti
725 2702 854 2730 subveni:

1174 158 1206 183 27
1226 172 1262 176 -—
1283 159 1324 183 33.
1651 160 1696 186 45⁴

906 227 1019 262 patriam
1031 227 1180 254 demersam
1192 227 1290 254 extuli:
1314 227 1494 254 misericordia
1505 228 1606 254 civium
1617 228 1704 255 addu-

907 265 942 291 cti
954 270 1017 291 tunc
1028 264 1131 291 fuimus
1143 270 1195 291 tam
1211 265 1396 296 vehementes,
1414 274 1496 300 quam
1512 274 1620 292 necesse
1636 265 1700 293 fuit:

907 302 981 328 salus
993 307 1063 328 esset
1073 303 1194 328 omnium
1205 303 1303 328 amissa
1314 311 1366 329 una
1378 307 1466 334 nocte,
1483 303 1536 330 nisi
1547 308 1617 330 esset
1626 312 1704 330 seve-

907 341 971 366 ritas
992 339 1037 365 illa
1053 344 1186 374 suscepta.
1227 340 1280 366 Sed
1296 345 1325 366 ut
1340 340 1373 366 ad
1387 340 1575 367 sceleratorum
1591 349 1703 376 poenam

908 385 996 403 amore
1012 377 1176 412 reipublicae
1191 386 1252 403 sum
1267 377 1414 404 adductus:
1438 378 1477 404 sic
1492 378 1525 405 ad
1536 378 1650 405 salutem
1662 379 1704 405 in-

908 415 1061 441 nocentium
1074 414 1208 441 voluntate
1219 415 1345 441 deducor.

965 454 1006 478 88.
1029 452 1102 478 Nihil
1114 452 1191 479 video
1203 461 1262 479 esse
1273 453 1301 479 in
1313 452 1361 479 hoc
1373 453 1402 479 P.
1415 452 1504 484 Sulla,
1517 452 1630 484 iudices,
1643 452 1705 480 odio

908 489 1032 525 dignum,
1046 490 1227 516 misericordia
1238 490 1319 526 digna
1331 490 1424 517 multa,
1446 491 1538 525 Neque
1550 491 1621 517 enim
1633 499 1705 517 nunc

908 527 1104 561 propulsandae
1119 527 1277 553 calamitatis
1293 536 1356 554 suae
1368 537 1461 554 caussa
1473 528 1590 563 supplex
1601 527 1634 554 ad
1645 536 1701 558 vos,

908 564 1024 595 iudices,
1047 564 1180 600 confugit:
1203 565 1251 590 sed
1267 574 1299 591 ne
1314 574 1366 599 qua
1383 567 1473 601 generi
1489 574 1518 592 ac
1534 566 1635 592 nomini
1656 573 1706 592 suo

909 606 970 627 nota
990 601 1106 628 nefariae
1122 602 1298 636 turpitudinis
1314 603 1445 629 inuratur.
1486 604 1552 629 Nam
1569 603 1627 637 ipse
1643 603 1705 637 qui-

909 639 979 669 dem,
994 640 1016 665 si
1028 640 1078 665 erit
1089 644 1178 665 vestro
1189 639 1289 666 iudicio
1301 639 1442 671 liberatus,
1457 649 1525 675 quae
1537 640 1616 666 habet
1626 649 1705 666 orna-

909 681 1011 706 menta,
1034 685 1102 711 quae
1119 676 1211 703 solatia
1227 677 1346 712 reliquae
1359 678 1440 708 vitae¹
1464 678 1565 712 quibus
1579 678 1667 704 laetari
1680 682 1705 704 et

908 713 1009 748 perfrui
1022 713 1124 748 possit?
1144 714 1244 740 Domus
1255 715 1312 745 erit,
1326 715 1413 746 credo,
1427 720 1565 741 exornata:
1584 715 1705 749 aperien-

909 756 952 776 tur
964 751 1094 777 maiorum
1106 751 1250 786 imagines:
1268 752 1326 786 ipse
1342 757 1464 778 ornatum
1481 761 1509 778 ac
1525 753 1651 778 vestitum
1664 761 1706 778 re-

908 788 1056 822 cuperabit.
1089 787 1192 820 Omnia,
1206 789 1322 819 iudices,
1336 789 1400 815 baec
1412 791 1510 816 amissa
1522 794 1598 815 sunt:
1616 790 1704 815 omnia

908 826 1027 861 generis,
1050 826 1180 857 nominiS,
1202 826 1310 852 honoris
1326 827 1442 862 insignia
1458 832 1537 862 atque
1552 832 1705 853 ornamenta

909 863 991 889 unius
1003 863 1095 889 iudicii
1107 863 1256 890 calamitate
1267 864 1430 890 occiderunt.
1449 864 1510 895 Sed,
1520 873 1552 890 ne
1561 865 1706 890 exstinctor

909 901 1021 935 patriae,
1035 909 1067 927 ne
1078 901 1208 935 proditor,
1222 910 1255 927 ne
1267 902 1351 928 hostis
1363 902 1524 936 appelletur,
1544 910 1576 928 ne
1587 901 1655 928 hanc
1668 901 1707 927 la-

908 938 970 964 bem
983 939 1047 964 tanti
1059 938 1167 964 sceleris
1179 939 1206 964 in
1221 938 1322 965 familia
1338 939 1484 974 relinquat,
1503 939 1530 965 id
1547 939 1660 970 laborat,
1679 938 1706 964 id

909 976 1017 1007 metuit:
1036 985 1068 1002 ne
1080 976 1197 1011 denique
1208 976 1252 1002 hic
1265 977 1346 1003 miser
1357 977 1486 1003 coniurati
1498 982 1523 1003 et
1534 976 1706 1003 conscelerati

909 1018 933 1039 et
945 1013 1088 1047 proditoris
1101 1013 1173 1039 filius
1185 1014 1351 1040 nominetur:
1374 1014 1438 1041 huic
1452 1023 1549 1049 puero,
1567 1015 1615 1049 qui
1631 1018 1670 1040 est
1682 1014 1706 1040 ci

909 1051 962 1077 vita
974 1060 1022 1077 sua
1034 1050 1119 1077 multo
1130 1052 1221 1082 carior,
1236 1052 1390 1083 metuit,cui
1403 1052 1510 1078 honoris
1522 1053 1637 1087 integros
1650 1051 1707 1077 fru-

908 1093 967 1114 ctus
980 1097 1030 1114 non
1043 1089 1078 1114 sit
1090 1088 1249 1119 traditurus.
1268 1098 1300 1115 ne
1312 1094 1446 1116 aeternam
1460 1090 1613 1116 memoriam
1626 1089 1707 1115 dede-

908 1127 976 1151 coris
988 1126 1131 1161 relinquat.
1173 1128 1213 1152 89.
1229 1127 1278 1152 Hic
1289 1136 1336 1153 vos
1348 1132 1412 1158 orat,
1428 1127 1539 1157 iudices,
1554 1135 1663 1162 parvus,
1678 1130 1707 1152 ut

909 1172 937 1189 se
949 1163 1107 1198 aliquando,
1125 1164 1148 1189 si
1161 1173 1212 1190 non
1224 1165 1327 1199 integra
1339 1164 1457 1196 fortuna,
1476 1170 1500 1191 at
1512 1164 1620 1195 afflicta,
1638 1164 1707 1199 patri

909 1209 958 1227 suo
973 1201 1100 1236 gratulari
1116 1202 1224 1227 sinatis:
1249 1202 1311 1228 huic
1327 1203 1424 1229 misero
1440 1203 1540 1229 notiora
1557 1206 1620 1228 sunt
1635 1201 1708 1228 iudi-

909 1239 1010 1265 ciorum
1023 1239 1116 1265 itinera
1128 1244 1153 1265 et
1169 1239 1230 1269 fori,
1249 1248 1330 1274 quam
1346 1241 1434 1275 campi
1449 1244 1474 1266 et
1489 1239 1705 1275 disciplinarum.

910 1277 967 1302 Non
980 1277 1032 1302 iam
1044 1276 1076 1302 de
1092 1277 1145 1302 vita
1156 1277 1185 1302 P.
1199 1276 1302 1308 Sullae,
1320 1277 1438 1309 iudices,
1456 1277 1503 1304 sed
1519 1278 1551 1303 de
1568 1276 1706 1312 sepultura

909 1313 1087 1339 contenditur.
1120 1314 1177 1340 Vita
1191 1319 1280 1348 erepta
1292 1320 1332 1341 est
1343 1316 1479 1350 superiore
1492 1315 1605 1341 iudicio:
1624 1323 1704 1344 nunc.

910 1360 941 1376 ne
953 1360 1050 1385 corpus
1062 1351 1196 1382 eiiciatur,
1215 1351 1376 1379 laboramus.
1417 1352 1488 1384 Quid
1505 1353 1576 1379 enim
1593 1357 1631 1378 est
1644 1352 1707 1378 huic

886 1417 888 1425 η
909 1388 1020 1423 reliqui,
1042 1389 1114 1423 quod
1131 1398 1192 1415 eum
1208 1389 1235 1415 in
1252 1390 1305 1416 vita
1322 1390 1370 1416 hac
1385 1389 1489 1416 teneat'?
1509 1394 1553 1416 ant
1574 1389 1639 1424 quid
1656 1394 1705 1419 est,

886 1426 888 1432 ‘
909 1426 1083 1461 quamobrem
1097 1426 1159 1452 liacc
1171 1427 1297 1461 cuiquam
1310 1428 1363 1453 vita
1376 1427 1515 1454 videatur?
1526 1427 1638 1453 xxxu.
1651 1427 1707 1452 Nu-

911 1472 957 1498 per
970 1463 991 1489 is
1004 1463 1082 1490 liomo
1095 1463 1145 1489 fuit
1157 1464 1183 1490 111
1194 1465 1301 1490 civitate
1314 1465 1342 1490 P.
1356 1464 1440 1495 Sulla,
1455 1470 1483 1491 ut
1495 1474 1574 1491 nemo
1585 1465 1608 1491 ei
1621 1473 1649 1490 se
1661 1472 1708 1490 ne-

909 1509 962 1535 quc
975 1501 1080 1532 bonore,
1090 1510 1177 1536 neque
1188 1502 1271 1536 gratia
1284 1510 1332 1528 nec
1343 1502 1456 1528 fortunis
1468 1502 1622 1528 anteferret:
1637 1510 1708 1528 nuno

910 1538 1040 1573 spoliatus
1052 1539 1123 1565 omni
1135 1539 1277 1573 dignitate,
1290 1548 1359 1574 quae
1371 1545 1459 1574 erepta
1472 1545 1548 1570 sunt,
1567 1548 1619 1566 non
1631 1548 1706 1574 repe*

910 1577 954 1602 tit:
971 1576 1043 1611 quod
1056 1576 1159 1602 fortuna
1173 1578 1198 1603 in
1211 1576 1288 1603 malis
1301 1577 1397 1612 reliqui
1411 1578 1484 1607 fecit,
1499 1582 1527 1604 ut
1538 1586 1599 1604 cum
1613 1586 1704 1611 paren-

911 1618 943 1645 te,
957 1622 1018 1640 cum
1032 1614 1132 1645 liberis,
1146 1623 1208 1640 cum
1220 1614 1378 1645 fratre,cuni
1392 1616 1434 1641 liis
1447 1616 1603 1641 necessariis
1616 1615 1708 1650 lugere

910 1660 987 1677 suam
998 1651 1176 1678 calamitatem
1190 1652 1278 1683 liceat,
1296 1652 1322 1678 id
1334 1653 1431 1687 sibime
1443 1654 1575 1688 eripiatis,
1593 1652 1705 1683 iudices,

910 1698 958 1715 vos
969 1689 1126 1716 obtestatur.
1167 1691 1209 1715 90.
1232 1690 1267 1716 Te
1279 1691 1368 1725 ipsum
1382 1691 1447 1721 iani,
1461 1692 1602 1725 Torquate,
1615 1690 1709 1724 exple-

911 1731 967 1753 tum
980 1735 1038 1753 esse
1051 1727 1132 1753 liuius
1145 1728 1261 1754 miseriis
1273 1733 1394 1762 parerat.
1417 1729 1473 1754 Etsi
1486 1728 1552 1755 nihil
1565 1728 1638 1754 aliud
1646 1728 1708 1754 Sul-

912 1764 951 1791 lae
963 1765 1014 1791 nisi
1030 1765 1199 1791 consulatum
1215 1765 1409 1797 abstulissetis,
1433 1771 1521 1792 tamen
1536 1774 1567 1792 co
1583 1774 1629 1791 vos
1645 1774 1709 1792 con-

911 1807 996 1829 tentos
1008 1811 1067 1829 csse
1078 1803 1224 1838 oportebat.
1262 1804 1373 1830 nonoris
1389 1804 1460 1830 enim
1472 1804 1604 1830 contentio
1617 1812 1663 1829 vos
1676 1803 1709 1829 ad

910 1849 1103 1872 caussam,non
1117 1841 1271 1867 inimicitiae
1282 1841 1462 1868 deduxerunt.
1485 1841 1537 1868 Sed
1547 1850 1632 1877 quum
1646 1841 1709 1867 liuic

911 1879 1000 1905 omnia
1011 1887 1072 1905 cum
1086 1878 1184 1905 lionorc
1195 1879 1310 1905 detracta
1322 1880 1389 1910 sint,
1407 1888 1491 1914 quum
1506 1880 1531 1905 in
1544 1879 1592 1905 1130
1605 1878 1709 1905 fortuna

911 1916 1060 1943 miserrima
1077 1925 1105 1942 ac
1123 1916 1322 1943 luctuosissima
1338 1916 1482 1943 destitutus
1499 1917 1546 1943 sit:
1570 1916 1636 1952 quid
1657 1921 1706 1947 est.

910 1954 982 1989 quod
998 1959 1106 1989 expetas
1121 1954 1257 1989 amplius?
1278 1955 1392 1981 Lucisne
1405 1955 1472 1981 hanc
1485 1963 1594 1981 usurum
1607 1955 1709 1989 eripere

911 1993 962 2023 vis,
986 1991 1092 2026 plenam
1107 1991 1275 2019 lacrimarum
1287 1997 1367 2027 atque.
1379 1993 1505 2019 maeroris
1515 2013 1520 2023 ,
1543 1993 1570 2018 in
1581 2000 1634 2027 qua
1646 2000 1708 2018 cum

911 2030 1028 2056 maximo
1039 2030 1157 2056 cruciatu
1169 2034 1249 2065 atque
1260 2030 1349 2057 dolore
1362 2030 1507 2057 retinetur?
1518 2029 1709 2056 Libenterred-

910 2067 1022 2099 diderit,
1040 2067 1162 2102 adempta
1178 2068 1324 2103 ignominia
1337 2067 1484 2094 foedissimi
1497 2067 1628 2094 criminis.
1668 2067 1709 2093 An

912 2114 974 2131 vero
985 2105 1126 2131 inimicum
1139 2110 1167 2131 ut
1178 2105 1316 2140 expellas-1¹
1326 2105 1405 2131 cuius
1416 2114 1449 2131 ex
1461 2105 1587 2135 miseriis,
1601 2105 1624 2130 si
1635 2113 1709 2130 esses

911 2142 1131 2173 crudelissimus,
1157 2142 1273 2169 videndo
1297 2142 1413 2169 fructum
1437 2152 1545 2177 caperes
1569 2142 1706 2171 maiorem.

911 2188 992 2214 quam
1009 2180 1151 2206 audiendo.
1193 2181 1235 2206 91.
1257 2180 1278 2206 Ο
1294 2181 1423 2206 miserum
1439 2185 1465 2206 et
1480 2180 1614 2206 infelicent
1631 2179 1708 2205 illum

889 2233 890 2236 =
911 2217 996 2248 diem,
1014 2226 1068 2252 quo
1083 2217 1176 2243 consul
1193 2218 1320 2243 omnibus
1335 2218 1463 2243 centuriis
1476 2218 1503 2243 1¹.
1517 2217 1593 2243 Sulla
1610 2226 1709 2243 renun-

912 2255 992 2280 tiatus
1008 2255 1061 2281 est!
1084 2263 1099 2281 o
1116 2254 1209 2280 falsam
1226 2255 1316 2289 spem!
1339 2263 1355 2280 o
1371 2255 1505 2281 volucrem
1524 2254 1670 2281 fortunam!
1693 2263 1709 2280 o

911 2300 1014 2318 caecam
1035 2292 1223 2326 cupiditatem!
1245 2301 1260 2318 o
1277 2297 1472 2326 praeposteram
1487 2291 1706 2325 gratulationem!

910 2330 996 2361 Quam
1008 2329 1060 2355 cito
1072 2329 1115 2355 illa
1127 2330 1214 2355 omniu
1225 2338 1258 2355 ex
1270 2329 1366 2355 laetitia
1379 2334 1403 2355 ct
1415 2329 1549 2364 voluptate
1561 2329 1594 2355 nd
1607 2329 1707 2355 luctum

910 2371 935 2392 et
949 2366 1069 2392 lacrimas
1081 2366 1244 2396 reciderunt,
1263 2371 1304 2396 ut,
1322 2367 1369 2401 qui
1387 2367 1476 2401 paullo
1487 2371 1546 2392 111110
1557 2366 1650 2392 consul
1662 2366 1709 2392 de-

888 2414 890 2420 *
910 2404 1033 2439 signatus
1050 2403 1158 2434 fuisset,
1183 2404 1305 2430 retineret
1322 2409 1430 2438 repente
1443 2404 1548 2430 nullum
1561 2404 1707 2439 vestigium

911 2441 1039 2476 pristinae
1050 2441 1202 2476 dignitatis!
1225 2441 1295 2473 Quid
1307 2442 1377 2467 enim
1390 2447 1443 2467 erat
1456 2441 1532 2470 mali,
1548 2441 1621 2476 quod
1634 2441 1705 2470 liuic.

910 2478 1023 2513 spoliato
1035 2478 1142 2509 honore,
1157 2478 1234 2509 fania,
1249 2478 1371 2509 fortunis,
1385 2478 1478 2504 deesse
1491 2478 1643 2505 videretur?
1662 2483 1708 2505 mit

910 2517 952 2542 cui
971 2524 1053 2542 novae
1069 2515 1211 2542 calamitati
1227 2516 1300 2542 locus
1312 2515 1386 2543 ullus
1398 2516 1506 2543 relictus
1518 2516 1607 2543 esset?
1627 2516 1708 2551 Urget

910 2553 1002 2580 cadem
1024 2552 1142 2584 fortuna,
1164 2562 1233 2589 quae
1254 2554 1354 2588 coepit:
1378 2554 1474 2588 reperit
1490 2562 1589 2580 novum
1605 2562 1707 2580 maero-

910 2600 980 2617 rem:
1004 2599 1055 2617 nou
1072 2592 1183 2626 patitur,
1207 2591 1342 2618 hominem
1358 2591 1544 2618 calamitosum
1560 2599 1614 2618 uno
1628 2591 1707 2618 modo

910 2628 1038 2655 afflictum
1050 2636 1103 2655 uno
1114 2629 1140 2655 in
1155 2628 1227 2655 luctu
1241 2629 1335 2664 perire.
1376 2629 1500 2655 xxxin.
1517 2631 1559 2655 92.
1582 2629 1634 2655 Sed
1651 2629 1704 2655 111111

910 2665 1041 2701 impedior
1051 2671 1168 2701 egomet,
1187 2666 1303 2697 iudices,
1321 2666 1411 2692 dolore
1422 2667 1517 2697 animi,
1535 2675 1567 2693 ne
1578 2666 1611 2693 de
1623 2666 1705 2693 huius

909 2704 1017 2731 miseria
1028 2703 1105 2739 plura
1117 2704 1214 2730 dicum.
1256 2704 1363 2731 Vestrae
1375 2705 1426 2731 111111
1439 2709 1502 2731 sunt
1513 2708 1616 2740 partes.
1633 2703 1705 2731 iudi-

1440 2752 1496 2764 7--

1439 2762 1465 2778 0¹
