1941 3052
336 108 663 136 EPISTOLARUM
693 109 746 136 AD
775 110 1006 137 DIVERSOS
1037 111 1202 137 L1B.xv.

62 183 114 211 ret3
128 179 177 205 etsi
189 177 383 213 intelligebam,
392 183 481 206 vestro
492 184 601 206 senatus
612 180 734 207 consulto
741 189 793 207 non
800 189 858 208 mo-

62 216 96 243 do
119 224 198 251 posse
218 224 261 242 me
281 215 309 242 id
324 215 425 247 facere,
448 217 497 243 sed
515 218 596 243 etiam
611 217 723 244 debere:
757 223 855 249 tamen,

62 261 146 289 quum
166 252 319 287 respublica
336 253 496 288 postularet,
514 259 622 289 propter
636 255 808 290 quotidianos
825 264 859 282 ex

62 291 138 326 Syria
151 291 269 321 nuntios,
283 295 405 326 utquam
416 292 535 325 primum
548 293 696 319 exercitum
708 293 858 320 adCiliciae
879 289 881 294 '

62 327 129 354 fines
140 327 316 354 adducerem:
343 337 484 363 quumque
500 329 568 355 mihi
580 338 640 361 rex,
654 330 793 364 patefactis
805 330 858 356 iam

62 364 179 396 insidiis,
193 374 245 391 non
256 373 334 400 egere
346 367 467 392 exercitu
479 366 572 401 populi
583 367 704 398 Romani,
720 367 767 393 sed
779 376 858 402 posse

61 410 89 428 se
105 402 163 428 suis
177 402 276 437 opibus
292 402 436 429 defendere
451 404 602 435 videretur,
617 404 695 431 illum
706 405 858 431 cohortatus

61 448 136 470 sum,
154 444 184 466 ut
200 440 227 466 in
243 449 291 466 sua
303 441 356 466 vita
368 441 551 467 conservanda
563 442 682 476 primum
693 451 804 478 regnare
816 442 859 468 di-

61 481 159 503 sceret:
183 485 197 503 a
208 477 310 512 quihus
322 479 506 513 perspexisset
516 479 570 505 sibi
582 479 696 505 insidias
707 484 822 514 paratas,
830 480 858 506 in

61 522 106 541 eos
121 518 241 541 uteretur
252 515 310 541 iure
322 516 395 551 regio
406 526 411 542 :
436 525 522 550 poena
532 516 650 543 afficeret
660 525 718 548 e05,
732 526 800 551 quos
811 526 859 543 ne-

60 560 136 578 cesse
147 557 230 579 esset:
258 552 377 587 reliquos
389 558 461 580 metu
474 553 611 580 liberaret:
634 554 769 589 praesidio
781 563 858 580 exer-

60 589 131 615 citus
142 590 195 615 mei
207 589 240 616 ad
250 598 356 621 eorum,
372 591 420 625 qui
432 591 458 617 in
470 591 548 625 culpa
560 596 662 622 essent,
676 592 799 618 timorem
809 600 859 626 po-

60 627 130 658 tius,
144 635 226 662 quam
237 627 270 653 ad
282 628 478 654 contentionem
490 633 622 655 uteretur:
645 628 700 655 fore
711 633 800 655 autem
809 650 815 659 ,
829 633 859 655 ut

60 672 168 695 omnes,
191 673 277 699 quum
296 665 561 692 senatusconsultum
582 670 704 697 nossent,
723 666 858 701 intellige-

61 706 134 732 rent,
157 710 200 727 me
220 703 290 737 regi.
313 703 337 728 si
356 711 425 737 opus
446 707 530 734 esset,
543 711 577 729 ex
597 704 753 730 auctoritate
769 708 857 730 vestra

60 738 195 773 praesidio
211 738 343 766 futurum.
378 741 402 766 8.
420 741 457 766 Ita
472 740 627 767 confirmato
639 740 699 772 illo,
713 749 747 767 ex
758 749 788 767 eo
801 741 857 767 loco

60 780 146 802 castra
167 777 254 807 movi,
277 777 326 802 iter
338 777 365 803 in
381 777 504 803 Ciliciam
521 777 607 803 facere
624 778 743 805 institui:
770 787 856 813 quum

60 813 111 839 hac
130 814 256 848 opinione
276 822 290 840 e
306 814 475 848 Cappadocia
495 815 677 845 discederem,
701 820 730 842 ut
743 815 857 842 consilio

60 855 157 881 vestro,
171 859 235 877 casu
247 851 404 878 incredibili
415 861 445 878 ac
456 861 540 886 paene
552 852 655 884 divino,
664 861 765 888 regem,
774 862 856 888 quem

60 896 107 914 vos
123 888 394 915 honorificentissime
410 889 610 924 appellassetis,
627 890 702 917 nullo
716 890 857 925 postulan-

60 929 98 956 te,
111 933 249 960 quemque
261 934 335 952 meae
347 926 410 953 fidei
421 927 672 959 commendassetis,
687 933 712 954 et
722 928 801 955 cuius
813 937 857 954 sa-

61 962 142 989 lutem
164 971 276 998 magnae
292 963 370 990 vobis
385 973 464 990 curae
480 973 539 991 esse
554 965 758 997 decrevissetis,
779 974 856 992 meus

59 999 191 1026 adventus
203 1001 391 1035 praesentibus
403 1002 512 1028 insidiis
523 1002 653 1029 liberarit.
675 1003 752 1035 Quod
763 1003 796 1030 ad
810 1012 856 1030 vos

59 1046 73 1063 a
89 1045 131 1063 me
146 1038 230 1064 scribi
246 1047 298 1064 non
314 1038 433 1065 alienum
448 1040 556 1074 putavi,
574 1045 604 1066 ut
620 1040 807 1076 intelligeretis
823 1050 857 1067 ex

58 1075 102 1106 iis,
115 1083 184 1109 quae
196 1084 280 1110 paene
290 1076 455 1108 acciderunt,
470 1086 517 1103 vos
529 1077 613 1103 multo
624 1083 694 1109 ante,
708 1087 741 1104 ne
748 1087 778 1104 ea
785 1079 857 1105 acei-

59 1111 164 1143 derent,
183 1113 348 1147 providisse:
376 1123 461 1149 eoque
476 1123 524 1141 vos
535 1115 686 1141 studiosius
698 1115 749 1142 feci
760 1116 857 1142 certio-

59 1157 114 1180 res,
137 1150 210 1184 quod
226 1150 253 1176 in
269 1159 332 1186 rege
347 1151 527 1178 Ariobarzane
543 1161 573 1178 ea
589 1152 658 1179 mihi
674 1153 752 1188 signa
764 1153 857 1180 videor

59 1187 180 1219 virtutis,
207 1188 324 1223 ingenii,
347 1188 423 1221 fidei,
446 1189 705 1225 benevolentiaeque
726 1199 788 1226 erga
810 1200 856 1217 vos

58 1225 240 1259 perspexisse,
254 1229 346 1252 utnon
357 1227 416 1252 sine
427 1235 522 1253 caussa
535 1232 633 1254 tantam
640 1236 732 1254 curam
738 1228 857 1264 diligen-

59 1262 179 1297 tiamque
190 1262 217 1289 in
229 1263 288 1288 eius
300 1272 347 1289 vos
358 1263 475 1291 salutem
487 1264 636 1291 videamini
647 1265 805 1293 contulisse.

113 1331 152 1352 m.
169 1332 249 1352 Alto.
273 1332 358 1353 Scribit
376 1333 403 1353 de
416 1333 471 1353 belli
487 1334 589 1354 Parthici
606 1341 692 1355 rumore
707 1338 736 1360 et,
757 1342 796 1355 tur
813 1342 856 1355 nun

58 1366 175 1393 scripserit
186 1366 282 1394 publice,
291 1367 397 1394 explicat.

188 1405 219 1428 (ln
229 1404 294 1422 castris
303 1405 326 1422 ud
338 1406 429 1427 Iconium,
440 1405 498 1427 Rutu,
508 1406 600 1424 Marcello
610 1413 656 1424 coss.
668 1407 723 1429 703.)

212 1447 248 1473 M.
271 1448 300 1474 T.
323 1447 352 1475 C.
378 1448 404 1475 S.
426 1449 457 1476 D.
479 1449 515 1476 M.
537 1449 697 1478 CATONI.

116 1493 138 1518 l.
161 1486 258 1524 Quum
273 1493 307 1519 ad
324 1502 366 1520 me
383 1493 477 1530 legati,
501 1495 578 1521 missi
590 1495 623 1522 ab
634 1495 766 1523 Antiocho
777 1496 856 1524 Com-

57 1537 185 1565 mageno,
203 1531 342 1558 venissent
353 1532 380 1558 in
392 1536 477 1559 castra
489 1532 522 1558 ad
533 1533 653 1559 Iconium
666 1543 690 1560 a.
703 1534 730 1561 d.
743 1542 781 1561 ιιι.
795 1534 854 1561 Kal.

57 1566 68 1579 *
81 1566 244 1601 Septembr.,
258 1568 331 1603 iique
342 1569 410 1596 mihi
422 1570 599 1601 nuntiassent,
614 1571 686 1607 regis
697 1571 855 1598 Parthorum

57 1603 158 1635 filium,
176 1613 292 1640 quocum
310 1611 380 1633 esset
391 1612 474 1642 nupta
486 1608 558 1643 regis
569 1608 759 1635 Armeniorum
770 1618 853 1640 soror.

56 1641 89 1668 ad
104 1641 260 1677 Euphraten
277 1651 339 1669 cum
351 1645 478 1671 maximis
489 1645 647 1672 Parthorum
659 1647 745 1681 copiis
756 1646 856 1673 multa-

56 1687 171 1714 rumque
182 1684 318 1715 praeterea
328 1682 452 1717 gentium
464 1691 559 1718 magna
573 1692 654 1710 manu
669 1685 786 1716 venisse,
800 1685 856 1711 Eu-

55 1716 223 1752 phratenque
239 1718 291 1744 iam
303 1720 416 1745 transire
427 1721 558 1755 coepisse,
572 1720 682 1756 dicique
695 1721 854 1748 Armenium

56 1762 147 1789 regem
163 1754 190 1781 in
206 1754 403 1790 Cappadociam
416 1757 547 1792 impetum
559 1767 618 1784 esse
630 1758 778 1786 facturum.-
803 1768 855 1794 pu-

56 1791 124 1822 tavi,
141 1800 188 1826 pro
204 1797 292 1819 nostra
305 1795 504 1821 necessitudine
513 1816 519 1826 ,
537 1804 579 1822 me
592 1795 642 1822 hoc
654 1796 687 1823 ad
699 1801 723 1823 te
735 1797 853 1823 scribere

54 1833 186 1863 oportere.
198 1830 224 1856 2.
236 1830 348 1857 Publice
359 1832 658 1866 propterduascaussas
665 1834 850 1869 nibilscripsi;

55 1865 128 1900 quod
148 1871 174 1892 et
189 1867 279 1900 ipsum
295 1868 507 1904 Commagenum
524 1870 604 1906 legati
620 1871 746 1899 dicebant
760 1871 794 1898 ad
809 1881 853 1898 se-

56 1907 148 1929 natum
164 1904 254 1930 statim
270 1906 379 1932 nuntios
396 1906 551 1942 litterasque
567 1908 689 1940 misisse,
717 1914 743 1936 et
757 1909 853 1936 existi-

56 1939 177 1971 mabam,
195 1941 231 1967 M.
248 1941 375 1968 Bibulum
388 1944 589 1978 proconsulem,
607 1946 656 1980 qui
671 1947 778 1973 circiter
789 1946 852 1973 ldus

55 1976 172 2003 Sextiles
187 1977 221 2004 ab
236 1978 344 2013 Epheso
356 1980 382 2006 in
394 1980 500 2016 Syriam
512 1982 628 2009 navibus
640 1983 775 2017 profectus
786 1988 850 2015 erat,

55 2014 127 2050 quod
148 2015 281 2042 secundos
293 2021 386 2043 ventos
399 2017 552 2051 habuisset,
572 2020 624 2046 iam
642 2020 668 2046 in
684 2021 851 2055 provinciam

55 2060 131 2079 suam
148 2053 318 2086 pervenisse3
350 2055 430 2081 cuius
447 2055 542 2082 litteris
557 2057 647 2083 omnia
663 2059 775 2085 certiora
791 2067 853 2093 per—

55 2088 138 2116 latum
155 2090 188 2115 iri
203 2089 237 2116 ad
252 2096 375 2118 senatum
392 2093 531 2127 putabam.
571 2094 652 2125 Mihi,
671 2099 700 2122 ut
716 2096 742 2122 in
756 2095 853 2122 huius-

54 2126 127 2153 modi
143 2135 170 2153 re
189 2131 315 2163 tantoque
331 2128 415 2161 bello,
434 2131 568 2157 maximae
578 2140 658 2158 curae
669 2137 717 2163 est,
732 2137 769 2163 ut.
783 2141 852 2168 quae

54 2164 140 2199 copiis
156 2168 182 2191 et
196 2164 295 2199 opibus
311 2170 400 2192 tenere
417 2168 464 2194 vix
479 2169 629 2202 possimus,
647 2178 676 2195 ea
694 2175 852 2197 mansuetu-

54 2200 118 2228 dine
133 2206 159 2228 et
174 2202 337 2229 continentia
355 2208 456 2235 nostra,
475 2206 609 2232 sociorum
621 2206 749 2234 fidelitate
761 2213 852 2234 tenea-

55 2246 137 2303 mq1s.s
165 2239 205 2302 'gu
226 2239 321 2272 velim,
341 2245 370 2267 ut
384 2243 534 2273 consuesti.
553 2252 600 2270 nos
616 2244 740 2272 absentes
751 2245 851 2281 diligas

54 2280 81 2303 et
109 2284 123 2303 e
136 2285 168 2303 en
190 2285 230 2303 as.

106 2345 144 2366 lv.
161 2345 236 2366 ΑΚΘ.
257 2346 338 2370 ttetnn.
355 2354 409 2374 quan
420 2348 443 2368 in
454 2349 567 2375 prmiucin
577 2353 684 2374 genuerat,
695 2350 772 2372 ordine
782 2358 849 2379 expu-

55 2378 114 2405 nith.
129 2380 194 2408 petit.
211 2384 235 2402 nt
247 2380 270 2402 in
283 2385 362 2403 uenatu
377 2383 553 2410 uupplieatiune·
568 2384 612 2404 nihi
622 2385 770 2406 ‹tet—ernenda-
780 2391 848 2407 curet.

301 2419 384 2441 (Paullo,
394 2421 484 2439 Mursella
495 2428 540 2438 cunr
553 2423 590 2439 70}
602 2424 607 2442 )

159 2461 195 2488 M.
217 2462 247 2489 T.
269 2462 298 2489 C.
321 2463 398 2490 lMP.
421 2463 448 2489 S.
472 2464 501 2490 D.
524 2464 558 2490 Μ.
581 2464 737 2492 CATONI.

112 2499 134 2524 l.
156 2494 272 2526 Summa
289 2504 332 2527 tua
349 2501 492 2527 auctoritas
504 2501 575 2532 fetxit,
595 2510 740 2537 meumque
753 2511 849 2537 perpe-

53 2537 131 2576 tuum
141 2534 174 2561 de
186 2540 230 2563 tua
241 2537 374 2573 singulari
386 2539 484 2565 virtute
496 2538 638 2570 iudicium,
648 2544 677 2566 ut
688 2540 778 2575 magni
791 2549 848 2566 mea

54 2575 182 2599 interesse
193 2578 325 2608 putarem,
338 2580 364 2602 et
375 2584 417 2602 res
427 2584 482 2607 eas,
495 2585 562 2611 quas
573 2577 729 2612 gessissem,
739 2577 788 2604 tibi
801 2586 849 2604 no-

54 2611 94 2635 tas
108 2617 176 2641 esse.
194 2614 220 2637 et
235 2619 286 2638 non
302 2613 420 2648 ignorari
435 2621 449 2639 a
467 2619 500 2644 te,
517 2623 570 2649 qua
581 2614 716 2649 aequitate
726 2615 848 2641 etconti-

54 2646 143 2673 nentia
161 2651 250 2674 tuerer
271 2650 357 2677 socios
377 2651 599 2687 provinciamque
619 2651 846 2680 administrarem.

1233 112 1252 137 E
1265 111 1294 138 P.
1317 113 1331 138 Ξ
1351 127 1388 131 -
1409 113 1432 138 4.
1657 114 1705 140 783

909 182 956 207 His
974 182 1047 208 enim
1068 191 1082 208 a
1097 186 1122 208 te
1141 183 1269 217 cognitis,
1291 182 1441 209 arbitrabar
1459 182 1566 209 facilius
1585 191 1627 209 me
1644 183 1703 214 tibi,

910 227 978 253 quae
991 219 1098 250 vellem,
1107 219 1293 254 probaturum.
1309 222 1334 246 ⁶2.
1342 219 1432 252 Quum
1439 220 1466 246 in
1474 221 1641 255 provinciam
1649 221 1706 255 pri-

910 256 953 282 die
974 256 1032 282 Kal.
1050 257 1122 283 Sext.
1140 258 1290 288 venissem,
1308 262 1334 283 et
1348 262 1456 292 propter
1471 258 1534 284 anni
1551 262 1656 292 tempus
1673 258 1705 283 ad

909 294 1057 320 exercitum
1072 294 1141 320 mibi
1155 293 1297 320 confestim
1312 303 1371 320 esse
1386 294 1507 321 eundum
1519 295 1649 326 viderem,
1664 295 1706 321 bi-

910 331 995 357 duum
1011 331 1157 357 Laodiceae
1174 331 1227 363 fui,
1249 332 1347 358 deinde
1369 332 1501 366 Apameae
1517 332 1703 367 quatriduum,

910 368 1031 394 triduum
1043 368 1178 404 Synnadis
1187 389 1193 399 ,
1216 369 1327 395 totidem
1339 369 1397 395 dies
1408 369 1572 396 Philomelii.
1599 370 1706 402 Quibus

910 406 938 431 in
958 406 1065 440 oppidis
1082 415 1167 440 quum
1184 408 1275 441 magni
1291 412 1440 433 conventus
1455 406 1583 438 fuissent,
1607 407 1706 433 multas

909 444 1032 469 civitates
1052 443 1236 469 acerbissimis
1255 444 1363 470 tributis
1382 449 1407 470 et
1424 445 1595 479 gravissimis
1614 445 1706 470 usuris

910 484 935 506 et
950 479 1018 506 falso
1033 489 1092 507 aere
1107 480 1195 507 alieno
1212 480 1336 507 liberavi.
1376 481 1521 516 Quumque
1533 487 1592 508 ante
1605 481 1706 508 adven-

910 522 967 543 tum
982 526 1073 544 meum
1089 517 1220 544 seditione
1232 518 1349 553 quadam
1361 520 1494 545 exercitus
1506 524 1576 545 esset
1588 519 1706 553 dissipa-

910 559 966 585 tus,
993 556 1115 590 quinque
1130 555 1252 581 cobortes
1268 556 1326 582 sine
1343 556 1437 591 legato,
1455 557 1513 582 sine
1531 557 1638 583 tribuno
1654 557 1706 582 mi—

910 591 997 623 litum,
1016 592 1133 627 denique
1152 593 1232 619 etiam
1248 594 1305 619 sine
1321 594 1475 620 centurione
1493 594 1547 620 ullo
1559 594 1631 628 apud
1642 593 1706 619 Phi-

910 629 1049 656 lomelium
1072 630 1269 662 consedissent,
1301 630 1423 666 reliquus
1442 632 1577 658 exercitus
1593 636 1663 657 esset
1678 632 1705 656 in

910 667 1056 702 Lycaonia:
1093 667 1128 693 M.
1148 668 1251 694 Anneio
1268 667 1353 703 legato
1370 669 1510 703 imperavi,
1529 674 1557 694 ut
1569 677 1612 694 eas
1624 669 1706 703 quin·

909 713 961 738 que
977 704 1099 730 cohortes
1116 704 1150 730 ad
1161 704 1298 739 reliquum
1310 706 1459 732 exercitum
1470 706 1589 736 duceret,
1602 710 1706 732 coacto-

908 750 961 775 que
974 742 1000 767 in
1013 750 1098 767 unum
1110 741 1199 768 locum
1210 743 1339 773 exercitu,
1354 748 1439 769 castra
1451 744 1476 768 in
1489 744 1621 778 Lycaonia
1634 743 1705 778 apud

908 779 1028 805 Iconium
1048 778 1155 805 faceret.
1195 781 1220 806 3.
1242 778 1319 811 Quod
1339 788 1425 814 quum
1446 780 1479 806 ab
1501 780 1547 806 illo
1562 780 1707 815 diligenter

908 820 979 842 esset
993 820 1096 849 actum;
1129 825 1178 851 ego
1195 817 1222 842 in
1238 821 1323 843 castra
1339 826 1362 843 a.
1379 816 1406 844 d.
1424 826 1470 843 vn.
1488 817 1547 843 Kal.
1566 817 1704 852 Septemb.

908 854 984 879 veni:
1012 862 1098 888 quum
1115 854 1215 880 interea
1231 854 1418 888 superioribus
1429 854 1527 880 diebus
1539 863 1572 880 ex
1583 860 1707 880 senatus-

907 890 1039 922 consulto,
1053 896 1078 917 et
1088 896 1259 917 evocatorum
1272 892 1376 918 firmam
1386 901 1507 923 manum,
1520 897 1545 918 et
1556 893 1706 926 equitatum

907 936 971 954 sane
992 928 1132 959 idoneum,
1159 933 1183 955 et
1203 928 1365 963 populorum
1391 929 1536 956 liberorum
1557 938 1706 965 regumque

907 966 1041 992 sociorum
1053 965 1154 992 auxilia
1166 966 1316 993 voluntaria
1327 968 1566 1002 comparavissem.
1597 967 1706 993 Interim

907 1012 1003 1038 quum,
1020 1004 1140 1029 exercitu
1156 1003 1279 1035 lustrato,
1297 1004 1347 1031 iter
1362 1005 1389 1031 in
1405 1004 1528 1031 Ciliciam
1544 1004 1631 1030 faeere
1646 1013 1707 1030 coe-

908 1041 1024 1075 pissem:
1038 1040 1100 1067 111.*
1111 1040 1170 1067 Kal.
1183 1041 1320 1076 Septemb.
1334 1041 1423 1078 legati,
1432 1051 1445 1068 a
1457 1051 1519 1078 rege
1526 1042 1707 1077 Commageno

908 1078 941 1104 ad
957 1086 1000 1104 me
1015 1078 1103 1109 missi,
1120 1078 1345 1113 pertumultuose,
1363 1088 1451 1114 neque
1463 1084 1552 1106 tamen
1568 1088 1620 1105 non
1633 1088 1704 1110 vere,

909 1116 1019 1142 Parthos
1032 1116 1059 1142 in
1067 1115 1173 1151 Syriam
1180 1117 1308 1143 transisse
1315 1118 1518 1144 nuntiaverunt.
1532 1116 1707 1149 4.Quoaudi-

909 1158 943 1185 to,
958 1153 1132 1179 vehementer
1143 1162 1204 1180 sum
1215 1159 1366 1181 commotus
1377 1163 1463 1190 quum
1475 1154 1507 1181 de
1514 1154 1600 1190 Syria,
1610 1159 1666 1180 tum
1673 1153 1706 1180 de

908 1199 966 1217 mea
978 1191 1127 1226 provincia,
1141 1191 1174 1217 de
1186 1191 1291 1227 reliqua
1301 1192 1419 1228 denique
1430 1192 1503 1218 Asia.
1526 1193 1617 1227 Itaque
1629 1200 1707 1218 exer-

908 1229 992 1255 citum
1007 1228 1075 1254 mihi
1086 1228 1484 1265 ducendumperCappadociae
1491 1230 1628 1265 regionem
1636 1238 1704 1260 eam,

907 1274 977 1300 quae
988 1265 1111 1292 Ciliciam
1123 1267 1274 1302 attingeret,
1288 1268 1392 1302 putavi.
1433 1268 1499 1293 Nam
1512 1268 1534 1293 si
1547 1275 1588 1292 me
1602 1268 1628 1293 in
1640 1266 1706 1293 Cili-

907 1303 977 1329 ciam
1003 1303 1189 1335 demisissem,
1212 1304 1336 1331 Ciliciam
1356 1304 1468 1339 quidem
1490 1305 1577 1339 ipsam
1599 1309 1707 1339 propter

908 1341 1007 1366 montis
1026 1340 1123 1367 Amani
1139 1345 1260 1367 naturam
1277 1341 1354 1368 facile
1371 1343 1531 1368 tenuissem:
1564 1341 1628 1376 (duo
1643 1346 1707 1367 sunt

908 1378 980 1404 enim
1001 1378 1090 1404 aditus
1106 1378 1133 1404 in
1149 1378 1272 1405 Ciliciam
1288 1388 1322 1405 ex
1336 1379 1427 1415 Syria;
1459 1388 1575 1414 quorum
1592 1384 1705 1413 uterque

908 1416 999 1450 parvis
1015 1415 1159 1450 praesidiis
1175 1421 1283 1451 propter
1298 1417 1436 1452 angustias
1452 1416 1596 1443 intercludi
1608 1421 1703 1451 potest,

908 1461 957 1479 nec
977 1458 1018 1480 est
1036 1452 1187 1488 quidquam
1208 1454 1301 1480 Cilicia
1320 1458 1410 1480 contra
1426 1453 1532 1490 Syriam
1547 1454 1706 1488 inunitius2)

907 1490 956 1516 sed
971 1499 1014 1516 me
1030 1490 1198 1525 Cappadocia
1217 1491 1354 1522 movebat,
1372 1500 1441 1526 quae
1457 1496 1529 1526 patet
1544 1500 1557 1517 a
1574 1491 1651 1526 Syria
1664 1499 1706 1517 re-

907 1536 1010 1564 gesque
1022 1527 1102 1554 habet
1116 1528 1255 1560 finitimos,
1264 1529 1321 1564 qui,
1330 1529 1436 1555 etiamsi
1448 1534 1511 1555 sunt
1522 1529 1602 1554 amici
1615 1528 1703 1558 nobis,

907 1570 995 1592 tamen
1008 1570 1098 1600 aperte
1111 1566 1214 1592 Parthis
1227 1567 1331 1593 inimici
1343 1575 1402 1592 esse
1414 1575 1466 1593 non
1477 1566 1587 1592 audent.
1613 1566 1705 1601 ltaque

908 1604 934 1629 in
946 1602 1115 1638 Cappadocia
1131 1609 1248 1630 extrema
1266 1613 1317 1630 non
1331 1603 1408 1639 longe
1420 1613 1434 1630 a
1445 1604 1531 1630 Tauro
1543 1603 1614 1638 apud
1627 1604 1705 1638 oppi-

907 1640 973 1667 dum
984 1640 1109 1676 Cybistra
1120 1646 1205 1667 castra
1217 1640 1278 1672 feci,
1288 1646 1317 1668 ut
1327 1641 1480 1668 etCiliciam
1493 1646 1582 1667 tuerer
1592 1645 1627 1672 et,
1636 1641 1706 1675 Cap-

907 1678 1047 1713 padociam
1063 1682 1166 1710 tenens,
1184 1687 1253 1705 nova
1269 1679 1446 1705 finitimorum
1463 1678 1575 1705 consilia
1588 1678 1705 1714 impedi-

907 1724 973 1742 rem.
995 1717 1020 1742 5.
1034 1716 1135 1742 Interea
1151 1717 1178 1743 in
1191 1716 1240 1743 hoc
1252 1721 1323 1743 tanto
1338 1721 1410 1743 motu
1427 1721 1552 1751 tantaque
1564 1721 1704 1751 exspecta-

906 1754 977 1780 tione
993 1753 1105 1780 maximi
1121 1753 1186 1780 belli
1203 1762 1250 1780 rex
1260 1754 1407 1785 Deiotarus,
1420 1754 1464 1780 cui
1476 1763 1528 1780 non
1540 1754 1597 1780 sine
1609 1762 1705 1779 caussa

905 1790 1055 1826 plurimum
1072 1800 1179 1826 semper
1189 1795 1216 1817 et
1225 1800 1284 1818 meo
1295 1796 1320 1818 et
1332 1796 1376 1818 tuo
1388 1796 1413 1817 et
1424 1796 1533 1817 senatus
1546 1791 1646 1817 iudicio
1658 1791 1705 1817 tri—

906 1829 1003 1855 butum
1014 1833 1063 1860 est,
1073 1829 1114 1856 vir
1125 1837 1210 1864 quum
1218 1828 1405 1855 benevolentia
1411 1833 1437 1855 et
1445 1829 1495 1854 tide
1502 1837 1564 1864 erga
1571 1827 1704 1863 populum

905 1867 1056 1892 Romanum
1071 1866 1217 1902 singulari,
1236 1871 1294 1893 tum
1309 1867 1460 1901 praesentia
1475 1871 1501 1892 et
1516 1865 1705 1901 magnitudine

904 1908 930 1930 et
940 1904 1025 1930 animi
1036 1909 1062 1930 et
1072 1903 1189 1936 consilii,
1199 1903 1300 1939 legatos
1311 1904 1344 1930 ad
1356 1913 1398 1930 me
1411 1904 1494 1934 misit,
1503 1913 1531 1930 sc
1542 1913 1604 1929 cum
1616 1903 1704 1929 omni-

905 1941 956 1968 bus
971 1942 1030 1968 suis
1045 1942 1131 1977 copiis
1143 1942 1170 1968 in
1186 1950 1244 1968 mea
1255 1946 1341 1968 castra
1352 1950 1411 1968 esse
1424 1946 1578 1968 venturum.
1619 1941 1704 1966 Cuius

904 1987 954 2014 ego
977 1979 1068 2005 studio
1088 1978 1231 2014 officioque
1252 1983 1402 2006 commotus
1427 1979 1469 2014 egi
1491 1979 1515 2005 ei
1536 1988 1583 2013 per
1603 1977 1704 2004 litteras

903 2017 1016 2052 gratias:
1041 2016 1123 2052 idque
1135 2021 1165 2043 ut
1175 2021 1327 2047 maturaret.
1342 2016 1462 2042 hortatus
1474 2025 1546 2043 sum.
1573 2017 1597 2042 6.
1613 2016 1703 2048 Quum

903 2059 994 2080 autem
1005 2053 1038 2080 ad
1045 2054 1168 2090 Cybistra
1180 2059 1288 2089 propter
1299 2054 1428 2080 rationem
1441 2053 1506 2079 belli
1516 2052 1703 2088 quinquedies

903 2100 992 2118 essem
1004 2097 1136 2118 moratus:
1164 2100 1254 2128 regem
1266 2091 1484 2121 Ariobarzanem.
1498 2091 1577 2117 cuius
1588 2090 1702 2116 salutem

903 2137 918 2154 a
937 2133 1032 2155 senatu
1053 2134 1078 2155 te
1098 2133 1205 2155 auctore
1225 2128 1441 2155 commendatam
1459 2128 1606 2158 habebam,
1625 2136 1702 2162 prat·-

903 2165 1027 2192 sentibus
1038 2166 1147 2192 insidiis
1159 2174 1207 2192 nec
1213 2165 1502 2200 opinantemliberavi:
1521 2164 1700 2200 nequesohun

903 2204 927 2229 ei
943 2202 1025 2230 saluti
1037 2202 1090 2234 tui,
1112 2203 1160 2229 sed
1172 2203 1252 2229 etiam
1264 2203 1367 2234 curavi,
1381 2208 1409 2228 ut
1420 2211 1483 2229 eum
1494 2203 1649 2230 auctoritate
1662 2211 1702 2227 rt·-

902 2245 1005 2275 gnaret.
1046 2241 1170 2270 Metram.
1193 2244 1219 2266 et
1234 2248 1310 2271 euin,
1332 2249 1413 2275 quem
1431 2245 1458 2266 tu
1474 2240 1618 2275 diligenter
1635 2238 1701 2264 mihi

902 2277 1115 2308 commendaras,
1132 2277 1310 2307 Athenaeum.
1329 2278 1529 2312 importunitate
1543 2275 1701 2303 Athenaidis

902 2315 999 2342 exsilio
1011 2315 1162 2346 mulctatos,
1172 2315 1289 2341 maxima
1301 2314 1374 2349 apud
1381 2315 1701 2350 regemauctoritategra-

902 2353 992 2387 tiaque
1008 2352 1146 2379 constitui.
1181 2352 1326 2387 Quumque
1338 2360 1466 2387 magnum
1479 2351 1580 2377 bellum
1595 2351 1619 2377 in
1631 2351 1700 2385 Cap·

901 2389 1013 2424 padocia
1024 2390 1212 2419 concitaretur.
1220 2389 1243 2415 si
1255 2388 1379 2415 sacerdos
1390 2389 1472 2415 armis
1483 2398 1521 2417 se,
1530 2388 1601 2423 quod
1615 2387 1700 2414 fuctu-

902 2436 948 2453 rus
964 2427 1122 2462 putabatur.
1138 2426 1307 2457 defenderet,
1326 2425 1482 2452 adulescens
1497 2431 1523 2452 et
1538 2425 1658 2460 equitatu
1675 2430 1700 2452 et

901 2464 1021 2499 peditatu
1037 2469 1063 2491 et
1078 2465 1193 2499 pecunia
1208 2469 1317 2499 paratus
1333 2463 1526 2492 actutum⁸iis.
1543 2463 1590 2497 qui
1606 2463 1698 2489 novari

900 2501 1004 2536 aliquid
1022 2501 1160 2528 volebant:
1184 2501 1293 2536 perfeci.
1312 2505 1340 2527 ut
1353 2510 1367 2526 e
1379 2509 1462 2536 regno
1475 2500 1518 2526 ille
1533 2499 1696 2530 discederet,

900 2548 1002 2574 rexque
1018 2539 1077 2566 siue
1094 2538 1211 2566 tumultu
1227 2547 1257 2565 ac
1271 2539 1330 2564 sine
1346 2540 1438 2568 armis.
1454 2538 1528 2564 omni
1543 2538 1698 2564 auctoritato

900 2576 976 2603 aulae
995 2577 1175 2607 communita,
1197 2584 1311 2612 reguum
1329 2584 1391 2602 cum
1407 2575 1538 2612 dignitate
1553 2575 1695 2605 obtineret,

899 2615 924 2640 7.
951 2614 1051 2641 Interea
1067 2614 1182 2650 cognovi
1202 2613 1349 2640 multorum
1371 2612 1465 2640 litteris
1485 2618 1565 2648 atquo
1582 2612 1695 2641 nuntiis.

900 2660 1012 2688 magnas
1023 2651 1181 2679 Parthorum
1193 2651 1285 2687 copias
1296 2651 1446 2678 etArabum
1458 2649 1492 2677 ad
1503 2649 1635 2686 oppidum
1642 2650 1696 2676 Au-
