1941 3052
242 153 305 177 tim}
807 150 863 174 2⁸52.
896 148 930 173 M.

238 222 335 250 afferat,
351 225 378 246 ut
392 221 408 246 ii
421 225 506 246 tecum
520 223 616 253 petunt,
631 227 744 253 quorum
756 219 873 243 amicitia
885 223 929 244 out
941 223 1031 244 voute-

239 259 352 285 unienda
366 263 409 283 aut
422 256 546 289 fugienda
559 256 605 286 sit,
621 256 703 289 etqui
718 255 775 285 hoc,
789 255 860 289 quod
873 264 922 289 ego
934 260 957 281 te
970 255 1031 282 lior-

238 301 290 325 tor,
308 304 358 322 non
377 294 454 320 nimio
469 294 590 327 assequi.
613 292 659 317 ised
673 301 704 318 ne
718 293 835 326 incipere
846 292 956 327 quidem
969 301 1032 327 pos—

237 334 300 359 sint.
342 335 382 357 2⁸.
407 333 470 356 Nam
487 330 552 364 quid
570 330 679 363 incipiat
697 330 827 356 Antonius
844 330 966 356 homines
984 330 1031 356 ad-

238 371 348 402 iungere
360 373 438 402 atque
451 368 562 393 invitare
574 366 605 392 ad
618 367 763 392 uiuit-itiam
773 387 778 397 ,
800 375 869 401 quos
886 376 932 402 per
943 376 971 393 zie
982 376 1032 393 suo

238 407 344 433 nomine
360 404 494 439 appellare
509 413 560 430 non
577 403 679 438 possit?
703 404 768 430 Mihi
789 404 900 439 quidem
922 405 1031 431 stultius

237 443 304 470 nihil
319 442 437 472 videtur,
460 450 541 476 quam
557 441 710 467 existimare
726 449 784 467 esse
800 450 862 467 euin
878 441 1030 468 studiosum
1052 474 1053 478 Ἰ

237 481 285 510 tui,
299 488 378 514 quem
391 488 441 505 nou
455 479 536 505 noris.
577 478 710 504 Eximinm
723 478 868 513 quamdam
881 479 993 514 glorium
1006 484 1031 505 et
1052 481 1053 490 ¹

235 518 393 550 (lignitatem
417 525 447 542 ac
468 524 556 542 rerum
577 519 712 551 gestarum
737 516 950 551 magnitudinem
972 525 1031 542 esse

235 558 337 588 oportet
349 554 374 579 in
390 562 433 582 eo,
445 562 525 587 quein
540 553 662 579 homines
674 553 771 589 ignoti,
788 553 870 579 nullis
881 554 1031 589 suffragan-
1052 572 1053 581 2

236 591 307 618 tibus
321 591 430 621 meritis,
446 590 545 616 honore
557 589 684 616 afficiant.
725 591 758 617 Ut
768 590 879 625 quidem
893 591 972 617 homo
984 599 1031 617 ne-

235 637 326 663 quam,
342 628 425 658 iners,
439 628 497 653 sine
508 627 609 658 officio,
625 628 684 653 sine
696 628 818 663 ingenio,
834 637 895 654 cum
910 628 1028 658 infamia,

236 665 318 692 nullis
334 665 429 690 amieis
447 663 570 701 [septus]
593 664 729 691 hominem
746 665 924 700 plurimorum
941 665 1031 692 studio

234 707 313 737 atque
329 703 450 728 omnium
468 702 535 728 bona
547 702 745 728 existimatione
757 703 892 729 munitum
905 711 1031 738 praecur-
1050 715 1052 725 ÷

235 745 282 770 rut,
296 740 354 766 sine
367 748 461 775 magna
473 739 552 773 culpa
565 739 743 775 negligentiae
756 739 812 766 fieri
825 749 876 766 non
888 745 982 775 potest.
1051 737 1053 767 ἶ

289 777 355 803 Vlll.
377 778 419 802 ⁶29.
441 776 634 809 Quamobrem,
651 786 745 803 omnes
756 779 890 804 centurias
902 777 995 841 millitis
1006 782 1032 803 et
1051 779 1059 815 ’ᾗ

943 816 964 841 ·‘t
975 815 1031 849 pri·
1050 816 1059 834 l'

235 815 317 840 variis
328 814 464 844 amicitiis.
481 822 553 843 cura.
562 819 591 840 ut
601 814 769 841 confirmatas
782 815 891 841 habeas.
1050 842 1053 860 1

235 860 323 882 mum,
338 851 378 882 id,
396 851 468 886 quod
479 856 538 877 ante
550 851 641 877 oculos
653 857 705 883 est,
723 857 859 878 senatores
870 853 1030 887 equitesque
1050 863 1059 871 v

234 889 381 919 Romanos,
403 894 551 915 ceterorum
566 889 692 915 ordinum
705 898 787 916 navos
800 890 922 916 homines
934 895 959 916 et
969 898 1031 925 gra—

233 927 316 953 tiosos
327 925 514 960 complectere.
555 926 632 953 Multi
648 926 770 953 homines
782 927 878 953 urbani
891 927 1028 958 industrii,

215 979 219 986 .
235 963 313 990 multi
326 963 444 990 libertini
457 964 483 990 in
497 963 552 990 foro
562 964 1030 999 gratiosinaviqueversantur,quos

233 1009 281 1036 per
296 1005 334 1032 te,
356 1009 424 1036 quos
439 1009 486 1035 per
501 1009 657 1027 communes
672 1002 772 1028 amicos
787 1002 900 1036 poteris,
923 1010 1030 1027 summa
1051 999 1052 1026 j

233 1046 306 1069 cura,
319 1043 348 1064 ut
359 1039 397 1065 tui
409 1038 502 1073 cupidi
514 1039 580 1068 sint,
597 1038 743 1070 elaborato.
757 1040 888 1074 appetito,
905 1039 1027 1075 allegato,
1050 1031 1052 1060 l

232 1084 340 1102 summo
352 1075 482 1102 beneficio
499 1080 522 1101 te
537 1075 607 1102 affici
621 1076 763 1102 ostendito.
804 1078 845 1102 30.
868 1076 969 1102 Deinde
983 1076 1030 1102 ha-

233 1113 294 1139 beto
305 1113 434 1139 rationem
447 1112 526 1139 Urbis
539 1114 632 1143 totius,
650 1113 824 1148 collegiorum
837 1115 968 1143 omnium,
983 1122 1031 1148 pa-

231 1159 342 1186 gorum,
366 1151 544 1177 vicinitatum.
585 1151 625 1177 Ex
641 1151 674 1176 iis
690 1151 827 1185 principes
839 1151 871 1177 ad
883 1152 1029 1177 amicitiani

232 1192 305 1214 tuam
321 1188 345 1214 si
361 1187 528 1218 adiunxeris,
552 1196 599 1222 per
613 1196 658 1214 cos
675 1188 806 1223 reliquam
826 1188 1029 1216 multitudinem

232 1224 310 1251 facile
327 1225 440 1251 tenebis.
482 1225 573 1251 Postea
591 1230 669 1251 totam
686 1225 789 1252 ltaliam
806 1226 846 1252 fac
862 1232 891 1253 ut
903 1227 928 1252 in
940 1227 1030 1253 animo

232 1270 262 1288 ac
277 1263 405 1289 memoria
426 1262 548 1289 tributim
569 1262 730 1298 descriptam
752 1264 1029 1299 comprehensamque

232 1299 345 1332 habeas;
369 1308 401 1326 ne
413 1299 485 1335 quod
500 1301 696 1335 municipium,
714 1301 860 1332 coloniam,
879 1301 1031 1336 praefectu-

232 1345 303 1368 ram,
323 1337 409 1363 locum
422 1337 539 1373 denique
552 1338 641 1364 Italiae
653 1347 685 1364 ne
697 1347 778 1373 quem
795 1347 853 1365 esse
868 1339 983 1374 patiare,
1002 1339 1029 1365 in

230 1382 284 1409 quo
296 1383 348 1400 non
361 1375 458 1401 habeas
471 1375 640 1406 firmamenti.
649 1376 721 1411 quod
729 1377 793 1402 satis
805 1385 864 1402 esse
875 1377 970 1411 possit.
986 1378 1028 1403 3⁴.

230 1412 373 1446 I’erquiras
385 1413 465 1438 etiam
477 1418 502 1439 et
513 1414 661 1449 investiges
674 1413 797 1440 homines
808 1422 842 1440 ex
852 1415 926 1440 omni
941 1415 1030 1450 regio—

230 1457 276 1479 ne.
293 1458 338 1475 eos
349 1458 508 1485 cognoscas,
531 1456 654 1485 appetas,
671 1451 827 1484 confirines3
851 1460 942 1482 cures,
962 1452 1028 1478 utin

230 1487 288 1512 suis
300 1487 487 1514 vicinitatibus
498 1488 546 1514 tibi
559 1493 662 1522 petant.
676 1493 701 1515 et
712 1493 756 1515 tua
769 1497 864 1515 caussa
875 1489 954 1523 quasi
965 1497 1030 1515 can-

229 1523 315 1550 didati
326 1525 390 1551 sint.
411 1524 507 1551 Volent
518 1530 542 1551 te
554 1526 681 1557 amicum,
698 1526 721 1552 si
731 1535 809 1552 suam
821 1531 870 1552 ate
882 1526 1029 1552 amicitiam

229 1562 319 1596 expeti
331 1561 472 1589 videbunt.
514 1562 542 1589 ld
554 1567 583 1589 ut
594 1563 754 1598 intelligant,
768 1564 899 1595 oratione,
912 1572 982 1599 quae
997 1563 1030 1590 ad

229 1607 288 1625 eam
303 1600 431 1625 rationem
444 1600 572 1634 pertinet,
586 1600 709 1627 habenda
720 1609 895 1636 consequere.
936 1601 1030 1627 Homi-

229 1644 277 1662 nes
298 1637 477 1672 municipales
493 1646 523 1663 ac
544 1638 687 1669 rusticani,
711 1638 734 1664 si
755 1638 833 1665 nobis
848 1638 957 1665 nomine
974 1639 1028 1665 noti

229 1678 306 1703 sunt,
329 1674 357 1700 in
373 1675 490 1701 amicitia
506 1683 565 1701 esse
579 1684 608 1701 se
619 1675 791 1702 arbitrantur.
833 1675 862 1702 Si
875 1684 938 1702 vero
948 1676 1028 1702 etiam

228 1711 358 1746 praesidii
370 1720 398 1738 se
411 1711 514 1747 aliquid
526 1712 580 1738 sibi
591 1713 753 1739 constituere
764 1717 868 1748 putant.
882 1721 934 1739 non
950 1713 1029 1739 amit-

228 1751 289 1774 tunt
300 1750 467 1775 occasionem
479 1750 660 1784 promerendi.
701 1751 753 1776 Hos
764 1751 859 1781 ceteri,
873 1755 898 1777 et
910 1751 1029 1777 maxime

229 1785 472 1820 tuicompetitores,
481 1795 514 1813 ne
526 1792 624 1814 norunt
634 1787 759 1822 quidem:
774 1793 802 1814 tu
813 1793 838 1814 et
850 1789 952 1814 nostiet
963 1787 1029 1814 faci—

230 1821 253 1848 le
265 1831 424 1858 cognosces:
444 1824 502 1850 sine
518 1833 571 1859 quo
585 1825 703 1851 amicitia
715 1834 773 1851 esse
786 1834 837 1851 non
848 1829 944 1860 potest.
985 1827 1027 1851 32.

228 1859 322 1894 Neque
339 1861 366 1887 id
383 1866 471 1888 tamen
487 1862 552 1888 satis
568 1867 621 1893 est,
639 1863 746 1888 tametsi
762 1871 891 1898 magnum
908 1867 960 1892 est,
980 1862 1028 1888 sed
1056 1887 1057 1891 ,

229 1905 281 1923 non
297 1899 420 1932 sequitur
435 1907 497 1933 spes
515 1899 638 1925 utilitatis
658 1904 739 1934 atque
759 1900 906 1930 amicitiae,
930 1907 964 1925 ne
980 1908 1028 1925 no-

1058 220 1060 222 ’
1083 219 1154 244 neris
1169 224 1194 244 et
1209 219 1312 244 ordinis
1327 224 1353 245 et
1367 221 1459 246 aetatis
1476 225 1559 246 utare.

1058 544 1059 551 ἵ
1083 517 1131 543 tibi
1152 517 1337 551 gratissimum
1359 526 1418 543 esse
1435 518 1566 544 videatur.

229 1934 374 1961 menclator
385 1935 482 1967 solum,
496 1936 543 1962 sed
555 1937 658 1962 amicus
669 1938 750 1962 etiam
762 1937 849 1963 bonus
863 1945 923 1962 esse
935 1936 1028 1963 videa—

229 1979 266 1997 re.
294 1972 330 1998 lta
341 1981 427 2007 quum
439 1973 524 1999 ethos
536 1974 618 2007 ipsos,
632 1979 740 2008 propter
750 1982 827 2000 suam
839 1973 1025 2004 ambitionem,

227 2009 275 2043 qui
291 2010 363 2044 apud
374 2009 488 2036 tribules
499 2019 563 2037 suos
578 2010 725 2045 plurimum
741 2011 826 2046 gratia
843 2016 969 2045 possunt,
989 2012 1027 2037 tui

228 2045 364 2073 studiosos
379 2047 406 2073 iu
423 2048 553 2073 centuriis
570 2048 697 2079 habebis,
714 2053 739 2074 et
755 2053 869 2079 ceteros,
891 2050 939 2084 qui
955 2048 1027 2083 apud

228 2082 348 2118 aliquam
360 2088 461 2118 partem
474 2084 615 2111 tribulium
628 2090 736 2120 propter
748 2086 891 2120 municipii
903 2092 947 2113 aut
959 2087 1029 2112 vici-

228 2121 320 2147 nitatis
332 2125 377 2147 aut
388 2121 495 2157 collegii
507 2122 636 2149 rationem
650 2122 746 2153 valent,
756 2123 915 2157 cupidostui
927 2124 1028 2151 consti-

227 2158 325 2185 tueris:
341 2159 367 2184 in
379 2159 479 2193 optima
491 2167 538 2194 spe
550 2168 609 2185 esse
621 2159 744 2186 debebis.
780 2162 821 2186 33.
837 2161 891 2187 Iam
903 2162 1027 2196 equitum

227 2197 364 2222 centuriae
381 2195 465 2222 multo
481 2196 588 2223 facilius
603 2197 671 2223 mihi
690 2197 831 2233 diligentia
847 2207 926 2232 posse
943 2198 1027 2225 teneri

226 2232 364 2259 videntur.
406 2234 524 2259 Primum
552 2235 678 2270 cognosci
699 2235 818 2270 equites:
845 2237 926 2270 pauci
953 2237 1026 2262 enim

226 2274 304 2296 sunt:
327 2270 425 2297 deinde
440 2272 543 2305 appeti3
568 2272 652 2298 multo
667 2273 740 2298 enim
757 2271 864 2299 facilius
876 2273 922 2299 illa
936 2272 1027 2300 adole-

226 2307 411 2334 scentulorum
422 2307 456 2334 ad
472 2309 619 2335 amicitiam
635 2314 706 2336 aetas
718 2309 885 2345 adiungitur.
925 2310 1026 2337 Deinde

227 2343 341 2370 habebis
353 2350 441 2372 tecum
453 2354 487 2372 ex
498 2346 638 2373 iuventute
649 2347 782 2381 optimum
794 2355 930 2382 quemque
937 2353 1027 2374 etstu-

226 2380 413 2408 diosissimum
425 2383 610 2410 humanitatis.
627 2384 696 2410 Tum
708 2389 807 2415 autem,
819 2385 892 2419 quod
902 2390 1027 2420 equester

226 2418 290 2445 ordo
307 2424 369 2445 tuus
384 2425 437 2450 est,
456 2426 604 2455 sequentur
618 2421 658 2447 illi
670 2422 853 2448 auctoritatem
867 2422 984 2452 ordinis,
1002 2423 1026 2448 si

227 2455 310 2482 abste
322 2456 497 2484 adhibebitur
507 2466 537 2484 ea
548 2458 690 2494 diligentia
698 2479 704 2490 ‚
718 2463 810 2485 utnon
821 2459 925 2485 ordinis
936 2459 1024 2486 solum

227 2492 376 2524 voluntate,
399 2494 446 2520 sed
461 2496 541 2521 etiam
553 2495 723 2531 singulorum
735 2496 864 2522 amicitiis
875 2505 920 2523 eas
931 2502 1025 2523 centu-

227 2529 280 2555 rias
295 2531 464 2558 confirmatas
479 2532 590 2559 habeas.
630 2534 685 2559 Iam
704 2533 794 2559 studia
810 2533 1026 2560 adolescentulo-

227 2574 287 2592 rum
299 2567 326 2592 in
340 2568 518 2604 suffragando,
534 2570 562 2596 in
573 2569 712 2602 obeundo,
726 2571 753 2596 in
765 2570 928 2602 nuntiando,
942 2572 970 2597 in
981 2579 1025 2597 as—

228 2603 353 2630 sectando
364 2606 476 2632 mirifice
488 2611 513 2633 et
523 2615 620 2648 magna
630 2612 656 2634 et
666 2607 778 2634 honesta
789 2612 862 2634 sunt.

1055 2173 1057 2179 ι
1080 2160 1134 2187 lare
1150 2161 1200 2187 tibi
1214 2169 1242 2187 se
1254 2169 1313 2187 esse
1325 2162 1426 2188 amicos
1437 2166 1463 2187 et
1473 2161 1595 2188 invidere
1605 2162 1702 2197 coegit.

1055 2195 1057 2222 '1
1078 2206 1135 2224 rem
1146 2197 1329 2233 Ἐπιχαρμεῖον
1340 2198 1410 2225 illud
1421 2203 1517 2229 teneto,
1534 2206 1631 2225 nervos
1641 2204 1721 2234 atque
1737 2204 1810 2226 artus
1819 2207 1878 2225 esse

281 2640 328 2666 IX.
345 2643 386 2667 34.
401 2642 434 2668 Et
444 2644 573 2677 quoniam
584 2645 769 2671 assentationis
782 2645 882 2671 mentio
893 2644 961 2671 facta
973 2650 1022 2676 est,

228 2676 255 2703 id
265 2685 372 2713 quoque
383 2679 533 2707 curandum
545 2686 598 2712 est,
620 2687 650 2708 ut
660 2682 818 2717 quotidiana
829 2683 963 2717 cuiusque
976 2691 1025 2718 ge—

963 148 991 173 T.
1029 147 1302 175 Cttjtittsixts

1600 221 1666 247 Nam
1677 230 1710 248 ex
1721 230 1750 247 ea
1763 222 1819 256 ipsa
1831 230 1877 249 co-

1083 257 1125 290 pia
1137 256 1288 281 coniectura
1301 256 1357 282 fieri
1371 258 1612 292 [niteritaiuantum
1625 259 1663 284 sin
1676 260 1701 285 in
1715 260 1772 294 ipso
1782 268 1877 294 campo

1084 294 1182 319 virium
1194 302 1224 319 ac
1239 293 1372 320 facultatis
1387 294 1539 321 habiturus.
1579 296 1664 321 liuius
1675 301 1763 322 autem
1775 297 1812 322 rei
1825 302 1877 322 tres

1083 336 1170 365 portes
1191 336 1267 357 sunt:
1302 339 1353 357 una
1377 331 1566 362 salutatorum,
1592 341 1676 367 quum
1700 333 1810 360 domum
1832 342 1878 360 ve-

1083 369 1173 398 niunt;
1188 367 1268 394 altera
1280 367 1469 396 deductorum:
1484 370 1558 395 tertia
1570 375 1770 397 assectator-um.
1795 372 1836 397 ³5.
1849 371 1877 398 ln

1082 405 1274 431 salutatoribus
1293 405 1351 440 (qui
1374 407 1460 441 magis
1482 406 1605 441 vulgares
1626 412 1689 434 sunt
1707 413 1733 434 et
1751 407 1800 434 hnc
1813 417 1878 434 oon-

1082 442 1241 472 suetudine,
1262 451 1331 477 quae
1349 451 1420 469 nunc
1435 448 1488 473 est,
1509 443 1599 478 plures
1616 445 1737 477 veniunt)
1752 445 1801 471 hoc
1818 445 1878 471 effi·-

1082 479 1208 505 riendum
1225 484 1278 509 est.
1302 485 1330 506 ut
1345 480 1394 506 hoc
1406 481 1495 515 ipsum
1508 481 1641 508 mininum
1653 481 1773 508 officium
1785 490 1877 508 eorum

1607 520 1658 551 Qui
1673 518 1783 545 domum
1805 525 1877 546 tunm

1084 555 1204 584 venient,
1226 555 1258 580 iis
1274 554 1438 589 significato,
1457 560 1480 581 tc
1496 555 1722 588 animadvertere,
1745 562 1771 583 et
1785 565 1877 583 eorum

1058 603 1059 607 =
1082 592 1186 620 amicis,
1199 592 1247 626 qui
1261 591 1315 617 illis
1327 593 1493 623 renuntient,
1508 593 1653 624 ostendito,
1666 602 1746 628 saepe
1758 594 1826 629 ipsis
1835 594 1878 621 ‹ti-

1082 629 1143 654 cito.
1184 628 1227 654 Sic
1244 629 1366 655 homines
1383 638 1476 664 saepe,
1493 638 1578 664 quum
1593 631 1693 657 obeunt
1703 631 1794 665 plures
1804 639 1878 657 oom—

1083 667 1217 700 petitores,
1229 671 1254 692 et
1266 666 1358 693 vident
1369 675 1453 692 unum
1465 676 1525 693 esse
1536 667 1668 702 aliquem,
1681 669 1729 703 qui
1742 668 1807 694 baec
1817 667 1877 695 ofli-

1082 703 1122 729 ‹·ia
1135 704 1252 729 maxime
1267 704 1474 734 animadvertat.
1488 705 1512 730 ei
1524 713 1552 730 se
1563 704 1679 735 dedunt,
1696 705 1823 732 deserunt
1833 714 1879 732 ce-

1083 746 1165 770 teros,
1183 742 1335 767 minutatim
1352 749 1386 768 ex
1399 742 1590 768 communibus
1601 743 1715 777 proprii,
1733 751 1766 769 ex
1778 742 1878 769 fucosis

1083 778 1152 803 firmi
1165 778 1352 813 suffragatores
1363 779 1491 806 evadunt.
1518 780 1572 805 lam
1585 779 1651 805 illud
1664 785 1750 806 teneto
1761 780 1878 816 diligen-

1083 820 1129 845 ter.
1143 815 1165 841 si
1177 823 1249 846 eum,
1262 816 1309 850 qui
1323 816 1371 842 tibi
1383 816 1675 851 promiserit,audieris
1686 817 1825 848 fucum,ut
1835 817 1879 844 di—

1081 853 1164 882 citur.
1184 852 1270 879 facere
1286 858 1331 879 aut
1346 855 1479 881 senseris:
1503 859 1532 880 ut
1547 859 1571 880 te
1588 854 1614 880 id
1630 854 1739 881 audisse
1754 859 1799 881 aut
1809 856 1878 882 scire

1081 889 1250 916 dissimules.
1290 891 1318 916 Si
1333 891 1380 925 qui
1399 891 1446 917 tibi
1463 900 1492 917 se
1508 900 1622 927 purgare
1640 891 1722 922 volet.
1739 892 1811 927 quod
1831 901 1879 918 su-

1082 932 1203 961 spectum
1215 936 1244 953 se
1255 935 1314 953 csse
1325 928 1477 959 arbitretur.
1486 929 1604 955 affirmes
1615 934 1639 955 te
1650 929 1683 955 de
1696 929 1770 955 illius
1781 929 1878 956 volun-

1083 969 1133 990 tate
1154 973 1303 999 numquam
1324 965 1464 992 dubitasse
1485 974 1534 992 nec
1557 966 1654 992 debere
1679 966 1812 993 dubitare.
1853 967 1878 993 ls

1082 1002 1168 1032 enim,
1181 1003 1228 1036 qui
1243 1011 1271 1028 se
1283 1011 1335 1028 non
1347 1008 1422 1037 putat
1433 1003 1600 1033 satisfacere,
1615 1004 1720 1030 amicus
1734 1012 1794 1030 esse
1804 1003 1878 1031 nullo

1083 1038 1161 1065 modo
1173 1044 1267 1073 potest.
1307 1040 1380 1066 Scire
1391 1045 1480 1066 autem
1491 1046 1606 1075 oportet.
1623 1050 1677 1076 quo
1691 1042 1808 1076 quisque
1819 1042 1879 1068 ani·

1083 1085 1126 1102 ino
1136 1076 1184 1107 sit3
1203 1081 1239 1107 ut,
1255 1081 1385 1111 quantum
1397 1078 1496 1112 cuique
1508 1077 1804 1109 confidas‚constituere
1817 1087 1879 1114 pos-

1082 1114 1130 1139 sis.
1171 1115 1212 1139 36.
1235 1114 1288 1140 lam
1305 1114 1482 1142 deductorum
1497 1115 1631 1146 officium,
1653 1124 1708 1151 quo
1724 1117 1812 1142 maius
1827 1121 1876 1147 est,

1082 1159 1163 1186 quam
1174 1150 1359 1183 salutatorum,
1373 1153 1422 1179 hoc
1433 1153 1536 1188 gratius
1549 1153 1596 1179 tibi
1607 1161 1667 1179 esse
1678 1153 1829 1189 significato
1839 1159 1879 1180 at-

1058 1191 1059 1222 ]
1081 1197 1135 1224 que
1146 1189 1292 1219 ostendito,
1305 1194 1344 1220 et,
1357 1191 1447 1225 quoad
1457 1192 1516 1216 eius
1528 1190 1585 1216 fieri
1596 1191 1704 1225 poterit,
1720 1191 1800 1217 certis
1811 1196 1880 1217 tem-

1083 1226 1195 1261 poribus
1205 1226 1371 1254 descendito.
1412 1228 1535 1263 Magnam
1548 1227 1621 1254 affert
1635 1228 1804 1263 opinionem.
1821 1237 1880 1254 ma-

1081 1272 1163 1297 gnam
1175 1263 1333 1299 dignitatem
1345 1265 1502 1299 quotidiana
1515 1265 1542 1291 in
1553 1264 1711 1292 deducendo
1719 1265 1877 1301 frequentia.

1082 1303 1123 1328 37.
1146 1302 1233 1328 Tertia
1245 1307 1285 1328 est
1298 1310 1331 1328 ex
1343 1302 1392 1328 hoc
1402 1311 1500 1338 genere
1512 1302 1621 1329 assidua
1631 1308 1821 1329 assectatorum
1833 1311 1879 1330 co-

1082 1339 1136 1373 pia.
1171 1339 1198 1365 ln
1210 1347 1240 1365 ea
1251 1348 1320 1374 quos
1332 1339 1496 1366 voluntarios
1511 1339 1633 1370 habebis,
1647 1346 1747 1370 curato,
1760 1345 1789 1366 ut
1800 1340 1880 1367 intel-

1083 1376 1177 1412 ligant,
1187 1381 1210 1402 te
1222 1376 1276 1402 sibi
1288 1378 1314 1402 in
1327 1382 1487 1412 perpetuum
1499 1386 1606 1404 summo
1617 1377 1877 1414 beneficiooblignri.

1081 1413 1133 1446 Qui
1145 1419 1234 1440 autem
1247 1414 1295 1440 tibi
1307 1413 1419 1445 debent,
1431 1414 1465 1441 ab
1478 1415 1512 1441 iis
1524 1414 1602 1450 plane
1614 1415 1662 1441 hoc
1674 1424 1774 1441 munus
1785 1416 1876 1451 exige:

1081 1452 1129 1486 qui
1145 1459 1192 1485 per
1202 1456 1313 1478 aetatem
1326 1460 1356 1478 ac
1367 1452 1505 1488 negotium
1517 1457 1655 1487 poterunt,
1678 1453 1731 1488 ipsi
1747 1458 1835 1479 tecum
1850 1458 1880 1479 ut

1082 1489 1185 1515 assidui
1196 1489 1260 1515 sint.
1301 1488 1352 1520 Qui
1365 1490 1418 1524 ipsi
1429 1490 1524 1516 sectari
1538 1498 1589 1516 non
1602 1495 1740 1524 poterunt,
1757 1498 1821 1516 suos
1832 1498 1880 1516 ne-

1081 1527 1213 1552 cessarios
1234 1527 1261 1552 in
1282 1526 1332 1552 hoc
1353 1535 1464 1553 munere
1479 1528 1651 1554 constituant.
1691 1527 1775 1554 Valde
1790 1535 1840 1563 ego
1855 1533 1879 1554 te

1081 1563 1142 1590 volo
1168 1563 1203 1597 (et
1214 1563 1246 1589 ad
1259 1572 1313 1589 rein
1327 1565 1460 1598 pertinere
1471 1564 1605 1598 arbitror.)
1617 1572 1725 1599 semper
1734 1573 1797 1590 cum
1809 1564 1880 1591 mul-

1081 1600 1196 1627 titudine
1212 1609 1280 1627 esse.
1322 1603 1364 1628 38.
1386 1602 1522 1628 Praeterea
1538 1610 1664 1638 magnam
1680 1601 1754 1628 affert
1773 1601 1879 1628 laudem

1081 1643 1105 1664 et
1116 1646 1252 1664 sumniam
1262 1638 1432 1674 dignitatem,
1443 1639 1467 1665 si
1478 1639 1497 1665 ii
1510 1644 1597 1666 tecum
1609 1644 1696 1669 erunt,
1712 1640 1785 1674 quia
1797 1644 1822 1666 te
1832 1639 1880 1666 de—

1082 1675 1151 1701 fensi
1171 1680 1197 1702 et
1217 1676 1265 1710 qui
1285 1684 1334 1710 per
1353 1681 1377 1702 te
1395 1677 1494 1703 servati
1509 1685 1539 1703 ac
1553 1676 1664 1703 iudiciis
1681 1676 1785 1703 liberati
1805 1682 1878 1703 sunt.

1081 1713 1148 1739 Hinc
1159 1717 1186 1739 tu
1198 1712 1278 1747 plane
1289 1713 1322 1739 ab
1337 1714 1371 1740 iis
1382 1713 1529 1748 postulato,
1543 1718 1585 1745 ut,
1602 1714 1730 1749 quoniam
1742 1713 1815 1740 nulla
1827 1714 1880 1740 im-

1080 1758 1163 1785 pensa
1175 1758 1223 1785 per
1234 1755 1258 1776 te
1268 1749 1315 1776 alii
1327 1759 1382 1776 rem
1391 1771 1397 1781 ‚
1410 1750 1456 1777 alii
1469 1750 1634 1777 honestatem
1643 1772 1649 1782 ,
1665 1750 1712 1777 alii
1723 1750 1837 1778 salutem
1849 1760 1878 1778 ac

1057 1801 1058 1824 ἦ
1081 1787 1201 1814 fortunas
1212 1796 1305 1814 omnes
1315 1788 1502 1818 obtinuerunt,
1521 1796 1570 1814 nec
1585 1788 1659 1814 aliud
1674 1788 1760 1814 ullum
1773 1793 1879 1823 tempus

1081 1824 1202 1851 futurum
1213 1825 1258 1855 sit,
1266 1825 1314 1850 ubi
1326 1825 1376 1851 tibi
1388 1824 1485 1851 referre
1495 1826 1610 1861 gratiam
1622 1826 1734 1860 possint,
1744 1825 1828 1852 boote
1838 1826 1879 1852 of-

1081 1862 1141 1888 ficio
1159 1867 1375 1888 remunerentur.
1415 1862 1450 1888 X.
1472 1864 1514 1889 39.
1536 1862 1569 1889 Et
1585 1864 1714 1898 quoniam
1734 1863 1761 1889 in
1779 1864 1880 1890 amico—

1080 1907 1140 1925 rum
1152 1899 1250 1926 studiis
1263 1899 1328 1926 haec
1338 1900 1427 1926 omnis
1439 1900 1505 1926 ratio
1516 1905 1647 1931 versatur,
1656 1899 1818 1935 quilocusiu
1831 1900 1879 1927 boc

1056 1938 1057 1941 ’
1079 1945 1178 1972 genere
1193 1936 1331 1963 cavendus
1347 1938 1395 1967 sit,
1413 1937 1680 1972 praetermittendum
1695 1945 1747 1964 non
1763 1937 1877 1964 videtur.

1056 1982 1057 1988 ¹
1080 1974 1194 2000 Fraudis
1219 1978 1298 2008 atque
1324 1974 1486 2000 insidiarum
1509 1979 1535 2001 et
1560 1974 1688 2009 perfidiae
1713 1974 1791 2010 plena
1815 1980 1878 2002 sunt

1056 2031 1057 2048 ἦ
1079 2019 1180 2038 omnia.

1221 2011 1278 2037 Non
1295 2017 1335 2038 est
1349 2011 1433 2038 huius
1448 2013 1577 2046 temporis
1588 2017 1716 2047 perpetua
1729 2012 1773 2038 illa
1783 2011 1817 2039 de
1829 2012 1878 2039 hoc

1080 2057 1178 2084 genere
1189 2048 1336 2083 disputatio
1344 2069 1350 2080 ,
1363 2049 1465 2084 quibus
1477 2049 1559 2075 rebus
1570 2049 1719 2076 benevolus
1730 2054 1756 2076 et
1765 2049 1880 2076 simula-

1080 2091 1120 2112 tor
1135 2085 1280 2112 diiudicari
1296 2087 1394 2121 possit:
1418 2091 1521 2113 tantum
1537 2091 1577 2113 est
1593 2086 1676 2113 huius
1692 2087 1820 2122 temporis
1831 2086 1879 2113 ad-

1079 2132 1198 2150 monere.
1221 2123 1334 2150 Summa
1345 2128 1390 2150 tua
1401 2125 1488 2150 virtus
1499 2123 1608 2150 eosdem
1621 2123 1745 2150 homines
1756 2129 1781 2151 et
1791 2125 1878 2150 simu-

1742 2161 1879 2194 Quamob-

1078 2236 1328 2270 sapientiae—-non
1339 2240 1438 2262 temere
1449 2235 1567 2262 credere.
1583 2236 1664 2262 40.Et
1673 2244 1759 2271 quum
1771 2241 1878 2263 tuorum

1054 2294 1056 2302 ,
1078 2274 1228 2299 amicorum
1243 2272 1333 2299 studia
1350 2273 1535 2304 constitueris,
1553 2278 1610 2300 tum
1625 2274 1705 2300 etiam
1719 2273 1879 2300 obtrectato-

1078 2319 1139 2337 rum
1151 2315 1231 2345 atque
1243 2309 1459 2337 adversariorum
1471 2311 1587 2337 rationes
1598 2315 1624 2337 et
1634 2318 1732 2346 genera
1738 2311 1879 2346 cognosci-

1078 2352 1113 2374 to.
1137 2348 1205 2373 llaec
1217 2348 1265 2373 tria
1277 2352 1353 2374 sunt:
1378 2347 1474 2384 [unum
1483 2356 1517 2374 ex
1528 2346 1583 2383 iis,]
1599 2356 1669 2383 quos
1680 2347 1794 2379 laesisti,
1811 2346 1878 2374 alte-

1078 2393 1148 2416 rum,
1162 2385 1210 2420 qui
1221 2385 1279 2411 sine
1290 2393 1385 2411 caussa
1399 2393 1451 2412 non
1463 2390 1562 2415 amant,
1576 2385 1693 2416 tertium,
1709 2385 1758 2419 qui
1768 2392 1877 2418 compe-

1077 2422 1187 2448 titorum
1197 2421 1276 2448 valde
1288 2423 1368 2448 amici
1379 2427 1452 2448 sunt.
1478 2422 1551 2454 Quos
1563 2421 1674 2452 laesisti,
1689 2429 1775 2456 quum
1785 2425 1877 2447 contra

1077 2467 1123 2485 eos
1133 2467 1182 2494 pro
1193 2459 1279 2485 amico
1290 2459 1404 2491 diceres,
1417 2460 1452 2485 iis
1463 2464 1487 2485 te
1498 2459 1578 2494 plane
1588 2464 1714 2494 purgato;
1728 2460 1877 2484 necessitu-

1077 2496 1156 2523 dines
1167 2502 1386 2529 commemoratoe
1410 2497 1438 2523 in
1454 2505 1531 2531 spem
1547 2496 1686 2526 adducito,
1703 2500 1728 2521 te
1744 2495 1771 2521 in
1782 2503 1876 2521 eorum

1077 2534 1172 2564 rebus,
1190 2534 1214 2560 si
1229 2534 1297 2560 sein
1308 2535 1455 2561 amicitiam
1470 2532 1645 2563 contulerint,
1667 2532 1725 2567 pari
1735 2532 1826 2559 studio
1836 2537 1877 2559 at-

1076 2579 1130 2605 que
1141 2570 1230 2597 officio
1241 2570 1374 2597 futurum.
1413 2571 1466 2603 Qui
1477 2571 1536 2597 sine
1547 2578 1641 2596 caussa
1653 2578 1705 2595 non
1717 2574 1816 2600 amant,
1829 2578 1874 2596 eos

1076 2612 1122 2634 aut
1144 2608 1275 2634 beneficio
1291 2613 1336 2634 aut
1350 2616 1399 2643 spe
1421 2612 1467 2634 aut
1482 2606 1659 2643 significando
1674 2611 1720 2632 tuo
1733 2615 1796 2642 erga
1814 2606 1876 2633 illos

1076 2645 1166 2671 studio
1179 2643 1288 2681 [futura]
1301 2645 1427 2676 delinito,
1443 2644 1505 2670 dato
1519 2652 1636 2678 operam,
1649 2647 1680 2669 ut
1689 2643 1723 2669 de
1735 2643 1780 2670 illa
1791 2644 1876 2670 animi

1075 2683 1206 2717 pravitate
1218 2682 1346 2708 deducas.
1387 2681 1507 2714 Quorum
1521 2680 1646 2707 voluntas
1657 2681 1708 2707 erit
1717 2680 1766 2707 abs
1777 2685 1802 2708 te
1811 2689 1876 2716 pro—
