1941 3052
367 149 456 176 PRO
488 150 517 176 L.
553 147 808 176 CORNELIO
840 146 1006 173 BALBO.

44 232 119 254 vero,
143 231 174 249 ne
190 222 252 257 quis
268 221 310 247 vir
324 225 349 247 et
363 221 453 247 animo
467 225 492 247 et
508 221 605 247 virtute
617 218 780 255 praecellens
792 227 840 253 pro

44 265 132 288 nostro
147 260 260 294 imperio
278 258 397 293 periculo
413 267 462 285 suo
477 258 627 284 dimicaret:
649 257 766 293 graviter
781 256 839 282 iure

45 298 184 328 ferremus,
198 296 283 322 minui
295 296 394 322 auxilia
407 294 770 330 populiRomani,debilitari
782 294 840 320 ani-

44 344 101 362 mos
113 334 319 361 fortissimorum
333 334 461 363 virorum,
470 333 681 368 alienigenarum
693 340 741 358 nos
753 331 840 357 homi-

45 381 108 399 num
121 371 218 398 studiis
230 376 310 406 atque
321 375 428 397 externa
440 371 538 397 virtute
550 370 658 404 privari.
694 371 735 396 26.
757 369 840 404 Atqui

44 410 111 436 nihil
124 410 245 439 interest,
258 408 375 439 iudices,
393 413 484 434 utrum
496 408 560 434 haec
573 407 696 434 foederati
709 407 766 433 iura
777 415 841 433 con-

44 448 168 476 stituant.
182 450 212 472 ut
227 454 259 472 ne
275 446 318 472 cui
335 446 410 472 liceat
425 454 458 472 ex
474 445 516 471 his
527 445 681 471 civitatibus
693 444 725 470 ad
737 448 841 470 nostro-

45 493 104 511 rum
121 483 252 510 bellorum
268 483 386 518 pericula
401 483 538 514 accedere,
551 491 596 513 an,
610 490 678 517 quae
690 490 737 508 nos
748 490 840 508 eorum

44 522 159 553 civibus,
175 522 282 548 virtutis
293 529 396 551 caussa,
413 521 597 550 tribuerimus,
611 528 641 546 ea
653 523 706 545 rata
718 527 777 545 esse
789 527 840 544 non

44 560 158 595 possint.
197 558 269 584 Nihil
281 559 352 585 enim
365 558 450 594 magis
462 562 598 584 uteremur
608 557 650 583 his
662 556 838 586 adiutoribus,

44 596 159 623 sublatis
171 596 297 631 praemiis
310 595 555 630 virtutis‚quam,si
567 594 676 621 omnino
687 594 729 620 his
741 593 840 619 versari

44 635 72 661 in
88 634 186 660 nostris
203 633 281 660 bellis
298 642 349 659 non
366 632 464 659 liceret.
504 632 623 662 Etenim,
636 639 721 666 quum
734 639 781 665 pro
792 639 840 656 sua

46 672 128 707 patria
145 672 222 706 pauci
237 675 296 705 post
312 679 399 705 genus
411 670 550 696 hominum
561 674 652 695 natum
667 669 763 703 reperti
775 668 838 698 sint.

45 710 106 744 qui,
124 708 206 735 nullis
223 709 348 743 praemiis
367 708 524 742 propositis,
539 707 620 732 vitam
631 714 708 732 suam
723 705 839 732 hostium

46 746 106 772 telis
120 746 277 773 obiecerint:
303 754 351 780 pro
365 745 450 771 aliena
462 743 600 778 republica
610 752 774 778 quemquam
787 742 841 769 fore

46 784 154 819 putatiS.
171 783 218 818 qui
230 791 258 809 se
269 786 386 818 opponat
397 782 533 816 periculis,
543 790 593 807 non
606 781 683 808 modo
695 781 770 807 nullo
780 789 842 815 pro-

46 822 132 856 posito
143 821 269 856 praemio,
282 820 329 846 sed
341 821 419 846 etiam
432 818 590 845 interdicto?

100 858 146 885 XI.
162 859 204 884 27.
217 857 278 887 Sed,
292 866 376 892 quum
388 861 429 883 est
438 856 716 891 illudimperitissime
727 854 839 886 dictum,

45 896 78 923 de
93 895 199 931 populis
216 895 320 925 fundis,
338 894 411 929 quod
426 902 568 920 commune
583 898 624 920 est
639 893 782 920 liberorum
795 901 843 927 po-

45 933 184 968 pulorum,
199 941 250 959 non
268 933 406 967 proprium
423 931 631 958 foederatorum:
654 940 686 957 ex
698 939 752 965 quo
763 930 843 956 intel-

46 971 93 1007 ligi
114 979 223 997 necesse
246 974 299 1001 est,
322 974 368 996 aut
386 970 521 996 neminem
536 978 570 995 ex
585 969 664 995 sociis
681 969 768 994 civem
786 967 841 993 lieri

45 1017 136 1044 posse,
159 1012 205 1034 aut
224 1008 303 1034 etiam
324 1016 402 1042 posse
422 1015 456 1033 ex
471 1006 625 1033 foederatis:
648 1010 705 1032 tum
722 1013 784 1031 vero
799 1005 842 1031 ius

45 1054 123 1073 omne
138 1050 227 1072 noster
241 1046 290 1071 iste
306 1045 432 1080 magister
442 1044 585 1070 mutandae
597 1044 712 1070 civitatis
723 1043 840 1078 ignorat3

45 1083 118 1119 quod
128 1087 181 1113 est,
197 1082 309 1114 iudices,
323 1091 376 1109 non
386 1082 474 1108 solum
485 1082 512 1108 in
525 1081 631 1117 legibus
643 1081 759 1116 publicis
771 1081 843 1115 posi-

45 1126 116 1152 tum,
134 1120 181 1147 sed
197 1121 276 1146 etiam
297 1120 324 1146 in
338 1120 502 1154 privatorum
514 1119 659 1146 voluntate.
700 1119 759 1144 lure
771 1118 842 1144 enim

46 1163 135 1186 nostro
149 1166 237 1193 neque
253 1162 355 1184 mutare
369 1158 505 1184 civitatem
520 1157 666 1191 quisquam
681 1156 783 1182 invitus
797 1164 843 1190 po-

45 1200 109 1227 test,
123 1204 219 1230 neque,
232 1196 254 1221 si
268 1195 340 1226 velit,
353 1199 456 1221 mutare
468 1203 520 1221 non
531 1199 625 1229 potest.
639 1194 717 1220 modo
729 1193 843 1219 ascisca-

45 1239 89 1260 tur
104 1233 137 1260 ab
149 1241 178 1260 ea
193 1233 313 1264 civitate,
326 1233 405 1259 cuius
417 1241 476 1258 esse
487 1240 515 1258 se
526 1232 643 1258 civitatis
658 1231 735 1257 velit:
759 1235 801 1262 ut,
820 1231 842 1257 si

46 1271 169 1298 Gaditani
186 1271 312 1296 sciverint
328 1270 484 1296 nominatim
501 1269 533 1296 de
544 1269 635 1304 aliquo
644 1269 702 1295 cive
712 1269 840 1299 Romano,

46 1313 75 1335 ut
85 1309 120 1334 sit
131 1309 154 1334 is
165 1308 232 1334 civis
243 1308 400 1338 Gaditanus,
410 1315 505 1342 magna
515 1311 631 1341 potestas
643 1307 678 1332 sit
689 1311 779 1332 nostro
790 1306 843 1332 civi

46 1345 189 1372 mutandae
199 1345 323 1375 civitatis.
338 1353 385 1371 nec
397 1344 501 1371 foedere
512 1344 684 1379 impediatur,
693 1343 843 1379 quominus

46 1392 80 1410 ex
94 1384 152 1410 cive
168 1383 285 1409 Romano
295 1383 362 1408 civis
374 1382 522 1409 Gaditanus
534 1383 617 1416 possit
628 1390 697 1408 esse.
718 1383 761 1408 28.
774 1381 844 1407 Dua-

47 1430 106 1447 rum
122 1421 261 1447 civitatum
277 1420 344 1446 civis
356 1428 427 1450 esse,
442 1424 531 1446 nostro
541 1420 598 1445 iure
610 1418 693 1449 civili.
707 1427 785 1445 nemo
797 1427 844 1453 po-

45 1463 110 1485 test:
134 1467 185 1484 nou
201 1466 261 1484 esse
277 1457 359 1484 huius
369 1458 485 1483 civitatis
496 1457 573 1488 civis,
586 1457 673 1491 quise
685 1456 729 1482 alii
741 1456 843 1482 civitati

45 1496 149 1524 dicarit,
164 1499 258 1530 potest.
293 1495 386 1530 Neque
397 1494 485 1521 solum
497 1494 636 1524 dicatione.
649 1493 723 1529 quod
734 1494 761 1520 in
773 1493 844 1519 cala-

46 1534 138 1560 mitate
156 1532 315 1559 clarissimis
335 1532 401 1558 viris
422 1532 453 1564 Q.
475 1532 606 1563 Maximo,
627 1532 656 1558 C.
675 1532 790 1562 Laenati,
810 1530 841 1563 Q.

45 1571 172 1605 Philippo
187 1570 327 1601 Nuceriae,
342 1569 371 1596 C.
385 1569 476 1596 Catoni
488 1569 646 1600 Tarracone.
660 1568 691 1601 Q.
705 1568 840 1603 Caepioni,

46 1609 74 1634 Ρ.
93 1607 192 1634 Rutilio
207 1607 337 1642 Smyrnae
353 1607 470 1633 vidimus
481 1607 618 1637 accidisse,
633 1611 662 1632 ut
673 1615 765 1632 earum
776 1606 844 1632 civi-

45 1650 130 1672 tatum
137 1645 230 1671 fierent
239 1645 326 1671 cives:
338 1643 462 1680 (——hanc
473 1649 532 1670 ante
544 1645 663 1670 amittere
675 1652 726 1670 non
740 1644 844 1678 potuis-

45 1688 117 1714 sent,
140 1691 221 1718 quam
243 1682 325 1708 huius
345 1681 433 1708 solum
454 1682 570 1708 civitatis
586 1681 732 1708 mutatione
748 1681 844 1707 vertis-

46 1720 129 1756 sent:)
149 1720 197 1746 sed
212 1720 291 1746 etiam
311 1719 476 1754 postliminio
492 1724 578 1754 potest
588 1719 703 1745 civitatis
716 1718 772 1745 fieri
784 1727 844 1745 mu-

46 1759 118 1785 tatio.
160 1758 253 1792 Neque
273 1757 344 1784 enim
364 1757 422 1783 sine
437 1765 532 1783 caussa
550 1757 583 1783 de
595 1757 643 1784 Cn.
657 1756 777 1783 Publicio
789 1757 844 1783 Me-

46 1795 159 1826 nandro,
178 1795 301 1821 libertino
317 1795 436 1825 homine,
454 1803 535 1830 quem
552 1794 624 1829 apud
639 1795 752 1820 maiores
765 1793 844 1829 legati

47 1833 129 1860 nostri
150 1833 176 1859 in
199 1832 336 1859 Graeciam
352 1832 548 1866 proficiscentes
564 1833 735 1866 interpretem
751 1840 843 1858 secum

46 1870 144 1897 habere
156 1869 307 1901 voluerunt,
320 1870 353 1896 ad
367 1869 497 1904 populum
512 1869 603 1900 latum,
619 1874 647 1896 ut
659 1870 681 1895 is
692 1869 841 1900 Publicius,

45 1909 68 1934 si
84 1907 195 1934 domum
211 1908 358 1934 revenisset
369 1912 394 1933 et
405 1907 467 1933 inde
478 1907 588 1934 Romam
601 1906 734 1938 rediisset,
748 1915 780 1933 ne
792 1907 844 1933 mi—

46 1954 98 1972 nus
109 1945 177 1971 civis
189 1949 268 1971 esset.
304 1944 381 1971 Multi
392 1945 471 1970 etiam
484 1945 621 1979 superiore
632 1944 759 1971 memoria
770 1945 844 1970 cives

46 1982 158 2009 Romani
179 1991 227 2008 suu
249 1981 393 2012 voluntate.
415 1981 563 2008 indemnati
583 1986 609 2008 et
624 1981 782 2013 incolumes,
801 1981 843 2008 his

46 2020 128 2046 rebus
140 2019 247 2050 relictis,
261 2019 327 2045 alias
337 2028 366 2044 se
376 2019 403 2045 in
417 2019 539 2045 civitates
549 2018 730 2045 contulerunt.

101 2057 159 2083 ΧΠ.
177 2058 219 2083 29.
231 2055 307 2088 Quod
319 2057 342 2082 si
355 2056 407 2082 civi
416 2057 532 2083 Romano
545 2056 606 2082 licet
616 2065 674 2082 esse
681 2055 843 2083 Gaditanum

46 2095 104 2120 sive
116 2093 212 2120 exsilio
221 2094 279 2120 sive
290 2093 455 2128 postliminio
466 2093 524 2119 sive
536 2093 765 2119 reiectionehuius
776 2093 845 2119 civi-

46 2131 123 2158 tatis:
145 2131 248 2166 (utiam
261 2131 294 2157 ad
309 2130 403 2157 foedus
415 2131 530 2161 veniam,
539 2131 611 2165 quod
623 2131 655 2157 ad
667 2139 790 2157 caussam
803 2130 844 2156 ni-

47 2168 86 2196 hil
98 2169 225 2204 pertinet:
247 2168 280 2194 de
291 2168 407 2194 civitatis
418 2168 490 2194 enim
501 2169 569 2199 iure,
583 2177 635 2194 non
645 2168 678 2194 de
691 2167 844 2194 foederibus

46 2205 256 2241 disceptamusz)
275 2205 343 2240 quid
358 2209 398 2232 est
412 2205 586 2240 quamobrem
601 2206 654 2232 civi
670 2205 801 2232 Gaditano
817 2205 843 2231 in

47 2242 116 2270 hanc
140 2244 275 2270 civitatem
303 2243 393 2269 venire
414 2251 465 2269 non
487 2242 582 2269 licent?
610 2243 744 2278 Equidem
767 2242 844 2277 longe

47 2289 126 2307 secus
137 2281 231 2307 sentio.
273 2281 339 2306 Nam
351 2289 438 2315 quum
449 2288 483 2306 ex
495 2280 622 2306 omnibus
633 2280 790 2307 civitatibus
802 2280 843 2306 via

47 2318 121 2345 sitin
133 2323 259 2349 nostram,
272 2326 413 2353 quumque
425 2317 524 2344 nostris
535 2318 642 2344 civibus
654 2322 741 2352 puteat
752 2318 800 2344 iter
811 2317 844 2343 ad

47 2359 147 2382 ceteras
158 2356 293 2382 civitates:
307 2360 364 2382 tum
376 2364 447 2386 vero,
461 2359 490 2381 ut
501 2363 624 2389 quaeque
635 2355 775 2381 nobiscum
788 2363 845 2381 ma-

47 2393 120 2419 xime
131 2393 268 2424 societate,
286 2393 416 2423 amicitia,
429 2393 582 2427 sponsione.
595 2393 725 2427 pactione,
740 2391 845 2418 foedere

47 2430 188 2457 coniuncta
199 2435 248 2462 est,
262 2431 297 2457 ita
310 2430 376 2457 mihi
389 2431 505 2456 maximo
515 2430 731 2456 communionem
745 2429 846 2455 beneti—

48 2467 164 2500 ciorum,
191 2469 385 2503 praemiorum,
411 2467 541 2497 civitatis,
571 2467 707 2493 continere
728 2466 845 2492 videtur.

47 2505 130 2539 Atqui
145 2509 246 2532 ceterae
259 2506 381 2532 civitates
394 2513 488 2532 omnes
503 2513 555 2531 non
571 2504 724 2530 dubitarent
742 2507 845 2530 nostros

48 2542 165 2577 recipere
175 2543 203 2570 in
214 2551 276 2570 suas
283 2543 414 2572 civitates.
423 2543 446 2568 si
458 2542 528 2568 idem
541 2550 589 2568 nos
600 2541 843 2571 iurishabercmus.

49 2578 122 2621 quod
132 2580 220 2606 ceteri.
262 2580 315 2607 Sed
327 2589 374 2607 nos
386 2589 438 2607 non
453 2588 598 2615 possumus
610 2579 724 2605 etliuius
736 2586 794 2605 esse
806 2578 846 2604 ci-

49 2616 153 2648 vitatis.
171 2621 197 2643 et
211 2618 332 2644 cuiusvis
348 2621 496 2653 praeterea:
518 2617 612 2643 ceteris
623 2624 781 2643 concessum
793 2619 843 2642 est.

50 2653 92 2679 30.
113 2653 204 2689 ltaque
223 2654 251 2681 in
272 2655 381 2682 Graecis
400 2654 556 2681 civitatibus
581 2653 714 2684 videmus.
732 2653 844 2679 Athenis

49 2689 181 2723 Rhodios,
208 2691 443 2724 Lacedaemonios.
469 2696 570 2719 ceteros
595 2691 716 2727 undique
735 2690 842 2722 ascribi,

1054 146 1242 173 CAP.7—
1269 147 1306 172 ¹4.
1636 147 1679 172 551

890 217 1092 252 multarumque
1107 226 1166 243 esse
1182 216 1289 243 eosdem
1304 216 1427 243 homines
1438 216 1587 242 civitatum.
1627 215 1686 248 Quo

891 264 977 282 errore
995 255 1090 281 ductos
1104 255 1160 281 vidi
1176 259 1280 290 egomet
1295 253 1438 280 nonnullos
1449 254 1587 287 imperitos
1599 253 1687 279 homi»

892 301 952 323 nes,
967 298 1070 319 nostros
1085 293 1171 323 cives,
1189 292 1300 318 Athenis
1313 292 1339 318 in
1353 299 1463 317 numero
1474 290 1594 316 iudicum
1607 295 1686 325 atque

891 331 1199 366 Areopagitarum,certa
1211 329 1292 360 tribu,
1305 333 1375 355 certo
1382 337 1504 360 numero;
1519 336 1603 362 quum
1612 328 1688 363 igno-

892 372 988 399 rarent,
1002 368 1024 393 si
1036 367 1109 394 illam
1120 367 1255 393 civitatem
1267 371 1356 392 essent
1367 366 1464 400 adepti.
1478 365 1546 391 hanc
1557 374 1586 391 se
1597 365 1688 400 perdi-

891 405 977 435 disse.
1001 405 1053 431 nisi
1075 405 1241 439 postliminio
1255 408 1465 438 recuperassent.
1506 403 1610 429 Peritus
1626 412 1688 429 vero

893 443 975 468 nostri
992 443 1058 468 iuris
1074 451 1104 468 ac
1120 442 1200 468 moris
1217 450 1295 468 nemo
1306 450 1444 476 umquam¹
1458 441 1504 475 qui
1517 440 1584 466 hauc
1594 441 1689 466 civita-

892 485 945 506 tem
957 480 1070 505 retinere
1081 479 1170 510 vellet,
1184 479 1211 505 in
1223 478 1302 505 aliam
1313 479 1448 505 civitatem
1460 487 1488 504 se
1503 477 1612 503 dicavit.

946 517 1015 543 Xlll.
1038 516 1091 543 Sed
1112 517 1155 542 hic
1171 521 1241 543 totus
1257 516 1331 542 locus
1343 516 1530 550 disputationis
1541 521 1620 550 atque
1631 523 1690 541 ora-

893 555 972 581 tionis
984 563 1066 584 meae.
1080 554 1193 584 iudices.
1208 554 1321 588 pertinet
1332 553 1365 579 ad
1375 561 1517 579 commune
1527 553 1570 578 ius
1582 556 1689 578 mutan-

892 592 986 618 darum
997 592 1150 618 civitatum:
1173 591 1241 617 nihil
1254 591 1340 622 habet,
1349 590 1421 625 quod
1432 591 1466 616 sit
1478 591 1614 625 proprium
1627 589 1690 615 reli-

892 630 982 664 gionis
998 638 1027 655 ac
1044 629 1191 655 foederum.
1232 628 1349 654 Defendo
1364 628 1435 654 enim
1452 637 1506 654 rem
1524 628 1686 657 universam,

894 666 995 692 nullam
1011 675 1069 692 esse
1084 670 1191 701 gentem
1203 674 1235 692 ex
1246 666 1319 692 omni
1332 666 1437 701 regione
1450 670 1587 695 terrarum,
1603 673 1689 699 neque

893 709 945 730 tam
961 703 1137 730 dissidentem
1149 712 1162 729 a
1174 702 1274 738 populo
1284 703 1401 729 Romano
1412 702 1472 728 odio
1482 702 1598 737 quodam
1611 707 1690 736 atque

892 741 1007 767 discidio
1022 750 1108 776 neque
1124 746 1177 767 tam
1194 740 1245 766 fide
1261 740 1499 774 benevolentiaque
1509 740 1687 770 coniunctam,

893 787 926 805 ex
936 787 989 813 qua
1002 779 1078 805 nobis
1090 778 1262 804 interdictum
1275 778 1321 808 sit,
1335 781 1365 803 ut
1376 786 1408 803 ne
1419 786 1500 812 quem
1512 778 1640 803 asciscere
1652 777 1690 802 ci—

893 825 953 842 vem
965 820 1011 842 aut
1021 816 1127 842 civitate
1134 815 1231 842 donare
1239 815 1384 850 possimus.
1406 817 1446 840 3¹.
1459 814 1480 840 O
1492 815 1548 840 iura
1556 814 1689 848 praeclara

893 858 972 889 atque
987 853 1118 879 divinitus
1134 854 1187 879 iam
1203 852 1266 879 inde
1281 861 1295 878 a
1311 852 1442 887 principio
1453 852 1562 878 Romani
1575 851 1690 878 nominis

893 900 907 917 a
923 891 1069 917 maioribus
1085 891 1182 917 nostris
1193 890 1356 925 comparata!
1381 898 1412 915 ne
1423 890 1484 924 quis
1497 893 1616 915 nostrum
1629 888 1690 923 plus

893 937 974 964 quam
987 929 1068 955 unius
1079 928 1196 955 civitatis
1208 936 1267 954 esse
1278 927 1376 962 possit:
1403 926 1608 962 (dissimilitudo
1619 926 1690 952 enirn

893 967 1033 993 civitatum
1059 966 1214 992 varietatem
1238 966 1306 991 iuris
1327 965 1423 991 habeat
1444 973 1551 990 necesse
1572 963 1638 999 esu)
1659 972 1691 989 nc

894 1005 956 1039 quis
967 1005 1069 1030 invitus
1085 1004 1193 1030 civitate
1208 1007 1340 1033 mutetur,
1353 1011 1419 1028 neve
1431 1002 1457 1028 in
1469 1002 1576 1028 civitate
1588 1005 1692 1027 maneat

894 1042 1006 1068 invitus.
1047 1041 1115 1068 Haec
1130 1045 1194 1067 sunt
1209 1041 1281 1067 enim
1297 1039 1468 1066 fundamenta
1480 1039 1633 1065 firmissima
1645 1047 1692 1065 no-

894 1083 963 1106 strae
980 1079 1122 1109 libertatis,
1140 1079 1183 1105 sui
1198 1086 1335 1113 quemque
1350 1078 1417 1103 iuris
1434 1082 1458 1103 et
1473 1076 1603 1103 retinendi
1614 1080 1639 1102 et
1649 1076 1692 1102 di—

895 1116 1018 1143 mittendi
1033 1125 1092 1143 esse
1103 1116 1253 1143 dominum.
1295 1114 1364 1141 Illud
1377 1124 1438 1141 vero
1450 1115 1507 1140 sine
1520 1114 1573 1140 ulla
1585 1114 1692 1140 dubita-

895 1155 965 1181 tione
980 1155 1096 1180 maxime
1113 1158 1234 1180 nostrum
1250 1152 1373 1179 fundavit
1388 1152 1545 1187 imperium,
1563 1156 1587 1177 et
1600 1150 1692 1186 populi

894 1192 1006 1219 Romani
1018 1200 1113 1218 nomen
1125 1192 1207 1222 auxit,
1221 1190 1293 1226 quod
1305 1189 1599 1225 prince1)sille,creat0r
1611 1189 1692 1215 huius

895 1230 980 1260 urbis,
995 1229 1125 1256 Romulus
1136 1229 1242 1255 foedere
1253 1228 1353 1255 Sabino
1364 1227 1462 1257 docuit.
1477 1228 1555 1253 etiam
1569 1226 1692 1253 hostibus

895 1267 1057 1302 recipiendis
1081 1267 1173 1303 augeri
1194 1267 1262 1293 hanc
1281 1266 1416 1292 civitatem
1438 1269 1567 1299 oportere.
1609 1264 1692 1290 Cuius

895 1305 1049 1331 auctoritate
1074 1309 1100 1330 et
1124 1303 1248 1339 exemplo
1277 1312 1424 1337 numquam
1446 1307 1486 1328 est
1505 1302 1657 1328 intermissa
1679 1309 1693 1326 a

895 1342 1042 1368 maioribus
1064 1342 1162 1368 nostris
1185 1341 1289 1376 largitio
1305 1346 1330 1367 et
1345 1340 1550 1367 communicatio
1565 1339 1691 1364 civitatis.

895 1381 986 1414 ltaque
997 1384 1066 1406 etex
1078 1380 1151 1405 Latio
1162 1378 1241 1405 multi
1252 1383 1277 1405 et
1288 1377 1433 1405 Tusculani
1445 1382 1470 1403 et
1481 1376 1612 1403 Lanuvini
1625 1381 1649 1402 et
1660 1384 1693 1401 ex

895 1418 989 1443 ceteris
1009 1417 1154 1452 generibus
1169 1420 1263 1452 gentes
1279 1416 1420 1443 universae
1437 1415 1463 1440 in
1479 1415 1614 1440 civitatem
1630 1418 1694 1439 sunt

895 1459 1028 1489 receptae.
1054 1459 1083 1481 ut
1107 1454 1280 1484 Sabinorum,
1307 1452 1476 1482 Volscorum,
1504 1452 1691 1477 Hernicorum:

894 1492 996 1527 quibus
1012 1501 1045 1518 ex
1059 1491 1215 1518 civitatibus
1231 1499 1279 1517 nec
1293 1491 1375 1517 coacti
1386 1494 1474 1515 essent
1486 1489 1621 1515 civitatem
1633 1497 1694 1514 rnu-

895 1535 963 1561 tare,
986 1530 1009 1555 si
1029 1529 1077 1564 qui
1098 1529 1260 1559 noluissent,
1278 1536 1334 1558 nec,
1352 1528 1374 1554 si
1390 1527 1438 1562 qui
1454 1531 1543 1552 essent
1558 1526 1693 1552 civitatem

896 1571 1012 1594 nostram
1029 1567 1158 1593 beneficio
1174 1566 1266 1601 populi
1278 1566 1389 1592 Romani
1400 1564 1550 1594 consecuti,
1567 1563 1693 1590 violatum

896 1605 989 1632 foedus
1000 1613 1091 1631 eorum
1105 1604 1248 1630 videretur.

952 1642 1021 1668 xlv.
1045 1644 1085 1668 32.
1108 1642 1142 1668 At
1161 1642 1233 1667 enim
1254 1640 1387 1676 quaedam
1409 1638 1512 1666 foedera
1529 1642 1646 1668 exstant,
1666 1642 1695 1664 ut

897 1680 1107 1709 Germanorum,
1139 1679 1309 1709 Insubrium,
1338 1677 1535 1707 Helvetiorum,
1560 1675 1692 1710 lapidum,

895 1717 1086 1744 nonnullorum
1104 1717 1166 1743 item
1184 1725 1217 1743 ex
1233 1716 1318 1743 Gallia
1334 1715 1522 1744 barbarorum,
1540 1722 1655 1748 qnorum
1667 1713 1694 1738 in

896 1755 1048 1782 foederibus
1064 1759 1204 1789 exceptum
1221 1758 1274 1785 est,
1289 1762 1322 1780 ne
1332 1753 1394 1788 quis
1409 1761 1499 1778 eorum
1513 1760 1526 1777 a
1539 1751 1615 1777 nobis
1626 1750 1694 1776 civis

895 1793 1048 1827 recipiatur.
1070 1807 1107 1812 —
1117 1791 1194 1824 Quod
1206 1792 1228 1818 si
1241 1791 1362 1825 exceptio
1373 1790 1442 1821 facit,
1458 1798 1489 1816 ne
1502 1789 1586 1819 liceat,
1600 1788 1637 1814 ilii
1649 1796 1695 1814 ne-

894 1839 970 1857 cesse
981 1834 1022 1857 est
1033 1830 1120 1860 licere,
1135 1829 1181 1856 ubi
1195 1838 1245 1855 non
1257 1833 1297 1855 est
1308 1833 1460 1863 exceptum.
1497 1826 1546 1853 Ubi
1560 1830 1600 1852 cst
1613 1826 1695 1860 igitur

895 1872 1037 1902 exceptum
1055 1867 1158 1894 foedere
1174 1866 1318 1897 Gaditano,
1332 1874 1364 1892 ne
1379 1874 1458 1900 (piem
1472 1863 1588 1899 populus
1600 1863 1695 1889 Roma-

897 1914 947 1932 uus
959 1905 1122 1932 Gaditanum
1135 1902 1375 1939 recipiatcivitate'?
1386 1904 1536 1937 Nusquam.
1559 1900 1596 1927 Ac
1607 1899 1695 1926 sicubi

895 1947 979 1974 esset,
1003 1943 1045 1969 lex
1061 1943 1087 1969 id
1105 1942 1191 1969 Gellia
1201 1946 1226 1968 et
1238 1940 1367 1971 Cornelia,
1381 1948 1449 1975 quae
1460 1939 1568 1965 delinite
1581 1942 1696 1972 potesta—

896 1985 948 2007 tem
965 1981 1092 2015 Pompeio
1106 1980 1240 2006 civitatem
1256 1978 1372 2005 donandi
1392 1977 1510 2006 dederat.
1528 1975 1694 2002 sustulisset.

896 2018 1045 2053 Exceptum
1066 2022 1119 2048 est,
1143 2017 1245 2052 inquit,
1265 2016 1372 2046 foedus,
1390 2015 1413 2041 si
1429 2014 1540 2049 quidem
1557 2021 1695 2039 sacrosan-

895 2060 968 2082 ctum
981 2060 1030 2082 est.
1053 2056 1163 2091 Ignosco
1176 2055 1232 2085 tibi,
1247 2055 1269 2080 si
1283 2053 1523 2088 nequel‘oenorum
1536 2049 1694 2081 iuracalles,

896 2093 1044 2128 reliqueras
1064 2093 1136 2119 enim
1157 2092 1292 2118 civitatem
1314 2096 1401 2118 tuam:
1426 2097 1512 2124 neque
1529 2092 1632 2115 nostras
1649 2096 1696 2122 po—

897 2131 971 2157 tuisti
990 2130 1061 2165 leges
1078 2130 1223 2164 inspicere,
1247 2129 1320 2163 ipsae
1336 2128 1407 2154 enim
1425 2132 1449 2153 te
1460 2136 1473 2153 a
1484 2126 1635 2161 cognitione
1647 2133 1694 2151 sua

896 2168 996 2194 iudicio
1008 2167 1117 2202 publico
1131 2166 1297 2201 repulerunt.
1325 2167 1365 2191 33.
1379 2164 1449 2197 Quid
1463 2163 1513 2190 fuit
1525 2165 1550 2190 iu
1562 2163 1696 2198 rogatione

896 2214 939 2236 eu,
952 2213 1022 2240 quae
1037 2204 1070 2231 de
1086 2205 1212 2238 Pompeio
1227 2212 1241 2229 a
1253 2203 1341 2230 Gellio
1351 2207 1376 2228 et
1387 2211 1401 2228 u
1415 2201 1526 2228 Lentulo
1536 2199 1695 2226 consulibus

898 2243 946 2269 latu
959 2247 1006 2272 est.
1020 2243 1112 2276 inquo
1123 2241 1225 2276 aliquid
1232 2244 1430 2267 sacrosanctum
1442 2243 1585 2272 exceptum
1592 2236 1695 2263 videre-

896 2279 957 2306 tur?
982 2279 1100 2305 l'rimum
1120 2279 1192 2304 enim
1213 2282 1410 2304 sacrosanctum
1430 2285 1490 2301 esse
1511 2274 1578 2301 nihil
1600 2278 1693 2308 potest.

897 2317 948 2343 nisi
960 2316 1033 2351 quod
1045 2315 1448 2351 populusplcbesvesanxisset:
1472 2312 1569 2338 deiude
1580 2311 1695 2337 sanctio-

898 2363 944 2380 nes
965 2353 1110 2380 sacrandae
1125 2357 1189 2378 sunt
1206 2357 1252 2378 aut
1266 2360 1364 2386 genere
1381 2352 1439 2385 ipso
1457 2354 1501 2375 aut
1520 2349 1695 2374 obtestatione

898 2390 934 2427 [et
948 2388 1154 2425 consecratione]
1173 2389 1240 2425 legis
1255 2394 1301 2415 aut
1312 2397 1424 2423 poenae,
1437 2395 1523 2422 quum
1535 2390 1615 2420 caput
1625 2385 1693 2414 eius.

897 2429 944 2463 qui
963 2433 1052 2454 contra
1075 2427 1177 2457 lecerit.
1198 2430 1379 2453 consecratur.
1418 2424 1488 2456 Quid
1511 2423 1592 2449 habes
1614 2423 1696 2457 igitur

897 2466 984 2492 dicere
996 2465 1029 2491 de
1040 2464 1172 2491 Gaditano
1185 2463 1288 2490 loedere
1300 2462 1450 2489 eiusmodi?
1472 2461 1564 2487 Utrum
1577 2470 1590 2486 u
1601 2461 1695 2494 rapitis

896 2503 1103 2532 consecratione.
1117 2511 1150 2528 an
1163 2501 1337 2528 obtestatione
1351 2500 1416 2534 legis
1428 2502 1625 2525 sacrosanctum
1636 2506 1695 2523 esse

897 2539 1056 2567 confirmas?
1078 2539 1150 2566 Nihil
1166 2539 1275 2565 omuino
1291 2546 1420 2572 uniquam
1436 2536 1469 2562 dc
1482 2537 1532 2562 isto
1544 2534 1648 2561 foedere
1662 2535 1694 2560 ad

897 2577 1038 2613 populum,
1053 2577 1119 2603 nihil
1131 2577 1163 2603 ad
1176 2576 1281 2611 plebem
1295 2575 1376 2601 lutum
1390 2583 1449 2601 esse
1459 2574 1532 2600 dico:
1549 2573 1582 2599 do
1593 2573 1695 2607 quihus

896 2615 1000 2642 etiamsi
1014 2614 1096 2641 lutum
1108 2619 1187 2644 esset.
1197 2622 1284 2648 ueqim
1296 2613 1381 2648 legem
1398 2620 1483 2646 neque
1496 2609 1694 2645 poenamlatam

896 2661 970 2683 esse.
996 2660 1029 2679 ne
1046 2660 1127 2687 quem
1146 2651 1233 2678 civem
1250 2650 1442 2685 reciperemus:
1469 2653 1555 2675 tumen
1572 2647 1599 2674 id
1615 2652 1692 2676 essct,

895 2689 968 2726 quod
989 2689 1107 2725 populus
1129 2693 1220 2725 postea
1237 2688 1374 2719 iussisset,
1388 2691 1488 2719 ratum3
1512 2694 1600 2721 neque
1615 2684 1695 2720 ‹prid-
