1941 3052
254 134 310 159 121.
332 133 367 159 Μ.
390 132 521 158 TULLII
542 130 753 158 CICERONIS
772 130 818 156 DE
840 130 999 157 NATURA
1020 130 1180 157 DEORUM
1211 131 1281 157 LIB.
1304 132 1324 157 I.
1347 130 1428 157 CAP.
1455 132 1550 157 1—5.

131 205 151 231 1.
167 206 189 230 l.
207 197 304 235 Quum
316 202 415 229 multae
427 211 468 229 res
481 203 507 229 in
519 202 691 237 philosophia
702 210 873 236 nequaquam

78 242 143 269 satis
157 241 245 267 adhuc
260 240 408 275 explicatae
424 241 490 271 sint,
512 245 568 267 tum
583 239 766 275 perdifficilis,
784 239 872 270 Brute,

78 278 159 314 (quod
176 283 205 305 tu
220 278 332 304 minime
348 277 476 313 ignoras,)
491 282 517 304 et
531 277 693 312 perobscura
703 277 824 312 quaestio
835 280 876 302 est

78 316 112 343 de
127 320 220 342 natura
235 315 361 341 deorum:
384 324 453 349 quae
463 319 489 341 et
499 315 532 341 ad
543 315 707 350 agnitionem
719 314 803 340 animi
814 313 876 348 pul-

78 353 211 380 cherrima
226 356 267 379 est
285 357 311 378 et
324 352 357 378 ad
372 352 562 378 moderandam
578 351 736 387 religionem
752 359 877 377 necessa-

79 391 128 417 ria.
153 391 190 416 De
201 398 255 424 qua
265 394 319 416 tam
331 390 419 416 variae
430 394 494 416 sunt
504 389 721 416 doctissimorum
734 388 876 415 hominum

79 433 188 462 tamque
199 427 383 462 discrepantes
395 427 556 459 sententiae,
570 431 600 452 ut
610 435 708 461 magno
718 430 876 461 argumento

79 473 138 492 esse
148 464 253 495 debeat,
261 473 394 495 caussam,
404 464 431 490 id
442 468 482 490 est
492 464 668 499 principium,
676 463 874 498 philosophiae,

79 510 139 528 esse
154 503 338 533 inscientiam,
359 501 559 536 prudenterque
575 500 749 528 Academicos
765 509 779 527 a
795 499 876 526 rebus

80 540 189 566 incertis
203 540 387 566 assensionem
402 539 568 565 cohibuisse.
609 538 679 570 Quid
695 543 735 564 est
750 538 824 564 enim
838 542 878 563 te-

80 577 201 603 meritate
217 576 341 611 turpius?
364 580 409 603 aut
423 576 490 611 quid
505 581 559 602 tam
575 576 748 602 temerarium
769 579 877 609 tamque

79 614 224 649 indignum
240 614 370 648 sapientis
385 614 515 649 gravitate
526 618 606 648 atque
616 613 778 643 constantia,
795 620 875 646 quam

80 656 126 678 aut
137 650 235 677 falsum
245 651 354 682 sentire,
370 655 428 682 aut,
444 650 517 685 quod
529 659 580 676 non
592 651 657 676 satis
669 649 805 684 explorate
817 657 878 683 per-

80 693 188 723 ceptum
203 690 238 715 sit
253 693 279 715 et
293 689 444 723 cognitum,
466 688 524 714 sine
540 687 594 714 ulla
605 687 772 713 dubitatione
783 685 879 712 defen-

79 725 160 752 dere‘?
173 727 198 753 2.
210 725 289 752 Velut
299 726 326 751 in
339 725 388 752 hac
398 726 555 760 quaestione
569 723 780 759 plerique(quod
791 724 878 749 maxi-

80 772 123 789 me
135 762 284 789 verisimile
295 767 335 789 est
346 768 371 789 et
382 771 435 797 quo
445 771 539 789 omnes
550 762 619 788 duce
630 766 723 788 natura
730 760 878 795 vehimur,)

79 800 144 827 deos
164 808 223 826 esse
243 800 382 826 dixerunt:
405 799 529 826 dubitare
549 808 578 825 se
597 800 765 834 Protagoras:
789 798 877 824 nullos

80 846 140 864 esse
150 838 259 864 omnino
270 838 396 872 Diagoras
408 837 505 863 Melius
516 841 541 863 et
551 836 707 862 Theodorus
714 835 877 871 Cyrenaicus

79 879 252 910 putaverunt.
292 874 344 906 Qui
356 882 419 900 vero
430 874 494 900 deos
505 882 564 900 esse
576 873 716 902 dixerunt.
733 877 804 899 tanta
815 877 879 899 sunt

80 913 108 939 in
120 912 246 939 varietate
258 920 288 937 ac
297 911 477 942 dissensione,
491 916 520 937 ut
531 920 623 938 eorum
635 910 779 937 molestum
790 910 825 936 sit
835 910 879 935 di-

80 957 222 976 numerare
237 949 393 975 sententias.
434 949 500 974 Nam
513 948 582 975 etde
598 948 693 983 figuris
709 947 834 978 deorum,
853 952 878 973 et

79 987 113 1013 de
125 986 190 1013 locis
202 991 282 1021 atque
291 986 405 1012 sedibus
415 990 441 1013 et
451 987 554 1012 actione
564 986 636 1012 vitae
643 985 727 1012 multa
733 985 874 1017 dicuntur:

79 1024 168 1059 deque
183 1023 226 1050 his
242 1032 349 1050 summa
364 1023 589 1059 philosophorum
604 1023 773 1049 dissensione
793 1027 879 1049 certa—

79 1066 136 1088 tur:
160 1060 233 1096 quod
254 1069 317 1088 vero
338 1061 456 1088 maxime
477 1069 533 1087 rem
554 1069 733 1096 caussamque
749 1060 875 1091 continet,

79 1103 171 1125 utrum
182 1098 251 1125 nihil
263 1103 351 1134 agant,
368 1098 437 1125 nihil
449 1098 601 1129 moliantur,
617 1099 691 1125 omni
705 1098 842 1125 curatione
853 1102 879 1124 et

79 1135 313 1162 administratione
333 1145 424 1162 rerum
439 1141 546 1167 vacent,
569 1145 603 1162 an
618 1140 709 1162 contra
724 1135 758 1161 ab
774 1136 808 1161 iis
825 1140 850 1161 et
864 1143 878 1161 a

79 1173 214 1209 principio
224 1174 315 1200 omnia
326 1173 394 1200 facta
404 1178 431 1200 et
440 1174 582 1200 constituta
594 1174 657 1204 sint,
666 1173 730 1199 etad
742 1173 877 1199 infinitum

80 1216 187 1246 tempus
203 1215 330 1246 regantur
345 1216 424 1246 atque
441 1216 612 1242 moveantur,
631 1212 657 1237 in
673 1211 770 1246 primis
781 1219 878 1245 magna

79 1248 215 1275 dissensio
226 1253 279 1275 est:
292 1257 377 1283 eaque
388 1249 442 1275 nisi
452 1248 625 1279 diiudicetur,
634 1249 662 1275 in
673 1256 781 1275 summo
791 1256 879 1274 errore

79 1294 190 1312 necesse
201 1290 242 1312 est
253 1285 377 1312 homines
388 1290 467 1321 atque
479 1287 505 1312 in
517 1287 697 1312 maximarum
705 1294 793 1312 rerum
802 1286 881 1320 igno-

79 1323 182 1349 ratione
194 1324 305 1350 versari.
345 1324 377 1350 11.
399 1325 424 1350 3,
441 1323 510 1350 Sunt
523 1324 595 1350 enim
611 1323 768 1358 philosophi
784 1328 810 1349 et
821 1322 880 1349 fue-

80 1365 155 1392 runt,
172 1361 220 1395 qui
234 1362 344 1387 omnino
360 1360 463 1387 nullam
479 1361 578 1387 habere
593 1365 733 1387 censerent
747 1360 880 1386 humana-

80 1406 141 1424 rum
161 1406 251 1424 rerum
272 1399 487 1433 procurationem
511 1398 585 1425 deos.
625 1398 746 1430 Quorum
770 1399 794 1424 si
817 1406 879 1424 vera

80 1435 212 1462 sententia
226 1440 275 1466 est,
289 1444 359 1471 quae
369 1440 457 1470 potest
467 1444 526 1462 esse
537 1435 641 1471 pietas?
655 1444 724 1470 quae
736 1434 881 1462 sanctitas?

80 1481 150 1507 quae
171 1472 284 1508 religio?
308 1473 378 1499 Haec
398 1473 471 1500 enim
492 1474 582 1500 omnia
603 1481 670 1508 pure
690 1482 720 1499 ac
740 1477 811 1499 caste
832 1474 880 1499 tri—

80 1509 188 1536 buenda
209 1510 321 1537 deorum
340 1511 447 1537 numini
469 1511 504 1537 ita
519 1515 596 1541 sunt,
619 1511 642 1536 si
658 1510 880 1537 animadvertun-

81 1551 124 1574 tur
140 1547 174 1573 ab
189 1547 237 1579 iis,
260 1552 285 1574 et
300 1549 323 1574 si
338 1553 379 1574 est
394 1547 499 1583 aliquid
518 1557 531 1574 a
547 1548 601 1574 diis
618 1548 816 1574 immortalibus
832 1548 881 1574 lio-

81 1585 187 1611 minum
202 1586 294 1620 generi
310 1585 452 1612 tributum.
493 1585 541 1612 Sin
555 1590 644 1612 autem
660 1585 698 1612 dii
715 1593 802 1621 neque
818 1594 881 1620 pos-

81 1626 145 1648 sunt
165 1630 213 1648 nos
234 1622 327 1649 iuvare
342 1631 430 1657 neque
446 1622 552 1655 volunt,
577 1631 625 1649 nec
640 1623 750 1650 omnino
770 1627 877 1655 curant,

81 1659 344 1695 nec,quidagamus,
353 1660 585 1692 animadvertunt,
599 1669 648 1687 nec
659 1665 707 1691 est,
716 1660 789 1695 quod
801 1660 834 1687 ab
847 1661 880 1686 iis

81 1695 116 1723 ad
127 1695 268 1723 hominum
281 1698 364 1724 vitam
376 1705 533 1732 permanare
545 1698 643 1733 possit:
662 1698 729 1733 quid
741 1702 794 1729 est,
807 1698 880 1733 quod

80 1732 152 1760 ullos
162 1733 216 1760 diis
228 1734 426 1761 immortalibus
436 1735 526 1761 cultus
534 1755 540 1766 ,
554 1735 681 1766 honores,
698 1744 791 1770 preces
802 1735 882 1762 adhi-

81 1770 213 1798 beamus?
223 1772 251 1798 In
263 1773 354 1807 specie
364 1777 454 1799 autem
466 1773 543 1799 {ictae
556 1773 748 1804 simulationis,
757 1774 828 1800 sicut
840 1782 882 1799 re-

81 1807 173 1843 liquae
184 1809 312 1841 virtutes,
330 1810 365 1837 ita
378 1810 463 1845 pietas
475 1811 565 1837 inesse
576 1819 628 1837 non
640 1815 739 1845 potest,
753 1819 816 1837 cum
828 1819 881 1846 qua

81 1845 166 1872 simul
183 1850 209 1873 et
228 1847 396 1874 sanctitatem
414 1852 440 1874 et
454 1847 612 1884 religionem
629 1848 686 1875 tolli
702 1856 811 1874 necesse
825 1853 878 1880 est;

82 1883 184 1918 quibus
195 1884 323 1915 sublatis,
341 1884 507 1919 perturbatio
523 1886 592 1912 vitae
607 1886 732 1920 sequitur
746 1891 772 1912 et
785 1894 882 1921 magna

82 1919 216 1947 confusio.
257 1922 282 1948 4.
304 1921 391 1956 Atque
403 1922 475 1948 haud
490 1923 559 1953 scio,
573 1931 620 1954 an,
638 1923 735 1958 pietate
751 1923 882 1950 adversus

83 1956 148 1983 deos
159 1957 273 1989 sublata,
283 1958 349 1984 fides
363 1959 443 1985 etiam
454 1964 481 1985 et
489 1960 602 1986 societas
613 1961 721 1995 generis
733 1960 845 1987 humani
857 1966 883 1988 et

84 2003 137 2021 una
155 1995 384 2022 excellentissima
402 1997 502 2026 virtus,
521 1997 637 2028 iustitia,
656 1997 772 2024 tollatur.
814 1998 883 2025 Sunt

83 2036 173 2058 autern
189 2032 235 2059 alii
253 2033 422 2068 philosophi,
441 2038 467 2060 et
479 2033 506 2060 hi
517 2034 628 2068 quidem
640 2035 732 2069 magni
743 2039 823 2070 atque
835 2044 883 2062 no·

84 2068 167 2100 biles,
184 2070 233 2104 qui
248 2070 360 2097 deorum
377 2075 464 2097 mente
476 2075 555 2106 atque
568 2072 668 2098 ratioue
682 2080 790 2098 omnem
803 2081 883 2099 mun-

83 2105 150 2132 dum
161 2106 345 2134 administrari
356 2113 382 2134 et
393 2108 449 2143 regi
460 2113 598 2135 censeant:
622 2117 710 2144 neque
727 2118 789 2136 vero
802 2109 827 2135 id
839 2118 883 2136 so-

85 2143 155 2174 lum,
177 2144 225 2170 sed
241 2145 321 2171 etiam
336 2145 370 2171 ab
385 2145 482 2171 iisdem
500 2146 569 2172 vitae
585 2146 726 2172 hominum
741 2146 846 2173 consuli
858 2151 884 2173 et

84 2181 235 2216 provideri:
250 2191 311 2208 nam
323 2187 348 2209 et
360 2182 460 2217 fruges,
473 2188 499 2209 et
510 2183 622 2218 reliqua,
631 2192 700 2218 quae
708 2189 774 2210 terra
787 2185 880 2218 pariat,

83 2222 110 2245 et
120 2222 292 2253 tempestates
303 2228 333 2246 ac
345 2224 496 2254 temporum
510 2221 651 2247 varietates
660 2220 783 2256 caelique
795 2226 883 2248 mutu—

84 2256 290 2291 tiones,quibus
300 2257 400 2288 onmia,
414 2265 483 2291 quae
495 2262 562 2283 terra
573 2258 675 2291 gignat,
689 2264 819 2285 maturata
831 2267 883 2293 pu-

84 2293 202 2324 bescant,
211 2293 491 2320 adiisimmortalibus
503 2295 584 2321 tribui
596 2297 689 2330 generi
702 2296 820 2322 humano
832 2305 883 2331 pu-

84 2334 152 2357 tant:
166 2330 392 2366 multaque,quae
403 2331 527 2358 dicentur
539 2332 565 2358 in
578 2332 620 2358 his
633 2332 719 2363 libris,
735 2333 880 2368 colligunt:

83 2376 152 2403 quae
164 2368 226 2394 talia
237 2373 310 2400 sunt,
319 2373 347 2395 ut
358 2377 387 2395 ea
401 2369 457 2403 ipsa
470 2368 508 2395 ‹lii
521 2369 685 2396 immortales
696 2370 729 2396 ad
741 2379 821 2396 usum
835 2370 883 2397 ho-

84 2405 189 2431 minum
206 2404 326 2432 fabricati
344 2414 427 2440 paene
441 2406 591 2433 videantur.

83 2479 208 2506 socordes
229 2480 262 2507 ad
283 2481 339 2506 veri
357 2480 538 2514 investigandi
556 2481 742 2516 cupiditatem.
783 2483 808 2508 5.
832 2482 882 2508 Res

83 2517 156 2543 enim
168 2516 242 2544 nulla
253 2522 306 2548 est,
323 2517 356 2544 de
367 2526 421 2553 qua
433 2522 504 2544 tanto
514 2527 594 2552 opero
606 2527 658 2544 non
669 2518 757 2545 solum
771 2519 880 2549 indocti,

83 2553 131 2580 sed
142 2554 223 2580 etiam
235 2554 306 2582 docti
317 2555 487 2581 dissentiant.
512 2555 632 2587 Quorum
643 2556 785 2590 opiniones
796 2565 881 2591 quum

84 2596 137 2618 tam
154 2592 243 2618 variae
257 2593 313 2619 sint
324 2597 432 2628 tamquo
449 2593 518 2619 inter
529 2602 557 2619 se
568 2593 745 2619 dissidentes:
769 2593 881 2620 alterum

84 2628 141 2655 lieri
152 2628 270 2663 profecto
281 2635 376 2664 potest,
385 2635 415 2657 ut
424 2638 515 2656 earum
523 2630 605 2660 nulla.
623 2630 736 2656 alterum
747 2635 818 2657 certe
830 2639 882 2657 non

83 2670 179 2700 potest,
201 2671 230 2693 ut
250 2666 312 2702 plus
332 2675 384 2695 uua
408 2676 470 2694 vera
490 2668 535 2695 sit.
576 2668 618 2695 tu.
643 2667 700 2700 Qua
721 2667 834 2703 quidem
856 2669 882 2695 in

911 2358 913 2368 ,
935 2338 959 2359 ta
971 2332 1124 2368 quaerenda
1136 2338 1209 2359 sunt.

632 2407 727 2434 Contra
739 2416 807 2442 quos
819 2408 883 2435 Car-
911 2403 913 2419 ³

84 2442 183 2469 neades
199 2443 233 2469 ita
251 2443 333 2470 multa
350 2443 492 2474 disseruit,
509 2448 538 2470 ut
552 2444 680 2471 excitaret
695 2444 818 2471 homines
831 2453 882 2471 non
911 2441 913 2443 ’

911 2499 913 2506 ⁴
935 2487 991 2508 tum
1004 2482 1106 2508 vident.

912 2533 913 2536 =
935 2519 1069 2553 tlingoreis
1081 2520 1245 2554 accepimus,
1259 2528 1327 2554 quos
1340 2518 1440 2548 ferunt.
1456 2519 1558 2554 siquid
1570 2518 1733 2545 affirmarent

1657 133 1719 158 ⁴099

926 210 1021 227 caussa
1041 206 1067 228 et
1086 200 1232 228 benevolos
1251 201 1436 237 obiurgatores
1452 201 1557 236 placare
1572 206 1598 228 et
1614 201 1721 228 invidos

927 240 1121 273 vituperatores
1132 238 1268 265 confutare
1275 247 1430 273 possumus,
1439 239 1569 265 utalteros
1576 239 1723 273 reprehen-

927 276 999 302 disse
1011 277 1152 310 poeniteat,
1161 276 1236 302 alteri
1247 276 1376 302 didicisse
1387 285 1416 302 se
1427 277 1570 312 gaudeant.
1595 277 1663 302 Nam
1674 277 1722 311 qui

927 314 1071 340 admonent
1081 315 1176 344 amice,
1189 313 1303 339 docendi
1316 318 1393 344 sunt,-
1409 314 1457 348 qui
1467 314 1577 340 inimice
1588 315 1724 340 insectan-

927 356 979 382 tur,
995 350 1154 385 repellendi.
1195 352 1219 377 6.
1242 350 1356 377 Multum
1373 356 1461 377 autem
1478 350 1589 378 fluxisse
1602 350 1679 377 video
1691 350 1723 376 de

928 388 1005 414 libris
1022 389 1133 418 nostriS,
1157 396 1225 422 quos
1240 387 1392 422 complures
1409 388 1484 414 brevi
1501 393 1619 423 ternpore
1636 387 1724 414 edidi-

928 434 998 455 mus,
1017 426 1177 460 variumque
1188 434 1339 451 sermonem
1350 426 1446 460 partim
1457 426 1659 456 admirantium,
1673 434 1725 451 un-

928 462 961 488 de
976 463 1025 488 hoc
1041 462 1251 497 philosophandi
1268 463 1346 489 nobis
1362 463 1451 489 subito
1467 463 1589 490 studium
1605 463 1726 489 exstitis-

929 504 977 531 set,
991 502 1097 534 partim,
1114 499 1181 534 quid
1193 508 1301 534 quaque
1312 500 1345 526 de
1356 509 1383 526 re
1394 501 1459 526 certi
1472 501 1643 531 haberemus,
1656 500 1725 526 scire

928 538 1108 571 cupientium.
1140 537 1232 563 Multis
1243 539 1323 564 etiam
1336 538 1409 563 sensi
1421 538 1544 564 mirabile
1557 537 1652 568 videri,
1666 545 1725 563 eam

929 575 1007 601 nobis
1019 575 1191 609 potissimum
1203 575 1341 609 probatam
1353 583 1412 601 esse
1423 575 1636 609 philosophiam,
1656 582 1726 609 quae

930 612 1018 638 lucem
1038 613 1152 646 eriperet
1174 616 1199 638 et
1218 613 1296 646 quasi
1312 617 1415 638 noctem
1431 612 1576 647 quamdam
1594 612 1674 638 rebus
1685 611 1726 638 of-

930 649 1062 679 funderet,
1075 649 1250 684 desertaeque
1262 649 1432 684 disciplinae,
1445 655 1470 676 et
1482 651 1534 676 iam
1546 649 1651 685 pridem
1663 648 1726 675 reli-

929 692 998 717 ctae,
1022 687 1201 721 patrocinium
1217 695 1266 713 nec
1279 688 1418 721 opinatum
1435 696 1449 713 a
1464 687 1542 713 nobis
1558 695 1617 713 esse
1633 695 1726 713 susce-

930 729 1016 759 ptum.
1052 725 1105 750 Nos
1117 728 1206 751 autem
1218 733 1267 750 nec
1278 724 1367 750 subito
1379 725 1517 759 coepimus
1529 724 1724 759 philosophari,

930 770 979 788 nec
995 761 1157 788 mediocrem
1173 770 1187 787 a
1203 763 1290 796 primo
1307 766 1424 796 tempore
1441 762 1533 788 aetatis
1549 762 1576 788 in
1592 770 1622 788 eo
1636 761 1727 787 studio

929 807 1038 833 operam
1053 807 1200 834 curamque
1211 800 1448 833 consumpsimus,
1462 804 1500 830 et,
1517 807 1603 833 quum
1615 799 1728 824 minime

930 836 1105 867 videbamur,
1123 841 1180 862 tum
1193 837 1310 862 maxime
1322 836 1594 870 philosophabamur3
1618 836 1690 870 quod
1703 841 1728 862 et

929 874 1062 900 orationes
1082 873 1231 904 declarant,
1253 873 1364 900 refertae
1378 873 1602 908 philosophorum
1620 877 1728 899 senten-

930 911 984 941 tiiS,
993 915 1019 937 et
1029 910 1248 937 doctissimorum
1260 911 1401 937 hominum
1413 910 1618 941 familiaritates,
1626 910 1728 944 quibus

930 956 1037 983 semper
1048 948 1144 974 domus
1156 953 1245 975 nostra
1256 947 1359 977 ssoruit,
1377 952 1402 974 et
1414 949 1551 983 principes
1563 947 1617 978 illi,
1631 947 1728 974 Diodo-

931 990 988 1016 tus,
1003 985 1092 1016 Philo,
1105 986 1268 1016 Antiochus,
1282 985 1457 1017 Posidonius,
1473 994 1487 1011 a
1499 985 1601 1021 quibus
1613 985 1728 1011 instituti

931 1032 1036 1049 sumus.
1076 1024 1102 1049 7.
1118 1023 1159 1054 Et,
1173 1024 1197 1049 si
1207 1024 1297 1049 omnia
1310 1023 1497 1058 philosophiae
1508 1028 1648 1057 praecepta
1661 1022 1729 1048 refe-

930 1065 1025 1087 runtur
1036 1060 1069 1087 ad
1079 1062 1172 1091 vitam,
1181 1061 1343 1087 arbitramur
1354 1069 1402 1087 nos
1413 1065 1439 1087 et
1449 1060 1569 1095 publicis
1579 1065 1606 1086 et
1616 1060 1729 1095 privatis

930 1099 958 1124 in
969 1098 1051 1124 rebus
1065 1107 1094 1125 ea
1110 1099 1290 1133 praestitisse,
1313 1106 1382 1133 quae
1396 1098 1463 1125 ratio
1477 1103 1503 1124 et
1518 1097 1637 1124 doctrina
1652 1105 1730 1132 prae-

930 1136 1078 1170 scripserit.
1116 1136 1160 1162 IV.
1182 1136 1228 1162 Sin
1240 1141 1330 1162 autem
1341 1136 1403 1170 quis
1415 1136 1537 1170 requirit,
1554 1143 1624 1170 quae
1635 1143 1730 1161 caussa

931 1182 979 1199 nos
990 1173 1142 1208 impulerit,
1165 1178 1195 1200 ut
1210 1173 1275 1200 haec
1285 1178 1339 1200 tam
1350 1181 1410 1199 sero
1422 1173 1517 1200 litteris
1528 1172 1728 1202 mandaremus,

931 1210 1000 1237 nihil
1016 1216 1068 1241 est,
1086 1210 1159 1245 quod
1174 1211 1303 1245 expedire
1319 1215 1372 1237 tam
1385 1209 1462 1237 facile
1475 1211 1622 1245 possimus.
1663 1210 1729 1236 Nam

931 1257 1017 1283 quum
1028 1249 1081 1275 otio
1095 1248 1294 1284 langueremus,
1303 1253 1329 1275 et
1340 1249 1363 1274 is
1374 1253 1446 1274 esset
1457 1247 1623 1282 reipublicae
1634 1252 1728 1275 status,

931 1290 960 1312 ut
980 1294 1039 1312 eam
1060 1286 1142 1312 unius
1156 1286 1270 1312 consilio
1285 1291 1365 1320 atque
1380 1294 1443 1312 cura
1459 1285 1604 1321 gubernari
1621 1293 1730 1311 necesse

931 1328 1015 1350 esset:
1028 1324 1148 1358 primum
1161 1324 1249 1358 ipsius
1256 1323 1421 1358 reipublicae
1428 1322 1731 1357 caussaphilosopbiam

932 1361 1030 1387 nostris
1043 1360 1200 1387 hominibus
1211 1360 1400 1396 explicandam
1412 1362 1519 1395 putavi,
1534 1360 1625 1395 magni
1636 1360 1732 1386 existi-

932 1407 1009 1424 mans
1029 1399 1159 1425 interesse
1173 1398 1207 1424 ad
1222 1398 1306 1425 decus
1321 1403 1346 1424 et
1362 1398 1394 1425 ad
1411 1397 1518 1424 laudem
1533 1398 1666 1428 civitatis,
1689 1405 1731 1423 res

933 1440 985 1462 tam
1005 1444 1101 1471 graves
1123 1440 1231 1471 tamque
1255 1435 1405 1471 praeclaras
1422 1436 1522 1462 Latinis
1538 1435 1618 1461 etiam
1636 1434 1731 1460 litteris

931 1473 1073 1500 contineri.
1108 1476 1132 1499 8.
1149 1473 1241 1508 quue
1253 1482 1296 1499 me
1308 1474 1398 1499 minus
1410 1473 1527 1499 instituti
1538 1473 1590 1498 mei
1603 1473 1729 1507 poenitet,

931 1510 1005 1545 quod
1017 1510 1095 1537 facile
1106 1511 1201 1541 sentio,
1217 1519 1298 1546 quam
1312 1510 1457 1537 multorum
1470 1519 1521 1537 non
1534 1509 1612 1536 modo
1624 1509 1732 1535 discen-

932 1548 973 1578 di,
987 1548 1035 1574 sed
1047 1549 1127 1574 etiam
1139 1548 1276 1575 scribendi
1288 1548 1378 1575 studia
1388 1548 1594 1574 commoverim:
1609 1546 1732 1581 complu—

933 1594 974 1611 res
986 1586 1057 1612 enim
1070 1586 1180 1612 Graecis
1195 1585 1412 1612 institutionibus
1427 1585 1525 1612 eruditi
1543 1593 1587 1615 ea,
1605 1592 1674 1619 quae
1690 1583 1732 1610 di-

932 1622 1060 1653 dicerant,
1069 1623 1246 1650 cumcivibus
1256 1623 1315 1650 suis
1326 1624 1525 1649 communicare
1537 1631 1588 1648 non
1601 1626 1729 1656 poterant.

932 1660 1005 1695 quod
1018 1660 1073 1692 illa,
1086 1669 1155 1695 quae
1167 1669 1179 1687 a
1193 1661 1303 1688 Graecis
1315 1661 1491 1695 accepissent,
1501 1660 1592 1686 Latine
1604 1659 1658 1685 dici
1670 1667 1732 1694 pos-

933 1706 961 1723 se
977 1697 1140 1724 diffiderent.
1181 1699 1240 1731 Quo
1256 1699 1283 1724 in
1299 1706 1396 1734 genere
1413 1702 1516 1724 tantum
1533 1696 1679 1732 profecisse
1692 1697 1733 1722 vi-

933 1735 1043 1766 demur,
1062 1741 1090 1762 ut
1105 1744 1118 1761 a
1131 1736 1242 1762 Graecis
1256 1744 1289 1762 ne
1302 1735 1446 1762 verborum
1458 1735 1568 1770 quidem
1581 1736 1657 1770 copia
1672 1734 1733 1760 viu-

933 1781 1065 1799 ceremur.
1097 1775 1122 1799 9.
1143 1774 1247 1800 llortata
1259 1777 1299 1800 est
1310 1773 1400 1804 etiam,
1414 1778 1443 1799 ut
1454 1781 1496 1799 me
1507 1772 1540 1798 ad
1552 1772 1616 1798 haec
1628 1771 1733 1798 confer-

933 1819 1004 1841 rem,
1022 1811 1106 1837 animi
1123 1811 1276 1847 aegritudo,
1295 1810 1416 1837 fortunae
1428 1819 1524 1846 magna
1536 1814 1562 1836 et
1572 1810 1648 1845 gravi
1660 1817 1733 1835 com-

934 1852 1004 1874 mota
1018 1848 1131 1880 iniuria:
1155 1849 1235 1875 cuius
1250 1849 1273 1874 si
1290 1848 1417 1874 maiorem
1434 1847 1553 1882 aliquam
1574 1847 1732 1873 levationem

934 1886 1051 1919 reperire
1067 1887 1230 1921 potuissem,
1254 1894 1306 1912 non
1322 1885 1436 1911 adhunc
1452 1885 1623 1920 potissimum
1639 1883 1734 1910 confu—

933 1923 1046 1958 gissem.
1081 1923 1118 1949 Ea
1130 1931 1193 1950 vero
1205 1924 1264 1958 ipsa
1274 1922 1349 1949 nulla
1361 1924 1461 1949 ratione
1473 1922 1572 1948 melius
1583 1921 1636 1948 frui
1648 1922 1731 1956 potui.

934 1968 1016 1995 quam
1031 1961 1056 1987 si
1071 1969 1114 1987 me
1130 1969 1182 1987 non
1195 1960 1274 1988 modo
1285 1959 1318 1987 ad
1331 1960 1458 1995 legendos
1471 1960 1568 1990 libros,
1590 1959 1638 1986 sed
1653 1960 1732 1985 etiam

934 1997 968 2023 ad
997 2002 1078 2025 totam
1109 1997 1310 2033 philosophiam
1344 1997 1556 2033 pertractandam
1584 1996 1732 2023 dedissem.

911 2066 913 2074 ι
934 2036 1034 2062 Omnes
1050 2040 1139 2062 autem
1155 2036 1215 2062 eius
1231 2040 1319 2070 partes
1335 2040 1416 2070 atque
1430 2036 1520 2062 onmia
1539 2034 1660 2061 membra
1677 2039 1733 2060 tum

935 2072 1063 2099 facillime
1075 2078 1235 2104 noscuntur,
1252 2081 1337 2108 quum
1351 2077 1419 2099 totae
1429 2073 1601 2107 quaestiones
1612 2071 1734 2097 scriben-

933 2109 968 2136 do
979 2109 1160 2144 explicantur.
1200 2110 1248 2137 Est
1258 2110 1331 2136 enim
1345 2109 1515 2136 admirabilis
1525 2109 1658 2144 quaedam
1670 2117 1734 2134 con-

935 2147 1049 2173 tinuatio
1059 2147 1198 2182 seriesque
1210 2155 1309 2177 rerum,
1318 2151 1347 2173 ut
1357 2146 1408 2173 alia
1420 2155 1453 2173 ex
1465 2147 1516 2173 alia
1524 2155 1601 2176 nexa.
1610 2152 1734 2173 etomnes

935 2185 1004 2210 inter
1019 2192 1048 2210 se
1063 2189 1140 2218 aptae
1156 2183 1351 2219 colligataeque
1370 2184 1523 2210 videantur.
1566 2184 1596 2210 V.
1622 2185 1659 2209 10.
1681 2182 1733 2214 Qui

934 2226 1024 2248 autem
1041 2222 1195 2256 requirunt,
1213 2221 1279 2256 quid
1295 2229 1404 2256 quaque
1421 2221 1454 2247 de
1470 2230 1497 2247 ro
1509 2222 1561 2256 ipsi
1573 2222 1731 2247 sentiamus.

933 2258 1070 2285 curiosius
1085 2258 1112 2284 id
1129 2258 1242 2288 faciunt,
1265 2267 1347 2293 quam
1365 2266 1473 2285 necesse
1491 2263 1541 2285 est.
1584 2258 1639 2284 Non
1661 2257 1732 2283 enim

936 2301 987 2322 tam
999 2295 1165 2322 auctoritatis
1177 2296 1203 2322 in
1215 2295 1388 2329 disputando,
1397 2304 1480 2330 quam
1492 2296 1602 2322 rationis
1613 2303 1734 2320 momen·-

1250 2333 1321 2364 Quin
1337 2333 1416 2358 etiam
1428 2333 1505 2359 obest
1516 2332 1676 2367 plerumque
1689 2332 1731 2358 iis.

934 2371 982 2405 qui
999 2370 1102 2396 discere
1119 2369 1225 2400 volunt.
1244 2370 1387 2396 auctoritas
1402 2378 1509 2399 eorum,
1532 2371 1579 2404 qui
1595 2378 1623 2395 se
1638 2369 1733 2395 docere

935 2407 1106 2442 profitentur:
1128 2407 1256 2434 desinunt
1267 2408 1339 2433 euim
1350 2415 1431 2432 suum
1445 2406 1576 2432 iudicium
1589 2406 1730 2433 adhibere:

936 2445 962 2471 id
975 2445 1074 2471 habent
1085 2449 1171 2471 ratum
1180 2465 1186 2475 ,
1199 2445 1271 2479 quod
1284 2444 1317 2470 ab
1328 2453 1372 2474 eo,
1390 2453 1472 2479 quem
1485 2444 1610 2478 probant,
1629 2443 1734 2470 iudica—

1148 2483 1201 2508 Nec
1215 2491 1277 2508 vero
1289 2481 1401 2517 pnobare
1412 2481 1484 2508 soleo
1497 2481 1536 2511 id.
1552 2481 1625 2516 quod
1637 2481 1670 2507 de
1683 2482 1734 2517 Py-

935 2557 961 2582 iu
972 2556 1145 2591 disputando,
1159 2566 1245 2592 quum
1259 2565 1292 2583 ex
1305 2557 1338 2582 iis
1349 2561 1536 2591 quaereretur,
1549 2565 1631 2591 quare
1645 2558 1678 2583 ita
1690 2565 1733 2582 es-

934 2599 983 2624 set,
997 2594 1158 2628 respondere
1169 2594 1277 2625 solitos,
1292 2595 1347 2627 lpse
1357 2597 1439 2619 ‹iti-ie:
1453 2597 1505 2627 ipsc
1515 2599 1604 2620 nutem
1615 2599 1671 2620 crat
1682 2594 1733 2629 Py-

936 2631 1069 2666 thagoras.
1110 2632 1224 2658 Tantum
1245 2631 1337 2666 opinio
1358 2631 1540 2666 praeiudicata
1562 2636 1676 2666 poterat,
1705 2636 1732 2656 ut

934 2668 1014 2695 etiam
1026 2668 1084 2695 sine
1097 2670 1198 2696 ratione
1210 2668 1310 2696 valeret
1321 2670 1474 2696 auctoritas.
1518 2671 1556 2695 Η.
1579 2668 1631 2701 Qui
1643 2674 1731 2695 autem

1457 2718 1504 2743 138
1515 2715 1525 2726 ⁸
