1941 3052
265 132 638 159 TUSCULANARUM
668 131 1049 158 DISPUTATIONUM
1082 132 1162 157 LIB.
1194 132 1212 157 1.

73 203 225 240 Endymion
237 212 308 235 vero,
322 205 345 229 si
357 202 461 229 tabulas
473 202 565 229 audire
578 202 712 233 volumuS,
726 207 764 234 ut,
779 203 868 229 nescio

74 241 194 277 quando,
213 241 239 267 in
256 242 348 267 Latmo
363 240 540 270 obdormivit,
558 241 606 275 qui
622 245 661 266 est
677 249 753 266 mons
765 240 865 270 Cariae,

74 278 207 309 nondum,
224 278 331 312 opinor,
350 283 389 304 est
402 282 584 311 experrectus.
625 278 696 303 Num
713 278 795 313 igitur
806 286 867 303 eum

73 324 166 342 curare
177 324 285 346 censes,
302 324 387 349 quum
399 315 474 341 Luna
491 314 602 345 laboret,
621 323 634 340 a
648 323 701 349 qua
712 315 868 349 consopitus

73 357 195 388 putatur,
212 357 242 378 ut
253 361 314 378 eum
326 353 502 378 dormientem
514 351 696 378 oscularetur?
711 352 783 384 Quid
794 356 869 378 curet

73 395 176 420 autem.
194 390 242 424 qui
254 398 286 415 ne
297 390 377 416 sentit
388 388 517 424 quidem?
537 389 623 415 Habes
635 397 760 415 somnum
772 389 869 424 imagi-

74 436 135 454 nem
143 428 366 461 mortiS,eamque
377 426 497 461 quotidie
510 426 611 452 induis.
627 426 659 452 Et
670 426 788 457 dubitas,
802 427 868 460 quin

73 473 170 490 sensus
189 465 216 490 in
233 469 315 490 morte
332 463 424 490 nullus
439 465 487 493 sit,
504 472 589 498 quum
605 464 632 490 in
648 464 706 489 eius
725 463 869 489 simulacro

74 501 166 528 videas
178 510 236 528 esse
249 501 354 527 nullum
365 500 493 527 sensum?

130 539 257 565 XXXIX.
279 540 320 564 93.
343 538 478 564 Pellantur
495 546 558 573 ergo
574 538 639 564 istae
654 538 769 572 ineptiae
786 546 869 572 paene

73 576 172 607 aniles,
190 580 250 602 ante
264 580 370 610 tempus
387 576 453 601 mori
468 576 597 601 miserum
613 583 682 601 esse,
723 575 798 607 Quod
811 580 869 601 tan-

74 613 135 640 dem
148 612 272 648 tempus?
285 612 452 639 Naturaene‘?
467 612 500 639 At
510 621 540 638 ea
552 612 662 647 quidem
673 612 748 638 dedit
759 621 868 638 usuram

75 651 154 682 vitae,
168 656 303 685 tamquam
316 651 454 684 pecuniae,
468 649 541 676 nulla
552 651 707 684 praestituta
720 649 773 675 die.
798 649 868 681 Quid

74 693 115 714 est
130 688 225 723 igitur,
242 687 315 722 quod
330 696 454 722 querare,
473 688 496 713 si
511 688 619 721 repetit,
637 696 721 722 quum
737 686 812 712 vult‘?
832 687 868 712 Ea

74 726 147 752 enim
166 725 318 751 conditione
339 733 489 759 acceperas.
529 724 626 754 Iidem,
648 725 671 750 si
686 733 753 758 puer
768 732 868 758 parvus

74 762 181 793 occidit,
196 771 282 797 aequo
293 762 381 788 animo
394 761 535 788 serendum
546 766 652 796 putant:
671 762 694 787 si
709 762 809 787 veroin
820 770 869 787 cu-

75 801 131 831 nis,
149 808 182 826 ne
198 799 367 834 querendum
383 799 504 833 quidem.
545 799 626 833 Atqui
638 798 671 824 ab
683 799 732 825 hoc
744 798 868 824 acerbius

74 837 164 872 exegit
180 841 286 867 natura,
306 836 379 872 quod
397 836 515 862 dederat.
557 835 682 862 Nondum
702 840 866 871 gustaverat,

75 875 215 909 inquiunt,
233 874 303 900 vitae
318 874 491 899 suavitatem:
509 873 553 899 hic
568 878 656 899 autem
674 874 726 899 iam
745 873 869 908 sperabat

75 920 183 947 magna,
206 911 307 946 quibus
323 910 376 936 frui
390 914 522 945 coeperat.
562 911 595 936 At
611 910 638 936 id
654 910 765 945 quidem
778 911 868 945 ipsum

74 949 101 975 in
109 949 203 974 ceteris
214 948 295 974 rebus
306 947 404 974 melius
415 952 532 982 putatur,
541 947 658 982 aliquam
667 953 777 982 partem,
786 957 868 982 quam

74 985 186 1016 nullam,
201 985 342 1021 attingere:
359 986 444 1011 curin
459 985 511 1011 vita
522 984 619 1011 secus‘?
634 984 804 1020 Quamquam
817 995 868 1011 non

74 1022 142 1049 male
157 1023 193 1049 ait
206 1022 401 1053 Callimachus,
423 1024 501 1048 multo
514 1025 616 1055 saepius
631 1024 781 1049 lacrimasse
794 1024 870 1049 Pria-

73 1069 149 1091 mum,
162 1069 238 1094 quam
252 1061 375 1086 Troilum.
399 1060 497 1086 Eorum
509 1064 608 1091 autem,
623 1061 670 1094 qui
682 1065 774 1087 exacta
786 1065 868 1086 aetate

74 1098 237 1128 moriuntur,
255 1096 358 1124 fortuna
375 1096 507 1124 laudatur.
548 1098 589 1123 94.
611 1097 683 1124 Cur‘?
702 1106 777 1128 nam,
800 1106 867 1129 reor,

74 1143 127 1161 non
138 1134 216 1166 ullis,
233 1134 257 1160 si
273 1135 326 1161 vita
343 1134 446 1170 longior
461 1134 582 1165 daretur,
600 1139 690 1169 posset
701 1144 759 1161 esse
772 1136 870 1161 iucun—

74 1172 142 1199 dior.
183 1171 256 1198 Nihil
269 1176 308 1198 est
322 1172 395 1198 enim
410 1171 527 1207 protecto
539 1172 642 1198 homini
654 1172 795 1207 prudentia
807 1172 870 1198 dul—

74 1210 146 1242 cius3
170 1218 265 1244 quam,
283 1213 313 1235 ut
329 1214 414 1235 cetera
431 1208 545 1240 auferat,
562 1209 636 1235 affert
649 1214 718 1236 certe
733 1215 866 1236 senectus.

74 1246 147 1279 Quae
164 1255 226 1273 vero
241 1251 312 1273 aetas
328 1246 406 1282 longa
422 1246 479 1273 est?
498 1251 543 1273 aut
557 1246 622 1282 quid
639 1248 748 1274 omnino
765 1247 869 1274 homini

75 1283 205 1320 longum?
216 1284 308 1310 Nonne

147 1324 220 1348 mado
228 1330 333 1355 pueros,
349 1323 422 1348 morlo
435 1323 618 1353 adolescentes,
633 1325 660 1348 in
672 1331 762 1353 cursu,
774 1332 790 1349 a
801 1327 870 1356 terqo

475 1362 616 1393 insequens,

147 1399 192 1422 ae‘c
203 1399 334 1430 opinantes
348 1399 466 1423 assecuta
476 1402 510 1422 est

73 1432 216 1460 senectus?
234 1433 285 1459 Sed
297 1434 361 1468 quia
374 1433 441 1460 ultra
454 1433 521 1460 nihil
534 1433 679 1464 habemus,
697 1434 746 1460 hoc
759 1433 869 1469 longum

73 1470 201 1497 dicimus.
242 1471 338 1497 Omnia
355 1471 417 1502 ista,
435 1471 547 1506 perinde
563 1476 592 1498 ut
606 1472 706 1506 cuique
726 1471 785 1498 data
806 1476 870 1497 sunt

74 1517 121 1543 pro
137 1513 190 1534 rata
203 1513 289 1543 parte,
308 1509 343 1534 ita
359 1508 436 1544 longa
452 1513 498 1535 aut
509 1508 599 1535 brevia
612 1508 749 1535 dicuntur.
790 1508 869 1543 Apud

75 1546 207 1581 llypanim
219 1545 342 1577 lluvium,
351 1546 399 1580 qui
411 1546 571 1581 abEuropae
583 1551 656 1580 parte
668 1547 695 1572 in
704 1546 815 1572 Pontum
828 1547 870 1572 in-

73 1582 145 1613 ssuit,
167 1582 323 1609 Aristoteles
340 1584 376 1610 ait
390 1583 517 1610 bestiolas
536 1583 668 1618 quasdam
690 1584 777 1614 nasci,
800 1592 869 1619 quae

74 1628 159 1646 unum
170 1619 243 1646 diem
256 1621 357 1647 vivant.
398 1621 438 1647 Ex
451 1621 492 1646 his
508 1621 603 1656 igitur,
623 1621 685 1647 hora
696 1626 788 1647 octava
800 1630 869 1656 quae

75 1661 178 1683 mortua
190 1662 237 1688 est,
250 1662 375 1692 provecta
386 1662 469 1684 aetate
481 1663 584 1684 mortua
596 1663 648 1685 est:
670 1667 739 1693 quae
752 1666 814 1684 vero
825 1667 870 1685 oc-

73 1693 178 1720 cidente
189 1694 257 1726 sole,
274 1694 422 1730 decrepita3
446 1704 476 1722 eo
488 1696 588 1731 magis,
607 1696 630 1721 si
642 1696 721 1722 etiam
733 1695 870 1722 solstitiali

72 1731 127 1757 die.
153 1731 249 1758 Confer
261 1736 378 1759 nostram
392 1732 576 1768 longissimam
589 1738 699 1759 aetatem
711 1742 773 1759 cum
786 1738 870 1760 aeter-

73 1769 167 1802 nitate3
181 1769 208 1796 in
220 1769 313 1796 eadem
325 1770 519 1805 propemodum
532 1770 671 1801 brevitate,
685 1779 737 1805 qua
751 1770 810 1796 illae
823 1771 870 1797 be-

72 1805 179 1838 stiolae,
203 1807 377 1841 reperiemur.
417 1807 474 1834 XL.
497 1809 538 1834 95.
563 1808 772 1834 Contemnamus
789 1809 871 1843 igitur

72 1851 165 1869 omnes
180 1844 308 1879 ineptias:
331 1844 414 1879 (quod
424 1845 496 1871 enim
510 1845 597 1871 lenius
609 1844 620 1857 *
633 1845 696 1871 huic
709 1845 810 1871 levitati
823 1854 871 1871 no-

73 1889 134 1906 men
146 1881 310 1916 imponam‘?)
325 1886 461 1917 totamque
476 1883 531 1908 vim
544 1882 611 1908 bene
624 1882 734 1909 vivendi
747 1883 773 1908 in
786 1883 870 1909 animi

73 1917 166 1944 robore
183 1927 212 1944 ac
229 1918 414 1954 magnitudine
426 1923 452 1945 et
463 1920 489 1945 in
501 1920 623 1946 omnium
636 1928 725 1946 rerum
738 1920 871 1946 humana-

73 1963 133 1981 rum
145 1956 341 1990 contemptione
353 1964 383 1982 ac
393 1955 584 1990 despicientia,
600 1961 625 1983 et
640 1959 667 1983 in
683 1957 757 1983 omni
772 1959 870 1984 virtute

73 2000 215 2027 ponamus.
256 1993 322 2018 Nam
339 2002 411 2019 nunc
425 1993 536 2028 quidem
547 1994 754 2029 cogitationibus
767 1994 871 2021 mollis—

73 2029 151 2056 simis
163 2029 362 2060 ell'eminamur.
380 2034 421 2061 ut,
440 2031 462 2056 si
477 2035 536 2057 ante
549 2039 620 2057 mors
634 2031 771 2062 adventet,
788 2040 869 2066 quam

72 2066 268 2094 Chaldaeorum
280 2067 412 2102 promissa
424 2068 561 2094 consecuti
572 2069 672 2099 simus.
694 2068 801 2103 spoliati
814 2077 870 2094 ma-

71 2106 134 2139 gnis
146 2104 311 2139 quibusdam
328 2104 418 2135 bonis,
437 2105 511 2131 illusi
527 2105 703 2140 destitutique
718 2105 869 2132 videamur.

72 2144 114 2168 95.
135 2141 212 2174 Quod
233 2142 256 2168 si
278 2141 457 2176 exspectando
481 2147 506 2169 et
526 2142 705 2169 desiderando
720 2143 871 2177 pendemus

72 2180 184 2210 animis,
207 2179 372 2210 cruciamur,
395 2179 535 2214 angimur:
562 2188 610 2214 pro
630 2180 669 2206 dii
691 2180 867 2206 immortales!

71 2225 153 2252 quam
169 2217 218 2242 iter
235 2215 302 2242 illud
319 2216 468 2242 iucundum
485 2225 543 2243 esse
559 2216 651 2248 debet,
669 2226 723 2252 quo
739 2217 868 2248 coniectu.

73 2253 145 2280 nulla
157 2253 259 2288 reliqua
271 2262 348 2284 eura,
362 2253 434 2279 nulla
447 2253 600 2280 sollicitudo
613 2253 701 2280 lutura
712 2255 760 2281 sit!
783 2256 868 2287 Quam

72 2299 114 2317 me
126 2291 240 2317 ‹lelectat
250 2290 444 2317 Theramenes!
464 2299 545 2325 quam
557 2291 625 2317 elato
636 2292 726 2318 animo
737 2292 789 2318 estl
813 2292 868 2318 Etsi

71 2328 143 2354 enim
156 2327 264 2358 tlemus,
278 2337 363 2362 quum
378 2328 502 2362 legimuS.
517 2332 666 2355 tamennon
680 2329 870 2356 miserabiliter

71 2365 114 2391 vir
123 2365 212 2391 clarus
223 2365 361 2391 cmoritur.
402 2365 453 2397 Qui
465 2374 564 2399 quum,
583 2366 720 2392 eonieetus
737 2367 762 2392 in
779 2375 869 2392 earce-

72 2410 127 2428 rem
135 2403 242 2438 triginta
251 2403 326 2428 iussu
335 2407 518 2438 tyrannorum,
528 2411 662 2428 venenum
675 2408 702 2429 ut
713 2404 808 2430 sitiens
819 2404 868 2430 ob-

72 2439 204 2470 duxisset,
214 2439 348 2474 reliqmun
360 2440 399 2465 sic
411 2449 423 2465 e
437 2439 531 2473 poculo
543 2440 630 2470 eiecit,
640 2445 668 2466 ut
681 2440 706 2466 id
719 2445 865 2472 resonarem

71 2485 125 2511 quo
136 2476 224 2503 sonitu
237 2477 349 2507 reddito,
363 2477 494 2506 arridens,
508 2477 624 2509 Propino,
638 2477 738 2511 inquit,
754 2479 799 2504 two
809 2479 868 2510 pul-

73 2522 116 2540 cro
134 2514 241 2544 Critiae,
265 2515 312 2549 qui
330 2515 356 2540 in
372 2523 434 2540 eum
452 2513 537 2539 suerat
553 2515 730 2540 taeterrimus.
772 2515 867 2540 Graeci

71 2551 143 2576 enim
155 2551 182 2576 in
193 2551 328 2577 conviviis
342 2551 428 2578 solent
440 2551 591 2581 nominare,
610 2551 653 2576 eui
671 2551 797 2585 poculum
815 2557 868 2578 tra-

70 2587 154 2614 dituri
165 2588 228 2614 sint.
251 2588 327 2614 Lusit
338 2589 380 2614 vir
390 2589 516 2624 egregius
527 2593 646 2614 extremo
657 2589 764 2622 spiritu.
781 2597 866 2623 quum

71 2625 122 2651 inm
136 2624 298 2659 praecordiis
312 2630 467 2661 conceptam
485 2630 595 2651 mortem
611 2626 771 2652 contineret:
792 2635 867 2652 vere-

70 2670 122 2697 que
135 2662 168 2693 ei,
182 2662 226 2688 cui
239 2671 372 2689 venenum
384 2662 562 2698 praebiberat.
573 2667 684 2689 mortem
696 2667 735 2689 est
747 2671 805 2689 eum
818 2672 866 2689 uu-

1245 132 1295 157 (LA
1310 133 1336 157 1¹.
1369 133 1400 157 3-5
1420 147 1456 150 —
1482 133 1518 158 ¹22.
1650 133 1712 157 ⁴057

919 206 1043 238 guratuS,
1066 211 1134 237 quae
1151 203 1227 228 brevi
1241 207 1383 229 consecuta
1400 206 1449 228 est.
1490 203 1531 228 97.
1558 202 1625 233 Quis
1645 202 1714 228 hanc

920 240 1003 266 animi
1019 241 1132 266 maximi
1148 241 1308 274 aequitatem
1327 240 1352 265 in
1369 240 1427 274 ipsa
1444 244 1526 265 morte
1540 239 1672 269 laudaret,
1691 240 1714 265 si

920 282 1031 303 mortem
1044 277 1145 303 malum
1157 276 1305 303 iudicaret?
1316 277 1394 303 Vadit
1406 277 1432 302 in
1444 276 1570 302 eumdem
1581 285 1714 302 carcerem

920 319 999 349 atque
1014 315 1040 340 in
1057 315 1182 341 eumdem
1199 315 1293 349 paucis
1309 319 1368 348 post
1383 314 1460 340 annis
1474 314 1607 350 scyphum
1621 313 1716 340 Socra-

921 356 973 381 tes,
989 351 1083 378 eodem
1095 352 1194 378 scelere
1207 352 1343 382 iudicum,
1365 360 1418 386 quo
1430 356 1603 386 tyrannorum
1615 351 1716 377 Thera-

921 397 1022 415 menes.
1063 389 1136 421 Quae
1152 394 1192 415 est
1207 390 1289 424 igitur
1307 390 1365 415 eius
1383 390 1478 419 oratio,
1502 397 1555 423 qua
1573 388 1635 415 facit
1653 397 1716 414 eum

920 426 993 452 Plato
1012 435 1093 452 usum
1115 426 1186 461 apud
1210 426 1327 457 iudices,
1356 427 1408 452 iam
1432 430 1514 452 morte
1541 425 1717 452 mulctatum?

921 464 989 489 XLI.
1013 464 1125 497 »Maqna
1137 473 1182 493 me,
1195 464 1292 498 inquit¹
1305 472 1361 496 spes
1372 468 1448 493 tenet,
1462 466 1570 494 iudices,
1587 465 1646 489 bene
1656 465 1717 489 mihi

921 503 1032 531 euenire,
1049 504 1115 534 quod
1131 504 1219 527 mittar
1230 503 1263 527 ad
1275 506 1385 526 mortem.
1427 501 1532 527 Necesse
1544 506 1579 526 est
1589 503 1667 531 enim,
1683 503 1717 527 sit

920 540 1029 564 alterum
1040 541 1070 564 de
1081 540 1190 570 duobus,-
1204 544 1229 564 ut
1239 543 1283 564 ant
1292 547 1380 564 sensus
1389 541 1490 563 omnino
1500 547 1584 563 omnes
1595 547 1716 564 morsuu-

920 578 999 608 seral,
1021 581 1065 602 aut
1081 579 1108 601 in
1122 577 1202 601 alium
1219 577 1351 609 quemdam
1368 577 1448 601 locum
1464 584 1497 601 ea:
1512 577 1550 601 his
1565 577 1627 601 locis
1639 580 1717 601 morte

921 615 1051 646 miqretur.
1094 614 1275 644 Quamobrem,
1290 615 1342 638 sire
1353 621 1440 638 sensus
1451 615 1624 646 exstinguitur
1635 621 1717 638 mors-

920 659 968 683 que
979 653 1002 676 oi
1011 659 1097 676 somno
1107 652 1199 676 similis
1210 655 1245 675 est
1253 671 1258 680 ,
1271 653 1315 683 qui
1330 659 1516 683 nonnumquam
1528 653 1602 675 etiam
1613 652 1667 676 sine
1678 651 1717 676 vi-

919 690 955 713 sis
968 690 1123 713 somniorum
1136 689 1339 720 placatissimam
1354 690 1461 721 quietem
1477 690 1568 721 affert:
1588 689 1626 713 dii
1646 687 1717 713 boni!

921 727 982 758 quid
994 727 1060 750 lucri
1070 729 1105 751 est
1117 725 1209 750 emori!
1228 729 1274 750 aut
1289 734 1365 758 quam
1382 726 1454 750 mulli
1468 727 1521 750 dies
1538 727 1646 757 reperii-i
1658 732 1717 757 pos-

920 767 990 791 sunt,
1008 764 1053 795 qui
1069 763 1116 787 lali
1130 764 1197 788 nocti
1211 767 1413 795 anteponantur;
1431 764 1472 787 rui
1484 764 1507 787 si
1521 763 1613 787 similis
1627 764 1717 794 sutura

920 804 955 825 est
966 801 1122 832 perpetuitas
1133 802 1214 825 omnis
1226 801 1398 832 consequentis
1410 802 1535 831 temporis,
1544 801 1600 832 quis
1612 808 1648 823 me
1659 800 1717 824 bea-

921 835 990 862 tior?
1029 838 1070 862 98.
1093 837 1140 862 Sin
1154 846 1215 862 vera
1226 841 1297 866 siint,
1316 845 1380 869 quae
1391 838 1524 863 dicuntur.
1542 838 1717 868 miyrationem

921 882 972 899 esse
983 878 1087 899 mortem
1100 876 1125 899 in
1137 882 1179 899 eas
1190 882 1258 903 oras,
1272 882 1344 906 quas,
1356 876 1400 907 qui
1411 882 1423 898 e
1435 876 1486 898 rita
1498 878 1668 901 arcesserunt,
1678 876 1718 897 in-

921 912 1020 937 colunt:
1037 913 1063 936 id
1074 912 1152 936 mullo
1163 913 1214 936 iam
1226 913 1323 937 beatius
1333 915 1381 939 est,
1399 915 1433 940 le,
1449 920 1524 943 quum
1537 912 1569 935 ab
1581 912 1625 939 iis,
1638 912 1718 943 quise

921 950 1034 974 iudicum
1051 957 1154 973 numero
1169 950 1257 974 haberi
1272 950 1370 975 volunt.
1389 951 1512 974 evaseris,
1529 950 1563 973 acl
1573 956 1613 972 eos
1625 950 1716 975 venire,

921 988 965 1019 qui
979 994 1036 1011 vere
1052 988 1148 1011 iudices
1158 987 1330 1018 appellentur,
1346 985 1469 1016 Minoem,
1489 985 1716 1013 Riualamantlium,

920 1025 1038 1052 Aeacum,
1050 1023 1228 1055 Triptolemum
1236 1033 1243 1048 :
1257 1025 1438 1055 convenireque
1449 1032 1496 1051 eos,
1505 1025 1549 1055 qui
1560 1025 1623 1047 iuste
1629 1026 1651 1047 ee
1663 1031 1691 1047 cu
1697 1030 1718 1046 m

920 1062 968 1093 fide
979 1062 1099 1086 vixerint.
1139 1060 1209 1086 Haec
1223 1062 1396 1093 pereqriualio
1411 1062 1544 1086 mediocris
1556 1061 1624 1085 robis
1638 1061 1720 1084 rideri

919 1096 1019 1130 potest?
1033 1098 1064 1123 Ut
1076 1107 1134 1123 vero
1147 1099 1256 1130 colloqui
1271 1106 1325 1124 cnm
1339 1097 1449 1130 Orpheo,
1467 1097 1584 1126 Musaeo,
1602 1097 1717 1125 Homero,

920 1135 1030 1160 Hesiodo
1041 1137 1124 1165 liceat,
1138 1137 1228 1168 quanti
1240 1137 1340 1160 tandem
1350 1134 1509 1160 aestimatis?
1529 1134 1650 1167 Equidem
1662 1142 1719 1159 sar-

919 1181 950 1205 pe
961 1174 1048 1201 emori,
1060 1175 1083 1198 ,ςί
1093 1174 1150 1205 liei-i
1158 1177 1249 1205 posset,
1263 1174 1358 1201 vellem,
1371 1177 1397 1197 ut
1408 1181 1445 1201 ea,
1458 1180 1523 1205 quae
1534 1173 1598 1198 (lieo.
1616 1173 1676 1196 milii
1687 1173 1719 1196 li-

921 1215 987 1235 cerel
1010 1212 1130 1235 invenire.
1173 1210 1276 1241 Quanta
1300 1211 1464 1235 delectatione
1487 1213 1570 1234 autem
1593 1211 1718 1241 afficerer,

920 1256 998 1280 quum
1009 1247 1174 1276 Palamedem,
1187 1256 1263 1280 quum
1270 1248 1380 1276 Aiacem,
1393 1256 1469 1279 quum
1481 1248 1553 1275 alios,
1563 1248 1658 1271 iudicio
1670 1248 1720 1271 ini-

920 1294 970 1317 quo
980 1284 992 1297 *
1004 1287 1195 1314 circumventos,
1209 1283 1386 1310 convenirem?
1400 1284 1530 1309 Tantarum
1542 1286 1617 1308 elium
1629 1285 1720 1308 sumini

920 1325 995 1355 ravis,
1011 1324 1055 1355 qui
1067 1324 1195 1347 nuioeimas
1207 1324 1293 1354 copias
1303 1324 1379 1347 ilua-it
1391 1323 1425 1347 ad
1439 1321 1548 1349 Troiani,
1561 1325 1583 1345 et
1599 1320 1720 1345 t'tisisi-

920 1361 1042 1393 syphique
1051 1361 1227 1392 prialentiam:
1240 1368 1283 1384 nec
1295 1361 1324 1385 ob
1335 1367 1389 1384 eam
1402 1368 1461 1386 rem,
1473 1359 1617 1391 qunmlnwc
1627 1360 1719 1390 arqen-

920 1406 1010 1426 rerem,
1023 1399 1089 1422 sicut
1100 1398 1141 1422 hic
1150 1397 1283 1430 faciebam,
1297 1399 1379 1428 rapite
1389 1398 1536 1421 damnarer.
1564 1395 1601 1420 Ne
1612 1404 1653 1420 ros
1662 1397 1720 1427 qni-

920 1437 975 1460 dem
992 1436 1099 1463 iudices,
1117 1436 1148 1464 ii,
1165 1436 1209 1467 qui
1224 1442 1262 1459 me
1276 1435 1433 1462 absolvistis,
1456 1437 1557 1458 mortem
1573 1434 1718 1457 tinnueritis-

921 1473 963 1498 99,
987 1472 1039 1497 Nec
1050 1474 1116 1497 enim
1127 1473 1245 1504 cuiquam
1258 1473 1320 1496 bono
1332 1472 1394 1496 moli
1408 1472 1546 1503 quidquam
1562 1472 1661 1494 ereum·
1673 1478 1721 1502 po-

922 1514 975 1537 test,
983 1511 1090 1534 neci-ivo
1100 1517 1145 1534 nec
1157 1513 1269 1534 mortuo:
1282 1517 1326 1533 nec
1338 1517 1455 1540 umquam
1468 1510 1522 1532 eius
1534 1516 1572 1532 res
1583 1516 1598 1532 a
1611 1509 1661 1532 diis
1673 1510 1719 1531 im-

921 1548 1072 1572 mortalibus
1086 1547 1252 1579 neqliyentur.
1294 1545 1344 1571 Nec
1360 1546 1420 1570 milu'
1435 1547 1483 1577 ipsi
1498 1546 1542 1569 lioc
1558 1546 1652 1569 accidit
1666 1547 1720 1576 soi·-

922 1587 994 1610 tuita.
1037 1583 1088 1609 Nec
1104 1592 1162 1609 rer-o
1176 1592 1219 1615 eqo
1234 1585 1279 1613 iis,
1301 1592 1317 1608 a
1332 1585 1423 1616 quibus
1434 1587 1571 1607 accusatus
1581 1590 1636 1606 sum
1647 1586 1692 1606 aut
1703 1590 1718 1606 a

921 1624 1013 1655 quibus
1024 1623 1215 1649 condwimutas,
1232 1622 1310 1646 liabeo
1323 1622 1389 1653 qnod
1399 1628 1572 1645 succenseam.
1591 1621 1640 1644 nisi
1654 1620 1721 1651 quod

922 1661 983 1684 milii
994 1667 1083 1684 nocere
1093 1667 1119 1683 se
1131 1659 1302 1683 crediderunt.
1311 1668 1321 1682 υ
1362 1657 1393 1683 Et
1405 1656 1469 1682 haec
1480 1656 1590 1691 quidem
1604 1656 1652 1681 hoc
1664 1664 1720 1681 mo-

922 1696 965 1722 do.
1007 1695 1080 1721 Nihil
1093 1700 1181 1721 autem
1194 1694 1292 1721 melius
1304 1699 1436 1720 extremo:
1455 1695 1504 1720 Sed
1514 1699 1610 1726 It’mpttS
1621 1698 1665 1721 est,
1679 1694 1720 1718 in-

921 1734 994 1768 quit,
1013 1734 1133 1759 ianthino
1144 1735 1216 1758 abire
1227 1742 1276 1762 me,
1293 1737 1319 1758 ut
1330 1735 1441 1759 moriar,-
1459 1741 1512 1759 ros,
1530 1736 1555 1756 ut
1569 1734 1644 1756 vitam
1656 1739 1720 1763 aqa-

922 1774 964 1797 tis.
1008 1771 1098 1796 Utrum
1109 1775 1191 1796 autem
1203 1773 1236 1796 sit
1248 1771 1344 1799 melius,
1353 1772 1389 1795 dii
1402 1770 1556 1794 irnnnwtalrs
1566 1770 1663 1793 scium.-
1676 1770 1720 1792 lio-

923 1811 1012 1834 minem
1024 1810 1124 1841 quidem
1135 1810 1202 1833 scire
1213 1809 1328 1833 arbitror
1340 1809 1471 1832 neminem.
1512 1805 1592 1831 XLll.
1607 1806 1659 1831 Nae
1671 1814 1721 1839 ego

924 1845 995 1871 haud
1023 1845 1114 1880 paullo
1139 1845 1211 1870 hunc
1239 1845 1359 1870 animum
1386 1843 1492 1872 malim,
1520 1852 1602 1878 quam
1628 1851 1719 1868 eorum

921 1883 1044 1909 omnium
1066 1882 1198 1912 fortunas,
1221 1883 1268 1916 qui
1289 1881 1322 1907 de
1345 1882 1393 1907 hoe
1415 1881 1611 1906 nulia-averunt.
1653 1880 1718 1907 Etsi,

922 1920 994 1955 quod
1005 1925 1110 1955 praeter
1119 1919 1184 1945 deos
1196 1924 1274 1953 negat
1284 1919 1353 1945 seire
1365 1927 1540 1953 quemquam,
1551 1918 1576 1943 id
1589 1918 1638 1943 seit
1651 1919 1718 1951 ipse,

922 1962 1012 1984 utrum
1026 1957 1123 1983 melius
1135 1958 1178 1983 sit.
1220 1957 1287 1983 Nam
1299 1956 1449 1982 diximum.
1485 1956 1536 1981 Sed
1548 1964 1628 1981 suum
1642 1954 1717 1981 illud.

923 1995 990 2021 nihil
1008 2000 1037 2021 ut
1052 1994 1179 2025 aslirmet,
1196 1999 1266 2020 tenet
1281 1994 1314 2020 ad
1326 1998 1487 2020 extremum.
1531 1995 1585 2019 ⁴00,
1610 1993 1720 2018 Sosan-

923 2037 975 2058 tem
989 2037 1141 2063 teneamus,
1156 2036 1184 2058 ut
1196 2031 1264 2057 nihil
1277 2040 1436 2057 censeamus
1447 2039 1506 2056 esse
1519 2030 1633 2058 malum,
1648 2029 1719 2064 quod

922 2070 957 2096 sit
968 2079 981 2095 a
993 2074 1086 2095 natura
1098 2069 1190 2095 datum
1202 2069 1344 2095 omnibus:
1359 2068 1605 2102 intelliganmsque.
1615 2068 1636 2093 si
1650 2076 1719 2092 mors

923 2106 1024 2132 malum
1041 2107 1088 2137 sit,
1111 2115 1170 2132 esse
1195 2107 1389 2140 sempiternum
1407 2105 1518 2131 malum.
1561 2106 1625 2131 Nam
1651 2105 1719 2130 vitae

923 2144 1036 2169 miserae
1048 2152 1119 2169 mors
1132 2143 1193 2169 linis
1208 2152 1267 2169 esse
1285 2143 1403 2174 videtur,
1431 2152 1502 2169 mors
1517 2143 1539 2168 si
1556 2147 1594 2168 est
1611 2142 1716 2168 misera.

923 2181 1046 2206 miseriae
1059 2180 1120 2206 linis
1132 2189 1190 2205 esse
1204 2180 1295 2205 nullus
1308 2185 1402 2214 potest.
1423 2179 1475 2205 Sed
1487 2179 1552 2214 quid
1565 2188 1614 2213 ego
1626 2179 1719 2203 Socra-

923 2222 974 2244 tem
987 2223 1033 2243 aut
1043 2218 1247 2247 Theramenem.
1262 2222 1426 2251 praestantes
1439 2218 1510 2242 viros
1524 2217 1630 2242 virtutis
1642 2221 1666 2241 et
1677 2224 1718 2240 su-

923 2255 1038 2289 pientiae
1056 2254 1154 2290 gloria,
1173 2262 1365 2280 commemoro.
1390 2262 1474 2288 quum
1494 2253 1718 2280 Lacedaemonius

921 2291 1043 2326 quidam,
1059 2292 1137 2317 euius
1152 2300 1183 2317 ne
1198 2300 1292 2317 nomen
1308 2290 1418 2325 quidem
1431 2290 1566 2325 proditum
1578 2296 1630 2319 est,
1648 2299 1718 2315 mor-

922 2335 973 2355 tem
987 2334 1057 2355 tanto
1068 2338 1147 2363 opere
1158 2329 1358 2362 contempserit,
1372 2333 1409 2357 tit,
1422 2337 1507 2362 quum
1520 2328 1552 2353 nd
1564 2336 1621 2352 eum
1636 2326 1718 2352 ducc-

922 2372 993 2392 retur
1004 2366 1146 2392 damnatus
1157 2365 1190 2391 uli
1203 2366 1326 2400 l‘lphoris,
1342 2370 1367 2391 et
1378 2370 1447 2391 esset
1461 2365 1535 2391 vultu
1550 2364 1626 2389 hilari
1639 2369 1717 2398 utque

923 2403 1001 2433 laeto,
1019 2403 1188 2438 dixissetque
1204 2404 1228 2428 ei
1245 2402 1356 2437 quidam
1369 2403 1509 2430 inimicus.
1527 2402 1717 2427 ‹toni-uniusne

923 2440 994 2474 leges
1011 2440 1146 2476 Lycurgi?
1165 2440 1345 2474 responderit:
1365 2439 1420 2472 ligo
1437 2448 1498 2464 vero
1515 2438 1553 2464 illi
1571 2439 1716 2465 maximnm

920 2479 1032 2512 gratiam
1051 2478 1147 2504 liabeo.
1166 2478 1213 2512 qui
1231 2486 1272 2502 me
1288 2486 1317 2502 en
1335 2486 1417 2511 poena
1433 2476 1614 2505 mulrtuverit,
1634 2484 1715 2510 quum

920 2516 978 2540 sine
995 2515 1159 2541 mutuatione
1181 2519 1205 2540 et
1227 2515 1285 2540 sine
1303 2523 1410 2539 versura
1429 2522 1534 2547 possem
1556 2513 1713 2539 dissolvere.

919 2554 940 2576 t)
958 2553 1045 2577 virum
1061 2553 1154 2586 Sparta
1170 2551 1298 2585 dignum!
1323 2557 1350 2577 ut
1367 2551 1433 2576 mihi
1448 2550 1573 2585 quidem,
1598 2551 1645 2585 qui
1663 2556 1715 2576 tum

920 2598 1016 2624 magno
1028 2590 1117 2615 animo
1130 2589 1218 2618 suerit,
1229 2588 1569 2614 innocens‹tninmiuisesse
1582 2588 1713 2614 videatur.

922 2628 976 2652 lOl.
999 2626 1076 2652 Tales
1093 2625 1305 2652 innunwrubiles
1327 2631 1414 2651 nostru
1435 2626 1531 2651 civitas
1551 2625 1620 2651 tulit.
1662 2625 1713 2651 Sed

918 2663 984 2698 quid
992 2663 1074 2689 duces
1081 2669 1105 2690 et
1118 2664 1254 2698 principes
1267 2663 1411 2693 nominem,
1421 2671 1505 2698 quum
1519 2662 1637 2699 legiones
1648 2663 1715 2688 seri-

1465 2711 1508 2735 1³3
