1941 3052
248 161 297 186 5¹0
817 161 858 186 ⁴55.
894 160 928 185 M.
963 160 992 186 Τ.
1027 160 1070 186 (21

247 240 342 257 munus
364 230 406 257 illa
427 230 560 259 Clodiana,
581 231 606 256 in
627 229 705 255 caedo
720 230 820 256 civium
836 238 914 264 saepe
931 230 981 256 inm
996 231 1035 256 vi·
1056 231 1059 240 '

245 269 321 298 ctrix,
344 268 480 297 exclamat,
506 269 635 295 inritatur,
661 267 775 292 invadit:
807 267 934 293 inermem
956 272 1036 302 atque
1056 264 1058 281 ³

246 306 404 340 imparatum
435 306 570 330 trilumum
596 304 638 329 ulii
664 304 760 337 gladiis
786 304 955 335 adoriuntur,
990 305 1034 331 alii
1056 308 1057 330 l

246 342 400 374 fragmentis
411 347 544 376 septorum
557 346 581 367 et
593 341 723 367 fustibus:
746 350 758 366 a
769 342 869 376 quibus
883 342 933 372 hic,
943 342 1035 368 inultis
1056 346 1057 363 l

247 380 402 404 vulneribus
418 379 531 413 acceptis
550 388 578 403 ac
593 378 729 404 debilitato
747 387 855 413 corpore
867 383 891 404 ct
902 379 1035 405 eontruci-
1056 374 1057 387 ¹

243 416 311 442 dato.
335 426 363 441 s«-
384 416 479 441 ulniwit
498 416 665 441 exanimatus
686 423 772 450 neque
793 416 846 442 ulla
863 416 912 442 alia
924 425 951 442 ro
962 416 1034 442 abae
1055 420 1057 453 l

243 458 363 482 mortem,
382 453 431 478 uisi
448 453 572 486 opinione
593 453 684 478 mortis
699 452 812 487 depulit.
853 453 937 485 Quem
949 462 1033 488 quum
1056 458 1057 481 l

242 490 368 516 iam-ntem
391 494 416 515 et
436 490 572 516 concisum
596 490 718 524 plurimis
740 490 897 516 vulneribus
917 496 1035 517 extremo
1056 493 1057 497 ’

241 528 337 561 spiritu
350 535 513 561 exsanguem
525 527 703 553 ctconfcctum
712 527 1034 563 viderent,defatigatione

242 566 326 598 magis
337 569 362 590 et
373 572 466 594 errore,
475 572 555 599 qumu
569 564 748 591 misericordia
759 569 783 591 et
795 565 880 595 modo,
890 565 1034 600 aliquando

239 601 347 626 caedere
367 601 534 628 destiterunt.
571 603 612 628 80.
630 602 662 628 Et
677 611 798 628 caussam
811 602 989 629 dicitSestius
1001 603 1034 629 de

240 638 285 664 vi‘?
304 637 375 670 Quid
390 638 444 664 ita‘?
463 639 525 673 quia
541 639 620 665 vivit:
643 644 668 665 at
680 639 705 665 id
718 648 769 666 non
780 649 827 666 sua
839 639 932 675 culpa:
955 640 1033 675 plaga

240 683 290 701 una
305 675 348 701 illa
360 680 476 702 extrema
488 675 586 703 defuit:
607 685 676 711 quae
687 677 708 703 si
721 678 885 709 accessisset,
899 677 1032 712 reliquum
1054 678 1055 695 l

238 712 364 747 spiritum
380 713 558 740 exhausisset.
599 714 700 740 accusa
718 714 885 741 Lentidium:
910 724 960 741 non
974 723 1033 749 per—

238 750 322 776 cussit
336 750 436 776 locum:
459 750 572 777 maledic
583 751 652 777 Titio
663 751 785 783 Sabinio,
800 752 900 778 homini
913 753 1030 782 Reatino,
1054 726 1056 779 i

237 795 285 813 cur
295 792 346 813 tam
359 792 456 814 temere
468 788 620 814 exclamarit
631 790 759 815 occisum.
790 790 881 824 Ipsum
894 798 956 815 vero
965 789 1032 824 quid
1054 778 1063 832 μ

237 824 365 851 accusas?
384 825 454 851 Num
465 825 675 861 defuitgladiis‘?
688 835 751 852 num
764 826 940 862 repugnavit?
951 828 1030 857 Num,
1053 834 1055 885 A

238 866 267 888 ut
310 861 480 888 ladiatoribus
501 863 623 897 imperari
640 863 715 894 solet,
734 863 832 890 ferrum
854 873 904 890 non
917 864 1034 899 recepit‘?

293 899 438 926 .'xxvltt.
461 899 500 926 An
517 900 649 935 haecipsa
665 902 706 927 vis
717 905 765 932 est,
780 910 830 927 non
842 910 921 936 posse
932 901 1033 928 emori?
1054 910 1055 913 ¹

214 956 219 963 ,
236 944 269 962 an
283 936 338 967 illa,
351 937 423 971 quod
436 937 559 963 tribunus
572 937 658 972 plebis
669 938 798 973 templum
809 939 976 965 cruentavit?
987 948 1029 970 an,
1052 954 1054 979 3

235 973 316 1008 quod,
329 982 415 1008 quum
426 979 496 1000 esset
507 975 619 1006 ablatus,
635 976 806 1010 primumque
818 977 965 1011 resipisset,
979 985 1030 1003 non
1052 987 1061 1001 :i

235 1019 264 1036 se
279 1010 370 1037 referri
382 1011 478 1038 iussit?
498 1012 548 1038 Ubi
560 1017 600 1038 est
611 1013 720 1044 crimen,
733 1013 805 1048 quod
818 1013 1032 1048 reprehenditis?

235 1049 277 1074 81.
299 1048 346 1074 llic
367 1057 474 1084 quaero,
497 1049 609 1080 iudices.
627 1051 650 1076 si
667 1050 714 1076 illo
728 1050 772 1076 die
786 1059 853 1085 gens
865 1052 914 1077 ista
927 1051 1027 1081 Clodia,

234 1085 306 1120 quod
323 1085 410 1112 facere
426 1086 521 1117 voluit,
538 1086 681 1113 effecisset:
703 1088 726 1114 si
742 1088 770 1114 P.
789 1087 902 1118 Sestius,
920 1089 967 1123 qui
984 1097 1031 1123 pro

233 1123 321 1149 occiso
342 1123 449 1149 relictus
472 1128 520 1154 est,
543 1124 646 1150 occisus
664 1129 748 1151 esset:
771 1124 895 1152 fuistisne
911 1126 943 1152 ad
958 1134 1030 1152 arma

234 1159 316 1186 ituri‘?
336 1159 460 1187 fuistisne
480 1169 527 1187 vos
543 1161 574 1187 ad
586 1163 702 1196 patrium
715 1162 791 1188 illum
803 1163 933 1194 animum,
947 1164 1031 1189 maio-
1050 1182 1053 1188 .

233 1205 348 1232 rumque
360 1198 485 1224 virtutem
498 1198 657 1225 excitaturi‘.>
667 1199 792 1226 fuistisne
804 1199 949 1235 aliquando
960 1209 1031 1227 rem-

233 1234 368 1269 publicam
388 1243 401 1260 a
418 1235 523 1261 funesto
539 1235 637 1262 latrone
654 1237 805 1271 repetituri:
828 1246 860 1264 an
875 1239 952 1264 etiam
966 1242 1029 1264 tunc
1057 1235 1058 1266 ἶ

232 1271 416 1306 quiesceretis,
428 1273 628 1304 cunctarcmini‚
638 1274 774 1305 timeretis,
783 1283 868 1309 quum
880 1275 1029 1310 rempubli-

232 1316 290 1335 cam
306 1317 319 1335 a
331 1308 566 1336 facinorosissimis
577 1311 680 1337 sicariis
691 1316 716 1337 et
726 1319 739 1337 a
751 1312 836 1338 servis
846 1321 906 1338 esse
917 1321 1029 1347 oppres-

233 1354 290 1372 sam
306 1351 385 1381 atque
400 1347 580 1374 conculcatam
597 1348 741 1375 videretis?
761 1348 844 1375 Cuius
861 1350 943 1385 igitur
956 1358 1028 1376 mor·
1056 1348 1057 1356 ¹

233 1388 284 1409 tem
297 1383 645 1420 ulcisceremini,siquidem
661 1385 737 1412 liberi
748 1394 807 1412 esse
818 1390 842 1413 et
854 1387 1029 1414 habererem-
1048 1371 1051 1404 i

231 1420 367 1455 publicam
383 1422 547 1457 cogitaretis:
563 1422 596 1448 de
607 1423 665 1449 eius
677 1424 775 1449 virtute
786 1424 842 1450 vivi
853 1424 918 1459 quid
930 1433 978 1451 vos
990 1424 1028 1451 lo-

231 1458 288 1492 qui,
303 1458 369 1493 quid
381 1459 487 1490 sentire,
496 1459 691 1496 quidcogitare,
701 1461 766 1496 quid
774 1461 1024 1497 iudicat-coponem,

231 1495 409 1522 dubitandum
430 1496 548 1531 putatis?
575 1499 614 1523 82.
630 1498 663 1524 At
677 1506 739 1524 vcro
753 1498 792 1524 illi
804 1499 856 1533 ipsi
869 1499 1024 1534 parricidae,

230 1541 345 1567 quorum
361 1533 502 1560 effrenatus
523 1533 596 1561 furor
619 1534 700 1561 alitur
714 1535 873 1570 impunitate
888 1537 1024 1568 diuturna,
1054 1559 1055 1570 ,

230 1569 296 1596 adeo
315 1570 371 1596 vim
395 1570 518 1597 facinoris
539 1572 581 1597 sui
602 1572 823 1606 perhorruerunt,
841 1578 879 1604 ut,
897 1575 920 1600 si
935 1574 1026 1609 paullo

230 1606 333 1643 longior
352 1608 443 1642 opinio
458 1609 550 1634 mortis
567 1608 646 1636 Sestii
663 1609 767 1642 fuisset,
785 1610 934 1637 Gracchum
947 1611 1025 1638 illum

229 1652 320 1675 suum,
342 1645 518 1672 transferendi
534 1646 561 1672 in
578 1655 625 1672 nos
644 1647 765 1673 criminis
780 1656 888 1679 caussa,
905 1648 1025 1675 occidere

229 1682 379 1717 cogitarint.
420 1682 509 1709 Sensit
527 1683 675 1710 rusticulus
696 1692 748 1710 non
768 1685 905 1716 incautus,
927 1685 1024 1720 (neque
1052 1709 1054 1715 ,

230 1719 302 1745 enim
323 1719 444 1746 homines
466 1728 580 1755 nequam
597 1725 681 1747 tacere
696 1721 950 1757 potuerunt,)suum
963 1731 1025 1749 san·
1052 1728 1054 1744 l

229 1756 340 1800 guinem
361 1757 452 1791 quaeri
473 1757 505 1783 ad
517 1758 735 1793 restinguendam
756 1759 886 1785 invidiam
898 1759 1023 1786 facinoris
1051 1757 1053 1812 i

230 1792 364 1819 Llodiani:
394 1793 566 1820 mulionicam
586 1795 727 1829 paenulam
748 1796 872 1830 arripuit,
894 1805 955 1823 cum
970 1805 1022 1832 qua
1051 1820 1053 1832 ⁴

230 1830 348 1864 primum
359 1831 469 1857 Romam
481 1831 513 1857 ad
523 1832 629 1858 comitia
640 1837 762 1858 venerat:
785 1834 912 1860 messoria
927 1842 956 1860 se
966 1842 1020 1861 cor-

1051 1841 1053 1854 1
1074 1833 1124 1859 bus
1148 1833 1254 1860 civibus
1277 1833 1384 1860 videtur
1403 1843 1430 1860 re
1449 1834 1582 1865 docuisse,
1604 1842 1656 1860 non
1677 1833 1780 1864 verbis,

1084 161 1301 188 (lt-:ttoNtS

1088 231 1195 265 templo,
1217 232 1384 258 sanctissima
1405 233 1432 259 in
1447 242 1550 264 cauma,
1569 236 1738 262 sanctissimo
1752 236 1779 262 in
1795 236 1881 271 mgi-

1087 273 1181 294 stratu.
1222 269 1288 296 Eius
1308 270 1391 302 igitur
1411 271 1491 297 vitam
1503 273 1648 307 (utinquam
1660 272 1825 307 spoliandam
1836 281 1880 300 or-

1088 306 1219 331 mimantis
1239 314 1298 331 esse
1319 307 1397 336 (licet,
1415 308 1493 334 cuius
1505 315 1614 336 mortem
1625 310 1770 336 ornandam
1783 318 1880 337 monu-

1087 347 1176 368 mento
1187 344 1348 377 sempiterno
1360 345 1506 377 putaretis?

1143 380 1269 406 xxxix.
1286 381 1328 407 at.
1351 381 1488 411 nomint-s.
1511 383 1611 417 inquit,
1633 384 1735 412 emisti,
1756 384 1878 418 coegisti,

1088 418 1194 451 parm-u.
1234 416 1305 449 Quid
1322 419 1358 443 uti
1373 418 1486 444 taceret?
1505 425 1625 445 senatum
1636 420 1787 447 otmidemt?
1806 421 1879 447 cives

1087 454 1253 480 indemnatos
1274 455 1437 489 expelleret?
1457 457 1524 482 bona
1535 457 1679 491 diriperet?
1698 458 1880 484 aedesinccn-

1085 491 1177 517 deret‘?
1197 496 1262 518 tecta
1283 492 1463 519 disturbaret?
1491 493 1589 528 templa
1613 493 1722 521 deorum
1743 495 1879 521 immorta-

1087 528 1152 554 lium
1184 528 1376 556 inflammaret?
1406 531 1526 557 tribunos
1549 530 1635 565 plebis
1656 531 1724 558 ferro
1742 540 1756 558 e
1786 533 1879 558 rostris

1085 565 1248 600 expelleret?
1278 567 1437 602 provincias,
1459 577 1526 603 quas
1551 568 1643 598 vellet,
1664 569 1766 603 quibu·
1787 569 1876 601 vellet.

1086 603 1230 629 venderet?
1254 612 1329 637 reges
1349 604 1512 639 appellaret?
1532 614 1619 631 rerum
1640 606 1794 640 capitalium
1815 615 1879 633 con—

1084 640 1222 666 demnatos
1255 642 1280 667 in
1304 642 1399 668 liberas
1414 643 1535 668 civitates
1551 651 1597 677 per
1609 642 1708 678 legatos
1723 648 1826 670 nostro·
1836 652 1879 670 re-

1084 677 1210 704 duceret?
1231 679 1377 713 principem
1394 680 1508 705 civitatis
1526 679 1594 706 ferro
1607 680 1748 706 obseswm
1761 680 1879 707 teneret?

1085 715 1152 740 llaec
1167 720 1195 741 ut
1211 716 1315 742 efficere
1327 722 1423 751 posset,
1437 725 1505 752 quae
1517 717 1582 746 ficri.
1597 717 1648 743 nisi
1659 718 1740 744 armis
1751 726 1878 752 oppressa

1085 752 1229 786 republica,
1244 753 1318 779 nullo
1329 754 1406 779 modo
1419 760 1547 789 poterant,
1557 754 1758 785 idcirco,cred0.
1768 763 1876 782 manum

1083 790 1134 815 sibi
1148 790 1176 815 l‘.
1189 790 1294 816 Sestius
1305 795 1330 817 et
1340 792 1430 826 copias
1440 792 1612 826 comparavit.
1649 793 1682 818 At
1692 792 1810 818 nondum
1822 796 1879 819 ent

1084 832 1234 854 maturum:
1257 828 1375 854 nondum
1389 837 1430 854 res
1443 830 1498 863 ipsa
1510 829 1542 855 ad
1555 828 1686 855 eiusmodi
1699 829 1878 864 praesidiavi-

1084 873 1126 890 ros
1139 865 1220 890 bonos
1231 865 1419 900 compellebat.
1456 866 1527 892 Pulsi
1541 875 1587 892 nos
1597 874 1712 897 eramus,
1727 875 1778 893 non
1789 867 1877 893 omni-

1084 909 1117 928 no
1133 902 1181 927 ista
1193 911 1274 928 manu
1286 902 1350 933 sola,
1364 903 1410 929 sed
1425 908 1512 929 tamen
1525 912 1575 929 non
1587 904 1645 930 sine
1660 905 1723 929 ista:
1747 912 1794 930 voe
1805 904 1876 930 taciti

1083 939 1262 966 mirabamini.
1295 942 1338 966 85.
1361 941 1472 975 Captum
1485 946 1539 967 erat
1551 941 1637 967 forum
1649 950 1718 967 anno
1729 942 1874 975 superiore,

1083 976 1146 1002 aede
1162 977 1287 1008 Castoris,
1305 982 1440 1012 tamquam
1452 986 1510 1004 arce
1526 978 1623 1013 aliqua,
1637 986 1650 1003 a
1664 978 1785 1013 fugitivis
1796 986 1877 1004 oceu-

1083 1018 1156 1048 pata:
1178 1014 1316 1041 silebatur.
1356 1014 1451 1041 Omnia
1473 1015 1625 1045 hominum,
1648 1024 1733 1050 quum
1747 1020 1873 1051 egestate.

1058 1053 1061 1062 ⁸
1083 1055 1138 1076 tum
1151 1051 1260 1077 audacia
1272 1051 1445 1086 perditorum,
1461 1052 1584 1082 clamore.
1592 1061 1734 1082 concursu,
1748 1053 1875 1083 vi,manu

1080 1088 1254 1123 gerebantur:
1278 1088 1460 1123 perferebatis.
1492 1090 1663 1124 Magistratus
1675 1089 1781 1124 templis
1793 1090 1877 1124 pell&

1081 1125 1192 1152 bantur:
1215 1126 1260 1152 alii
1272 1127 1381 1153 omnino
1391 1126 1463 1152 aditu
1474 1135 1503 1152 ac
1515 1127 1571 1153 foro
1582 1126 1806 1161 prohibebantur:
1829 1135 1876 1153 n&

1081 1171 1124 1189 mo
1135 1163 1283 1189 resistebat.
1309 1163 1474 1190 Gladiatores
1484 1173 1516 1190 ex
1529 1164 1656 1199 praetoris
1666 1164 1790 1190 comitatu
1801 1172 1875 1190 com—

1081 1199 1216 1234 prehensi,
1239 1201 1266 1227 in
1287 1206 1409 1227 senatum
1425 1201 1577 1231 introducti,
1590 1201 1714 1231 confessi.
1727 1202 1755 1227 in
1766 1202 1874 1227 vincula

1079 1238 1191 1263 coniecti
1212 1246 1226 1263 a
1246 1237 1357 1269 Milone,
1379 1239 1470 1264 emissi
1487 1247 1500 1264 a
1517 1238 1642 1264 Serrano:
1674 1239 1773 1265 mentio
1789 1238 1872 1264 nulla.

1056 1280 1058 1294 ³=
1080 1275 1177 1300 Forum
1203 1275 1360 1310 corporibus
1383 1276 1484 1301 civium
1506 1276 1685 1302 Romanorum
1710 1280 1873 1302 constratum

1056 1315 1057 1334 1
1078 1312 1158 1338 caede
1184 1317 1325 1339 nocturna:
1357 1321 1408 1340 non
1424 1313 1504 1340 modo
1519 1313 1593 1339 nulla
1605 1321 1672 1339 nova
1683 1313 1812 1348 quaestio,
1825 1312 1874 1339 sed

1079 1349 1158 1375 etiam
1180 1354 1267 1376 vetera
1282 1349 1381 1376 iudicia
1397 1350 1511 1376 sublata.
1552 1350 1700 1376 Tribunum
1713 1350 1800 1385 plebis
1812 1349 1873 1385 plus

1056 1391 1057 1394 ’
1078 1387 1174 1422 viginti
1190 1387 1348 1414 vulneribus
1363 1388 1477 1422 acceptis
1488 1389 1616 1414 iacentem
1627 1386 1874 1422 moribundumque

1056 1430 1057 1434 ¹
1078 1423 1200 1451 vidistis:
1223 1424 1332 1451 alterius
1353 1425 1453 1451 tribuni
1468 1425 1564 1460 plebis,
1581 1424 1668 1451 divini
1683 1424 1809 1455 hominis,
1821 1424 1874 1459 (di-

1077 1469 1134 1487 cam
1142 1461 1303 1497 enim,quod
1310 1463 1514 1497 sentio‚etquod
1522 1461 1872 1497 mecumsentiuntomnes.)

1077 1498 1172 1530 divini,
1196 1500 1296 1535 insigni
1309 1499 1436 1534 quadam,
1453 1499 1586 1530 inaudita,
1602 1508 1670 1526 nova
1689 1499 1873 1535 magnitudine

1077 1536 1168 1567 animi,
1191 1538 1328 1572 gravitate,
1353 1537 1404 1563 fide
1419 1537 1540 1572 praediti¹
1557 1537 1655 1563 domus
1669 1541 1709 1563 est
1719 1541 1872 1572 oppugnata

1078 1573 1155 1603 ferro,
1179 1573 1291 1604 facibus,
1315 1575 1432 1601 exercitu
1448 1574 1585 1601 Clodiano.
1615 1574 1672 1600 xl..
1685 1575 1727 1600 86.
1739 1574 1811 1600 Etm
1822 1574 1872 1600 boc

1077 1610 1134 1637 loco
1149 1610 1242 1637 laudas
1254 1610 1389 1642 Milonem,
1403 1616 1428 1638 et
1439 1612 1496 1638 iure
1508 1611 1610 1638 laudas.
1630 1610 1716 1644 Quem
1728 1611 1799 1638 enim
1809 1619 1872 1637 um-

1077 1655 1158 1682 quam
1177 1648 1266 1674 virum
1291 1653 1344 1674 tam
1363 1649 1507 1675 immortali
1526 1649 1624 1675 virtute
1643 1647 1782 1674 vidimus?
1810 1649 1869 1683 qui,

1076 1684 1152 1711 nullo
1174 1686 1292 1720 praemio
1307 1686 1450 1720 proposito,
1468 1690 1571 1720 praeter
1585 1686 1642 1716 hoc,
1659 1685 1733 1720 quod
1743 1686 1796 1711 iam
1807 1694 1872 1712 con-

1075 1722 1168 1748 tritum
1188 1727 1213 1748 et
1233 1727 1415 1757 contemptum
1435 1727 1559 1757 putatur,
1580 1722 1711 1749 iudicium
1728 1722 1868 1753 bonorum.

1075 1759 1162 1785 omnia
1175 1759 1302 1794 pericula,
1315 1768 1436 1786 summos
1449 1760 1560 1789 labores.
1574 1760 1748 1795 gravissimas
1761 1765 1870 1786 conten-

1074 1796 1160 1822 tiones
1171 1797 1381 1832 inimicitiasque
1387 1796 1525 1832 suscepit‘?
1534 1798 1581 1832 qui
1592 1797 1659 1823 mihi
1667 1805 1737 1823 unus
1743 1797 1871 1860 exomnig

1802 1842 1849 1869 qui

1050 1902 1052 1905 .
1073 1875 1205 1905 oporteret
1219 1879 1233 1897 a
1249 1872 1487 1905 praestantissimis
1498 1872 1564 1897 viris
1575 1872 1602 1898 in
1616 1871 1752 1906 republica
1764 1871 1830 1902 fleri,
1843 1876 1870 1898 et

1051 1919 1052 1922 ¹
1073 1907 1139 1942 quid
1152 1913 1348 1935 necesseesset:
1360 1914 1480 1943 oportere
1487 1909 1624 1935 hominum
1633 1908 1869 1939 audacium,ever-

1050 1938 1052 1980 ξ
1073 1953 1164 1971 sorum
1180 1945 1352 1980 reipublicae,
1369 1945 1463 1972 sceleri
1481 1946 1586 1982 legibus
1601 1950 1627 1972 et
1641 1945 1751 1972 iudiciis
1761 1946 1869 1972 resiste·

229 1867 263 1893 be
282 1868 407 1894 contexit.
447 1867 536 1900 Quum
557 1873 714 1904 quaererent
734 1869 779 1896 alii
791 1870 959 1902 Numerium,
978 1871 1022 1898 alii

229 1903 378 1936 Quintium,
401 1905 501 1941 gemini
517 1906 633 1932 nominis
649 1915 735 1933 errore
749 1911 872 1934 servatus
887 1913 935 1934 est.
976 1909 1023 1935 At-

229 1949 282 1976 que
303 1941 352 1968 hoc
371 1943 444 1968 scitis
459 1951 559 1973 omneS,
577 1952 664 1978 usque
679 1943 744 1970 adeo
759 1944 894 1971 hominem
911 1945 937 1972 in
952 1946 1023 1980 peri-

229 1977 290 2005 culo
305 1977 399 2010 fuisse,
421 1979 508 2014 quoad
523 1981 619 2006 scitum
630 1981 665 2007 sit
676 1980 793 2007 Sestium
806 1982 906 2008 vivere.
946 1983 1023 2014 Quod

230 2016 257 2042 ni
277 2020 347 2042 esset
367 2016 526 2051 patefactum
543 2017 633 2052 paullo
643 2018 731 2049 citius,
743 2027 824 2053 quam
837 2019 947 2046 vellem:
970 2029 1021 2047 non

229 2051 270 2079 illi
290 2053 400 2088 quidem
422 2058 506 2080 morte
526 2055 680 2081 mercenarii
702 2056 744 2082 sui
765 2056 907 2083 transferre
918 2058 1023 2092 potuis-

229 2094 288 2116 sent
307 2090 437 2117 invidiam
458 2091 485 2117 in
499 2100 567 2126 quos
579 2092 715 2127 putabant,
729 2093 776 2119 sed
787 2094 952 2120 acerbissimi
964 2103 1022 2121 sce-

230 2127 291 2153 leris
307 2126 444 2154 infamiam
460 2133 534 2164 grato
548 2129 663 2164 quodam
679 2129 778 2156 scelere
793 2131 964 2158 minuissent.
978 2134 1019 2158 83.

229 2164 266 2190 Ac
286 2165 309 2190 si
321 2169 384 2191 tunc
396 2165 425 2191 P.
437 2165 549 2197 Sestius,
563 2166 675 2198 indicos,
689 2167 715 2193 in
727 2167 826 2202 templo
837 2168 952 2195 Castoris
963 2170 1021 2196 ani-

229 2210 309 2232 mam,
322 2210 403 2237 quam
415 2203 461 2229 vix
472 2203 588 2234 retinuit,
602 2203 743 2231 edidisset:
766 2213 817 2231 non
828 2205 930 2237 dubito,
942 2207 1018 2242 quin,

228 2239 252 2265 si
263 2239 342 2266 modo
353 2244 423 2266 esset
436 2240 463 2266 iu
475 2240 610 2275 republica
624 2246 740 2271 senatus,
758 2243 782 2268 si
792 2243 916 2269 maiestas
928 2244 1020 2278 populi

229 2276 339 2303 Romani
360 2277 510 2308 revixisset,
527 2277 671 2313 aliquando
686 2283 771 2305 statua
782 2279 853 2311 huic,
866 2280 900 2307 ob
911 2289 1022 2316 rempu-

229 2313 325 2340 blicam
345 2313 495 2346 interfecto,
517 2315 544 2341 in
565 2315 620 2342 foro
634 2320 802 2342 statueretur.
842 2317 896 2344 Nec
910 2326 973 2345 vero
987 2318 1021 2344 il-

229 2349 315 2377 lorum
336 2351 494 2386 quisquam,
517 2360 584 2387 quos
605 2361 618 2379 a
638 2353 784 2380 maioribus
805 2355 914 2386 nostris,
936 2359 1020 2382 morte

228 2387 307 2418 obita,
330 2389 430 2423 positos
451 2389 479 2415 in
499 2389 544 2416 illo
566 2389 621 2416 loco
636 2394 715 2425 atque
730 2391 757 2417 in
776 2392 869 2418 rostris
879 2392 1019 2419 collocatos

229 2425 338 2456 videtis,
365 2430 436 2452 esset
459 2426 488 2452 P.
515 2426 601 2453 Sestio
620 2432 666 2453 aut
685 2427 826 2454 acerbitate
846 2430 952 2461 mortis,
974 2433 1020 2456 aut

228 2462 316 2488 animo
326 2462 353 2488 in
363 2463 556 2498 rempublicam
568 2464 785 2499 praeponendus:
796 2465 1020 2501 quiquumcaus-

229 2506 285 2524 sam
305 2500 372 2525 civis
393 2500 548 2532 calamitosi,
565 2510 687 2528 caussam
703 2502 795 2532 amici,
813 2510 935 2529 caussam
951 2504 1018 2530 hene

228 2534 261 2560 de
272 2535 407 2569 republica
427 2538 527 2569 meriti,
552 2546 675 2564 caussam
690 2543 813 2570 senatuS,
830 2548 952 2567 caussam
968 2542 1019 2567 Ita-

230 2571 289 2601 liae,
309 2580 430 2599 caussam
446 2575 608 2609 reipublicae
623 2576 799 2610 suscepisset:
821 2585 960 2612 quumque
971 2587 1020 2604 au-

228 2608 321 2642 spiciis
342 2609 518 2645 religionique
538 2621 634 2647 parens
649 2612 826 2643 obnuntiaret,
844 2614 916 2648 quod
927 2623 1018 2641 sense—

230 2649 281 2687 rat:
314 2645 381 2677 luce,
404 2646 500 2681 palam,
513 2657 527 2674 a
541 2649 648 2676 nefariis
664 2649 786 2684 pestibus
801 2650 829 2676 in
849 2650 958 2677 deorum
971 2652 1018 2678 ho-

229 2690 388 2718 minumque
407 2690 549 2719 conspectu
570 2691 640 2713 esset
661 2687 778 2716 occisus,
802 2688 971 2715 sanctissimo
989 2689 1016 2714 in

1049 1981 1052 2044 ,

1151 1982 1179 2008 Si
1200 1982 1272 2018 leges
1288 1991 1339 2009 non
1351 1982 1478 2014 valerent,
1493 1983 1592 2009 iudicia
1604 1991 1655 2010 non
1667 1987 1765 2014 essent,
1777 1983 1801 2010 si
1812 1991 1869 2010 res-

1073 2019 1180 2054 publica
1201 2020 1241 2051 vi,
1263 2028 1451 2056 consensuque
1471 2020 1627 2051 audacium,
1643 2020 1725 2046 armis
1739 2027 1868 2055 oppressa

1043 2064 1045 2068 ’
1073 2061 1220 2083 teneretur:
1242 2057 1376 2092 praesidio
1395 2062 1421 2084 et
1434 2058 1519 2093 copiis
1533 2056 1642 2084 defendi
1657 2058 1738 2084 vitam
1750 2062 1775 2084 et
1786 2057 1869 2084 liber·
1901 2067 1908 2071 ·

1073 2099 1153 2121 tatem
1169 2102 1278 2121 necesse
1288 2103 1358 2121 esse.
1397 2095 1452 2121 Hoc
1462 2095 1568 2125 sentire,
1583 2094 1740 2130 prudentiae
1751 2099 1805 2121 est:
1828 2094 1868 2121 fa-

1072 2140 1139 2163 cere,
1163 2131 1343 2158 fortitudinis:
1365 2136 1390 2158 et
1403 2133 1502 2159 sentire
1518 2140 1581 2158 vero
1591 2137 1617 2158 et
1630 2131 1722 2162 facere,
1735 2131 1867 2166 perfectae

1050 2187 1051 2190 η
1072 2168 1278 2204 cumulataeque
1301 2169 1419 2196 virtutis.
1455 2170 1497 2195 87.
1522 2169 1596 2196 Adiit
1618 2169 1651 2195 ad
1671 2168 1866 2203 rempublicam

1072 2207 1198 2232 tribunus
1209 2206 1305 2240 plebis,
1313 2206 1390 2233 Milo:
1403 2206 1436 2233 de
1446 2207 1524 2233 cuius
1535 2206 1612 2232 laude
1623 2205 1699 2241 plura
1709 2205 1805 2236 dicam,
1813 2214 1866 2233 non

1071 2251 1126 2278 quo
1136 2248 1182 2269 aut
1192 2244 1251 2278 ipse
1262 2243 1326 2270 haec
1336 2243 1399 2275 dici,
1411 2252 1493 2279 quam
1504 2244 1652 2270 existimari
1663 2242 1746 2273 malit,
1759 2248 1805 2269 aut
1815 2251 1866 2279 ego

1072 2280 1144 2307 hunc
1165 2280 1252 2307 laudis
1272 2280 1389 2307 fructum
1415 2281 1548 2316 praesenti
1569 2280 1683 2307 libenter
1700 2280 1862 2315 impertiam.

1071 2318 1227 2352 praesertim
1247 2326 1332 2353 quum
1352 2318 1442 2344 verbis
1461 2318 1589 2352 consequi
1607 2325 1658 2344 non
1674 2318 1790 2352 possim:
1816 2317 1866 2344 sed

1070 2354 1143 2390 quod
1162 2355 1300 2386 existimo,
1322 2355 1344 2381 si
1361 2355 1468 2382 Milonis
1482 2363 1605 2381 caussam
1625 2355 1785 2380 accusatoris
1799 2361 1864 2381 voce

1069 2391 1246 2419 collaudatam
1258 2392 1378 2426 probaro,
1396 2401 1444 2419 vos
1454 2393 1482 2418 in
1493 2392 1543 2418 hoc
1552 2391 1664 2418 crimine
1677 2399 1768 2426 parem
1782 2390 1863 2418 Sestii

1069 2437 1193 2456 caussam
1212 2430 1420 2456 existimaturos.
1460 2429 1532 2455 Adiit
1550 2429 1635 2464 igitur
1654 2428 1684 2454 T.
1705 2428 1810 2455 Annius
1828 2428 1863 2455 ad

1069 2475 1192 2493 caussam
1212 2466 1376 2501 reipublicae
1390 2467 1438 2497 sic,
1455 2470 1485 2492 ut
1497 2466 1584 2492 civem
1595 2466 1696 2500 patriae
1706 2473 1863 2500 recuperare

1069 2503 1150 2530 vellet
1159 2508 1292 2538 ereptum.
1313 2502 1435 2538 Simplex
1443 2511 1548 2533 caussa,
1560 2507 1684 2528 constans
1695 2503 1769 2533 ratio,
1783 2502 1861 2537 plena

1068 2541 1251 2567 consensionis
1279 2541 1413 2571 omnium,
1434 2539 1512 2574 plena
1535 2539 1700 2566 concordiae.
1740 2538 1860 2575 Collegas

1069 2578 1202 2604 adiutores
1223 2577 1351 2604 habebat:
1376 2576 1495 2603 consulis
1514 2575 1624 2603 alterius
1643 2584 1781 2603 summum
1801 2582 1861 2603 stu-

1068 2615 1153 2646 dium,
1175 2614 1286 2641 alterius
1301 2615 1407 2640 animus
1423 2621 1506 2648 paene
1517 2612 1646 2648 placatus.
1685 2613 1860 2648 Depraetori-

1068 2651 1120 2678 bus
1133 2660 1204 2678 unus
1215 2651 1334 2678 alienus:
1346 2655 1454 2677 senatus
1465 2651 1631 2677 incredibilis
1642 2650 1773 2682 voluntas,
1781 2650 1860 2685 equi-

1068 2693 1125 2715 tum
1147 2689 1323 2716 Romanorum
1343 2688 1426 2714 animi
1446 2687 1479 2714 ad
1497 2696 1620 2714 caussam
1635 2688 1755 2718 excitati,
1771 2692 1857 2714 erecta
