1941 3052
217 143 277 166 101111
766 137 820 162 117.
858 136 892 161 Μ.
928 136 957 161 Τ.

211 210 300 237 ‹toton-t·
311 218 417 244 corpu-⁴,
437 209 502 234 serre
514 217 563 234 non
577 215 729 241 possumus.

211 248 342 283 qum-«lam
359 247 507 272 ossi-minuta
524 253 553 269 ac
573 244 653 273 levis,
678 252 726 270 nec.
748 244 773 269 in
795 243 884 268 dolore
906 243 1001 276 magis,

211 293 291 319 quum
310 283 422 320 [endi-in]
442 283 466 308 in
485 281 631 316 voluptate:
652 289 704 315 qun
717 289 801 314 quum
815 279 1001 314 liquescimus,

212 321 374 355 fluimusque
387 319 511 348 mollitia,
532 318 590 353 npis
602 317 725 343 aculeum
740 318 798 343 sine
809 316 1004 342 0131110101οΓΓο

212 368 261 385 nnn
275 365 428 392 possumus.
447 358 488 381 553.
505 355 537 382 At
550 363 611 381 vero
621 354 650 381 C.
664 355 773 384 Marius,
788 355 939 380 rusticanus
952 354 1002 384 vir,

211 396 256 421 sod
271 395 347 429 plane
360 395 414 424 vir,
427 401 512 428 quum
523 396 670 422 secaretur,
685 396 803 426 utsupra
816 391 888 420 dixi,
903 392 1004 426 princi-

212 434 255 467 pio
273 432 355 457 vetnit
370 439 398 456 se
409 430 528 463 alligari:
547 438 595 455 nec
606 429 751 464 quisquam
764 433 824 455 ante
835 429 948 454 Marium
961 437 1005 453 so-

212 470 282 495 lutus
297 468 396 494 divitur
411 476 469 494 esse
485 471 584 493 sectus.
625 467 678 492 Cur
691 475 754 501 ergo
770 470 859 500 postea
875 465 940 491 alii‘?
954 465 1004 491 Va-

212 507 259 532 luit
278 506 430 531 auctoritas.
471 504 586 530 Videsne
603 504 685 539 igitur
703 504 840 538 opinionis
856 511 929 532 esse,
951 511 1002 528 non

211 548 318 569 naturae
334 541 453 569 malum?
472 542 505 568 132
521 545 607 568 tamen
625 540 710 567 fuisse
726 549 812 567 acrem
826 549 944 566 morsum
956 539 1004 565 ‹lo-

211 581 286 609 111115,
305 579 375 606 idem
392 580 491 606 Marius
506 578 635 606 ostendit:
657 587 719 604 crus
734 579 806 604 enim
823 577 935 604 alterum
952 585 1003 603 non

210 617 342 652 praebuit.
384 617 419 643 Ita
435 621 461 643 et
477 616 537 643 tulit
551 615 685 646 dolorem,
704 620 732 642 ut
745 616 798 646 vir,
816 619 855 646 et,
874 620 903 641 ut
915 615 1001 645 honio,

210 655 336 681 maiorem
350 653 417 680 serre
431 654 490 680 sine
503 661 598 680 caussa
611 653 759 679 necessaria
773 652 867 679 noluit.
908 652 1003 677 Totum

210 693 292 727 igitur
302 692 330 718 in
341 700 372 718 eo
383 695 431 722 est,
446 695 474 718 nt
486 691 534 718 tibi
548 692 673 726 imperes.
696 690 806 716 Ostendi
819 694 916 719 autem,
930 687 1004 723 quod

209 734 278 755 essct
290 728 440 764 imperandi
452 737 547 764 genus,
564 732 643 763 atque
656 727 720 754 haec
731 728 865 763 cogitatio,
879 726 945 761 quid
958 734 1005 760 pa-

210 767 314 793 tientia.
328 765 394 801 quid
407 765 576 796 fortitudine,
590 764 656 800 quid
670 764 856 800 magnitudine
867 764 950 790 animi
962 762 1005 788 di-

209 804 373 839 gnissimum
389 804 436 834 sit,
455 811 506 829 non
523 802 610 829 solum
627 803 747 828 animum
764 802 931 836 comprimit,
957 799 1004 826 sed

211 842 299 875 ipsum
310 842 389 867 etiam
401 839 534 871 dolorem,
548 840 638 866 nescio
649 848 702 874 quo
714 843 802 874 pacto,
820 839 952 865 mitiorem
967 836 1005 863 ta-

209 879 254 905 cit.
296 878 391 904 XXIII.
414 879 455 904 54.
478 877 509 904 Ut
524 878 595 903 enini
615 876 642 903 Iit
654 878 680 903 in
702 876 815 911 praelio,
839 880 868 902 ut
889 876 1004 911 ignavus

210 915 288 942 miles
303 924 332 941 ac
349 915 474 946 timidus,
496 914 578 941 simul
595 923 624 940 ac
640 913 738 940 viderit
762 913 879 943 hostem,
902 913 1005 939 abiecto

209 958 284 986 scuto
297 952 529 988 fugiat,quantum
541 952 634 986 possit,
643 951 677 977 oh
689 959 802 985 eamque
813 958 936 976 caussam
944 958 1005 984 per-

209 995 251 1017 eat
266 998 469 1024 nonnumquam
479 1010 484 1020 ,
507 990 586 1015 etiam
604 989 708 1024 integro
723 996 845 1023 corpore,
868 996 953 1022 quum
968 987 1002 1016 ei,

209 1028 257 1062 qui
268 1028 382 1058 steterit,
400 1026 469 1054 nihil
484 1026 534 1053 tale
548 1027 678 1053 evenerit:
702 1026 755 1056 sic,
773 1026 820 1060 qui
832 1024 932 1051 doloris
943 1032 1006 1058 spe-

209 1066 278 1091 ciem
290 1064 357 1091 ferre
369 1073 421 1091 non
433 1068 558 1099 possunt,
571 1063 704 1090 abiiciunt
715 1071 757 1094 se,
775 1067 855 1097 atque
867 1062 902 1088 ita
914 1061 1005 1087 asssicti

209 1107 235 1129 et
245 1102 390 1129 exanimati
402 1102 500 1128 iacent:
518 1101 566 1136 qui
577 1105 666 1128 autem
678 1100 846 1130 restiterunt,
862 1098 1006 1125 discedunt

209 1140 369 1174 saepissime
387 1139 550 1174 superiores.
591 1137 659 1165 Sunt
679 1138 752 1164 enim
773 1136 906 1172 quaedam
922 1135 1005 1162 animi

209 1176 403 1203 similitudines
415 1185 476 1202 cum
487 1183 609 1210 corpore:
623 1175 875 1201 utoneracontentis
886 1173 1006 1207 corpori-

210 1213 261 1240 bus
274 1213 380 1240 facilius
393 1213 526 1243 seruntur,
545 1213 666 1238 remissis
677 1212 847 1246 opprimunt,
865 1210 1005 1236 simillime

209 1252 316 1277 animus
332 1251 477 1277 intentione
493 1257 540 1276 sua
557 1248 669 1284 depellit
679 1257 805 1284 pressum
818 1256 926 1275 omnem
937 1256 1005 1282 pon-

209 1288 318 1318 derum,
340 1288 498 1314 remissione
514 1291 602 1313 autem
616 1287 656 1312 sic
667 1291 791 1321 urgetur,
810 1290 839 1312 ut
850 1293 878 1311 se
891 1289 1005 1319 nequeat

209 1325 346 1351 extollere.
386 1326 428 1351 55.
451 1325 495 1355 Et,
513 1325 535 1350 si
547 1332 642 1350 verum
654 1324 824 1358 quaerimus,
838 1323 866 1348 in
877 1322 1005 1348 omnibus

208 1362 305 1388 officiis
326 1361 521 1397 persequendis
538 1362 621 1388 animi
636 1365 677 1387 est
692 1360 845 1387 adhibenda
859 1360 1003 1386 contentio.

210 1400 245 1425 Ea
257 1404 296 1426 est
306 1399 361 1425 sola
373 1398 454 1425 officii
467 1403 603 1434 tamquam
615 1397 746 1424 custodia.
768 1397 820 1424 Sed
833 1397 882 1423 hoc
892 1397 1005 1432 quidem

210 1437 235 1462 in
248 1436 337 1463 dolore
348 1437 465 1462 maxime
477 1441 517 1462 est
528 1435 740 1470 providendum,
759 1443 791 1461 ne
807 1434 874 1470 quid
890 1434 1002 1465 abiecte,

209 1482 241 1500 110
253 1473 319 1508 quid
331 1474 434 1504 timide,
444 1482 476 1499 ne
487 1472 554 1508 quid
567 1473 672 1508 ignave,
681 1471 786 1507 nequid
798 1471 932 1498 serviliter
944 1480 1006 1497 mu·-

210 1511 361 1537 liebriterve
379 1510 522 1537 faciamus:
540 1511 568 1536 in
584 1511 735 1545 primisque
751 1509 882 1536 refutetur
897 1517 927 1535 30
941 1509 1005 1535 1011-

208 1548 294 1574 ciatur
308 1548 505 1575 Philoctetaeus
526 1547 571 1574 ille
587 1547 697 1574 clamor.
738 1547 917 1582 Ingemiscere
938 1555 1006 1572 non-

209 1594 357 1620 numquam
370 1586 427 1612 viro
438 1593 596 1612 concessum
607 1589 656 1615 est,
670 1584 752 1619 idque
759 1593 830 1610 raro:
844 1583 961 1610 eiulatus
972 1591 1005 1609 ne

209 1622 316 1648 mulieri
331 1622 452 1657 quidem.
493 1622 526 1649 Et
544 1622 588 1648 hic
604 1622 733 1648 nimirum
749 1626 789 1648 est
805 1621 906 1652 lessus,
923 1629 1004 1656 quem

208 1659 350 1686 duodecim
372 1659 478 1686 tabulae
499 1660 525 1685 in
548 1658 689 1685 funeribus
705 1659 831 1685 adhiberi
851 1662 1004 1684 vetuerunt.

208 1698 250 1723 56.
263 1697 317 1723 Nec
329 1705 391 1723 vero
402 1705 531 1732 umquam
543 1704 576 1722 ne
587 1697 742 1732 ingemiscit
753 1695 864 1731 quidem
877 1696 919 1721 vir
930 1695 1005 1721 sortis

209 1742 239 1760 ac
250 1734 372 1768 sapiens,
391 1734 443 1760 nisi
458 1734 523 1760 forte
534 1738 564 1760 ut
577 1742 606 1760 se
618 1733 737 1760 intendat
748 1733 781 1759 ad
793 1733 958 1759 firmitatem:
977 1736 1007 1758 ut

208 1771 235 1797 in
248 1770 334 1797 stadio
345 1779 468 1797 cursores
479 1771 644 1802 exclamant,
657 1780 739 1806 quam
751 1770 869 1797 maxime
881 1774 1003 1804 possunt.

210 1808 321 1835 Faciunt
332 1808 507 1843 idem,quum
519 1813 686 1839 exercentur,
695 1808 822 1834 athletae:
839 1807 947 1842 pugiles
959 1815 1006 1833 ve-

209 1854 246 1876 ro,
259 1846 338 1871 etiam
350 1854 435 1880 quum
448 1845 547 1872 feriunt
557 1845 752 1876 adversarium.
761 1846 789 1872 in
801 1844 932 1871 iactandis
945 1852 1006 1870 cae-

209 1882 296 1908 stibus
308 1883 502 1918 ingemiscunt;
522 1891 588 1913 non,
605 1882 678 1917 quod
690 1882 797 1909 doleant
807 1883 931 1908 animove
943 1889 1006 1907 suc—

208 1919 345 1950 cumbant,
359 1919 406 1945 sed
417 1920 481 1954 quia
490 1919 678 1954 profundenda
689 1928 753 1946 voce
764 1928 843 1946 omne
854 1927 952 1953 corpus
964 1919 1006 1944 in—

210 1955 336 1987 tenditur,
350 1957 478 1991 venitque
489 1955 568 1992 plaga
579 1956 773 1983 vehementior.
800 1956 896 1982 XXIV.
916 1954 1006 1987 Quid?

208 1993 257 2028 qui
268 1993 362 2019 volunt
372 1993 522 2020 exclamare
534 1994 631 2024 maius,
648 2002 712 2020 num
725 1994 789 2020 satis
800 1993 901 2020 habent
913 1992 1002 2022 latera,

209 2029 314 2061 fauces,
332 2030 453 2066 linguam
470 2030 621 2060 intendere,
643 2039 658 2057 e
673 2031 775 2066 quibus
790 2031 852 2057 eiici
868 2038 962 2057 vocem
980 2034 1006 2056 et

208 2066 286 2093 fundi
300 2067 443 2094 videmus‘.>
456 2068 520 2094 Toto
530 2075 640 2102 corpore
651 2073 731 2103 atque
742 2068 870 2094 omnibus
881 2067 1002 2103 ungulis,

209 2109 237 2131 nt
252 2104 365 2136 dicitur,
387 2105 551 2131 contentioni
571 2105 645 2131 vocis
661 2106 822 2132 asserviunt.
863 2106 905 2131 57.
927 2105 1004 2131 Genu

209 2141 362 2168 mehercule
377 2142 413 2168 M.
430 2142 576 2168 Antonium
592 2142 663 2173 vidi,
679 2151 765 2177 quum
781 2147 902 2169 contente
916 2150 965 2177 pro
975 2150 1004 2168 se

209 2179 266 2213 ipse
278 2178 337 2215 lege
348 2179 423 2205 Varia
434 2179 543 2209 diceret,
561 2183 657 2205 terram
669 2184 788 2215 tangere.
828 2179 862 2206 Ut
872 2179 945 2205 enim
956 2179 1005 2205 ba-

208 2215 284 2242 listae
299 2216 421 2251 lapidum
437 2221 462 2243 et
475 2215 578 2250 reliqua
590 2221 720 2243 tormenta
732 2216 844 2243 telorum
857 2225 887 2243 eo
896 2217 1005 2252 gravio-

208 2260 249 2279 res
261 2254 420 2280 emissiones
431 2252 539 2284 habent,
555 2261 610 2288 quo
620 2259 683 2280 sunt
693 2258 816 2280 contenta
827 2259 906 2289 atque
918 2253 1005 2280 addu-

207 2294 248 2316 cta
264 2290 464 2317 vehementius:
482 2290 522 2316 sic
537 2298 603 2322 vox,
621 2291 662 2318 sic
676 2299 786 2322 cursus,
804 2292 844 2318 sic
858 2290 938 2326 plaga
954 2291 1005 2317 hoc

206 2328 327 2363 gravior,
343 2336 397 2363 quo
411 2332 452 2355 est
462 2328 545 2354 missa
558 2329 720 2355 contentius.
760 2328 845 2355 Cuius
856 2329 999 2355 contentio-

207 2365 249 2390 nis
260 2373 346 2399 quum
358 2369 429 2392 tanta
440 2366 482 2392 vis
494 2365 542 2396 sit,
556 2366 580 2391 si
590 2366 708 2401 gemitus
719 2366 748 2392 111
758 2365 848 2392 dolore
862 2365 896 2391 ad
906 2365 1005 2392 confir-

209 2401 338 2428 mandum
352 2403 474 2429 animum
490 2402 602 2434 valebit,
620 2407 737 2429 utemur.
778 2403 827 2429 Sin
840 2403 890 2429 erit
901 2402 946 2429 ille
956 2411 1005 2438 ge·-

208 2439 290 2465 mitus
300 2438 507 2470 elamentabilis,
520 2440 544 2466 si
556 2439 720 2471 imbecillus,
736 2441 760 2466 si
771 2440 905 2471 abiectus,
923 2440 948 2466 si
957 2439 1005 2466 fle-

208 2475 286 2501 bilis:
299 2477 324 2502 ei
335 2477 383 2511 qui
394 2485 422 2503 se
433 2476 546 2508 dederit,
560 2477 608 2503 vix
618 2485 681 2503 eum
692 2477 781 2503 virum
792 2477 919 2504 dixerim.
949 2476 1003 2509 Qui

207 2511 318 2546 quidem
333 2515 450 2548 gemitus
465 2514 489 2540 si
506 2513 647 2540 levationis
662 2513 767 2549 aliquid
781 2514 896 2545 afferret,
913 2518 1002 2541 tamen

208 2548 376 2581 videremus,
394 2551 460 2585 quid
475 2556 546 2577 esset
560 2550 635 2578 fortis
647 2556 673 2578 et
683 2551 799 2577 animosi
810 2552 872 2577 viri.
911 2551 1002 2583 Quum

209 2593 271 2611 vero
286 2586 355 2612 nihil
373 2588 516 2615 imminuat
530 2588 644 2619 doloris,
662 2596 711 2614 cur
725 2587 822 2614 trustra
837 2593 929 2623 turpes
943 2596 1002 2614 esse

208 2621 353 2649 volumus?
371 2624 442 2655 Quid
456 2630 496 2651 est
511 2626 583 2651 enim
596 2625 657 2652 fletu
670 2625 798 2651 muliebri
810 2626 868 2652 viro
878 2624 1004 2660 turpius?

208 2660 248 2685 58.
270 2659 357 2695 Atque
368 2660 418 2687 hoc
428 2667 610 2696 praeceptum,
625 2661 699 2698 quod
709 2662 743 2690 de
753 2661 844 2689 dolore
854 2662 941 2694 datur,
954 2670 1003 2697 pa-

771 206 870 240 (ipinio
880 210 919 231 eset
931 206 1002 231 enim
1024 207 1025 236 l

993 136 1279 161 (11131211οΝΙὸ

1056 211 1090 232 tut
1106 205 1194 231 latius.
1235 205 1369 231 omnibu«
1385 208 1456 231 enim
1474 206 1567 233 rebus.
1584 214 1634 231 non
1651 205 1738 231 »olum
1753 205 1848 233 (101011.

1055 242 1138 268 simili
1156 244 1323 269 contentione
1339 243 1421 268 animi
1439 242 1616 268 resistendum
1632 248 1680 268 est.
1723 243 1760 268 Ira
1773 251 1850 268 01111-

1055 281 1153 305 ‹tr-scit:
1173 279 1257 305 libido
1270 280 1426 305 concitatur.
1469 280 1495 306 In
1512 279 1633 305 eamdem
1650 288 1736 305 3100111
1756 280 1851 305 eontu-

1055 316 1184 351 giondum
1201 322 1254 342 est:
1273 317 1366 342 eadem
1379 321 1440 342 1111111
1452 325 1524 342 arma
1537 317 1677 342 sumenda.
1719 317 1851 351 511111110-

1057 355 1127 380 niam
1140 353 1173 379 de
1183 354 1273 379 dolore
1287 354 1436 388 loquimur.
1451 353 1495 379 illa
1506 355 1669 380 omittamus.
1712 354 1750 380 Ad
1764 353 1851 379 teren-

1055 391 1120 417 durn
1135 392 1216 425 igitur
1227 390 1344 417 dolorem
1358 390 1462 425 placide
1473 395 1498 417 et
1510 391 1598 416 sedate
1610 390 1757 425 plurimum
1770 391 1852 425 proti-

1055 430 1099 456 cit.
1117 433 1169 454 toto
1180 433 1298 463 pectore,
1316 428 1467 456 utdicitur,
1486 429 1615 463 cogitare.
1633 437 1713 462 «1113111
1727 428 1752 454 id
1769 428 1851 453 hone-

1056 471 1126 491 stum
1139 466 1183 491 sit.
1225 465 1325 491 Sumus
1337 466 1409 491 enim
1423 470 1527 494 natura,
1547 470 1574 491 ut
1588 470 1647 491 ante
1660 465 1731 494 dixi,
1752 465 1850 490 'dit-en-

1055 504 1120 528 dum
1133 508 1171 528 est
1183 503 1254 528 enim
1270 503 1398 537 saepius),
1417 502 1611 528 studiosissimi
1623 503 1852 536 appetentissimi-

1056 549 1108 575 que
1121 540 1276 566 honestatis.
1317 540 1402 565 Cuius
1416 540 1438 565 si
1454 541 1532 574 quasi
1550 539 1639 565 lumen
1652 539 1761 574 aliquod
1773 547 1851 573 aspe-

1058 579 1190 605 xerimus,
1209 577 1276 603 nihil
1288 582 1341 607 est,
1358 576 1443 611 quod,
1458 581 1528 603 uteo
1539 578 1684 611 potiamur,
1705 585 1755 602 non
1768 576 1851 610 parati

1056 616 1142 640 siinus
1153 619 1178 640 ct
1191 614 1257 640 ferre
1269 620 1293 640 et
1305 615 1417 649 perpeti.
1453 614 1493 640 Ex
1505 614 1554 640 hoc
1565 622 1645 639 cursu
1658 618 1737 647 atque
1750 614 1851 646 impetu

1056 653 1206 678 animorum
1219 651 1251 677 ad
1265 660 1353 677 veram
1368 650 1473 677 laudem
1485 656 1564 686 atque
1577 651 1740 677 honestatem
1754 650 1797 676 illa
1805 658 1852 684 pe-

1057 689 1139 715 ricula
1152 689 1285 715 adeuntur
1297 690 1323 715 in
1336 688 1457 724 praeliis:
1476 697 1526 715 non
1539 689 1658 714 sentiunt
1670 688 1720 713 viri
1734 687 1812 713 fortes
1825 687 1851 712 in

1057 727 1112 753 avie
1129 726 1238 752 vulnera
1251 726 1307 757 vel,
1325 727 1348 752 si
1360 726 1493 755 sentiunt,
1511 734 1538 751 se
1555 726 1620 751 mori
1637 724 1752 755 malunt,
1770 732 1851 759 quam

1058 763 1191 790 tantillum
1214 763 1292 789 morlo
1312 763 1344 789 de
1363 763 1504 797 dignitatis
1519 762 1603 798 gradu
1620 762 1767 788 demoveri.
1808 762 1850 787 5⁹.

1058 801 1202 836 Fulgentes
1216 801 1320 836 gladios
1340 801 1457 827 hostium
1476 800 1603 826 videbant
1619 800 1704 829 Decii,
1722 807 1807 834 quum
1824 799 1851 824 in

1057 839 1141 865 aciem
1157 847 1249 864 eorum
1266 838 1413 864 irruebant.
1455 838 1501 863 llis
1517 837 1622 863 levabat
1636 845 1742 863 omnem
1757 835 1852 862 vulne-

1058 884 1116 902 rum
1129 881 1229 902 metum
1243 875 1368 901 nobilitas
1381 876 1472 901 mortis
1483 880 1507 901 et
1518 874 1612 910 gloria.
1654 874 1723 900 Num
1736 878 1762 899 tu
1777 873 1853 905 inge-

1059 913 1159 939 muisse
1167 913 1379 947 Epaminondam
1387 917 1473 946 putas,
1482 920 1566 946 quum
1583 920 1634 937 una
1646 920 1708 937 cuni
1720 911 1852 946 sanguine

1059 951 1140 976 vitam
1152 949 1260 976 effluere
1271 950 1399 976 sentiret‘?
1410 950 1586 984 Imperantem
1599 949 1670 974 enim
1683 948 1795 983 patriam
1804 947 1853 973 La-

1056 987 1237 1013 cedaemoniis
1249 987 1517 1022 relinquebat,quam
1529 991 1666 1021 acceperat
1678 986 1850 1011 servientem.

1057 1025 1126 1051 Ilaec
1137 1029 1199 1051 sunt
1210 1024 1317 1054 solatia,
1336 1024 1400 1050 haec
1413 1024 1526 1050 tomenta
1538 1031 1706 1049 summorum
1718 1022 1851 1048 dolorum.

1112 1062 1195 1088 XXV.
1217 1064 1259 1088 60.
1282 1062 1371 1091 Dices,
1387 1061 1454 1096 quid
1467 1062 1492 1087 in
1505 1060 1587 1095 pace?
1601 1060 1667 1095 quid
1679 1058 1771 1085 domi?
1785 1058 1852 1093 quid

1058 1100 1084 1125 in
1097 1098 1213 1125 lectulo?
1225 1098 1265 1125 Ad
1281 1098 1457 1133 philosophos
1474 1107 1515 1124 me
1529 1106 1651 1128 revocas,
1669 1097 1717 1132 qui
1729 1097 1756 1122 in
1768 1097 1853 1122 aciem

1058 1145 1108 1162 non
1120 1144 1199 1171 saepe
1212 1135 1353 1170 prodeunt.
1395 1136 1414 1161 E
1431 1135 1533 1170 quibus
1550 1135 1629 1161 homo
1644 1142 1708 1160 sane
1723 1133 1790 1159 levis
1802 1133 1854 1159 110-

1057 1173 1185 1200 racleotes
1200 1173 1358 1208 DionysiuS,
1375 1181 1460 1207 quum
1476 1180 1490 1198 a
1506 1173 1610 1198 Zenone
1626 1171 1700 1197 sortis
1710 1179 1769 1197 esse
1780 1170 1854 1196 didi-

1057 1211 1146 1241 cisset,
1160 1219 1174 1236 a
1184 1210 1274 1237 dolore
1285 1209 1418 1236 deductus
1429 1214 1478 1236 est.
1520 1210 1586 1235 Nam
1598 1217 1683 1243 quum
1695 1216 1729 1234 ex
1742 1208 1854 1234 renibus

1058 1248 1201 1278 laboraret,
1224 1248 1283 1282 ipso
1300 1248 1326 1273 in
1343 1247 1444 1273 eiulatu
1460 1246 1628 1276 clamitabat,
1646 1245 1711 1272 falsa
1726 1253 1784 1271 esse
1796 1244 1851 1275 illa,

1056 1293 1126 1321 quae
1147 1290 1223 1312 antea
1243 1284 1276 1311 do
1296 1284 1387 1311 dolore
1408 1285 1466 1319 ipse
1486 1285 1625 1310 sensisset.
1665 1282 1750 1315 Quem
1767 1290 1853 1317 quum

1056 1322 1199 1349 Cleanthes
1211 1321 1415 1357 condiscipulus
1427 1325 1544 1357 rogaret,
1562 1328 1695 1356 quaenam
1711 1320 1778 1346 ratio
1791 1327 1853 1345 eum

1056 1360 1089 1386 de
1101 1360 1231 1386 sententia
1247 1359 1419 1389 deduxisset,
1437 1358 1588 1394 respondit,
1601 1357 1684 1390 Quia.
1699 1365 1785 1392 quum
1795 1361 1855 1382 tan-

1057 1403 1113 1424 tum
1132 1405 1227 1432 operae
1243 1396 1431 1431 philosophiae
1450 1395 1601 1426 dedissem,
1624 1394 1743 1421 dolorem
1765 1399 1854 1420 tamen

1058 1435 1124 1461 ferre
1136 1443 1188 1461 non
1199 1442 1320 1469 possem,
1338 1434 1404 1460 satis
1419 1438 1489 1460 esset
1499 1433 1664 1468 argumenti,
1682 1431 1783 1458 malum
1795 1439 1854 1457 esse

1056 1471 1186 1499 dolorem.
1226 1471 1361 1498 Plurimos
1372 1475 1462 1497 autem
1474 1478 1557 1497 annos
1570 1470 1596 1496 in
1608 1468 1779 1504 philosophia
1789 1476 1855 1494 con-

1057 1509 1177 1544 sumpsi,
1195 1517 1243 1535 nec
1260 1508 1328 1535 ferre
1343 1516 1469 1543 possum:
1493 1507 1594 1534 malum
1609 1511 1650 1533 est
1665 1506 1749 1542 igitur
1767 1504 1853 1532 dolor.

1057 1547 1126 1573 Tum
1137 1546 1303 1577 Cleanthem,
1311 1554 1397 1580 quum
1411 1545 1478 1581 pede
1489 1549 1586 1571 terram
1598 1543 1786 1579 percussisset,
1794 1550 1856 1568 ver-

1057 1593 1118 1611 sum
1129 1592 1163 1610 ex
1173 1584 1304 1619 Epigonis
1316 1583 1406 1609 ferunt
1417 1582 1534 1609 dixisse:

1093 1622 1206 1648 Audisne
1217 1623 1287 1651 haec,
1298 1622 1461 1653 Amphiarae,
1474 1621 1520 1645 sub
1531 1624 1628 1645 terram
1638 1615 1744 1644 abdite?

1057 1660 1098 1685 61.
1111 1659 1244 1685 Zenonem
1256 1657 1439 1693 significabat:
1453 1665 1466 1683 a
1478 1664 1532 1691 quo
1543 1655 1621 1682 illum
1632 1654 1795 1690 degenerare
1806 1652 1856 1678 do-

1058 1696 1138 1722 lebat.
1176 1695 1210 1722 At
1221 1703 1272 1721 non
1285 1699 1374 1721 noster
1384 1693 1558 1720 Posidonius:
1576 1700 1657 1727 quem
1669 1696 1695 1717 et
1705 1691 1763 1725 ipse
1774 1698 1855 1724 saepe

1057 1733 1124 1763 vidi,
1138 1737 1163 1759 et
1173 1732 1201 1759 id
1213 1732 1311 1762 dicam,
1324 1731 1396 1766 quod
1409 1730 1511 1757 solebat
1521 1737 1628 1756 narrare
1642 1728 1800 1762 Pompeius:
1814 1735 1852 1757 se,

1057 1779 1142 1805 quum
1149 1769 1273 1796 Rhodum
1289 1769 1407 1795 venisset
1418 1766 1552 1793 decedens
1562 1774 1595 1792 ex
1601 1765 1688 1801 Syria,
1702 1764 1795 1791 audire
1806 1772 1855 1790 vo-

1058 1807 1141 1833 luisse
1151 1806 1340 1833 Posidonium:
1356 1804 1403 1831 sed
1415 1813 1501 1840 quum
1512 1803 1675 1833 audivisset,
1689 1810 1751 1828 eum
1762 1802 1854 1836 gravi-

1057 1849 1096 1871 ter
1109 1853 1168 1871 esse
1184 1852 1308 1879 aegrum,
1325 1842 1398 1878 quod
1411 1842 1586 1869 vehementer
1595 1841 1655 1867 eius
1665 1844 1738 1868 artus
1751 1838 1855 1867 tabora-

1057 1886 1128 1913 rent,
1146 1881 1266 1908 voluisse
1281 1885 1370 1907 tamen
1385 1880 1588 1907 nobilissimum
1604 1878 1798 1914 philosophum
1812 1878 1855 1904 vi-

1057 1927 1128 1946 sere:
1151 1927 1233 1954 quem
1251 1923 1280 1945 ut
1295 1918 1409 1944 vidisset
1423 1922 1448 1944 et
1462 1917 1634 1944 salutavisset
1645 1915 1855 1950 honorificisque

1058 1956 1148 1983 verbis
1164 1960 1322 1992 prosecutus
1337 1959 1409 1981 esset
1423 1954 1590 1989 molesteque
1605 1961 1634 1980 se
1648 1953 1763 1979 dixisset
1774 1951 1852 1982 serre,

1056 1993 1129 2029 quod
1140 2002 1203 2020 eum
1215 2002 1266 2020 non
1276 1997 1367 2028 posset
1377 1991 1484 2023 audire:
1502 1996 1528 2018 at
1539 1990 1598 2022 ille,
1612 1991 1652 2017 Tu
1663 1998 1740 2019 vero,
1754 1989 1851 2024 inquit,

1057 2035 1145 2065 potes:
1167 2039 1217 2057 nec
1232 2030 1412 2059 committam,
1428 2034 1459 2055 ut
1473 2028 1549 2055 dolor
1562 2029 1681 2062 corporis
1695 2026 1807 2057 efficiat,
1824 2030 1854 2052 ut

1057 2068 1154 2095 frustra
1174 2072 1264 2095 tantus
1284 2067 1327 2093 vir
1346 2066 1380 2093 ad
1400 2074 1443 2092 me
1459 2066 1572 2093 venerit.
1612 2066 1703 2099 Itaque
1719 2063 1851 2093 narrabat,

1056 2114 1118 2132 eum
1129 2106 1248 2141 graviter
1257 2109 1283 2131 et
1292 2104 1400 2139 copiose
1409 2103 1443 2129 de
1454 2103 1504 2130 hoc
1514 2104 1582 2137 ipso,
1590 2101 1660 2128 nihil
1670 2109 1730 2127 esse
1740 2101 1851 2129 bonum.

1056 2144 1109 2169 nisi
1129 2142 1202 2178 quod
1222 2142 1366 2168 honestum
1386 2145 1470 2171 esset,
1492 2140 1635 2167 cubantem
1653 2138 1850 2173 disputavisse:

1055 2188 1197 2215 quumque
1211 2179 1291 2214 quasi
1308 2178 1380 2205 faces
1390 2178 1415 2204 ei
1425 2177 1526 2204 doloris
1537 2176 1757 2205 admoverentur,
1773 2181 1853 2208 saepe

1055 2217 1173 2247 dixisse,
1195 2215 1289 2243 »Nihil
1311 2216 1383 2252 agis,
1405 2214 1494 2241 dolor:
1516 2215 1644 2249 quamvis
1658 2214 1697 2239 sis
1712 2211 1850 2241 molestus,

1056 2262 1205 2289 numquam
1225 2258 1251 2280 te
1271 2261 1330 2280 esse
1348 2252 1495 2279 confitebor
1515 2251 1647 2278 malum.n
1682 2249 1852 2283 Omninoque

1055 2300 1149 2318 omnes
1163 2290 1229 2317 01311
1244 2295 1270 2317 et
1290 2289 1425 2317 nobilitati
1446 2289 1550 2316 labores
1568 2285 1764 2314 contemnendo
1785 2285 1852 2311 fiunt

1056 2329 1136 2355 etiam
1149 2327 1311 2355 tolerabiles.
1341 2326 1440 2353 XXVI.
1455 2327 1498 2353 62.
1513 2325 1687 2354 Videmusne,
1700 2322 1773 2358 apud
1783 2330 1852 2357 quos

1055 2366 1198 2402 magistros
1209 2373 1303 2392 eorum
1314 2364 1454 2394 ludorum,
1476 2363 1525 2398 qui
1535 2361 1656 2398 gymnici
1667 2360 1849 2389 nominantur,

1056 2412 1171 2439 magnus
1182 2402 1267 2429 honos
1277 2402 1326 2432 sit,
1343 2400 1451 2428 nullum
1462 2400 1495 2427 ab
1507 2400 1555 2430 iis,
1572 2399 1621 2434 qui
1636 2399 1664 2424 111
1678 2396 1706 2423 id
1717 2401 1850 2423 certamen

1055 2439 1233 2471 descendant,
1250 2439 1366 2465 devitari
1375 2436 1513 2464 dolorem?
1529 2435 1609 2471 Apud
1624 2443 1692 2470 quos
1703 2439 1792 2460 autem
1805 2441 1852 2459 ve—

1055 2477 1138 2504 nandi
1157 2482 1183 2504 et
1204 2475 1345 2511 equitandi
1366 2474 1426 2502 laus
1440 2475 1526 2510 viget,
1548 2473 1597 2508 qui
1612 2472 1681 2498 hanc
1698 2475 1848 2506 petessant,

1055 2514 1161 2541 nullum
1172 2513 1281 2550 fugiunt
1292 2512 1422 2540 dolorem.
1459 2509 1532 2543 Quid
1542 2509 1576 2536 de
1586 2509 1684 2536 nostris
1695 2508 1851 2534 ambitioni—

1054 2552 1106 2578 bus
1114 2572 1120 2583 ,
1137 2551 1206 2587 quid
1220 2550 1254 2577 de
1264 2550 1413 2585 cupiditate
1422 2548 1555 2575 bonorum
1567 2545 1678 2581 loquar?
1690 2545 1764 2578 Quae
1774 2544 1850 2571 113111-

1054 2597 1096 2615 1113
1111 2593 1164 2619 est,
1181 2596 1230 2623 per
1243 2596 1326 2623 quam
1340 2595 1394 2613 non
1409 2584 1575 2612 cucurrerint
1590 2584 1624 2615 ii,
1640 2583 1688 2618 qui
1705 2583 1770 2609 haec
1784 2581 1850 2608 olim

1054 2627 1162 2660 punctis
1171 2625 1289 2661 singulis
1299 2621 1478 2659 colligebant?
1488 2622 1580 2656 Itaque
1590 2628 1698 2655 semper
1706 2619 1850 2646 Africanus

1053 2663 1221 2690 Socraticum
1231 2660 1438 2697 Xenophontem
1448 2659 1477 2686 in
1487 2658 1614 2686 manibus
1624 2657 1755 2684 habebat:
1769 2656 1850 2683 cuius
