1941 3052
202 158 250 183 :tto

203 230 294 255 Nonne
312 229 388 255 vobis
408 229 433 255 id
452 230 539 262 egisse
559 229 675 257 videtur,
698 233 725 254 ut
741 237 791 255 non
807 230 888 255 uniunt
904 228 994 255 lihidi-
1022 230 1025 247 ¹

202 276 261 292 ιιι-ιη
271 287 276 297 ,
294 276 343 293 non
359 275 421 292 suos
436 267 538 295 mulos,
560 266 605 291 sed
620 266 740 291 oninium
755 266 993 300 cupidissimorum

203 304 328 333 insanias,
345 312 429 338 quum
442 304 548 329 Romam
565 303 725 332 revertisset,
743 302 880 337 expleret?
891 303 942 335 Qui
957 303 995 329 si-

202 341 256 367 mul
277 346 355 375 utque
375 342 400 366 in
418 340 546 374 oppidum
565 339 710 374 quodpiam
727 345 846 369 venerat.
867 340 995 366 immitto-

202 378 298 404 lmntur
317 378 353 403 illi
373 378 498 403 continuo
511 377 653 411 Cibyratici
672 385 765 407 canes,
787 378 834 411 qui
850 377 995 411 investiga·

202 415 263 441 bunt
278 419 302 440 ct
318 414 551 448 1›‹=rs‹-ruiat›.··ntnr
564 414 662 439 omnia.
698 414 725 440 Si
740 414 812 448 quod
827 419 881 440 erat
894 414 994 449 grando

203 462 248 477 vus
262 456 287 477 ct
302 452 387 477 innius
401 460 468 485 opus
484 451 631 481 inventum,
649 450 707 476 laeti
723 451 880 477 afferebant:
905 452 928 477 ai
944 452 995 477 mi-

202 498 251 515 nus
266 488 396 513 eiusmodi
411 488 550 522 quippiam
563 488 651 514 venari
663 492 810 522 potuerant,
828 488 872 515 illa
883 488 993 523 quidem

200 531 270 551 corte
289 534 335 559 pro
355 524 502 558 lepusculis
520 524 706 559 capiebantur,
731 525 857 560 patellae,
878 531 991 561 paterae,

201 562 327 588 turibula.
369 562 415 587 llic
433 570 501 596 quos
521 562 619 596 putatis
638 561 715 588 fletus
738 562 897 593 mulierum.
925 571 993 598 quas

201 599 400 625 lamentationes
417 599 470 625 lieri
486 598 577 625 solitas
592 607 652 625 csse
666 600 692 626 in
708 599 782 626 hisce
801 600 900 626 rebus?
925 609 993 635 quae

200 637 308 662 forsitan
324 636 400 662 vobis
415 645 511 670 parvae
525 644 585 662 esse
599 636 753 664 videantur:
769 637 815 663 sed
831 646 958 673 magnum
969 642 995 664 ct

199 673 323 699 acerbum
342 673 459 700 dolorem
477 679 658 705 commovent,
683 674 850 701 mulierculis
875 683 995 709 praeser-
1014 676 1016 687 ¹

199 711 259 739 tim,
280 719 366 745 quum
381 711 532 745 eripiuntur
545 719 559 737 o
573 711 698 738 manibus
716 721 760 743 ea,
780 712 882 747 quibus
900 712 932 738 ud
951 720 993 739 res

198 748 304 774 divinas
320 749 356 774 uti
371 752 542 779 consuerunt,
557 756 627 783 quae
640 758 654 776 a
668 750 726 776 suis
740 754 908 785 acceperunt,
923 758 992 785 quae

198 785 224 812 in
240 785 339 811 familia
354 793 460 820 semper
474 785 591 812 fuerunt.

254 822 339 849 xxu.
362 823 402 849 158.
426 823 472 849 llic
491 823 572 849 nolite
589 827 757 858 exspectare.
779 824 845 850 dum
864 832 914 858 ego
928 823 992 851 haec

197 859 310 886 crimina
336 868 412 895 agam
438 860 568 891 ostiatim,
596 861 630 887 ab
656 860 788 897 Aeschylo
814 862 992 897 Tyndaritano
1013 893 1014 898 ¹

198 897 279 923 istum
295 902 412 932 pateram
426 897 583 929 abstulisse,
606 906 620 924 a
634 898 769 925 Thrasone
784 899 846 925 item
861 899 992 934 Tyndari-

197 938 259 961 tano
269 934 402 968 patellam,
418 943 431 960 a
443 935 633 970 Nymphodoro
644 935 817 972 Agrigentino
829 936 990 962 turibulum.

197 970 286 1003 Quum
302 976 381 998 testes
396 980 429 998 ex
442 971 533 998 Sicilia
547 972 628 1003 dabo,
645 981 726 1008 quem
741 973 823 1004 volet,
840 973 886 1000 ille
899 973 988 1007 eligat,

196 1017 278 1044 quem
293 1017 341 1044 ego
356 1009 515 1045 interrogem
529 1009 562 1036 de
576 1009 694 1045 patellis,
716 1011 827 1044 pateris,
848 1009 989 1037 turibulis:

197 1054 249 1085 non
257 1046 470 1081 modooppidum
478 1046 592 1078 nullum,
605 1047 651 1073 sed
663 1055 696 1074 ne
705 1047 802 1074 domus
813 1047 924 1083 quidem
937 1047 990 1074 ulla

196 1083 288 1118 paullo
307 1083 462 1118 locupletior
479 1092 575 1119 expers
594 1084 676 1111 huius
698 1085 812 1111 iniuriae
833 1086 989 1120 reperietur.

196 1120 248 1153 Qui
259 1129 343 1155 quum
355 1121 381 1147 in
391 1121 545 1147 convivium
557 1122 684 1153 venisset,
700 1123 722 1148 si
733 1122 883 1158 quidquam
898 1122 990 1148 caelati

197 1162 349 1192 aspexerat,
370 1167 479 1184 manuni
499 1158 643 1190 abstinere,
664 1159 782 1190 iudices,
807 1169 859 1186 non
879 1164 988 1195 poterat.

196 1195 245 1222 Cn.
261 1195 404 1230 Pompeius
421 1200 461 1222 est
479 1195 567 1226 Philo,
587 1197 635 1231 qui
654 1196 705 1223 fuit
719 1196 925 1232 Tyndaritanus.
966 1197 990 1223 Is

195 1240 303 1259 caenam
318 1233 362 1259 isti
377 1233 456 1259 dabat
469 1233 540 1268 apud
559 1233 650 1260 villam
669 1234 697 1260 in
712 1234 900 1270 Tyndaritano.
941 1234 991 1260 Fe-

195 1270 243 1301 cit,
264 1269 335 1304 quod
350 1269 433 1296 Siculi
453 1279 503 1296 non
523 1270 669 1297 audebant:
694 1271 752 1302 ille,
773 1272 840 1298 civis
854 1272 990 1298 Romanus

195 1306 267 1342 quod
282 1311 344 1337 erat,
361 1307 501 1342 impunius
515 1307 543 1334 id
557 1317 585 1334 se
599 1308 731 1334 facturum
746 1309 860 1343 putavit.
900 1309 991 1343 Appo—

195 1345 251 1370 suit
264 1344 397 1379 patellam,
414 1345 441 1371 in
455 1353 507 1380 qua
522 1345 610 1380 sigilla
625 1350 699 1372 erant
712 1346 828 1381 egregia.
862 1346 913 1372 Iste
926 1354 990 1372 con-

195 1382 270 1408 tinuo
283 1385 313 1408 ut
327 1381 406 1412 vidit,
428 1390 480 1408 non
498 1381 632 1409 dubitavit
651 1382 718 1409 illud
731 1384 838 1419 insigne
851 1384 989 1418 penatium

194 1418 424 1454 hospitaliumque
441 1419 553 1446 deorum
571 1428 605 1446 ex
623 1420 749 1455 hospitali
767 1429 859 1447 mensa
882 1420 986 1447 tollere:

193 1455 241 1482 sed
256 1460 352 1486 tamen.
368 1456 441 1491 quod
455 1461 530 1483 antea
544 1456 577 1483 de
591 1457 669 1483 istius
683 1457 843 1484 abstinentia
857 1457 987 1490 dixeram,

193 1493 292 1529 sigillis
311 1493 413 1520 avulsis
431 1493 565 1528 reliquum
584 1499 724 1530 argentum
738 1495 796 1521 sine
811 1494 865 1522 ulla
879 1496 989 1522 avaritia

193 1530 319 1557 reddidit.
360 1531 400 1557 49.
422 1530 512 1563 Quid?
536 1531 684 1566 Eupolemo
709 1532 857 1564 Calactino,
886 1532 989 1559 homini

193 1567 290 1598 nobili,
307 1567 481 1595 Lucullorum
496 1569 595 1604 hospiti
609 1578 638 1596 ac
652 1569 840 1604 perfamiliari,
855 1570 903 1605 qui
918 1578 989 1596 nunc

193 1605 264 1639 apud
279 1606 426 1632 exercitum
439 1614 502 1632 cum
516 1607 545 1632 L.
561 1606 674 1634 Lucullo
688 1611 740 1638 est,
757 1615 809 1634 non
823 1607 894 1634 idem
909 1606 989 1633 fecit?

193 1642 325 1669 Caenabat
342 1643 414 1677 apud
432 1651 508 1670 eum:
536 1648 676 1679 argentum
693 1644 740 1670 ille
757 1649 875 1671 ceterum
889 1653 988 1679 purum

192 1684 360 1714 apposuerat,
377 1688 411 1706 ne
423 1689 509 1715 purus
522 1681 581 1715 ipse
595 1681 805 1716 relinqueretur:
825 1681 879 1708 duo
893 1681 988 1717 pocula

192 1725 244 1743 non
259 1725 363 1753 magna,
380 1722 564 1744 verumtamen
575 1726 637 1744 cum
648 1718 826 1745 emblematis.
848 1719 904 1749 Hic,
920 1723 989 1745 tam-
1009 1741 1010 1744 .

192 1762 274 1788 quam
289 1753 416 1780 festivum
430 1763 563 1786 acroama,
579 1763 613 1782 ne
626 1756 684 1782 sine
697 1755 836 1782 corollario
849 1756 883 1782 de
896 1756 989 1783 convi-

192 1791 236 1817 vio
249 1791 406 1822 discederet,
422 1791 537 1824 ibidem,
552 1793 674 1819 convivis
688 1793 915 1828 inspectantibus,
931 1802 989 1820 em-

192 1828 307 1854 blemata
325 1828 463 1855 evellenda
482 1830 594 1856 curavit.
635 1830 728 1866 Neque
746 1839 795 1866 ego
815 1839 887 1857 nunc
908 1831 988 1857 istius

193 1864 260 1891 facta
277 1866 366 1892 omnia
385 1874 541 1893 enumerare
558 1875 652 1894 conor:
676 1876 764 1902 neque
778 1876 846 1903 opus
865 1872 918 1899 est,
939 1876 988 1894 nec

193 1901 248 1928 fieri
263 1902 318 1929 ullo
332 1903 411 1930 modo
423 1908 519 1938 potest.
549 1904 746 1932 Tantummodo
759 1906 840 1932 unius
853 1906 988 1940 cuiusque

191 1939 225 1966 de
236 1940 307 1966 varia
317 1940 487 1975 improbitate
496 1941 602 1977 generis
612 1941 710 1968 indicia
721 1942 792 1978 apud
804 1951 851 1969 vos
861 1947 887 1969 et
897 1951 988 1969 exem-

192 1976 235 2012 pla
250 1976 362 2012 profero.

192 2019 327 2049 tamquam
347 2016 475 2042 rationem
493 2015 637 2051 aliquando
655 2020 726 2043 esset
744 2017 912 2044 redditurus:
939 2017 987 2044 sed

192 2060 302 2086 prorsus
316 2051 365 2083 ita,
385 2053 463 2087 quasi
481 2057 527 2080 aut
543 2062 606 2079 rens
620 2062 769 2089 numquam
783 2059 855 2081 esset
869 2054 985 2085 futurus,

191 2093 250 2119 aut,
266 2097 320 2124 quo
334 2089 411 2124 plura
424 2090 594 2122 abstulisset,
610 2099 641 2117 eo
654 2091 757 2118 minore
770 2091 889 2126 periculo
903 2093 931 2118 in
945 2092 988 2118 iu-

191 2126 293 2152 dicium
307 2131 379 2153 esset
392 2132 536 2154 venturus:
551 2128 599 2163 qui
614 2128 686 2160 haec,
703 2137 772 2163 quae
785 2129 854 2160 dico,
870 2129 922 2156 iam
934 2137 987 2156 non

191 2163 303 2194 occulte,
319 2172 372 2190 non
386 2173 433 2199 per
446 2165 545 2191 amicos
559 2169 639 2200 atque
653 2166 820 2201 interpretes,
836 2166 884 2193 sed
897 2166 986 2202 palam

191 2200 224 2226 de
243 2200 299 2227 loco
317 2202 453 2236 superiore
471 2207 573 2238 ageret,
598 2211 646 2238 pro
662 2204 776 2238 imperio
798 2208 824 2230 et
845 2208 985 2239 potestate.

191 2237 288 2264 XXIII.
310 2239 352 2264 50.
374 2238 494 2265 Catinam
509 2248 594 2275 quum
614 2241 745 2272 venisset,
764 2241 895 2276 oppidum
914 2241 988 2268 locu-

191 2274 258 2310 ples,
270 2275 422 2307 honestum,
433 2277 581 2311 copiosum,
594 2277 816 2314 Dionysiarchum
827 2278 860 2305 ad
870 2287 899 2305 se
910 2287 988 2314 proa-

190 2320 295 2348 gorum,
311 2312 361 2339 hoc
371 2318 421 2345 est,
436 2322 574 2340 summum
585 2315 781 2351 magistratum,
798 2316 984 2343 vocariiubet:

191 2350 214 2376 ei
233 2349 321 2385 palam
339 2350 465 2385 imperat,
490 2356 520 2378 ut
540 2360 620 2378 omne
642 2357 795 2388 argentum,
819 2353 892 2388 quod
914 2353 987 2388 apud

190 2394 326 2422 quemque
340 2392 410 2414 esset
424 2387 544 2420 Catinae,
564 2389 777 2424 conquirendum
795 2395 900 2417 curaret
913 2395 939 2417 et
952 2390 986 2417 ad

191 2431 220 2449 se
238 2423 462 2452 transferendum.
502 2425 675 2453 Philarchum
689 2427 909 2462 Centuripinum,
929 2428 986 2463 pri-

192 2468 266 2486 mum
284 2461 420 2488 hominem
439 2471 549 2498 genere,
573 2463 684 2495 virtute,
709 2465 835 2499 pecunia,
859 2473 911 2491 non
935 2465 985 2491 hoc

192 2496 261 2523 idem
281 2498 397 2525 iuratum
416 2499 503 2526 dicere
521 2500 648 2532 audistis,
672 2501 725 2528 sibi
744 2502 828 2528 istum
846 2503 984 2538 negotium

191 2533 298 2560 dedisse
311 2539 391 2570 atque
404 2537 592 2572 imperavisse,
611 2542 642 2564 ut
655 2538 851 2573 Centuripinis,
871 2540 899 2566 in
917 2539 986 2566 civi-

192 2575 243 2596 tate
261 2572 342 2598 totius
361 2572 467 2600 Siciliae
485 2575 570 2601 multo
588 2575 704 2602 maxima
721 2579 748 2602 et
762 2575 981 2610 locupletissima,

191 2615 269 2634 omne
281 2613 420 2644 argentum
434 2612 602 2646 conquireret
615 2617 640 2639 et
653 2612 687 2639 ad
700 2621 728 2638 se
737 2614 897 2647 comportari
906 2613 985 2640 iube-

192 2643 248 2670 ret‘?
273 2646 373 2681 Agyrio
391 2647 514 2674 similiter
532 2649 611 2675 istius
631 2649 743 2684 imperio
766 2658 829 2676 vasa
848 2650 984 2677 Corinthia

192 2689 239 2716 per
255 2681 459 2716 Apollodorum,
479 2693 560 2720 quem
579 2690 673 2713 testem
687 2686 813 2718 audistis,
837 2686 983 2723 Syracusas

404 1978 497 2013 Neque
511 1979 583 2005 enirn
597 1979 632 2005 ita
647 1987 676 2005 se
689 1979 774 2015 gessit
786 1980 814 2006 in
833 1980 876 2006 his
894 1980 985 2010 rebus,
1016 1998 1017 2017 ³

1016 2045 1017 2048 ,
1039 2027 1090 2044 non
1109 2017 1234 2044 reddidit.

772 160 813 185 23.
850 159 884 185 M.
919 159 949 185 Τ.
983 159 1258 186 ClCBRONlS

1045 229 1180 264 deportata
1195 234 1266 256 sunt.
1288 231 1330 256 51.
1346 230 1392 257 llln
1403 238 1465 257 vero
1477 232 1576 266 optima
1590 237 1640 262 est,
1654 231 1736 267 quod.
1751 240 1836 267 quum

1046 267 1078 292 ad
1093 267 1248 293 Haluntium
1264 268 1380 294 venisset
1394 273 1496 302 praetor
1511 268 1658 295 tatmimus
1672 273 1697 295 et
1710 269 1837 302 diliuene,

1047 304 1104 338 ipse
1123 303 1148 329 in
1167 304 1296 338 oppidum
1315 305 1439 331 accedere
1459 304 1556 336 noluit.
1578 306 1650 340 quod
1665 311 1720 332 erat
1732 303 1837 333 difficili

1022 354 1023 360 ι
1046 349 1158 366 ascensu
1172 346 1252 376 atque
1265 341 1361 371 arduo.
1377 341 1575 377 Archagathum
1589 343 1773 373 Haluntinum,
1791 343 1839 370 ho-

1047 378 1146 403 minem
1162 386 1213 404 non
1227 378 1314 404 solum
1329 378 1402 404 domi
1416 388 1493 410 sune,
1509 380 1556 405 sed
1571 385 1622 406 tota
1636 380 1727 406 Sicilia
1742 381 1768 407 in
1784 381 1839 415 pri·

1047 415 1098 440 mis
1117 415 1248 445 nobilem,
1269 416 1356 441 vocari
1375 417 1469 442 iussit:
1492 417 1515 443 ei
1535 425 1568 443 ne
1588 418 1672 443 otium
1690 417 1777 445 dedit.
1799 423 1836 448 ut.

1045 451 1179 486 quidquid
1195 452 1300 478 llalunti
1315 457 1386 479 essct
1403 454 1504 488 argenti
1523 462 1568 480 cae
1579 455 1629 485 eti,
1649 459 1708 485 aut.
1730 455 1753 481 si
1772 454 1838 490 quid

1045 489 1124 515 etiam
1138 489 1350 521 Corinthiorum,
1371 489 1398 516 id
1416 498 1495 516 omne
1508 492 1597 517 statim
1611 491 1644 517 od
1659 500 1730 518 mare
1744 500 1777 518 ex
1790 500 1840 527 op—

1046 525 1108 560 pido
1126 526 1318 560 deportaretur.
1359 527 1486 553 Ascendit
1507 528 1534 554 in
1556 528 1684 563 oppidum
1705 529 1840 565 Archaga-

1046 563 1119 589 thus.
1141 564 1224 590 llomo
1238 564 1345 594 nobilis,
1361 565 1408 599 qui
1423 573 1436 590 a
1451 565 1509 591 suis
1522 569 1549 591 et
1561 566 1643 592 amari
1657 570 1683 592 et
1693 565 1770 601 diligi
1783 566 1839 593 vel-

1047 600 1094 631 let,
1119 600 1219 627 ferebat
1236 602 1365 635 graviter,
1391 601 1464 628 illam
1482 602 1535 628 sibi
1553 602 1587 628 ab
1605 603 1657 629 isto
1674 604 1837 638 provinciam

1045 637 1142 668 datam,
1159 647 1216 669 nec,
1231 638 1297 673 quid
1313 638 1417 669 faceret,
1434 639 1558 665 habebat.
1593 640 1756 671 Pronuntiat,
1771 640 1838 676 quid

1045 675 1097 701 sibi
1116 676 1275 710 imperatum
1294 681 1377 702 esset:
1405 676 1480 703 iubet
1499 685 1593 703 omnes
1617 676 1746 712 proferre,
1769 686 1839 713 quae

1045 712 1181 738 haberent.
1215 713 1300 739 Metus
1313 718 1368 739 erat
1382 722 1517 740 summus.
1551 714 1610 749 lpse
1623 715 1694 740 enim
1709 719 1839 750 tyrannus

1045 758 1096 776 non
1114 749 1270 776 discedebat
1289 750 1408 786 longius:
1435 751 1635 787 Archagathum
1654 756 1680 778 et
1696 757 1837 787 argentum

1044 787 1071 813 in
1091 786 1180 813 lectica
1199 788 1301 814 cubans
1319 788 1352 814 ad
1371 796 1442 814 mare
1460 788 1528 815 inl'ra
1547 789 1678 823 oppidum
1699 794 1839 824 exspocta-

1044 823 1097 850 bat.
1123 825 1165 851 52.
1180 824 1266 857 Quem
1279 833 1439 851 concursum
1453 826 1480 852 in
1494 826 1593 860 oppido
1607 825 1705 852 factum
1720 825 1839 861 putatis?

1043 869 1124 896 quem
1139 861 1301 888 clamorem?
1317 871 1398 897 quem
1413 871 1491 897 porro
1504 862 1594 889 netum
1609 863 1773 890 mulierum?
1788 864 1837 899 qui

1044 898 1164 925 viderent
1181 907 1282 934 equum
1301 899 1444 926 Troianum
1463 900 1657 931 introductum,
1681 901 1775 927 urbem
1793 909 1839 927 ca-

1043 939 1115 970 ptam
1130 944 1188 963 esse
1202 936 1330 963 dicerent.
1371 937 1464 963 Ell'erri
1477 938 1537 964 sine
1551 937 1635 964 thecis
1653 946 1728 968 vasa,
1748 942 1839 965 extor-

1042 973 1119 1008 queri
1133 973 1183 1000 alia
1197 973 1230 1000 de
1244 974 1370 1000 manibus
1388 974 1546 1005 mulierum,
1567 974 1671 1010 effringi
1690 975 1837 1002 multorum

1044 1010 1121 1041 sores,
1138 1011 1231 1037 revelli
1244 1011 1370 1037 claustra.
1410 1011 1480 1044 Quid
1494 1012 1566 1038 enim
1581 1011 1698 1046 putatis?
1720 1012 1800 1039 Scuta
1812 1013 1836 1039 si

1041 1047 1150 1083 quando
1163 1049 1359 1083 conquiruntur
1372 1057 1385 1074 a
1401 1049 1511 1083 privatis
1526 1049 1553 1075 in
1567 1048 1638 1075 bello
1654 1058 1684 1075 ac
1702 1049 1835 1076 tumultu:

1042 1089 1129 1111 tamen
1145 1085 1267 1112 homines
1281 1086 1358 1112 inviti
1372 1085 1449 1117 dant,
1469 1087 1519 1112 etsi
1537 1086 1570 1112 ad
1588 1086 1702 1113 salutem
1716 1095 1838 1113 commu-

1043 1130 1103 1148 nem
1121 1122 1179 1149 dari
1198 1123 1331 1150 sentiunt:
1360 1131 1392 1149 nc
1414 1132 1495 1158 quem
1518 1124 1618 1159 putetis
1639 1124 1698 1150 sine
1719 1124 1838 1150 maximo

1041 1159 1131 1187 dolore
1145 1165 1284 1196 argentum
1298 1160 1430 1187 caelatum
1443 1160 1531 1191 domo,
1547 1160 1619 1196 quod
1632 1160 1700 1187 alter
1712 1161 1834 1196 eriperet,

1042 1197 1195 1232 protulisse.
1236 1198 1331 1224 Omnia
1345 1197 1517 1224 deferuntur:
1533 1198 1671 1233 Cibyratae
1686 1198 1779 1225 fratres
1789 1206 1837 1225 vo-

1040 1239 1147 1262 cantur:
1163 1243 1246 1269 pauca
1261 1235 1427 1270 improbant:
1442 1243 1511 1270 quae
1522 1235 1671 1270 probaram,
1688 1236 1722 1262 iis
1731 1240 1837 1262 crustae

1041 1277 1086 1298 aut
1099 1272 1259 1299 emblemata
1273 1272 1488 1299 detrahebantur.
1519 1273 1564 1299 Sic.
1577 1272 1724 1303 Haluntini,
1740 1281 1837 1299 excus-

1040 1310 1079 1336 sis
1096 1309 1215 1340 deliciis,
1235 1318 1297 1336 cum
1315 1314 1427 1345 argento
1445 1318 1513 1344 puro
1530 1309 1641 1336 domum
1660 1314 1834 1337 reverterunt.

1040 1346 1137 1373 XXIV.
1153 1348 1195 1373 53.
1216 1346 1293 1379 Quod
1307 1355 1446 1382 umquam,
1462 1346 1574 1378 iudices,
1591 1346 1747 1374 huiusmodi
1760 1355 1837 1374 ever-

1041 1383 1157 1410 riculum
1175 1384 1202 1410 in
1222 1384 1267 1410 illa
1286 1384 1423 1418 provincia
1441 1383 1510 1410 suit?
1539 1384 1664 1411 Avertere
1681 1384 1785 1420 aliquid
1802 1384 1836 1411 de

1041 1421 1149 1455 publico
1170 1429 1251 1456 quam
1274 1421 1467 1448 obscurissime
1488 1430 1536 1456 per
1556 1422 1741 1457 magistratum
1767 1421 1836 1448 sole·

1041 1459 1117 1485 bant:
1146 1459 1226 1485 etiam
1244 1458 1349 1494 aliquid
1367 1467 1381 1485 a
1399 1459 1503 1494 privato
1516 1467 1720 1494 nonnumquam
1733 1458 1836 1486 occulte

1039 1495 1208 1522 auferebant:
1237 1500 1263 1522 et
1286 1496 1314 1522 hi
1336 1500 1423 1523 tamen
1445 1496 1699 1523 condemnabantur.
1738 1496 1783 1526 Et,
1812 1497 1835 1523 si

1040 1534 1181 1569 quaeritis,
1197 1538 1228 1560 ut
1240 1534 1298 1568 ipse
1311 1533 1345 1559 de
1359 1542 1401 1560 me
1415 1533 1566 1560 detraham:
1591 1533 1652 1560 illos
1665 1542 1715 1570 ego
1727 1541 1835 1560 aecusa-

1040 1575 1109 1598 tores
1123 1575 1188 1605 puto
1202 1570 1294 1601 fuisse,
1310 1571 1357 1606 qui
1373 1570 1528 1597 huiusmodi
1542 1571 1682 1597 hominum
1693 1571 1762 1597 furta
1771 1570 1836 1598 odo-

1040 1617 1068 1634 re
1081 1613 1127 1634 aut
1140 1607 1231 1643 aliquo
1245 1607 1339 1634 leviter
1353 1616 1446 1643 presso
1461 1608 1577 1644 vestigio
1595 1608 1833 1643 persequebantur.

1040 1646 1107 1672 Nam
1127 1653 1174 1672 nos
1191 1645 1302 1680 quidem
1320 1645 1387 1680 quid
1404 1644 1520 1671 facimus
1540 1645 1569 1671 in
1586 1645 1680 1676 Verre,
1703 1653 1784 1680 quem
1807 1645 1834 1671 in

1041 1682 1096 1709 luto
1115 1682 1263 1709 volutatum
1282 1683 1364 1708 totius
1380 1682 1499 1717 eorporis
1517 1682 1640 1718 vestigiis
1663 1681 1836 1709 invenimus?

1039 1720 1217 1756 Permagnum
1232 1724 1285 1750 est,
1301 1720 1328 1746 in
1343 1728 1404 1746 eum
1418 1719 1507 1746 dicere
1519 1719 1637 1754 aliquid,
1656 1720 1704 1754 qui
1718 1724 1835 1754 praeter-

1039 1757 1110 1788 iens,
1128 1757 1217 1783 lectica
1232 1756 1380 1792 paullisper
1392 1756 1521 1792 deposita,
1538 1765 1591 1783 non
1605 1765 1652 1791 per
1667 1757 1832 1793 praestigias,

1038 1794 1086 1820 sed
1099 1794 1187 1829 palam
1202 1802 1249 1829 per
1262 1799 1432 1829 potestatem,
1452 1802 1507 1821 uno
1519 1794 1645 1829 imperio,
1664 1794 1781 1821 ostiatim
1795 1798 1835 1821 to-

1039 1836 1096 1858 tum
1109 1831 1239 1866 oppidum
1253 1830 1422 1866 compilarit‘.>
1439 1831 1473 1858 At
1486 1835 1583 1862 tamen,
1599 1835 1629 1857 ut
1642 1835 1733 1866 posset
1745 1831 1834 1858 dicere

1015 1873 1017 1892 2
1038 1877 1067 1895 se
1080 1870 1187 1900 emisse,
1203 1868 1370 1904 Archagatho
1383 1869 1508 1903 imperat,
1524 1873 1554 1895 ut
1566 1868 1670 1904 aliquid
1683 1868 1750 1900 illis,
1766 1876 1835 1904 quo-

1016 1906 1017 1929 ἶ
1038 1915 1098 1933 rum
1116 1910 1256 1942 argentum
1275 1905 1373 1937 fuerat,
1398 1905 1614 1937 nummulorum.
1638 1905 1705 1932 dicis
1727 1914 1832 1936 caussa,

1014 2290 1016 2308 ε
1037 2278 1144 2306 Siculos
1158 2279 1291 2315 negotiato

1038 1943 1121 1970 daret.
1151 1944 1256 1970 Invenit
1269 1943 1453 1979 Archagathus
1468 1951 1575 1978 paucos,
1591 1943 1638 1978 qui
1653 1942 1751 1969 vellent
1763 1943 1835 1969 acci-

1039 1989 1114 2015 pere:
1131 1981 1173 2007 his
1187 1980 1270 2007 dedit.
1295 1981 1348 2007 Eos
1362 1989 1487 2007 nummos
1501 1985 1589 2007 tamen
1603 1981 1654 2006 iste
1666 1979 1835 2016 Archagatho

1275 2017 1365 2044 Voluit
1382 2018 1481 2044 Romae
1498 2022 1617 2053 repetere
1633 2017 1832 2053 Archagathus3

1039 2055 1086 2082 Cn.
1103 2055 1233 2082 Lentulus
1248 2054 1418 2082 Marcellinus
1431 2055 1574 2086 dissuasit,
1593 2055 1664 2081 sicut
1682 2055 1773 2090 ipsum
1790 2053 1834 2081 di-

1037 2101 1096 2119 cere
1110 2092 1234 2119 audistis.
1275 2101 1381 2119 necin
1394 2101 1585 2119 neamus!
1599 2101 1633 2118 ei·
1645 2100 1772 2118 usi-nu
1784 2099 1834 2118 rx-

1038 2139 1210 2157 sriuoxmu.
1250 2131 1294 2157 54.
1315 2130 1362 2161 Et,
1382 2138 1416 2156 ne
1434 2129 1500 2156 sorte
1517 2129 1655 2156 hominem
1672 2129 1833 2155 existimetis

1039 2167 1107 2194 hanc
1121 2171 1220 2194 tantam
1234 2167 1290 2193 vim
1303 2166 1496 2193 emblematum
1505 2167 1564 2193 sine
1573 2174 1668 2193 caussa
1677 2173 1832 2192 coacervare

1039 2204 1170 2235 voluisse,
1189 2204 1292 2235 videte,
1311 2205 1406 2239 quanti
1419 2212 1480 2235 vos,
1500 2204 1594 2239 quanti
1607 2203 1831 2230 existimationem

1038 2241 1131 2276 populi
1144 2242 1265 2272 Romani,
1281 2241 1376 2277 quanti
1390 2241 1462 2277 leges
1475 2246 1503 2268 et
1515 2240 1628 2271 iudicia,
1643 2240 1737 2275 quanti
1750 2243 1832 2267 testes

1374 2287 1389 2305 e
1403 2278 1503 2305 fecerit.
1542 2278 1717 2312 Posteaquam
1731 2281 1830 2304 tantam

1037 2315 1239 2342 multitudinem
1256 2315 1398 2352 collegerat
1415 2315 1619 2345 emblematum,
1643 2319 1673 2340 ut
1693 2322 1728 2341 ne
1745 2322 1831 2341 unum

1037 2353 1148 2388 quidem
1165 2354 1293 2389 cuiquam
1311 2353 1478 2388 reliquisset:
1497 2352 1615 2379 instituit
1631 2350 1766 2378 officinam
1779 2351 1831 2387 Sy-

1037 2390 1139 2417 racusis
1156 2391 1184 2417 in
1202 2391 1274 2426 regia
1292 2391 1447 2417 maximam.
1486 2389 1576 2416 Palam
1594 2388 1708 2415 artifices
1725 2396 1828 2419 omnes,

1035 2427 1178 2454 caelatores
1191 2436 1221 2454 ac
1235 2427 1397 2454 vascularios
1409 2426 1549 2453 oonvocari
1557 2426 1646 2453 iubet:
1661 2426 1755 2460 etipse
1764 2433 1830 2452 suos

1035 2464 1187 2500 complures
1200 2465 1324 2491 habebat.
1360 2464 1400 2491 Bo
1411 2463 1538 2490 conducit
1550 2471 1673 2499 magnam
1688 2462 1829 2490 hominum

1035 2501 1248 2528 multitudinem.
1287 2502 1393 2528 Menses
1405 2505 1464 2527 octo
1475 2501 1617 2527 continuos
1629 2508 1698 2535 opus
1715 2499 1759 2526 his
1776 2507 1829 2526 nou

1035 2538 1133 2570 defuit,
1149 2548 1234 2574 quum
1248 2547 1296 2566 vas
1310 2537 1415 2565 nullum
1430 2537 1516 2569 fieret,
1532 2538 1585 2564 nisi
1597 2545 1720 2564 aureum.
1759 2537 1828 2563 Tum

1034 2576 1094 2607 illa,
1114 2585 1148 2603 ex
1161 2576 1267 2611 patellis
1281 2580 1307 2602 et
1319 2574 1446 2602 turibulis
1462 2583 1533 2610 quae
1550 2574 1688 2605 evellerat,
1708 2574 1749 2609 ita·
1761 2574 1830 2600 scite

1035 2613 1062 2639 in
1076 2614 1164 2640 aureis
1177 2613 1281 2648 poculis
1295 2612 1428 2648 illigabat,
1445 2612 1483 2638 ita
1501 2616 1562 2646 apte
1573 2612 1602 2638 in
1615 2611 1726 2647 scyphis
1738 2611 1828 2638 aureis

1035 2650 1196 2681 includebat,
1212 2655 1243 2677 ut
1255 2659 1284 2677 ea
1298 2650 1331 2676 ad
1344 2648 1418 2675 illam
1432 2657 1489 2675 rem
1498 2654 1558 2675 nata
1567 2648 1753 2676 essedioerae:
1768 2648 1829 2682 ipse

1035 2691 1122 2714 tamen
1139 2688 1257 2722 praetor,
1281 2687 1330 2722 qui
1347 2694 1395 2713 sua
1414 2685 1553 2722 vigilantia
1574 2694 1668 2721 pacem
1688 2686 1718 2712 in
1735 2684 1827 2712 Sicilia
