1941 3052
410 124 741 151 EPISTOLARUM
770 123 826 150 AD
854 123 1240 150 ATTICUMLIB.V1.
1272 124 1379 150 Eut.

79 195 271 226 nevolentiam,
292 194 488 229 deportassem,
510 195 579 221 mihi
600 194 627 221 id
643 195 708 221 satis
723 203 792 221 esse.
832 194 871 221 Sit

77 242 150 264 sane,
166 233 294 268 quoniam
306 232 341 258 ita
356 237 384 258 tu
397 233 451 258 vis:
469 232 517 258 sed
533 237 620 258 tamen
636 241 698 258 cum
714 241 758 263 eo,
781 231 869 263 credo,

77 271 149 306 quod
161 271 220 296 sine
231 275 338 304 peccato
349 278 408 296 meo
423 269 476 295 fiat.
516 270 600 304 Igitur
611 278 670 295 meo
681 269 787 295 decreto
797 269 871 295 solu-

78 313 103 335 ta
113 316 156 334 res
167 307 274 341 Scaptio
285 307 384 333 statim.
420 306 448 333 Id
460 315 541 341 quam
553 311 654 332 rectum
668 307 711 337 sit,
728 311 756 333 tu
768 306 872 333 iudica-

78 345 134 378 bis;
152 353 185 371 ne
196 344 229 371 ad
244 344 369 371 Catonem
381 344 492 379 quidem
503 344 664 378 provocabo.
704 346 729 370 8.
751 343 802 370 Sed
817 343 871 370 noli

78 391 120 409 me
134 386 228 417 putare
244 381 435 417 ἐγκελεύσματα
446 381 491 407 illa
503 386 547 407 tua
559 381 702 411 abiecisse,
719 389 788 416 quae
804 380 872 407 mihi

78 421 106 446 in
118 418 270 446 visceribus
282 418 401 445 haerent.
424 418 503 445 Flens
515 419 583 445 mihi
595 427 681 444 meam
693 417 872 444 famamcom-

78 456 221 484 mendasti.
261 456 335 488 Quae
351 455 461 490 epistola
478 460 584 485 tuaest,
602 457 629 482 in
644 464 697 490 qua
708 456 871 482 mentionem

78 503 130 521 non
147 492 248 530 facias?
262 494 353 528 ltaque
370 494 511 524 irascatur,
533 493 581 528 qui
597 493 680 525 volet3
698 493 792 527 patiar.
836 492 871 519 Τὸ

77 532 130 568 γὰρ
141 533 169 558 εὐ
179 530 232 566 μετ’
246 532 482 566 ἐμοῦ,ρι·3859ηἰιιι
488 539 573 565 quum
580 539 628 557 sex
639 530 725 561 libris,
734 535 871 564 tamquam

77 568 234 604 praedibus,
243 576 286 594 me
297 568 388 602 ipsum
399 568 599 598 obstrinxerim.
607 576 675 602 quos
687 568 735 594 tibi
749 572 802 594 tam
813 566 872 593 val-

76 606 111 633 de
122 606 230 641 probari
244 605 362 641 gaudem
380 614 393 631 e
405 605 506 640 quibus
518 614 602 631 unum
614 604 743 640 ἱστορικόν
755 604 873 639 requiris

77 644 111 670 de
122 643 170 670 Cn.
184 643 277 669 Flavio
288 642 337 670 Cn.
350 643 379 669 F.
419 642 465 668 Ille
482 651 545 669 vero
559 647 619 669 ante
635 642 802 668 decemviros
819 649 870 667 non

77 681 142 708 fuit:
165 681 267 715 quippe
278 680 326 715 qui
337 679 433 706 aedilis
444 679 547 706 curulis
558 679 652 706 fuerit:
670 680 718 714 qui
729 679 872 714 magistra-

77 723 120 745 tus
132 718 225 744 multis
236 718 313 744 annis
323 722 384 752 post
395 717 561 743 decemviros
572 717 711 743 institutus
722 721 771 742 est.
800 715 870 747 Quid

77 764 140 791 ergo
151 754 271 790 profecit,
285 754 358 789 quod
372 754 482 788 protulit
494 753 593 780 fastos?
607 753 765 780 occultatam
777 757 871 787 putant
892 758 894 766 ¹

77 793 194 828 quodam
206 797 325 826 tempore
336 792 415 818 istam
427 791 559 822 tabulam,
577 795 607 817 ut
617 791 676 817 dies
687 790 784 826 agendi
796 795 870 825 pete-

77 835 170 857 rentur
184 839 198 856 a
213 829 317 864 paucis.
358 829 412 854 Nec
426 837 490 855 vero
504 829 585 863 pauci
595 833 658 854 sunt
669 832 802 859 auctores,
821 827 869 853 Cn.

77 867 202 894 Flavium
213 866 329 893 scribam
342 865 423 892 fastos
435 865 592 900 protulisse,
610 866 782 900 actionesque
797 873 871 891 com-

76 905 215 940 posuisse:
232 912 265 930 ne
276 912 318 929 me
330 903 393 934 hoc,
411 903 453 929 vel
465 904 555 938 potius
566 902 736 934 Africanum'¹
753 903 787 937 (is
798 903 870 928 enim

77 941 216 977 loquitur.)
231 945 413 967 commentum
429 945 517 975 putes.
557 940 610 968 Οὐκ
626 940 708 967 ἔλαθέ
716 951 745 967 σε
757 940 826 966 illud
837 939 870 965 de

75 984 153 1015 gestu
169 979 320 1011 histrionis3
343 983 371 1005 tu
387 978 498 1004 sceleste
517 978 678 1013 suspicaris,
702 986 751 1013 ego
767 977 871 1012 ἀφελῶς

75 1017 183 1051 scripsi.
224 1017 248 1042 9.
270 1016 306 1042 De
317 1024 359 1042 me
371 1016 530 1050 imperatore
540 1015 638 1042 scribis
653 1020 676 1041 te
688 1024 722 1042 ex
732 1014 870 1041 Philotimi

76 1054 172 1081 litteris
188 1062 327 1089 cognosse.
368 1053 422 1079 Sed
437 1053 515 1079 credo
531 1057 569 1084 te,
588 1053 680 1079 iamin
691 1053 773 1087 Epiro
784 1061 868 1087 quum

74 1100 158 1122 esses,
171 1091 249 1117 binas
260 1099 333 1117 meas
344 1090 377 1117 de
387 1091 514 1117 omnibus
526 1090 607 1117 rebus
618 1091 764 1125 accepisse,
778 1098 844 1116 unas
857 1099 870 1116 a

74 1128 234 1156 Pindenisso
247 1133 336 1164 capto,
359 1128 454 1155 alteras
472 1137 486 1154 a
502 1128 644 1159 Laodicea,
667 1133 796 1163 utrasque
816 1128 870 1154 tuis

75 1167 167 1202 pueris
178 1166 263 1193 datas.
303 1166 409 1198 Quibus
420 1165 454 1192 de
465 1166 555 1197 rebus,
571 1170 678 1200 propter
689 1174 781 1192 casum
793 1166 871 1191 navi-

75 1204 171 1239 gandi,
188 1212 236 1239 per
251 1204 329 1230 binos
340 1203 493 1230 tabellarios
509 1204 573 1229 misi
584 1204 694 1229 Romam
708 1203 807 1229 litteras
819 1211 870 1237 pu-

75 1241 155 1268 blice.
198 1243 237 1267 to.
259 1241 294 1267 De
310 1241 397 1267 Tullia
413 1249 471 1267 mea
487 1241 537 1267 tibi
552 1242 695 1273 assentior3
717 1241 870 1275 scripsique

75 1278 108 1305 ad
120 1287 178 1305 earn
194 1283 219 1305 et
235 1278 268 1305 ad
279 1279 443 1309 Terentiam,
462 1279 529 1304 mihi
546 1278 661 1313 placere.
701 1279 741 1304 Tu
753 1278 825 1304 enim
837 1277 870 1303 ad

75 1324 117 1342 me
134 1316 186 1342 iam
202 1320 262 1342 ante
277 1316 437 1350 scripseras,
454 1325 485 1342 ae
500 1318 588 1342 vellem
603 1321 625 1342 te
640 1319 667 1342 in
679 1321 749 1342 tuum
764 1320 869 1342 veterem

74 1363 172 1387 qreyem
184 1355 323 1379 retulisses.
365 1353 485 1380 Correcta
500 1361 563 1379 vero
574 1353 686 1388 epistola
698 1353 867 1383 Memmiana,

75 1390 143 1418 nihil
156 1391 255 1426 negotii
267 1390 327 1417 fuit.
366 1390 450 1417 Multo
461 1391 534 1417 enim
546 1390 616 1417 malo
627 1391 699 1417 hunc
710 1399 724 1416 a
736 1390 866 1421 Pontidia,

74 1437 155 1463 quam
172 1428 250 1454 illum
265 1436 280 1454 a
291 1428 416 1455 Servilia.
456 1428 543 1460 Quare
557 1428 689 1463 adiunges
700 1427 809 1454 Antium
821 1436 869 1454 no-

73 1470 169 1496 strum,
183 1466 319 1492 hominem
330 1474 437 1501 semper
447 1470 580 1492 amantem
592 1467 658 1497 mei;
677 1474 761 1496 nune,
778 1464 867 1496 credo,

73 1511 104 1530 eo
116 1504 212 1538 magis,
226 1503 298 1538 quod
309 1503 390 1529 debet
400 1504 479 1530 etiam
491 1503 579 1530 fratris
586 1503 667 1538 Appii
679 1511 796 1530 amorem
807 1511 869 1538 erga

73 1549 116 1567 me
132 1549 194 1566 cum
211 1540 315 1575 reliqua
329 1541 475 1567 hereditate
493 1541 625 1573 crevisse3
648 1541 696 1575 qui
711 1540 866 1570 declaravit.

73 1579 167 1613 quanti
182 1587 224 1604 me
235 1577 345 1609 faceret,
362 1587 447 1613 quum
459 1587 551 1613 saepe,
570 1583 626 1604 tum
642 1579 669 1604 in
681 1579 774 1604 Bursa.
815 1578 869 1604 Nae

73 1620 102 1642 tu
118 1624 160 1642 me
175 1615 357 1642 sollicitudine
370 1624 465 1652 magna
479 1616 612 1642 liberaris.
655 1617 693 1642 Η.
716 1616 809 1642 Furnii
822 1624 870 1641 ex-

73 1653 161 1688 ceptio
180 1653 248 1679 mihi
265 1662 316 1679 non
333 1653 428 1688 placet.
469 1654 523 1679 Nec
539 1654 612 1679 enim
627 1661 676 1688 ego
692 1652 777 1679 ullum
795 1652 869 1679 aliud

73 1695 180 1725 tempus
192 1691 281 1722 timeo,
297 1691 350 1717 nisi
361 1691 434 1726 quod
446 1690 491 1717 ille
502 1690 590 1717 solum
602 1691 712 1725 excipit.
738 1690 790 1717 Sed
802 1690 870 1716 seri-

74 1727 165 1754 berem
177 1727 210 1754 ad
221 1733 245 1754 te
260 1728 292 1754 de
305 1728 355 1755 hoc
368 1728 459 1763 plura,
477 1729 501 1754 si
512 1729 610 1754 Romae
626 1736 709 1754 esses.
751 1728 779 1754 In
792 1728 870 1754 Pom-

72 1765 134 1800 peio
145 1770 169 1792 te
181 1774 257 1800 spem
268 1774 375 1792 omnem
386 1766 434 1792 otii
444 1774 543 1801 ponere
554 1774 606 1792 non
614 1766 708 1799 miror;
723 1766 757 1792 ita
765 1774 807 1792 res
813 1769 866 1796 est3

72 1803 322 1838 removendumque
341 1811 438 1830 censeo
459 1803 527 1830 illud
555 1805 767 1830 dissimulantem.
817 1802 869 1829 Sed

72 1841 159 1871 enim,
174 1839 308 1876 οἰκονομία
320 1841 343 1867 si
354 1840 534 1876 perturbatior
546 1845 598 1870 est,
614 1841 664 1867 tibi
675 1842 825 1876 assignato:
844 1845 869 1866 te

72 1877 145 1903 enim
156 1885 255 1912 sequor
265 1878 445 1912 σχεδιάζοντα.
484 1880 522 1905 12,
538 1878 679 1905 Cicerones
691 1879 768 1913 pueri
780 1882 870 1904 amant

72 1915 142 1940 inter
152 1923 194 1946 se,
207 1914 329 1946 discunt,
342 1920 514 1942 exercentur:
532 1916 580 1942 sed
591 1915 670 1947 alter,
684 1916 723 1942 uti
734 1916 804 1942 dixit
814 1916 870 1942 Iso-

71 1956 158 1978 crates
170 1952 196 1978 in
208 1952 315 1986 Ephoro
326 1957 351 1979 et
361 1952 542 1987 Theopompo,
557 1953 640 1979 frenis
651 1957 724 1989 eget,
738 1953 804 1980 alter
814 1952 870 1979 cal-

71 1989 191 2016 caribus.
217 1988 316 2021 Quinto
328 1994 416 2025 togam
428 1998 523 2024 puram
534 1990 704 2016 Liberalibus
719 1990 870 2026 cogitabam

72 2026 149 2053 dare:
173 2025 311 2053 mandavit
321 2028 393 2053 enim
408 2031 491 2061 pater.
522 2027 558 2054 Ea
570 2028 609 2053 sic
620 2028 778 2058 observabo,
791 2028 870 2062 quasi

72 2063 258 2091 intercalatum
271 2072 322 2090 non
334 2065 378 2090 sit.
400 2065 544 2100 Dionysius
556 2065 624 2091 mihi
634 2065 745 2100 quidem
757 2066 784 2091 in
796 2073 870 2091 amo-

71 2101 149 2128 ribus
164 2105 213 2128 est.
255 2101 334 2127 Pueri
350 2105 439 2128 autem
455 2102 542 2133 aiunt,
565 2110 628 2128 eum
645 2101 763 2128 furenter
778 2103 867 2129 irasci.

71 2138 124 2165 Sed
139 2138 218 2165 homo
234 2147 286 2165 non
302 2138 417 2170 doctior,
436 2147 484 2165 nec
499 2140 615 2166 sanctior
631 2139 687 2165 fieri
703 2144 802 2174 potest,
821 2148 869 2166 nec

72 2177 112 2203 tui
123 2176 232 2211 meique
239 2176 380 2202 amantior.
405 2178 444 2202 ⁴3.
452 2176 608 2208 Thermum,
616 2176 713 2203 Silium
722 2185 783 2203 vere
790 2177 868 2204 audis

73 2213 186 2240 laudari.
212 2213 295 2240 Valde
305 2222 334 2239 se
347 2213 456 2240 honeste
466 2218 574 2249 gerunt.
599 2214 675 2240 Adde
690 2215 725 2241 M.
739 2215 866 2245 Nonium.

71 2250 213 2284 Bibulum,
227 2259 280 2282 me,
293 2251 317 2277 si
329 2250 412 2277 voles.
446 2252 500 2277 lam
512 2250 611 2283 Scrofa,
625 2251 732 2283 vellem,
748 2251 866 2283 haberet,

72 2288 121 2314 ubi
131 2293 231 2323 posset.
272 2288 319 2315 Est
333 2289 406 2315 enim
422 2288 523 2315 lautum
540 2289 688 2324 negotium.
728 2289 814 2316 Ceteri
826 2290 869 2316 in—

72 2324 179 2352 firmant
193 2326 336 2361 πολίτευμα
352 2326 469 2353 Catonis

72 2370 159 2389 meam
175 2363 358 2393 commendas.
377 2363 454 2390 valde
468 2368 584 2398 gratum.
626 2364 661 2390 De
672 2364 795 2395 Amiano,
809 2365 866 2399 spei

72 2399 142 2427 nibil
162 2405 239 2435 putat
257 2409 317 2427 esse
332 2401 487 2436 Dionysius.
528 2401 645 2427 Terentii
662 2401 767 2427 nullum
783 2402 868 2428 vesti-

71 2437 148 2473 gium
167 2438 275 2473 agnovi.
315 2439 487 2473 Moeragenes
507 2442 578 2464 certe
598 2438 687 2472 periit.
733 2439 794 2465 Feci
818 2439 868 2465 iter

71 2482 120 2510 per
138 2475 198 2501 eius
213 2476 421 2510 possessionem,
441 2476 466 2501 in
483 2484 535 2510 qua
546 2474 645 2501 animal
657 2474 793 2510 reliquum
806 2476 867 2502 nul-

72 2511 130 2538 lum
151 2517 201 2539 est.
241 2513 310 2539 llaec
325 2521 377 2540 non
393 2521 484 2539 noram
502 2517 571 2544 tum,
585 2521 647 2539 cum
662 2512 811 2539 Democrito
821 2517 866 2540 tuo

71 2557 157 2584 quum
179 2548 284 2576 locutus
299 2559 370 2577 sum.
412 2550 541 2576 Rhosiaca
558 2558 621 2576 vasa
636 2549 773 2576 mandavi.
813 2550 865 2576 Sed

71 2585 141 2612 heus
157 2591 195 2617 tu.
212 2586 278 2621 quid
294 2587 413 2623 cogitas?
433 2588 460 2614 in
477 2587 591 2614 felicatis
603 2587 727 2614 lancibus
738 2592 763 2613 et
774 2586 866 2622 splen-

71 2622 224 2650 didissimis
253 2625 391 2656 canistris,
410 2624 555 2652 ‘olusculis
580 2633 628 2651 nos
649 2624 720 2651 soles
740 2633 862 2659 pascere;

71 2660 138 2696 quid
151 2665 175 2688 te
187 2661 213 2688 in
226 2661 297 2689 vasis
309 2662 438 2690 fictilibus
449 2663 637 2698 appositurum
648 2661 760 2697 putem?
779 2663 866 2699 Κέρας

511 2326 649 2352 Hortensio
660 2326 732 2361 quod
743 2335 867 2354 caussam
897 2349 899 2355 ,

1661 124 1709 149 839

921 195 1032 221 Phemio
1056 194 1212 221 mandatum
1232 199 1286 220 est:
1317 194 1477 228 reperietur3
1509 193 1588 219 modo
1607 192 1712 228 aliquid

922 231 968 258 illo
979 232 1093 267 dignum
1104 236 1190 258 canat.
1224 233 1262 257 14.
1284 231 1439 257 Parthicum
1450 230 1552 256 bellum
1564 230 1710 265 impendet.

922 270 1031 296 Cassius
1047 270 1150 304 ineptas
1168 269 1268 295 litteras
1283 269 1366 294 misit.
1407 267 1527 294 Necdum
1538 267 1714 294 Bibulierant

922 307 1029 333 allatae:
1065 306 1166 341 quibus
1192 306 1322 336 recitatis,
1345 310 1408 340 puto
1428 305 1496 336 fore,
1519 309 1548 331 ut
1568 304 1713 340 aliquando

922 349 1121 370 commoveatur
1135 348 1253 369 senatus.
1294 343 1428 378 Equidem
1438 351 1499 369 sum
1509 343 1536 369 in
1547 351 1643 378 magna
1655 343 1714 368 ani-

923 382 960 407 mi
981 381 1189 415 perturbatione.
1229 380 1269 411 Si,
1293 385 1322 406 ut
1336 386 1410 415 opto,
1427 389 1479 406 non
1495 385 1651 415 prorogatur
1665 388 1714 406 no-

922 423 1008 444 strum
1029 419 1179 453 negotium,
1203 418 1288 444 habeo
1303 418 1411 443 lunium
1422 422 1447 444 et
1458 417 1605 449 Quintilem
1616 417 1644 443 in
1656 425 1714 443 me-

922 460 960 482 tu.
1000 456 1076 487 Esto,
1106 455 1161 481 duo
1180 455 1291 490 quidem
1307 464 1413 481 menses
1428 454 1573 481 sustinebit
1589 454 1711 481 Bibulus.

922 493 993 525 Quid
1009 493 1054 519 illo
1071 493 1122 523 fiet,
1138 501 1219 527 quem
1232 492 1372 527 reliquero,
1387 493 1542 527 praesertim
1554 492 1577 517 si
1589 491 1715 518 fratrem?

922 530 989 565 quid
1010 539 1052 556 me
1067 535 1164 560 autem,
1185 530 1208 556 si
1223 535 1339 556 nontam
1350 530 1402 556 cito
1412 529 1531 556 decedo?
1551 529 1645 564 Magna
1657 534 1714 555 tur-

922 568 956 593 ba
976 572 1025 594 est.
1066 567 1133 593 Mihi
1149 572 1237 593 tamen
1253 576 1314 593 cum
1331 568 1451 593 Deiotaro
1466 567 1600 597 convenit,
1623 571 1652 592 ut
1667 566 1713 592 ille

923 606 950 631 in
965 605 1032 631 meis
1042 605 1136 631 castris
1148 610 1217 630 esset
1230 613 1292 630 cum
1304 605 1361 630 suis
1371 605 1456 639 copiis
1467 604 1604 630 omnibus.
1630 604 1715 630 Habet

922 647 1011 668 autem
1040 642 1160 669 cohortes
1192 642 1432 677 quadringenarias
1462 646 1550 668 nostra
1581 646 1713 667 armatura

921 688 993 711 xxx,
1017 680 1138 714 equitum
1150 688 1191 705 ει.)
1202 688 1253 705 cm.
1284 680 1341 705 Erit
1352 679 1385 705 ad
1396 678 1610 709 sustentandum,
1624 677 1713 713 quoad

921 717 1065 750 Pompeius
1087 717 1189 745 veniat:
1216 717 1263 751 qui
1276 716 1379 745 litteris,
1396 725 1464 751 quas
1474 716 1506 742 ad
1519 725 1561 741 me
1573 717 1662 746 mittit,
1676 716 1714 742 si-

921 754 1039 789 gnificat,
1058 762 1138 779 suum
1157 754 1296 788 negotium
1308 753 1375 779 illud
1388 753 1452 779 fore.
1492 754 1655 779 Hiemantin
1667 761 1715 779 no-

900 806 901 815 i
922 796 975 818 stra
986 792 1125 826 provincia
1136 791 1236 817 Parthi.
1258 791 1435 825 Exspectatur
1446 791 1504 824 ipse
1515 790 1626 816 Orodes.
1643 789 1714 822 Quid

922 828 1048 864 quaeris?
1071 828 1240 863 aliquantum
1252 833 1292 854 est
1303 828 1412 863 negotii.
1447 829 1486 853 15.
1508 828 1544 853 De
1554 827 1645 853 Bibuli
1656 827 1715 853 edi-

922 870 972 897 cto,
995 865 1063 892 nihil
1080 866 1153 896 novi,
1167 870 1271 900 praeter
1282 865 1355 891 illam
1368 865 1563 899 exceptionem,
1577 864 1610 890 de
1622 873 1674 899 qua
1686 869 1713 891 tu

922 903 955 930 ad
978 912 1020 929 me
1032 904 1192 937 scripseras,
1207 905 1281 928 nimis
1296 905 1371 935 grat-i
1384 904 1544 935 praeiudicio
1561 905 1585 928 in
1602 904 1715 927 ordinem

921 946 1045 967 nostrum.
1066 941 1122 976 Ego
1134 945 1221 966 tamen
1234 940 1319 966 habeo
1331 939 1552 974 ἶσοδυιίιμοῦσαν,
1564 938 1613 965 sed
1623 940 1716 965 tectio-

922 987 987 1009 rem,
1011 987 1045 1004 ex
1058 978 1090 1010 Q.
1107 978 1190 1004 Mucii
1208 978 1235 1004 P.
1253 978 1282 1003 F.
1299 976 1386 1003 edicto
1402 977 1530 1007 Asiatico,
1547 981 1623 1002 extra
1639 985 1715 1009 quam

921 1019 944 1042 si
966 1019 1003 1042 ita
1029 1018 1155 1049 neqolium
1175 1020 1270 1049 yestnm
1291 1020 1339 1044 est,
1357 1019 1384 1040 ut
1400 1023 1427 1040 eo
1442 1017 1509 1040 stari
1524 1023 1572 1040 non
1591 1018 1713 1046 oporteat.

921 1063 954 1080 ex
969 1056 1016 1087 fide
1031 1055 1109 1080 bona:
1144 1052 1283 1087 multaque
1299 1060 1360 1078 sum
1375 1056 1484 1078 secutus
1500 1051 1655 1080 Scaevolae:
1688 1051 1715 1077 in

922 1092 955 1118 iis
968 1091 1044 1121 illud,
1060 1092 1087 1117 in
1099 1099 1152 1125 quo
1163 1090 1216 1116 sibi
1229 1089 1377 1115 libertatem
1389 1094 1499 1115 censent
1510 1089 1605 1115 Graeci
1615 1088 1713 1118 datam,

921 1134 950 1156 ut
963 1129 1058 1156 Graeci
1069 1129 1138 1155 inter
1149 1137 1176 1154 se
1188 1127 1337 1162 disceptent
1349 1127 1406 1152 suis
1419 1126 1534 1162 legibus.
1575 1127 1657 1152 Breve
1669 1134 1717 1151 au-

922 1171 974 1193 tem
995 1167 1114 1193 edictum
1130 1170 1170 1192 est
1184 1170 1292 1200 propter
1307 1165 1375 1190 hanc
1390 1172 1477 1190 meam
1489 1164 1625 1199 διαίρεσιν,
1643 1162 1715 1198 quod

920 1204 1027 1231 duobus
1037 1203 1184 1240 generibus
1195 1202 1357 1229 edicendum
1375 1203 1480 1236 putavi:
1504 1209 1619 1236 quorum
1631 1208 1716 1226 unum

921 1247 961 1269 est
970 1241 1145 1277 provinciale,
1160 1242 1186 1267 in
1198 1249 1252 1275 quo
1265 1244 1304 1266 est
1315 1239 1347 1265 de
1359 1239 1508 1265 rationibus
1519 1239 1669 1268 civitatum,
1683 1237 1716 1263 de

921 1288 979 1306 aere
1001 1279 1101 1310 alieno,
1126 1278 1158 1304 de
1180 1286 1276 1308 usura,
1299 1277 1332 1303 de
1355 1276 1532 1312 syngraphis:
1575 1277 1601 1302 in
1623 1275 1716 1301 eodem

920 1318 1009 1344 onmia
1021 1317 1054 1343 de
1070 1316 1240 1351 publicanis,
1263 1314 1386 1344 alterum,
1400 1313 1472 1349 quod
1483 1314 1541 1339 sine
1553 1313 1640 1339 edicto
1650 1313 1716 1338 satis

920 1354 1059 1382 commode
1073 1354 1183 1388 transigi
1197 1362 1247 1378 non
1259 1356 1357 1387 potest,
1374 1351 1407 1377 de
1420 1351 1597 1377 hereditatum
1609 1358 1717 1385 posses-

920 1392 1058 1422 sionibus,
1075 1391 1108 1417 de
1121 1388 1198 1417 bouis
1211 1389 1390 1425 possidendis,
1404 1389 1551 1423 (magistris
1564 1387 1716 1422 faciendis.)

920 1429 1084 1456 vendendis:
1112 1437 1180 1463 quae
1196 1437 1229 1454 ex
1241 1427 1327 1453 edicto
1338 1432 1363 1453 et
1374 1426 1503 1461 postulari
1515 1431 1539 1452 et
1551 1426 1607 1451 fieri
1619 1424 1714 1451 solent.

920 1468 1054 1497 Tertium,
1077 1466 1110 1492 de
1126 1466 1230 1500 reliquo
1247 1466 1303 1491 iure
1317 1463 1448 1494 dicundo,
1467 1463 1590 1498 ιῗγραψοι·
1606 1462 1714 1497 reliqui.

920 1505 981 1531 Dixi
1003 1513 1045 1531 me
1063 1504 1096 1530 de
1112 1512 1143 1529 eo
1158 1512 1254 1539 genere
1271 1511 1329 1528 mea
1345 1501 1448 1528 decreta
1465 1500 1496 1526 ad
1512 1500 1597 1526 edicta
1614 1499 1716 1525 urbana

921 1542 1198 1571 accommodaturuun
1231 1541 1320 1574 itaque
1340 1548 1404 1565 curo
1424 1543 1449 1565 et
1470 1537 1604 1564 satisfacio
1627 1536 1716 1562 adhuc

920 1580 1059 1606 omnibus.
1090 1580 1185 1605 Graeci
1197 1586 1259 1604 vero
1270 1577 1414 1606 exsultant,
1427 1575 1499 1611 quod
1512 1575 1661 1611 peregrinis
1674 1575 1716 1600 iu-

921 1617 1030 1643 dicibus
1061 1621 1183 1643 utuntur.
1225 1614 1406 1650 Nugatoribus
1432 1612 1557 1648 quidem,
1595 1612 1714 1646 inquies.

921 1655 992 1687 Quid
1009 1653 1105 1680 refert?
1135 1654 1233 1679 Tamen
1254 1662 1283 1678 se.
1304 1652 1461 1686 uirtmvogu'nr
1482 1650 1592 1684 adeptos
1611 1654 1713 1684 putant.

921 1693 1008 1719 Vestri
1023 1692 1110 1722 enim,
1124 1690 1216 1721 credo,
1230 1698 1326 1725 graves
1339 1689 1450 1718 habent,
1463 1688 1626 1722 Turpionem
1642 1691 1716 1712 suto-

921 1731 991 1756 rium
1007 1734 1031 1756 et
1048 1730 1164 1755 Vettium
1177 1728 1339 1762 mancipem.
1384 1728 1421 1752 lss.
1435 1726 1470 1751 De
1484 1725 1637 1759 publicanis
1647 1723 1713 1759 quid

920 1776 1007 1803 agam.
1021 1767 1122 1793 videris
1133 1774 1270 1801 quaerere.
1302 1764 1390 1791 llabeo
1402 1765 1428 1790 in
1443 1763 1557 1789 deliciis.
1571 1762 1714 1796 obsequor.

921 1805 1011 1831 verbis
1025 1804 1116 1835 laudo,
1134 1812 1211 1835 orn03
1243 1802 1339 1832 officio,
1358 1810 1390 1827 ne
1402 1801 1446 1827 cui
1458 1800 1562 1826 molesti
1574 1800 1636 1825 sint.
1680 1799 1716 1825 Τὸ

920 1842 1145 1878 παραδοξότατον,
1158 1849 1254 1867 usuras
1260 1848 1361 1869 eorum,
1375 1848 1442 1874 quas
1453 1837 1623 1873 pactionibus
1633 1836 1716 1862 ascri-

921 1885 1042 1915 pserant,
1068 1879 1187 1905 servavit
1202 1879 1282 1904 etiam
1299 1877 1442 1903 Servilius.
1484 1876 1539 1911 Ego
1551 1875 1599 1901 sic.
1641 1874 1715 1899 Diem

920 1922 1007 1944 statuo
1022 1917 1087 1944 satis
1099 1916 1199 1947 laxam3
1231 1924 1312 1950 quam
1324 1919 1384 1941 ante
1395 1914 1418 1939 si
1430 1913 1572 1943 solverint,
1587 1912 1659 1940 dico.
1674 1919 1716 1936 me

920 1956 1082 1982 centesimas
1099 1954 1259 1980 ducturum:
1283 1953 1369 1978 sinon
1382 1951 1523 1979 solverint,
1538 1958 1571 1976 ex
1583 1949 1715 1984 pactione.

922 1993 1013 2027 ltaque
1029 1997 1055 2019 et
1065 1992 1160 2018 Graeci
1175 1990 1283 2017 solvunt
1295 1988 1427 2016 tolerabili
1440 1988 1545 2014 foenore
1556 1992 1581 2013 ct
1593 1985 1716 2021 publica-

921 2031 963 2056 nis
991 2038 1032 2056 res
1048 2034 1088 2055 est
1107 2029 1271 2064 gratissima.
1312 2027 1357 2053 Sic
1373 2026 1417 2052 illa
1435 2026 1487 2051 iam
1507 2025 1618 2053 habent,
1637 2022 1716 2058 pleno

921 2067 1024 2098 modio,
1047 2067 1190 2093 verborum
1213 2066 1352 2094 honorem,
1377 2064 1561 2089 invitationem
1582 2061 1713 2087 crebram.

920 2104 991 2137 Quid
1012 2103 1108 2139 plura‘?
1137 2103 1205 2129 Sunt
1219 2110 1313 2128 omnes
1330 2102 1364 2127 ita
1382 2101 1448 2126 mihi
1466 2099 1624 2128 familiares,
1643 2103 1671 2124 ut
1687 2106 1714 2123 se

920 2143 1037 2177 quisque
1049 2141 1166 2167 maxime
1179 2144 1263 2174 putet.
1294 2138 1346 2164 Sed
1358 2144 1445 2164 tamen
1457 2137 1535 2172 μηδὲν
1547 2136 1642 2163 αὐτοῖς.
1656 2135 1714 2160 Scis

921 2179 1035 2213 reliqua.
1072 2179 1111 2204 Π.
1128 2178 1162 2203 De
1174 2182 1260 2203 statua
1272 2175 1398 2205 Africani,
1416 2175 1446 2209 (ὦ
1460 2173 1620 2210 :way-‚urimi-
1631 2172 1714 2207 ἀσυγ-

919 2216 1053 2243 ‚canianum
1086 2214 1133 2240 sed
1150 2223 1192 2240 me
1209 2214 1219 2226 ‘
1231 2214 1320 2248 ipsum
1337 2212 1479 2238 delectavit
1496 2212 1521 2237 iu
1535 2211 1587 2236 tuis
1600 2209 1715 2238 litteris]b

920 2254 971 2280 uiu'
992 2252 1038 2279 tu‘?
1067 2252 1158 2286 Scipio
1180 2251 1223 2276 hic
1246 2249 1368 2276 Metellus
1388 2257 1518 2283 proavum
1534 2256 1614 2273 suum
1631 2247 1714 2272 nescit

919 2298 1056 2317 censorem
1070 2298 1121 2315 nou
1135 2288 1236 2314 fuisse?
1252 2287 1333 2321 Atqui
1345 2285 1413 2312 nihil
1427 2285 1520 2311 hahuit
1531 2284 1605 2310 aliud
1619 2284 1714 2309 inscri-

920 2333 1009 2363 ptum,
1028 2327 1081 2353 uisi
1096 2335 1162 2353 cos..
1181 2334 1209 2350 ea
1222 2330 1317 2351 statua.
1330 2332 1399 2358 quae
1411 2322 1443 2348 ad
1455 2323 1521 2356 Opis
1533 2331 1579 2356 per
1594 2327 1617 2347 te
1629 2320 1713 2355 posita

920 2367 946 2391 in
958 2364 1064 2391 excelso
1075 2368 1124 2389 est.
1165 2363 1192 2388 lu
1205 2361 1249 2388 illa
1262 2362 1334 2390 item,
1347 2369 1415 2395 quae
1426 2365 1465 2385 est
1477 2359 1509 2384 ad
1523 2358 1713 2384 [Inlustri-mum.

920 2402 1028 2428 hercule
1040 2400 1199 2435 inscriptum
1211 2404 1259 2428 est,
1272 2407 1338 2427 eosq
1355 2406 1436 2432 (luam
1449 2395 1646 2424 esseeiusdem.
1659 2399 1714 2420 sta-

920 2445 975 2469 tus,
993 2439 1121 2467 amictus.
1135 2436 1262 2465 annulus,
1277 2436 1364 2469 imago
1377 2436 1433 2469 ipsa
1445 2433 1571 2459 declarat.
1612 2432 1644 2458 At
1657 2440 1713 2457 me·

919 2476 1026 2503 hercule
1042 2484 1092 2509 ego
1106 2483 1191 2509 quum
1205 2474 1230 2499 in
1243 2478 1328 2499 turma
1342 2473 1521 2498 inauratarum
1534 2470 1710 2505 equestrium,

917 2523 985 2549 quas
1000 2513 1043 2539 hie
1056 2510 1199 2549 [Metellus]
1213 2511 1239 2537 iu
1251 2509 1381 2544 Capitolio
1393 2509 1490 2544 posuit.
1505 2506 1712 2534 animadvertis-

917 2560 974 2577 sem
992 2551 1018 2576 in
1034 2550 1189 2584 Serapionis
1205 2547 1403 2582 subscriptione
1420 2545 1536 2572 Africani
1554 2545 1709 2580 imaginem,

917 2593 1033 2614 erratum
1060 2587 1155 2613 fabrile
1179 2585 1286 2621 putavi,
1319 2593 1389 2610 nune
1415 2583 1494 2609 video
1519 2581 1628 2608 Metelli.
1673 2580 1708 2607 O!

917 2626 1101 2661 ἀιίστορησιάν
1119 2623 1236 2658 turpem!
1273 2624 1310 2647 ts.
1328 2622 1393 2647 Nam
1411 2620 1477 2647 illud
1488 2619 1521 2645 de
1534 2619 1626 2646 Flavio
1637 2624 1661 2645 et
1673 2618 1711 2644 fa-

916 2663 979 2694 stis,
1000 2663 1023 2689 si
1034 2670 1114 2688 secus
1129 2666 1182 2691 est.
1200 2667 1342 2687 commuue
1358 2663 1475 2685 erratum
1486 2662 1539 2684 est:
1562 2661 1588 2683 et
1599 2662 1626 2683 tu
1641 2655 1710 2683 belle

1427 2707 1478 2732 108
1495 2704 1504 2713 “
