1941 3052
209 123 269 146 tomi
771 121 826 145 118.

205 191 410 224 restinguimus,
435 194 462 216 ut
479 197 610 223 nusquam
628 193 735 214 naturae
752 188 840 215 lumen
858 193 992 223 appareat.

203 229 270 254 Sunt
291 229 361 254 enim
380 228 494 259 ingeniis
511 226 607 252 nostris
622 227 724 251 nemina
743 226 830 251 innata
848 227 991 256 virtutum;

203 274 271 300 quiw
288 267 310 291 111
327 265 476 290 adoleat-ert·
493 263 595 292 liceret,
615 264 670 297 ipsa
688 271 735 288 nos
751 263 783 288 ad
797 263 899 289 beatam
912 263 993 288 vitam

204 308 295 328 natura
309 303 472 336 perduceret.
509 300 584 326 Nune
595 305 693 330 autem,
707 300 879 334 simulatque
891 300 955 325 editi
969 301 994 326 in

205 339 290 365 lurein
303 344 328 364 et
343 338 459 372 ⁴suscepti
475 345 583 367 sumus,
603 338 628 363 in
644 338 716 363 omni
727 338 854 363 coritinuo
866 338 994 371 pravitate

204 381 229 401 et
250 377 274 402 iu
296 384 400 401 sunium
421 375 578 408 opinionum
600 375 772 408 perversitate
792 383 943 400 versamur:
967 379 996 400 ut

204 421 286 447 paene
302 421 362 438 rum
381 411 444 437 laete
461 412 573 438 nutricis
589 420 704 437 errorem
720 412 827 438 suxisse
844 411 993 438 videamur.

203 453 290 481 Quum
305 458 366 474 vero
378 449 533 483 parentibus
546 448 656 479 redditi,
674 448 736 475 «lein
754 450 890 483 magistris
907 448 995 475 traditi

203 495 306 515 sumus,
321 491 376 512 tum
390 486 423 512 ita
436 486 517 511 variis
531 485 680 511 imbuimur
691 486 835 514 erroribus.
846 491 874 512 ut
887 487 995 512 vanitati

205 525 313 552 veritus.
330 528 355 549 et
365 523 485 557 opinioni
497 523 666 549 confirmatae
679 528 771 550 natura
785 525 840 558 ipsa
853 523 938 549 cedat.

258 561 288 586 ll.
311 562 334 586 3.
358 559 495 586 Accedunt
505 560 584 586 etiam
597 565 702 595 poetae:
715 561 762 595 qui
775 569 859 595 quum
872 569 995 596 magnam

202 598 318 631 speciem
329 597 464 623 doctrinae
476 598 677 632 sapientiaeque
689 606 751 632 prae
763 606 791 624 se
804 597 934 628 tulerunt.
948 606 997 623 au-

201 634 324 664 diuntur,
343 633 477 669 leguntur,
494 634 664 665 ediscuntur.
681 640 707 661 et
722 635 909 661 inhaerescunt
920 636 997 670 peni-

202 677 244 697 tus
257 672 282 697 in
299 671 448 697 ruentibus:
462 680 546 706 quum
559 681 621 698 vero
632 672 735 698 accedit
745 673 837 698 eodem
849 673 927 707 quasi
940 681 996 698 ma-

202 709 292 735 ximus
303 708 415 743 quidam
427 709 554 745 magister
569 709 699 744 populus,
717 715 796 744 atque
811 711 900 736 omnis
916 709 997 736 undi-

201 754 254 780 que
265 745 298 772 ad
310 746 373 772 vitia
385 747 555 773 consentiens
568 746 726 777 multitudo.
744 752 799 774 tum
817 747 894 781 plane
909 747 997 774 intici-

202 791 262 809 mur
281 783 439 817 opinionum
460 784 589 818 pravitate
605 793 619 810 a
638 789 785 819 naturaque
801 784 994 811 desciscimus:

203 825 230 846 ut
247 820 324 846 nobis
339 821 468 855 optimam
491 821 645 856 magistram
660 823 671 835 *
690 821 821 848 invidisse
842 821 994 852 videantur,

201 858 249 892 qui
261 857 328 883 nibil
341 857 439 884 melius
451 858 640 888 homini,nibil
653 859 739 894 magis
749 859 940 893 expetendum,
955 860 996 885 ni-

202 894 240 920 bil
252 895 430 928 praestantius
443 895 603 925 bonoribus,
623 897 759 930 imperiis,
776 896 900 931 populari
911 896 995 932 gloria

202 931 400 958 iudicaverunt.
441 932 480 958 Ad
491 941 573 967 quam
585 932 667 959 fertur
675 934 794 968 optimus
805 934 935 968 quisque3
950 942 997 959 ve-

202 977 312 1003 ramque
326 968 398 995 illam
411 968 576 996 honestatem
588 975 725 1004 expetens,
734 979 815 1005 quam
828 979 908 997 unam
920 976 996 997 natu-

202 1014 228 1031 ra
241 1006 357 1032 maxime
369 1006 490 1041 inquirit,
500 1007 526 1033 in
538 1015 643 1033 summa
657 1008 783 1034 inanitate
795 1013 996 1039 versatur,con-

201 1048 371 1078 sectaturque
383 1043 484 1070 nullam
496 1045 659 1070 eminentem
670 1044 787 1080 effigiem
797 1044 935 1082 [virtutis],
948 1046 995 1072 sed

201 1079 387 1106 adumbratam
400 1081 544 1117 imaginem
556 1081 666 1117 gloriae.
712 1082 759 1109 Est
774 1083 846 1108 enim
857 1082 942 1118 gloria
953 1092 997 1110 so-

202 1116 255 1143 lida
267 1117 399 1152 quaedam
412 1127 453 1144 res
464 1123 490 1145 et
500 1126 640 1153 expressa,
659 1128 710 1145 non
726 1119 897 1146 adumbrata:
916 1128 945 1146 ea
957 1125 998 1147 est

201 1155 371 1181 consentiens
387 1154 444 1181 laus
459 1155 599 1187 bonorum,
616 1157 767 1191 incorrupta
781 1166 832 1183 vox
844 1157 911 1183 bene
924 1157 997 1184 iudi-

201 1192 319 1218 cantium
331 1191 364 1218 de
376 1192 522 1219 excellente
535 1194 646 1220 virtute:
664 1202 693 1220 ea
706 1195 799 1221 virtuti
813 1199 917 1221 resonat
929 1199 997 1221 tam-

201 1237 282 1263 quam
299 1230 397 1265 imago.
437 1230 510 1262 Quae
525 1231 589 1265 quia
606 1235 674 1257 recte
689 1230 819 1258 factorum
835 1231 996 1268 plerumque

200 1274 289 1292 comes
301 1272 348 1298 est,
364 1275 415 1293 non
426 1272 466 1294 est
478 1267 555 1293 bonis
567 1268 633 1294 viris
645 1268 821 1302 repudianda.
854 1270 877 1296 4.
890 1269 937 1296 llla
947 1278 996 1296 au-

203 1308 264 1334 tem,
278 1312 347 1338 quae
358 1312 386 1330 se
397 1304 456 1330 eius
468 1305 638 1331 imitatricem
650 1313 708 1331 esse
721 1305 792 1337 vult,
806 1307 945 1333 temeraria
957 1312 996 1334 at-

200 1349 253 1375 que
269 1340 478 1372 inconsiderata,
504 1346 529 1368 et
549 1342 709 1377 plerumque
725 1348 894 1378 peccatorum
916 1345 996 1371 vitio-

201 1385 315 1412 rumque
328 1377 474 1410 laudatrix,
492 1378 562 1405 t‘ama
577 1379 715 1414 popularis
728 1380 901 1408 simulatione
913 1381 996 1408 hone-

200 1415 275 1440 statis
287 1414 398 1441 formam
405 1415 921 1453 eiuspulchritudinemquecorrumpit.
938 1418 995 1451 Qua

200 1452 325 1478 caecitate
332 1452 464 1483 homines.
472 1461 558 1488 quum
564 1454 698 1489 quaedam
709 1455 789 1481 etiam
801 1456 936 1490 praeclara
947 1465 996 1482 cu-

200 1494 305 1522 perent.
329 1498 414 1524 eaque
432 1491 567 1518 nescirent
581 1500 630 1517 nec
646 1492 707 1523 ubi,
725 1500 773 1518 nec
789 1493 879 1527 qualia
895 1498 993 1524 essent,

200 1525 322 1552 funditus
334 1526 380 1553 alii
392 1532 545 1555 everterunt
554 1537 618 1554 suas
627 1529 760 1560 civitates,
767 1529 814 1556 alii
825 1531 879 1565 ipsi
889 1531 997 1557 occide-

200 1567 271 1589 runt.
293 1563 380 1599 Atque
392 1564 419 1590 hi
430 1564 552 1599 quidem,
564 1566 665 1600 optima
676 1571 805 1601 petentes,
819 1576 871 1594 non
883 1572 937 1594 tam
949 1576 997 1594 vo-

200 1599 314 1632 luntate,
336 1610 419 1636 quam
434 1610 531 1629 cursus
551 1611 639 1629 errore
660 1603 799 1631 falluntur.
839 1604 929 1637 Quid‘?
948 1605 996 1640 qui

199 1638 330 1672 pecuniae
345 1639 506 1673 cupiditate,
528 1640 576 1675 qui
592 1640 760 1676 voluptatum
776 1640 889 1668 libidine
905 1641 997 1669 ferun-

200 1679 256 1705 tur,
273 1683 444 1711 quorumque
455 1677 491 1703 ita
503 1677 694 1712 perturbantur
705 1679 802 1710 animi,
817 1684 846 1705 ut
860 1688 912 1706 non
925 1679 997 1706 mul-

200 1716 257 1737 tum
272 1712 361 1739 absint
376 1713 409 1739 ab
424 1714 544 1745 insania,
566 1714 638 1749 quod
658 1715 851 1751 insipientibus
865 1717 997 1752 contingit

199 1749 340 1782 omnibus3
358 1749 402 1777 his
412 1750 521 1777 nullane
532 1755 573 1778 est
586 1751 740 1779 adhibenda
755 1753 876 1780 curatio?
890 1754 994 1785 Utrum.

199 1785 272 1820 quod
288 1787 379 1813 minus
394 1793 507 1815 noceant
521 1789 607 1816 animi
620 1790 828 1825 aegrotationes,
845 1799 926 1825 quam
937 1799 996 1817 cor-

200 1822 290 1857 poris‘?
301 1832 343 1855 an,
351 1824 424 1859 quod
435 1833 545 1860 corpora
555 1827 643 1852 curari
655 1828 767 1861 possint,
776 1827 927 1854 animorum
939 1836 997 1854 me—

199 1859 288 1887 dicina
295 1860 369 1887 nulla
380 1861 432 1888 sit?
445 1862 488 1888 111.
500 1863 526 1889 5.
538 1863 572 1890 At
582 1867 608 1889 et
619 1863 705 1890 morbi
716 1864 923 1898 perniciosiores
934 1865 997 1900 plu-

200 1905 296 1932 resque
307 1903 371 1924 sunt
381 1899 474 1930 animi,
486 1907 569 1934 quam
580 1901 708 1935 corporis.
729 1901 760 1927 ui
772 1902 844 1927 enim
856 1902 910 1936 ipsi
920 1902 998 1929 odio-

199 1934 224 1960 si
242 1938 317 1966 sunt,
342 1935 415 1970 quod
427 1935 461 1962 ad
476 1937 598 1963 animum
613 1938 747 1972 pertinent
761 1946 880 1974 eumque
894 1938 995 1966 sollici-

200 1975 269 1998 tant:

236 2011 393 2044 animusque
403 2018 487 2043 aeger,
500 2015 529 2037 ut
539 2011 576 2037 ait
586 2010 699 2042 Ennius,
714 2015 812 2046 semper
822 2018 906 2043 errat,
917 2016 996 2047 neque

602 2051 667 2081 pati,
684 2058 763 2083 neque
770 2052 870 2083 perpeti
878 2055 957 2083 potest
964 2061 972 2076 .-

199 2090 298 2116 cupere
319 2090 468 2118 numquam
488 2083 598 2111 desinit.
638 2085 744 2118 Quibus
764 2086 872 2114 duobus
893 2088 995 2114 morbis

198 2119 239 2153 (ut
248 2120 368 2146 omittam
379 2120 465 2156 alios),
481 2121 650 2157 aegritudine
661 2128 687 2150 et
698 2123 859 2158 cupiditate,
877 2127 925 2159 qut
936 2130 996 2151 tan-

198 2155 260 2182 dem
275 2162 388 2191 possunt
403 2159 430 2184 in
441 2166 550 2193 corpore
561 2167 620 2186 esse
630 2160 786 2196 graviores?
799 2163 847 2196 qui
859 2170 922 2188 vero
933 2170 996 2197 pro-

198 2193 256 2219 bari
268 2198 366 2228 potest,
384 2199 414 2222 ut
428 2195 483 2222 sibi
496 2196 598 2222 mederi
609 2198 716 2224 animus
727 2206 779 2224 non
790 2199 890 2233 possit,
907 2207 994 2234 quum

198 2230 285 2265 ipsam
297 2231 458 2259 medicinam
470 2234 590 2268 corporis
605 2235 712 2261 animus
728 2236 876 2268 invenerit,
893 2244 995 2271 quum-

197 2275 250 2302 que
266 2267 300 2294 ad
315 2277 456 2304 corporum
471 2272 637 2298 sanationem
651 2271 768 2299 multum
780 2274 838 2308 ipsa
848 2281 958 2308 corpora
969 2279 996 2301 et

198 2310 291 2331 natura
306 2305 424 2338 valeant,
444 2315 493 2334 nec
507 2316 614 2340 omnes,
632 2310 680 2344 qui
694 2311 782 2336 curari
796 2318 826 2337 se
834 2312 909 2345 passi
920 2316 991 2343 sunt,

198 2343 323 2369 continuo
334 2344 415 2370 etiam
424 2344 624 2373 convalescant:
640 2347 725 2373 animi
736 2352 825 2374 autem
833 2368 840 2379 ,
852 2349 901 2383 qui
911 2357 940 2375 se
950 2357 995 2375 sa-

198 2379 255 2405 nari
277 2380 411 2408 voluerint
432 2383 638 2418 praeceptisque
657 2385 822 2419 sapientium
843 2386 991 2420 paruerint,

198 2416 256 2442 sine
267 2416 321 2443 ulla
333 2417 500 2446 dubitatione
511 2420 658 2447 sanentur?
681 2423 706 2448 6.
722 2422 769 2448 Est
779 2421 898 2456 profecto
909 2423 993 2449 animi

198 2452 330 2480 medicina
344 2455 530 2491 philosophia:
545 2458 624 2484 cuius
635 2458 769 2485 auxilium
781 2468 843 2490 non,
855 2464 885 2486 ut
896 2460 924 2487 in
934 2468 994 2487 cor-

198 2490 270 2531 pori-s
282 2491 392 2523 morbis,
400 2493 546 2528 petendum
557 2499 598 2521 est
608 2494 686 2528 foris,
700 2496 883 2531 omnibusque
893 2497 993 2532 opibus

197 2531 223 2552 et
234 2527 348 2558 viribus,
361 2534 391 2556 ut
403 2531 562 2566 nosmetipsi
573 2532 652 2559 nobis
663 2532 766 2559 mederi
776 2534 923 2568 possimus,
937 2534 993 2561 ela—

198 2562 348 2590 borandum
359 2571 408 2592 est.
441 2567 612 2604 Quamquam
623 2569 657 2596 de
669 2570 796 2597 universa
807 2570 990 2607 philosophia.

197 2605 297 2642 qua-nto
312 2610 391 2644 opere
405 2608 432 2630 et
445 2606 594 2640 expetenda
607 2611 679 2634 esset
689 2612 714 2634 et
724 2607 849 2639 colenda,
866 2609 945 2640 satis,
963 2613 993 2636 ut

198 2636 319 2669 arbitror,
333 2638 435 2667 dlctum
446 2643 523 2669 estin
535 2644 683 2671 Hortensio.
717 2645 754 2672 De
763 2646 892 2672 maximis
902 2650 992 2674 autem

860 118 895 144 M.
925 118 955 144 T.
986 117 1262 145 thtzttoxts

1047 189 1126 215 rebus
1141 189 1208 215 nihil
1221 189 1274 215 sere
1287 190 1481 216 intermisimus
1493 196 1582 226 postea
1594 191 1840 226 necdinputarenec

1046 225 1172 252 scribere.
1214 226 1259 252 llis
1275 231 1363 252 autem
1381 227 1456 253 libris
1471 229 1591 263 exposita
1608 234 1670 255 sunt
1684 238 1728 258 ea,
1745 238 1814 264 quae
1825 239 1839 255 a

1047 263 1124 289 nobis
1143 271 1204 289 curn
1226 262 1405 290 familiaribus
1426 266 1523 291 nostrin
1545 267 1570 292 in
1595 266 1747 292 Tusculano
1766 271 1841 292 erant

1046 300 1191 334 ‹ti-spuma.
1231 300 1282 325 Sed
1308 302 1435 335 quoniam
1460 301 1567 328 duobus
1592 304 1778 337 superioribus
1806 304 1841 329 de

1048 342 1129 362 morte
1142 337 1210 363 etde
1221 337 1311 363 dolore
1323 338 1424 364 dictum
1436 344 1489 368 est.
1506 341 1600 366 tertius
1610 340 1669 366 dien
1680 340 1840 375 disputatio-

1048 375 1090 400 nis
1103 374 1151 400 hoc
1163 375 1270 400 tertium
1283 374 1407 401 volumen
1419 375 1526 402 csticiet.
1560 377 1585 402 7.
1608 377 1640 403 Ut
1650 378 1721 403 enim
1736 379 1761 403 in
1775 379 1842 403 Aca-

1047 411 1163 437 demiam
1176 416 1291 437 nostram
1303 411 1508 443 descendimus,
1527 413 1653 440 inclinato
1665 415 1716 440 iarn
1730 416 1755 440 in
1768 420 1842 449 post-

1049 448 1227 474 meridianum
1241 453 1346 484 tempus
1357 449 1411 480 die,
1424 451 1533 484 poposci
1545 459 1636 476 eorum
1648 451 1775 486 aliquem⁴
1793 452 1840 486 qui

1048 486 1165 516 aderant,
1181 494 1304 512 caussam
1319 486 1481 513 disserendi.
1521 487 1589 514 Tum
1601 496 1643 514 res
1653 493 1709 514 acta
1720 490 1760 514 sic
1771 494 1820 514 cst.

1102 523 1144 549 1v.
1167 523 1197 549 Λ.
1221 523 1332 550 videtur
1343 524 1410 550 mihi
1421 524 1516 550 cadere
1526 525 1553 551 in
1566 526 1712 559 sapientem
1724 526 1841 560 aegritu-

1048 559 1091 586 do.
1133 560 1168 586 M.
1187 560 1256 586 Num
1270 560 1388 595 reliquae
1402 570 1510 596 quoque
1522 562 1736 597 perturbationes
1747 563 1839 592 animi.

1049 597 1215 626 formidines.
1225 597 1360 627 libidines,
1371 598 1542 625 iracundiae?
1557 599 1624 625 llaec
1635 600 1706 626 enim
1719 599 1843 626 [cresunt

1048 635 1195 664 eiusmodi.
1213 643 1282 669 quae
1293 636 1387 662 Graeci
1399 635 1477 669 πάθη
1492 636 1641 671 appellant:
1658 645 1708 672 ego
1723 641 1840 671 poteram

1049 672 1168 700 morbos:
1182 677 1207 698 et
1219 672 1245 698 id
1259 672 1370 699 verbum
1382 678 1453 699 esset
1463 681 1477 699 e
1490 673 1583 700 verbo:
1600 673 1648 699 sed
1661 674 1686 700 in
1697 679 1842 700 consuetu-

1048 709 1138 735 dinem
1151 714 1266 735 nostram
1280 718 1330 736 non
1342 710 1458 736 caderet.
1485 711 1551 736 Nam
1564 711 1695 741 misereri.
1709 710 1840 741 invidere,

1047 747 1160 782 gestire,
1175 746 1278 776 lactari,
1296 747 1360 773 baec
1371 749 1460 774 omnia
1472 748 1578 774 morbos
1589 748 1683 774 Graeci
1695 747 1840 783 appellant,

1049 789 1136 810 motus
1156 785 1239 810 animi
1260 785 1355 811 rationi
1374 793 1425 811 non
1439 785 1668 820 obtemperantes:
1691 794 1738 811 nos
1753 790 1842 811 autem

1049 821 1097 847 bos
1108 821 1215 847 cosdem
1232 826 1319 848 motus
1335 823 1458 848 concitati
1474 823 1573 853 animi,
1592 828 1674 852 recte,
1693 827 1722 849 ut
1735 823 1840 857 opinor,

1048 858 1262 893 perturbationes
1282 858 1446 886 dixerimus:
1469 859 1576 886 morbos
1597 865 1685 886 autem
1707 868 1758 886 non
1777 860 1843 885 satis

1049 896 1157 922 usitate:
1173 896 1225 922 nisi
1237 896 1303 930 quid
1316 896 1389 922 aliud
1403 897 1450 922 tibi
1464 897 1579 923 videtur.
1620 899 1645 923 8.
1658 898 1688 923 A.
1701 897 1767 923 Mihi
1780 904 1844 923 vero

1050 934 1099 959 isto
1115 933 1203 959 modo.
1244 934 1279 959 M.
1297 934 1426 960 Haeccine
1443 935 1525 969 igitur
1540 933 1634 960 cadere
1651 935 1677 960 in
1693 935 1842 969 sapientem

1049 969 1144 1005 putas‘?
1164 971 1195 996 Α.
1209 971 1318 997 Prorsus
1330 972 1465 997 existimo.
1497 972 1531 997 M.
1546 972 1599 997 Nae
1611 972 1659 997 ista
1672 971 1787 1006 gloriosa
1799 979 1844 997 sa-

1047 1008 1146 1042 pientia
1160 1016 1210 1033 non
1223 1016 1320 1043 magno
1331 1007 1495 1035 aestimanda
1502 1008 1700 1043 est,siquidem
1708 1017 1759 1035 non
1771 1007 1844 1034 mul-

1048 1049 1104 1071 tum
1115 1044 1203 1071 diss'ert
1217 1045 1250 1071 ab
1263 1046 1376 1072 insania.
1417 1047 1448 1072 Α.
1465 1045 1555 1078 Quid?
1566 1045 1614 1072 tibi
1625 1046 1748 1072 omnisne
1759 1045 1843 1072 animi

1047 1082 1189 1108 commotio
1201 1082 1308 1109 videtur
1318 1082 1439 1108 insania?
1459 1083 1491 1109 M.
1505 1083 1562 1110 Non
1575 1083 1643 1109 mibi
1653 1083 1764 1118 quidem
1776 1081 1841 1109 soli:

1048 1119 1104 1149 sed,
1122 1119 1148 1145 id
1160 1119 1232 1154 quod
1243 1119 1369 1146 admirari
1382 1128 1460 1154 saepe
1472 1119 1557 1150 soleo,
1576 1120 1723 1147 maioribus
1733 1127 1844 1155 quoque

1049 1157 1145 1183 nostris
1158 1156 1206 1183 boc
1220 1157 1253 1183 ita
1266 1157 1356 1183 visum
1369 1157 1490 1193 intelligo
1502 1157 1594 1183 multis
1606 1157 1843 1184 saeculisanteSo-

1048 1199 1160 1220 cratem:
1183 1202 1197 1220 a
1208 1203 1262 1229 quo
1274 1194 1339 1220 haec
1349 1195 1451 1225 omnis,
1464 1203 1533 1230 quae
1545 1199 1584 1221 est
1595 1194 1628 1220 de
1640 1195 1694 1221 vita
1705 1199 1731 1221 et
1741 1194 1774 1221 de
1785 1202 1844 1220 mo-

1049 1231 1134 1262 ribus,
1148 1231 1318 1266 philosophia
1332 1233 1460 1258 manavit.
1487 1232 1518 1258 Α.
1533 1231 1655 1264 Quonam
1667 1231 1774 1258 tandem
1786 1239 1844 1258 mo-

1048 1267 1107 1295 do‘.>¹
1119 1269 1154 1294 M.
1172 1268 1240 1301 Quia
1257 1278 1353 1295 nornen
1365 1269 1485 1295 insaniae
1496 1268 1631 1305 significat
1642 1269 1739 1296 mentis
1750 1276 1844 1304 aegro-

1048 1306 1174 1332 tationem
1193 1311 1218 1332 et
1234 1305 1402 1336 morbum,id
1421 1311 1461 1333 est
1477 1307 1647 1333 insanitatem
1665 1310 1691 1333 et
1706 1311 1843 1342 aegrotum

1047 1344 1178 1374 animum,
1194 1352 1276 1378 quam
1287 1343 1456 1379 appellarunt
1467 1344 1610 1370 insaniam.
1644 1345 1669 1370 9.
1684 1342 1784 1370 Omnes
1795 1351 1845 1370 au·

1048 1385 1100 1407 tem
1116 1380 1330 1415 perturbationes
1347 1381 1429 1407 animi
1445 1381 1553 1408 morbos
1572 1379 1728 1416 philosophi
1751 1379 1845 1416 appel-

1049 1417 1115 1450 lant;
1140 1423 1306 1453 negantque,
1324 1418 1438 1445 stultum
1453 1426 1619 1454 quemquam
1629 1418 1673 1444 his
1684 1417 1785 1445 morbis
1797 1425 1845 1443 va-

1047 1463 1117 1481 care.
1156 1454 1207 1487 Qui
1229 1460 1318 1482 autem
1334 1456 1361 1482 in
1374 1455 1466 1482 morbo
1482 1460 1559 1486 sunt,
1580 1456 1639 1482 sani
1654 1463 1707 1482 non
1722 1460 1797 1482 sunt:
1818 1460 1845 1481 et

1046 1492 1364 1527 omniuminsipientium
1371 1493 1454 1519 animi
1465 1494 1492 1519 in
1505 1493 1598 1520 morbo
1608 1497 1684 1519 sunt:
1696 1500 1790 1519 omnes
1802 1492 1845 1518 in-

1047 1529 1177 1564 sipientes
1189 1530 1272 1566 igitur
1283 1531 1430 1557 insaniunt.
1451 1529 1597 1557 Sanitatem
1608 1531 1680 1556 enim
1691 1530 1844 1557 animorum

1047 1567 1196 1601 positamin
1204 1567 1396 1602 tranquillitate
1408 1567 1526 1602 quadam
1537 1568 1739 1603 constantiaque
1749 1575 1844 1594 cense-

1048 1604 1124 1630 bant:
1137 1604 1180 1630 his
1188 1604 1269 1630 rebus
1275 1609 1392 1631 mentem
1399 1613 1511 1631 vacuam
1519 1604 1689 1640 appellarunt
1700 1605 1842 1634 insaniam,

1047 1646 1185 1676 propterea
1197 1641 1269 1676 quod
1281 1642 1308 1668 in
1319 1641 1473 1677 perturbato
1483 1643 1587 1673 animo,
1603 1643 1674 1668 sicut
1685 1643 1711 1668 in
1723 1649 1842 1677 corpore,

1047 1680 1148 1705 sanitas
1159 1687 1218 1705 esse
1228 1687 1280 1705 non
1291 1683 1391 1713 posset.
1431 1679 1464 1705 V.
1482 1681 1519 1705 to.
1534 1680 1588 1705 Nec
1600 1680 1691 1705 minus
1702 1678 1770 1705 illud
1780 1687 1845 1705 acu-

1048 1720 1086 1746 te,
1099 1715 1172 1751 quod
1183 1716 1266 1742 animi
1278 1715 1458 1746 affectionem,
1472 1715 1574 1743 lumine
1586 1716 1684 1743 mentis
1697 1721 1842 1746 carentem,

1048 1754 1255 1780 nominaverunt
1265 1754 1409 1780 amentiam
1419 1753 1597 1789 eamdemque
1607 1753 1782 1780 dementiam.
1802 1753 1845 1780 Ex

1048 1798 1102 1825 quo
1118 1789 1325 1826 intelligendum
1341 1795 1394 1821 est,
1416 1799 1475 1821 eos,
1493 1791 1542 1826 qui
1557 1790 1623 1817 haec
1638 1790 1720 1817 rebus
1735 1791 1844 1817 nomina

1048 1832 1208 1862 posuerunt,
1226 1828 1344 1854 sensisse
1360 1827 1410 1854 hoc
1425 1827 1512 1859 idem,
1529 1827 1602 1863 quod
1617 1836 1632 1854 a
1647 1827 1752 1855 Socrate
1767 1835 1845 1854 acce-

1048 1869 1124 1899 ptum
1138 1864 1282 1900 diligenter
1293 1864 1375 1891 Stoici
1386 1865 1566 1896 retinuerunt,
1579 1874 1674 1892 omnes
1685 1865 1844 1900 insipientes

1047 1910 1106 1928 esse
1118 1910 1169 1928 non
1182 1910 1271 1928 sanos.
1311 1902 1363 1935 Qui
1378 1903 1450 1928 enim
1462 1903 1570 1929 animus
1581 1907 1621 1929 est
1631 1903 1660 1929 in
1671 1901 1762 1938 aliquo
1771 1909 1845 1929 mor-

1048 1939 1095 1969 bo,
1113 1939 1230 1974 (morbos
1245 1944 1335 1966 autem
1349 1939 1398 1966 hos
1412 1939 1581 1974 perturbatos
1596 1945 1699 1970 motus,
1720 1944 1750 1966 ut
1764 1937 1844 1966 modo

1047 1975 1115 2006 dixi,
1128 1976 1284 2011 philosophi
1296 1976 1441 2012 appellant)
1448 1985 1500 2003 non
1513 1977 1599 2013 magis
1610 1982 1651 2004 est
1660 1985 1752 2007 sanus¹
1761 1984 1843 2012 quam

1047 2013 1074 2039 id
1085 2021 1192 2048 corpus,
1205 2013 1278 2048 quod
1289 2014 1316 2040 in
1328 2013 1422 2040 morbo
1431 2019 1481 2040 est.
1521 2015 1557 2041 Ita
1569 2014 1606 2045 fit,
1619 2019 1649 2041 ut
1657 2014 1789 2049 sapientia
1799 2021 1844 2040 sa-

1047 2051 1116 2077 nitas
1136 2051 1172 2077 sit
1191 2051 1289 2078 animi:
1324 2051 1480 2086 insipientia
1501 2056 1590 2078 autem
1610 2052 1689 2086 quasi
1712 2051 1843 2078 insanitas

1047 2086 1202 2124 quaedam[,
1224 2097 1293 2123 quae
1318 2093 1359 2115 est
1383 2089 1488 2115 insania
1510 2088 1659 2124 eademque
1679 2086 1840 2124 dementia]:

1047 2125 1186 2160 multoque
1210 2125 1308 2152 melius
1333 2125 1399 2152 haec
1422 2130 1510 2152 notata
1532 2130 1597 2152 sunt
1618 2125 1708 2152 verbis
1729 2125 1840 2155 Latinis,

1045 2170 1128 2197 quam
1143 2162 1267 2189 Graecis:
1289 2162 1362 2197 quod
1376 2162 1438 2189 aliis
1453 2171 1561 2198 quoque
1576 2162 1670 2190 multis
1686 2162 1751 2189 locis
1765 2169 1843 2197 repe·

1046 2200 1138 2226 rietur.
1179 2199 1233 2226 Sed
1245 2199 1272 2226 id
1283 2199 1363 2226 alias:
1377 2208 1458 2231 nunc,
1470 2200 1543 2235 quod
1554 2201 1645 2227 instat.
1687 2201 1726 2226 ll.
1745 2199 1842 2225 Totum

1046 2237 1129 2272 igitur
1140 2236 1178 2268 id,
1191 2237 1264 2271 quod
1273 2237 1440 2272 quaerimus,
1449 2237 1517 2272 quid
1527 2241 1553 2263 et
1563 2236 1643 2272 quale
1654 2237 1698 2268 sit,
1711 2235 1788 2262 verbi
1799 2235 1841 2261 vis

1046 2275 1104 2308 ipsa
1115 2273 1243 2301 declarat.
1282 2274 1335 2300 Eos
1350 2275 1423 2301 enim
1437 2283 1516 2301 sanos
1527 2274 1657 2309 quoniam
1667 2272 1783 2308 intelligi
1793 2280 1841 2298 ne-

1044 2319 1119 2337 cesse
1129 2315 1178 2342 est,
1189 2319 1305 2346 quorum
1317 2320 1394 2338 mens
1405 2316 1488 2342 motu,
1496 2311 1574 2346 quasi
1586 2310 1687 2341 morbo,
1700 2308 1842 2345 perturba-

1045 2353 1070 2375 ta
1081 2348 1156 2375 nullo
1166 2348 1214 2375 sit:
1228 2349 1277 2384 qui
1287 2353 1378 2375 contra
1389 2348 1475 2375 affecti
1485 2353 1558 2378 sunt,
1567 2348 1616 2374 hos
1627 2349 1735 2374 insanos
1745 2345 1842 2381 appel-

1046 2385 1095 2412 lari
1108 2394 1217 2412 necesse
1228 2390 1278 2412 est.
1317 2386 1409 2421 Itaque
1420 2384 1489 2412 nihil
1501 2384 1608 2415 melius,
1623 2392 1705 2419 quam
1716 2383 1789 2419 quod
1800 2388 1841 2411 est

1044 2423 1072 2449 in
1083 2422 1279 2449 consuetudine
1289 2423 1422 2449 sermonis
1433 2423 1534 2453 Latini,
1550 2430 1636 2456 quum
1647 2421 1736 2447 exisse
1747 2429 1781 2447 ex
1791 2428 1840 2455 po-

1044 2464 1137 2487 testate
1152 2460 1271 2486 dicimus
1287 2469 1346 2490 eos,
1367 2460 1416 2495 qui
1427 2459 1547 2486 effrenati
1557 2458 1680 2485 feruntur
1689 2462 1735 2484 aut
1746 2457 1841 2484 libidi-

1043 2505 1077 2523 ne
1091 2502 1137 2524 aut
1151 2497 1300 2524 iracundia.
1340 2496 1510 2532 Quamquam
1525 2496 1584 2531 ipsa
1594 2494 1732 2522 iracundia
1745 2494 1840 2521 libidi-

1043 2535 1086 2560 nis
1097 2539 1137 2561 est
1147 2543 1220 2569 pars.
1246 2534 1290 2561 Sic
1301 2535 1374 2561 enim
1385 2533 1513 2560 definitur
1522 2532 1671 2563 iracundia,
1687 2531 1839 2558 ulciscendi

1044 2570 1139 2605 libido.
1172 2571 1226 2604 Qui
1241 2572 1325 2608 igitur
1339 2572 1429 2598 exisse
1443 2579 1478 2597 ex
1495 2574 1624 2605 potestate
1633 2569 1775 2600 dicuntur,
1795 2568 1839 2611 idf

1043 2609 1114 2635 circo
1124 2608 1262 2640 dicuntur,
1274 2609 1338 2644 quia
1350 2617 1402 2635 non
1413 2608 1514 2634 suntin
1525 2611 1654 2642 potestate
1664 2606 1776 2637 mentis,
1791 2613 1838 2632 cut

1043 2653 1157 2682 regnum
1173 2646 1255 2673 totius
1269 2646 1354 2673 animi
1369 2654 1384 2672 a
1399 2649 1493 2672 natura
1507 2644 1641 2672 tributum
1654 2648 1701 2671 est.
1741 2642 1837 2671 Graeci
