1941 3052
261 139 638 166 TUSCULANARUM
669 137 1051 166 DISPUTATIONUM
1087 139 1167 165 LIB.

74 211 192 243 Quaeres
208 209 331 241 fortasse,
349 219 403 245 quo
417 210 510 237 modo:
529 215 554 237 et
569 215 648 237 recte.
689 209 779 236 Talem
795 210 868 236 enim

77 247 237 274 medicinam
259 247 429 282 philosophia
452 247 598 282 profitetur.
639 247 713 274 XIX.
736 248 776 275 tt.
792 247 871 273 Venit

74 286 221 320 Epicurus,
239 285 319 311 homo
334 286 446 311 minime
463 285 563 316 malus,
585 284 627 311 vel
643 285 733 319 potius
748 285 789 311 vir
801 285 871 318 opti-

75 331 150 349 mus:
171 327 274 349 tantum
290 327 392 353 monet,
415 327 546 357 quantum
565 321 705 357 intelligit:
729 321 868 357 »Neglige,

75 361 172 394 inquit,
185 359 334 386 dolorem«
363 359 431 392 Quis
443 360 493 386 hoc
503 358 586 386 dicit?
597 359 680 390 ldem,
693 359 740 394 qui
752 358 870 385 dolorem

74 405 213 424 summum
225 397 337 424 malum.
368 397 420 424 Vix
431 398 496 423 satis
507 401 659 423 constanter
669 396 822 423 audiamus.
843 395 871 422 Si

75 442 199 462 summus
210 434 286 461 dolor
296 439 345 465 est,
359 435 455 469 inquit,
470 442 579 461 necesse
590 438 631 460 est
642 434 752 460 brevem
764 441 832 460 esse.

186 473 316 498 Iteradum
328 474 414 498 eadem
425 475 475 498 ista
486 473 537 497 mi!

75 518 127 536 non
143 510 216 535 enim
231 510 296 535 satis
313 509 448 545 intelligo,
471 508 537 543 quid
554 516 693 534 summum
708 507 782 534 dicas
801 515 869 538 esse,

75 546 142 581 quid
154 546 244 573 breve.
257 546 423 577 >›Summum,
436 555 489 581 quo
500 546 569 572 nihil
581 546 615 572 sit
625 545 764 580 superius:
778 545 869 575 breve,

75 592 129 618 quo
140 583 209 610 nihil
222 583 358 611 brevius«
377 584 522 610 Contemno
534 583 749 618 magnitudinem
760 581 869 613 doloris,

75 630 88 647 a
110 630 162 656 qua
183 629 226 647 me
246 621 365 648 brevitas
382 621 510 655 temporis
529 620 680 647 vindicabit
700 624 759 646 ante
775 627 869 654 paene,

75 667 157 693 quam
168 659 280 685 venerit.
304 658 381 689 »Sed,
395 659 419 684 si
429 662 470 684 est
481 663 570 684 tantus
581 657 664 688 dolor,
678 661 796 692 quantus
808 656 873 682 Phi-

76 695 218 722 loctetae‘?«
250 696 330 722 Bene.
366 695 446 722 Plane
462 704 576 731 magnus
593 694 660 721 mihi
671 694 783 729 quidem
795 693 872 719 vide-

75 738 131 764 tur,
149 733 197 760 sed
213 738 301 760 tamen
318 742 369 760 non
383 741 521 759 summus:
544 731 613 758 nihil
628 732 701 758 enim
716 730 800 761 dolet,
818 730 872 756 nisi

75 779 132 805 peS.
173 771 288 797 Possunt
298 770 384 797 oculi:
397 774 587 805 potestcaput,
604 769 700 799 latera,
713 767 869 802 pulmones:

75 812 188 842 possunt
198 809 298 835 omnia.
339 808 428 843 Longe
441 808 523 842 igitur
534 807 609 833 abest
623 815 638 833 a
652 814 759 832 summo
770 804 870 831 dolore.

75 845 176 880 »Ergo,
198 846 299 880 inquit,
322 844 397 871 dolor
411 844 557 871 diuturnus
573 843 654 870 habet
669 843 783 869 laetitiae
798 841 869 876 plus,

74 891 157 917 quam
168 882 334 909 molestiae«
365 883 406 908 45.
422 882 499 907 Nunc
509 890 558 917 ego
570 889 622 907 non
633 888 754 915 possum,
769 884 871 906 tantum

76 919 212 946 hominem
224 919 292 946 nihil
304 927 411 954 sapere,
429 918 532 945 dicere:
550 918 598 944 sed
609 926 657 944 nos
669 917 702 944 ab
712 926 743 944 eo
754 916 872 943 derideri

74 961 150 991 puto.
189 957 245 992 Ego
257 965 395 983 summum
407 956 526 983 dolorem
537 956 686 991 (summum
698 959 787 981 autem
799 953 869 985 dico,

74 994 155 1020 etiam
171 995 195 1020 si
209 994 303 1020 decem
319 995 414 1021 atomis
430 998 471 1020 est
486 994 571 1020 maior
586 992 666 1028 alius)
682 1001 734 1019 non
745 992 872 1018 continuo

73 1031 135 1058 dico
146 1039 205 1058 esse
216 1031 341 1058 brevem:
357 1031 510 1066 multosque
521 1039 633 1066 possum
645 1030 729 1057 bonos
741 1030 813 1056 viros
825 1037 873 1055 no-

73 1069 186 1100 minare,
199 1069 248 1103 qui
258 1068 411 1104 complures
421 1077 505 1095 annos
516 1068 655 1095 doloribus
667 1067 800 1102 podagrae
811 1075 873 1092 cru-

73 1106 180 1133 cientur
190 1107 327 1133 maximis.
368 1106 422 1133 Sed
438 1106 517 1133 homo
532 1110 607 1132 catus
620 1113 769 1140 numquam
780 1104 873 1131 termi-

75 1147 120 1170 nat
135 1152 184 1170 nec
203 1143 400 1179 magnitudinis
420 1152 469 1170 nec
489 1143 676 1170 diuturnitatis
696 1142 821 1172 modum,
844 1145 874 1167 ut

74 1181 172 1212 sciam,
189 1181 257 1216 quid
272 1189 411 1208 summum
425 1181 496 1208 dicat
511 1181 538 1207 in
552 1180 657 1211 dolore,
673 1179 740 1215 quid
752 1179 834 1205 breve
845 1179 873 1204 in

74 1222 204 1253 tempore.
243 1217 406 1245 Omittamus
422 1218 494 1245 hunc
510 1218 606 1254 igitur,
628 1217 698 1244 nihil
709 1225 819 1252 prorsus
831 1215 874 1242 di-

74 1261 192 1282 centem:
206 1264 390 1291 cogamusque
401 1256 535 1287 confiteri,
552 1264 604 1282 non
616 1263 675 1281 esse
686 1254 720 1281 ab
731 1263 762 1281 eo
773 1253 873 1280 doloris

75 1292 194 1319 remedia
214 1293 382 1328 quaerenda,
404 1294 452 1328 qui
467 1293 586 1320 dolorem
603 1291 735 1319 malorum
750 1292 873 1318 omnium

75 1330 226 1356 maximum
247 1330 360 1357 dixerit:
382 1331 510 1366 quamvis
530 1330 602 1357 idem
623 1329 778 1356 forticulum
798 1337 827 1355 se
846 1329 873 1354 in

75 1367 238 1394 torminibus
254 1372 280 1394 et
298 1368 325 1394 in
341 1368 493 1404 stranguria
511 1376 560 1394 sua
581 1367 717 1402 praebeat.
757 1365 874 1393 Aliunde

74 1405 160 1440 igitur
170 1409 210 1432 est
220 1405 374 1439 quaerenda
385 1406 529 1436 medicina,
538 1410 563 1432 et
574 1405 692 1431 maxime
706 1404 818 1439 quidem
829 1403 872 1438 (si,

74 1441 143 1477 quid
163 1443 281 1469 maxime
294 1448 504 1470 consentaneum
519 1444 567 1474 sit,
588 1441 756 1478 quaerimus)
774 1441 808 1467 ab
828 1441 872 1471 iis,

74 1479 190 1514 quibus,
208 1479 281 1514 quod
297 1480 440 1507 honestum
451 1482 500 1511 sit,
518 1488 657 1506 summum
668 1479 783 1510 bonum,
801 1477 875 1513 quod

75 1521 162 1551 turpe.
179 1525 318 1543 summum
330 1517 437 1544 videtur
449 1517 560 1544 malum.
587 1517 634 1543 llis
646 1521 673 1544 tu
685 1515 874 1552 praesentibus

74 1562 183 1589 gemere
194 1558 219 1581 et
229 1558 253 1581 te
265 1555 361 1581 iactare
373 1564 425 1582 non
436 1555 550 1582 audebis
564 1554 691 1590 profecto.
738 1554 875 1588 Loquetur

75 1591 147 1617 enim
159 1599 251 1618 eorum
263 1600 327 1618 voce
340 1593 425 1619 virtus
438 1593 495 1627 ipsa
511 1597 613 1619 tecum:
645 1591 708 1618 XX.
730 1592 771 1618 46.
787 1591 872 1622 Tune,

75 1636 161 1663 quum
177 1637 274 1663 pueros
290 1629 502 1661 Lacedaemone,
522 1629 706 1656 adolescentes
721 1628 872 1664 Olympiae,

75 1665 203 1704 barbaros
216 1667 243 1692 in
254 1674 333 1693 arena
346 1667 447 1694 videris
459 1665 875 1702 excipientesgravissimaspla-

74 1711 123 1738 gas
139 1707 164 1730 et
177 1702 292 1730 ferentes
306 1703 428 1736 silentio,
445 1705 470 1731 si
484 1709 508 1732 te
524 1704 591 1731 forte
606 1704 682 1731 dolor
696 1703 796 1738 aliquis
812 1711 875 1738 per-

76 1739 190 1771 vellerit,
206 1740 386 1773 exclamabis,
399 1746 428 1769 ut
439 1741 555 1769 mulier‘?
569 1750 622 1768 non
633 1745 785 1768 constanter
795 1745 821 1768 et
831 1749 875 1766 se-

75 1776 135 1804 date
147 1777 275 1804 t'ere57—
286 1779 359 1805 Ferri
372 1788 423 1806 non
435 1784 535 1814 potest:
551 1784 645 1806 natura
657 1787 709 1806 non
721 1779 874 1814 patitur.—

75 1814 173 1842 Audio.
199 1815 279 1842 Pueri
291 1815 388 1847 serunt,
399 1816 485 1852 gloria
497 1816 585 1843 ducti:
601 1815 690 1844 ferunt
701 1816 803 1851 pudore
815 1814 872 1846 alii,

76 1851 154 1879 multi
170 1857 256 1879 metu:
279 1858 305 1880 et
320 1858 409 1880 tamen
426 1862 564 1886 veremur,
581 1858 611 1881 ut
626 1854 689 1885 hoc,
706 1853 779 1889 quod
795 1862 809 1880 a
820 1857 874 1880 tam

75 1889 169 1916 multis
181 1895 206 1916 et
216 1890 288 1924 quod
301 1895 337 1917 tot
349 1890 414 1918 locis
424 1890 581 1926 perferatur,
590 1896 683 1918 natura
695 1889 829 1926 patiatur?
839 1890 875 1917 ll—

76 1925 101 1952 la
113 1934 176 1953 vero
186 1935 238 1953 non
250 1927 328 1954 modo
339 1929 447 1962 patitur,
461 1937 554 1955 verum
566 1929 647 1955 etiam
658 1927 785 1963 postulat.
826 1928 875 1954 Ni-

76 1962 115 1990 hil
127 1964 199 1990 enim
211 1963 291 1990 habet
302 1966 494 1999 praestantius,
509 1965 592 1997 nihil.
608 1965 681 2001 quod
693 1966 780 2001 magis
791 1973 874 2000 expe-

76 2004 126 2031 tat,
139 2009 221 2035 quam
234 2001 412 2033 honestatem,
429 2011 510 2037 quam
524 2002 644 2033 laudem,
662 2011 744 2038 quam
756 2002 874 2037 dignita-

76 2042 143 2068 tem,
166 2046 248 2073 quam
268 2038 362 2065 decus.
401 2039 481 2066 Hisce
501 2048 550 2075 ego
570 2039 696 2074 pluribus
716 2040 874 2066 nominibus

76 2083 158 2101 unam
170 2083 226 2102 rem
237 2075 367 2102 declarari
381 2076 454 2108 volo,
472 2076 519 2103 sed
532 2082 604 2108 utor,
622 2081 744 2112 utquam
756 2077 874 2103 maxime

76 2112 237 2147 significem,
251 2112 387 2147 pluribus.
413 2113 478 2141 Volo
489 2118 578 2141 autem
590 2114 688 2145 dicere,
706 2113 774 2140 illud
787 2114 875 2140 homi-

77 2149 104 2175 ni
117 2149 194 2185 longe
204 2151 337 2185 optimum
349 2159 418 2182 esse,
433 2151 505 2186 quod
518 2152 608 2186 ipsum
620 2152 656 2178 sit
668 2151 816 2186 optandum
826 2159 875 2186 per

75 2195 114 2218 se,
128 2195 141 2212 a
153 2188 251 2214 virtute
262 2189 425 2222 profectum,
444 2188 485 2214 vel
497 2189 524 2215 in
536 2189 594 2224 ipsa
607 2190 704 2216 virtute
715 2189 797 2215 situm
806 2209 812 2219 ‚
826 2197 874 2215 sua

75 2228 169 2258 sponte
182 2223 331 2251 laudabile:
346 2225 419 2260 quod
430 2225 542 2260 quidem
553 2226 634 2253 citius
645 2226 762 2253 dixerim
774 2225 872 2257 solum,

75 2269 158 2296 quam
173 2270 225 2288 non
240 2270 379 2288 summum
392 2262 504 2289 bonum.
544 2263 644 2298 Atque,
663 2267 692 2290 ut
706 2263 771 2289 haec
782 2263 815 2290 de
826 2263 875 2290 ho-

76 2302 164 2329 nesto,
176 2299 215 2325 sic
226 2298 259 2325 de
272 2299 343 2334 turpi
354 2300 498 2326 contraria:
516 2300 584 2327 nihil
597 2305 650 2327 tam
663 2304 790 2332 taetrum.
804 2299 873 2327 nihil

75 2339 128 2362 tam
140 2336 350 2371 aspernandum,
364 2336 433 2363 nihil
446 2336 554 2364 homine
566 2337 717 2373 indignius.

129 2373 170 2399 47.
192 2372 270 2406 Quod
284 2374 307 2399 si
324 2374 373 2400 tibi
388 2382 549 2408 persuasum
564 2379 618 2401 est:
640 2375 785 2410 (principio
800 2375 873 2402 enim

74 2408 178 2442 dixisti,
192 2410 254 2445 plus
266 2411 293 2437 in
305 2410 434 2437 dedecore
447 2411 510 2438 mali
522 2412 571 2438 tibi
583 2412 679 2443 videri,
691 2421 773 2447 quani
787 2412 813 2438 in
825 2412 873 2439 do-

75 2445 156 2482 lore:)
167 2447 303 2483 reliquum
314 2453 363 2479 est,
377 2453 406 2475 ut
417 2453 471 2475 tuto
483 2448 531 2475 tibi
544 2449 671 2484 imperes.
702 2450 872 2484 Quamquam

75 2483 125 2510 hoc
137 2485 236 2515 nescio,
250 2494 305 2520 quo
317 2485 396 2512 modo
407 2485 519 2517 dicatur,
528 2487 607 2521 quasi
618 2486 672 2513 duo
683 2486 779 2517 simus,
794 2491 822 2513 ut
833 2486 873 2513 al-

74 2525 113 2547 ter
126 2522 251 2556 imperet,
269 2522 335 2550 alter
350 2528 453 2558 pareat:
477 2532 528 2549 non
546 2523 640 2550 inscite
657 2528 745 2550 tamen
760 2523 870 2551 dicitur.

74 2557 148 2584 XXl.
170 2558 218 2586 Est
231 2560 304 2586 enini
315 2562 423 2587 animus
434 2561 460 2587 in
473 2565 561 2595 partes
573 2561 690 2587 tributus
701 2560 782 2587 duas:
804 2569 872 2596 qua-

75 2603 135 2621 rum
146 2595 227 2623 altera
239 2597 349 2624 rationis
360 2602 401 2625 est
411 2598 555 2633 particeps,
563 2598 644 2624 altera
656 2606 763 2633 expers.
780 2597 870 2630 Quum

74 2632 158 2668 igitur
172 2635 350 2669 praecipitur,
368 2640 397 2662 ut
412 2635 600 2670 nobismetipsi
621 2636 798 2670 imperemus,
821 2635 870 2663 hoc

74 2670 247 2705 praecipitur,
259 2676 289 2699 ut
299 2672 365 2700 ratio
375 2677 494 2700 coerceat
506 2673 692 2700 temeritatem.
714 2673 761 2700 Est
773 2673 799 2700 in
811 2674 870 2701 uni-

1200 139 1235 165 ΙΙ.
1263 138 1354 165 CAP.
1380 141 1408 165 16
1428 155 1464 158 -
1485 141 1526 166 22.
1652 142 1715 166 4055

898 209 900 217 '
922 210 973 235 mis
985 210 1106 236 omnium
1119 208 1173 236 fere
1187 214 1279 236 natura
1297 209 1376 236 molle
1392 209 1536 245 quiddam,
1553 209 1714 240 demissum,

923 246 1036 277 humile,
1053 252 1210 273 enervatum
1226 247 1424 282 quodammodo
1435 252 1461 274 et
1476 247 1646 283 languidum.
1687 247 1716 273 Si

923 283 991 310 nibil
1004 288 1073 310 esset
1084 284 1171 310 aliud:
1185 284 1254 310 nihil
1265 290 1336 311 esset
1347 285 1455 311 homine
1466 284 1625 311 deformius.
1665 283 1717 310 Sed

922 326 1027 355 praesto
1038 325 1078 347 est
1087 321 1195 347 domina
1206 322 1328 348 omnium
1339 327 1365 349 et
1375 323 1467 358 regina
1479 323 1554 352 ratio.
1567 330 1645 356 quae,
1654 330 1718 348 con-

923 360 985 384 nixa
1001 366 1048 393 per
1063 367 1091 384 se
1107 363 1133 384 et
1147 367 1287 394 progressa
1304 359 1425 395 longius,
1447 360 1474 386 lit
1489 359 1604 394 perfecta
1620 359 1716 385 virtus.

923 396 991 421 Haec
1003 400 1032 422 ut
1044 396 1156 430 imperet
1167 395 1206 422 illi
1218 397 1286 431 parti
1302 397 1399 427 animi,
1418 405 1486 431 quae
1502 396 1612 423 obedire
1628 396 1717 426 debet,

923 432 949 459 id
965 432 1114 459 videndum
1129 438 1169 460 est
1181 434 1247 460 viro.
1289 435 1329 460 48.
1351 433 1472 466 Quonam
1489 433 1586 460 modo‘?
1601 434 1717 468 inquies.

922 485 958 489 -
969 469 1015 496 Vel
1029 475 1057 496 ut
1068 470 1194 496 dominus
1206 479 1296 501 servo,
1316 470 1357 497 vel
1370 476 1399 498 ut
1409 472 1553 506 imperator
1564 470 1658 501 militi,
1677 470 1719 497 vel

923 512 952 533 ut
963 515 1059 541 parens
1071 507 1136 534 filio.
1177 507 1206 534 Si
1218 509 1375 542 turpissime
1391 517 1419 535 se
1436 508 1481 535 illa
1497 517 1558 543 pars
1574 509 1658 534 animi
1673 516 1721 544 ge-

924 548 974 575 ret,
991 553 1072 579 quani
1088 544 1146 571 dixi
1157 553 1215 571 esse
1228 545 1348 576 mollem,
1366 547 1390 572 si
1400 554 1430 572 se
1442 546 1566 572 lamentis
1578 545 1721 571 muliebri-

924 587 962 608 ter
974 581 1147 616 lacrimisque
1157 582 1246 613 dedet,
1263 584 1397 609 vinciatur
1408 588 1433 610 et
1443 584 1641 619 constringatur
1652 583 1720 609 ami-

923 626 1015 645 corum
1028 619 1296 655 propinquorumque
1312 620 1453 647 custodiis.
1492 621 1575 655 Saepe
1591 621 1662 646 enim
1679 621 1722 647 vi-

923 655 1014 682 dimus
1029 655 1124 682 fractos
1140 656 1255 691 pudore,
1277 658 1325 692 qui
1340 659 1441 684 ratione
1452 657 1526 684 nulla
1538 658 1718 684 vincerentur.

923 693 994 728 Ergo
1006 694 1054 720 hos
1068 693 1189 728 quidem,
1203 699 1233 721 ut
1244 693 1373 726 famulos,
1386 694 1485 722 vinclis
1497 704 1579 730 prope
1590 704 1619 721 ac
1631 699 1722 721 custo-

924 730 967 756 dia
981 729 1186 767 [coerceamus]:
1209 732 1256 766 qui
1269 737 1358 758 autem
1369 737 1448 759 erunt
1459 732 1603 763 firmiores,
1623 740 1670 758 nec
1683 737 1722 758 ta-

924 776 986 794 men
1001 768 1198 799 robustissimi,
1217 769 1266 795 hos
1281 769 1420 796 admonitu
1431 769 1576 804 oportebit,
1595 774 1623 796 ut
1638 769 1722 796 bonos

924 805 1037 836 milites,
1055 810 1205 836 revocatOS,
1227 806 1387 841 dignitatem
1403 807 1482 833 tueri.
1523 807 1581 833 Non
1597 807 1678 832 nimis
1694 807 1721 832 in

924 842 1027 877 Niptris
1042 842 1087 868 ille
1101 843 1321 877 sapientissimus
1333 844 1460 870 Graeciae
1471 845 1581 870 saucius
1593 843 1722 870 lamenta-

923 884 967 907 tur
979 879 1020 906 vel
1033 879 1138 906 modice
1152 881 1255 914 potius:

998 936 1034 941 -
1043 924 1193 955 pedetentim
1204 922 1313 958 (inquit)
1323 927 1346 948 et
1355 924 1443 949 sedato
1453 925 1520 953 nisu,

997 968 1028 985 ‘ne
1038 962 1161 986 succussu
1171 963 1286 994 arripiat
1296 962 1380 986 maior

997 998 1080 1023 dolor.

924 1052 966 1077 49.
987 1050 1133 1086 (Pacuvius
1151 1051 1200 1077 hoc
1216 1051 1328 1082 melius,
1346 1059 1428 1086 quam
1444 1050 1602 1086 Sophocles.
1644 1051 1724 1086 Apud

924 1087 1003 1114 illum
1024 1088 1097 1114 enim
1118 1096 1249 1123 perquam
1271 1088 1396 1115 flebiliter
1411 1088 1504 1115 Ulixes
1521 1088 1681 1115 lamentatur
1697 1090 1723 1115 in

925 1125 1062 1160 vulnere:)
1077 1130 1165 1152 tamen
1178 1126 1242 1153 huic
1255 1126 1348 1153 leviter
1359 1127 1477 1161 gementi
1493 1126 1532 1152 illi
1544 1127 1611 1161 ipsi,
1625 1127 1673 1161 qui
1686 1126 1725 1152 fe-

925 1167 987 1189 runt
998 1163 1131 1194 saucium,
1147 1172 1276 1198 personae
1288 1164 1446 1200 gravitatem
1458 1164 1602 1195 intuentes,
1610 1172 1661 1190 non
1673 1163 1725 1189 du—

925 1200 1012 1228 bitant
1021 1200 1125 1227 dicere:

1002 1255 1038 1281 th
1048 1257 1154 1289 queque,
1170 1255 1268 1286 Ulixes,
1284 1258 1440 1289 quamquam
1449 1258 1564 1289 qravieer

1001 1295 1128 1319 cernimus
1137 1295 1223 1323 ictum,
1238 1294 1308 1319 nimi'
1317 1296 1399 1326 pae'ne
1408 1296 1494 1320 animo
1505 1301 1531 1319 es

999 1331 1079 1360 molli,
1096 1332 1141 1363 qui
1151 1333 1285 1357 consuetus
1296 1333 1415 1357 inarmis

999 1376 1087 1393 aevom
1100 1370 1183 1401 affere.

926 1403 1056 1440 lntelligit
1069 1409 1146 1439 poeta
1162 1404 1295 1439 prudens,
1314 1404 1418 1431 ferendi
1433 1403 1533 1431 doloris
1549 1404 1725 1431 consuetudi-

926 1450 988 1468 nem
999 1450 1058 1468 esse
1070 1450 1122 1468 non
1134 1442 1357 1469 contemnendam
1367 1443 1534 1477 magistram.
1574 1443 1616 1468 50.
1639 1442 1725 1476 Atque

926 1479 972 1506 ille
983 1487 1035 1506 non
1047 1479 1222 1506 immoderate
1234 1488 1331 1516 magno
1342 1480 1370 1506 in
1381 1480 1481 1511 dolore,

1000 1519 1113 1548 retinete,
1125 1522 1211 1548 tenete,
1227 1520 1369 1551 opprimite,
1382 1519 1456 1543 ulcus

999 1556 1104 1581 nudate.
1145 1555 1201 1580 Heu
1212 1557 1331 1581 miserum
1342 1556 1394 1581 me!
1404 1557 1550 1582 excrucior.

927 1592 1023 1627 lncipit
1034 1590 1101 1618 labi:
1115 1591 1214 1618 deinde
1229 1591 1302 1619 illico
1313 1592 1421 1622 desinit,

1000 1644 1036 1648 —
1047 1632 1149 1662 operite,
1161 1632 1296 1660 abscedite,
1308 1632 1415 1656 iamiam

1000 1669 1105 1693 mittite:
1117 1676 1177 1693 nant
1187 1672 1325 1694 attrectatu
1336 1670 1358 1694 e't
1370 1675 1466 1701 quassu

1000 1713 1104 1730 saevum
1117 1706 1276 1738 dmplificuti'
1288 1706 1410 1731 dolorem.

926 1740 1056 1773 Videsne,
1075 1746 1105 1768 ut
1114 1741 1282 1769 obmutuerit
1292 1751 1344 1768 non
1355 1741 1465 1768 sedatus
1476 1740 1609 1776 corporis,
1622 1740 1670 1766 sed
1681 1749 1727 1766 ea-

926 1779 1041 1814 stigatus
1055 1780 1139 1805 animi
1151 1779 1245 1806 dolor?
1261 1781 1354 1814 Itaque
1366 1780 1393 1806 in
1404 1779 1532 1806 extremis
1544 1778 1648 1813 Niptris
1659 1777 1726 1804 alios

926 1824 1035 1851 quoque
1045 1816 1180 1852 obiurgat,
1195 1817 1276 1852 idque
1289 1817 1416 1848 moriens,

966 1854 1092 1888 Co'nquert'
1102 1857 1233 1888 fortunam
1242 1857 1388 1883 (divorsum,
1400 1859 1449 1880 non
1461 1855 1599 1880 lamentari
1609 1855 1687 1879 decet.

963 1892 994 1917 Id
1004 1893 1056 1918 viri
1066 1896 1101 1918 est
1112 1894 1241 1926 officium:
1253 1894 1326 1925 fletus
1336 1894 1454 1918 muliebri
1465 1894 1565 1924 inqenio
1574 1892 1688 1916 Additus.

927 1928 1013 1955 lluius
1024 1930 1108 1955 animi
1120 1938 1182 1964 pars
1194 1929 1239 1955 illa
1252 1930 1358 1956 mollior
1370 1929 1466 1956 rationi
1477 1929 1516 1955 sic
1529 1928 1626 1963 paruit,
1644 1932 1672 1954 ut
1684 1935 1726 1953 se-

927 1974 989 1992 vero
1001 1967 1155 2001 imperatori
1168 1967 1246 1993 miles
1259 1967 1374 2002 pudens.
1416 1966 1502 1992 xxfl.
1519 1967 1561 1992 51,
1579 1966 1606 1992 ln
1619 1973 1673 2000 quo
1686 1965 1726 1990 vi-

927 2012 955 2030 ro
970 2004 1021 2030 erit
1035 2004 1151 2039 perfecta
1166 2006 1312 2040 sapientia:
1335 2005 1427 2040 (quem
1443 2003 1532 2030 adhuc
1549 2011 1596 2029 nos
1614 2002 1725 2038 quidem

928 2040 1048 2067 vidimus
1070 2043 1207 2069 neminem
1219 2053 1223 2068 :
1249 2042 1298 2069 sed
1325 2041 1548 2077 philosophorum
1572 2040 1724 2069 sententiis.

926 2078 1016 2113 qualis
1028 2078 1072 2105 hic
1085 2078 1193 2106 futurus
1204 2080 1253 2110 sit,
1270 2080 1294 2106 si
1311 2079 1389 2106 modo
1404 2078 1551 2114 aliquando
1566 2077 1659 2106 suerit.
1678 2085 1727 2103 ex-

927 2116 1062 2150 poniturt)
1074 2117 1096 2142 is
1108 2117 1200 2152 igitur,
1217 2118 1282 2143 sica
1294 2117 1374 2146 ratio.
1387 2124 1457 2151 quae
1468 2116 1518 2142 erit
1530 2116 1556 2142 in
1568 2124 1599 2141 eo
1611 2113 1725 2149 perfecta

926 2157 1006 2187 atque
1018 2152 1149 2184 absoluta,
1158 2154 1198 2180 sic
1210 2153 1249 2180 illi
1262 2154 1330 2188 parti
1341 2153 1486 2188 imperabit
1497 2153 1626 2180 interiori.
1644 2156 1671 2177 ut
1684 2152 1726 2176 iu-

926 2194 984 2216 stus
995 2198 1092 2224 parens
1107 2190 1199 2225 probis
1211 2190 1290 2222 titiis;
1309 2195 1390 2220 nutu,
1406 2189 1478 2225 quod
1492 2190 1575 2219 volet,
1592 2188 1723 2215 conficiet.

927 2226 1001 2253 nullo
1014 2226 1113 2258 laboro,
1123 2227 1196 2253 nulla
1207 2227 1342 2254 molestia:
1356 2228 1441 2263 eriget
1453 2229 1510 2262 ipsc
1520 2236 1559 2257 se,
1572 2225 1723 2252 suscitabit.

927 2264 1050 2295 instruet,
1063 2264 1191 2295 armabit,
1206 2270 1244 2295 ut,
1261 2269 1398 2299 tamquam
1411 2265 1490 2294 hosti,
1504 2265 1543 2290 sic
1554 2264 1667 2290 obsistat
1678 2262 1726 2288 do-

927 2301 986 2327 lori.
1027 2302 1101 2333 Quae
1116 2306 1179 2328 sunt
1195 2302 1244 2328 ista
1264 2301 1355 2328 arula?
1372 2302 1525 2332 Contentio,
1548 2300 1724 2327 continuatio.

925 2347 1068 2373 sermoque
1089 2339 1215 2369 iutinms,
1238 2347 1323 2374 quum
1346 2339 1404 2373 ipse
1424 2347 1531 2368 secum,
1557 2339 1627 2364 Cave
1649 2343 1725 2371 turpe

925 2375 1086 2410 quidquam,
1101 2376 1270 2412 languidum,
1285 2385 1336 2402 non
1348 2375 1436 2402 virile.
1477 2377 1519 2402 δὲ.
1541 2375 1725 2401 Obversentur

925 2413 1030 2448 species
1043 2413 1168 2440 honestae
1180 2415 1270 2440 animo
1281 2424 1285 2440 :
1299 2414 1367 2440 Zeno
1380 2412 1663 2448 proponaturEleates,
1677 2413 1724 2447 qui

925 2458 1072 2485 perpessus
1088 2455 1128 2477 est
1142 2452 1231 2477 omnia
1248 2451 1350 2486 potius,
1368 2459 1449 2485 quani
1461 2451 1583 2476 conscios
1595 2449 1725 2476 delendae

927 2487 1078 2523 tyrannidis
1094 2488 1233 2515 indicaret.
1275 2489 1310 2514 De
1327 2488 1484 2514 Anaxarcho
1501 2488 1660 2514 Democritio
1680 2496 1725 2513 cn-

926 2525 1039 2559 gitetur,
1057 2526 1104 2560 qui
1119 2534 1204 2560 quum
1216 2526 1298 2561 Cypri
1311 2527 1336 2551 in
1350 2534 1446 2552 manus
1458 2526 1641 2552 Nicocreontis
1653 2526 1724 2560 regis

926 2562 1079 2593 incidisset,
1098 2562 1202 2589 nullum
1214 2572 1301 2597 genus
1312 2562 1441 2597 supplicii
1453 2562 1612 2597 deprecatus
1623 2568 1663 2589 est
1678 2571 1724 2589 ne-

925 2608 978 2634 que
990 2600 1133 2626 recusavit.
1169 2600 1286 2627 (Ialauus
1298 2600 1389 2630 ludus.
1404 2600 1527 2627 indoctus
1539 2609 1568 2627 ac
1581 2599 1721 2628 barbarus.

925 2637 951 2662 in
964 2636 1102 2663 radicibus
1113 2637 1226 2664 Caucasi
1241 2642 1333 2667 natus,
1350 2646 1398 2663 sua
1411 2637 1546 2665 voluntate
1559 2639 1639 2664 vivus
1650 2647 1723 2665 com-

924 2673 1020 2700 bustus
1032 2679 1081 2701 est.
1123 2675 1185 2706 Nos,
1199 2676 1222 2701 si
1234 2683 1281 2711 pes
1293 2674 1443 2706 condoluit,
1456 2675 1479 2702 si
1491 2675 1572 2706 dens,
1589 2677 1611 2702 si
1625 2680 1722 2703 tactum

1474 2724 1517 2749 132
