1941 3052
316 130 647 158 EPISTOLARUM
676 130 729 156 AD
757 128 962 156 ATTICUM
992 128 1073 155 LIB.
1095 128 1158 155 VII.
1189 128 1251 154 ΕΡ.
1276 129 1304 154 lo
1325 143 1361 147 -—
1386 129 1423 154 15.
1640 130 1684 154 871

54 206 80 231 6.
101 204 134 230 Et
144 201 236 233 velim,
249 201 438 237 (quamquam,
451 206 481 228 ut
491 202 602 232 scribis,
615 201 769 227 domesticis
781 205 804 226 te
817 200 848 226 fi-

55 241 136 267 nibus
152 239 248 273 tenes‚)
268 239 381 265 sormam
401 239 469 265 mihi
486 239 564 265 Urbis
585 247 721 273 exponaS,
744 237 847 272 ecquod

54 277 175 312 Pompeii
191 276 370 307 desiderium,
393 284 492 310 ecquae
508 276 628 302 Caesaris
647 275 749 301 invidia
766 283 849 309 appa-

55 319 123 348 reat3
137 314 216 340 etiam
227 313 294 348 quid
305 322 414 339 censeas
426 313 459 339 de
471 314 592 339 Terentia
604 317 629 339 et
639 312 736 343 Tullia,
751 313 848 338 Romae

55 361 100 378 eas
111 359 179 382 esse,
195 359 228 376 an
241 359 357 381 mecum,
371 359 403 376 an
418 350 508 385 aliquo
520 355 575 376 tuto
588 350 654 376 loco.
694 350 727 376 Et
737 349 810 380 haec,
824 353 850 375 et

55 389 79 415 si
93 388 160 424 quid
176 387 262 419 aliud,
280 387 314 414 ad
330 396 372 414 me
388 388 490 414 scribas
506 387 602 419 velim,
621 386 662 413 vel
678 387 768 422 potius
782 387 850 412 scri-

54 426 145 461 ptites.

108 494 164 515 XIII
174 501 193 514 n.
217 495 310 519 (Calibus,
319 496 417 515 Marcello,
428 496 508 513 Lentulo
519 502 564 513 coss.
577 496 632 517 705.)

113 578 136 602 l.
157 576 197 602 De
216 576 399 602 Vennonianis
415 576 496 602 rebus
512 576 562 602 tibi
582 576 721 602 assentior.
753 574 850 601 Labie-

56 622 122 640 num
142 614 213 648 ἤρωα
234 613 334 640 iudico.
378 614 493 639 Facinus
516 613 619 639 iamdiu
642 612 748 639 nullum
769 611 849 638 civile

55 650 233 686 praeclarius,
256 651 303 685 qui
319 655 348 677 ut
363 650 436 677 aliud
451 650 534 681 nihil,
552 651 602 677 hoc
617 655 705 677 tamen
720 648 846 684 profecit:

56 688 131 715 dedit
143 687 182 714 illi
193 687 322 714 dolorem.
355 687 408 714 Sed
419 688 499 714 etiam
510 687 543 713 ad
554 696 689 714 summam
700 685 849 721 profectum

56 725 161 760 aliquid
174 729 248 759 puto.
289 725 356 751 Amo
371 725 450 751 etiam
468 725 603 757 Pisonem3
622 725 700 751 cuius
716 723 849 750 iudicium

55 762 88 789 de
99 771 197 798 genero
208 762 331 796 suspicor
343 762 432 788 visum
444 763 476 788 iri
487 770 579 797 grave.
610 761 789 796 Quamquam,
803 768 850 795 ge-

56 808 108 826 nus
119 799 184 825 belli
196 799 268 834 quod
280 800 322 829 sit,
336 799 423 825 vides.
463 800 499 825 Ita
509 798 590 825 civile
601 803 650 829 est,
663 803 754 825 utnon
767 806 800 824 ex
811 798 850 823 ci-

56 838 132 863 vium
143 836 326 867 dissensione,
344 835 391 862 sed
408 844 442 862 ex
456 837 537 862 unius
549 836 647 870 perditi
659 836 727 862 civis
738 834 850 861 audacia

56 878 148 900 natum
159 874 203 900 sit.
243 874 267 899 Is
278 877 366 899 autem
378 872 449 899 valet
462 873 594 904 exercitu,
611 877 682 899 tenet
692 872 791 898 multos
802 880 850 906 spe

56 915 82 938 et
94 910 249 945 promissis,
266 910 356 936 omnia
370 911 492 936 omnium
507 910 673 945 concupivit.
713 910 780 936 Huic
797 914 851 936 tra-

55 948 110 974 dita
121 948 190 974 Urbs
206 951 258 978 est,
276 947 348 973 nuda
364 947 513 982 praesidio,
531 947 626 974 referta
642 948 738 982 copiis.
778 946 850 979 Quid

55 989 108 1015 est,
126 984 199 1020 quod
214 984 247 1010 ab
264 993 294 1011 eo
310 993 362 1011 non
378 989 493 1016 metuas,
511 985 559 1019 qui
576 984 621 1011 illa
637 984 735 1019 templa
747 989 773 1010 et
783 989 850 1011 tecta

55 1031 108 1049 non
119 1022 241 1056 patriam,
250 1021 296 1048 sed
309 1022 435 1056 praedam
446 1021 538 1057 putet‘?
548 1022 619 1054 Quid
631 1027 720 1048 autem
730 1023 765 1048 sit
775 1026 851 1048 actu-

54 1068 102 1086 rus
116 1064 161 1086 aut
173 1068 227 1094 quo
238 1059 325 1090 modo,
342 1060 440 1090 nescio,
453 1060 511 1086 sine
522 1064 625 1091 senatu,
639 1061 697 1086 sine
708 1059 851 1095 magistra-

54 1102 94 1124 tu.
128 1097 166 1122 Ne
177 1096 306 1122 simulare
317 1097 427 1131 quidem
439 1098 535 1132 poterit
545 1097 696 1132 quidquam
707 1098 849 1127 πολιτικῶς.

54 1134 109 1160 Nos
115 1138 203 1160 autem
211 1133 258 1160 ubi
270 1142 415 1170 exsurgere
427 1136 575 1169 poterimus
586 1139 631 1161 aut
642 1133 768 1169 quando?
778 1133 851 1166 Quo—

54 1180 115 1198 rum
126 1171 183 1198 dux
194 1180 275 1206 quam
288 1171 495 1208 ἀστρατὴγιμος,
511 1176 540 1198 tu
556 1180 663 1206 quoque
679 1171 850 1198 animadver-

55 1209 103 1241 tis;
121 1209 165 1235 cui
181 1217 213 1235 ne
224 1209 320 1234 Picena
332 1208 444 1243 quidem
460 1213 519 1235 nota
532 1208 643 1241 fuerint3
662 1218 743 1244 quam
759 1213 849 1235 autem

54 1247 113 1272 sine
124 1246 246 1277 consilio,
260 1254 302 1272 res
315 1246 399 1272 testis.
434 1246 467 1272 Ut
478 1247 550 1272 enim
562 1246 613 1272 alia
624 1247 745 1273 omittam
756 1247 849 1272 decem

54 1291 185 1310 annorum
196 1288 317 1318 peccata,
334 1292 402 1318 quae
414 1283 531 1310 conditio
543 1292 594 1310 non
607 1284 670 1310 huic
682 1283 761 1320 fugae
773 1292 851 1319 prae-

54 1320 140 1347 stitit?
150 1322 175 1347 2.
184 1321 238 1346 Nec
250 1329 321 1351 vero,
335 1329 406 1347 nunc
418 1321 484 1355 quid
496 1322 601 1356 cogitet,
615 1322 683 1348 scio:
697 1330 727 1347 ac
738 1330 790 1348 non
802 1320 851 1347 de—

54 1359 114 1384 sino
129 1366 176 1393 per
192 1357 292 1384 litteras
307 1359 448 1385 sciscitari.
484 1358 557 1384 Nihil
574 1367 632 1384 esse
648 1359 770 1385 timidius
786 1367 851 1385 con-

54 1400 118 1426 stat,
136 1395 203 1421 nihil
220 1395 412 1429 perturbatius.
447 1397 537 1430 ltaque
549 1404 597 1422 nec
608 1396 788 1431 praesidium,
801 1404 850 1422 cn-

54 1433 97 1459 ius
109 1432 221 1467 parandi
232 1441 327 1459 caussa
339 1433 372 1458 ad
384 1433 482 1460 Urbem
498 1438 615 1459 retentus
626 1438 679 1464 est,
698 1442 745 1460 nee
762 1433 849 1460 locum

54 1479 84 1496 ac
95 1470 186 1496 sedem
199 1470 326 1504 praesidii
342 1470 425 1496 ullam
437 1471 525 1497 video.
567 1471 633 1505 Spes
643 1472 731 1497 omnis
744 1473 770 1497 in
781 1471 850 1497 dua-

53 1507 114 1537 bus,
123 1507 257 1534 invidiose
269 1508 387 1538 retentis,
396 1516 480 1542 paene
491 1508 586 1534 alienis
599 1508 761 1544 legionibus.
782 1509 848 1535 Nam

54 1544 174 1571 delectus
190 1544 278 1570 adhuc
292 1545 402 1579 quidem
418 1546 564 1571 invitorum
580 1551 620 1572 est
635 1550 660 1572 et
674 1554 687 1572 a
705 1546 849 1581 pugnando

53 1582 280 1608 abhorrrentium.
321 1581 510 1609 Conditionum
525 1588 613 1609 autem
629 1584 761 1610 amissum
781 1588 850 1610 tem-

52 1628 105 1654 pus
116 1623 166 1646 est.
206 1618 276 1651 Quid
290 1618 410 1646 futurum
422 1621 466 1651 sit,
479 1629 530 1646 non
542 1620 630 1647 video.
667 1621 848 1647 Commissum

52 1656 165 1692 quidem
176 1665 190 1682 a
202 1656 280 1682 nobis
291 1661 361 1683 certe
372 1662 420 1688 est,
430 1658 487 1683 sive
499 1666 512 1683 a
524 1662 613 1684 nostro
623 1657 701 1690 duce,
710 1663 747 1689 ut,
762 1667 775 1684 e
787 1667 850 1693 por-

53 1698 81 1721 tu
93 1694 152 1720 sine
162 1693 355 1729 gubernaculis
366 1695 481 1729 egressi,
505 1696 655 1730 tempestati
672 1705 719 1722 nos
731 1695 850 1722 tradere-

53 1739 124 1758 mus.
165 1733 190 1758 3.
212 1732 304 1766 Itaque
319 1731 352 1757 de
367 1732 542 1758 Ciceronibus
558 1734 656 1759 nostris
671 1733 766 1760 dubito
782 1732 848 1768 quid

53 1777 145 1804 agam:
171 1777 232 1794 nam
254 1768 321 1795 mibi
342 1769 477 1795 interdum
498 1770 660 1796 amandandi
681 1770 806 1797 videntur
821 1771 848 1797 in

53 1806 203 1833 Graeciam.
243 1806 279 1832 De
291 1805 378 1832 Tullia
389 1811 477 1833 autem
489 1811 515 1833 et
525 1808 660 1838 Terentia,
678 1816 764 1843 quum
780 1807 848 1835 mihi

53 1843 228 1869 barbarorum
239 1843 371 1870 adventus
378 1845 544 1879 proponitur,
553 1846 642 1871 omnia
655 1846 747 1878 time03
762 1854 848 1881 quum

52 1884 142 1907 autem
153 1879 304 1907 Dolabellae
320 1882 394 1908 venit
405 1882 431 1908 in
449 1886 578 1913 mentem,
596 1882 718 1917 paullum
735 1884 847 1918 respiro.

53 1917 106 1944 Sed
118 1917 200 1944 velim
211 1917 449 1953 consideres,quid
457 1918 609 1945 faciendum
621 1924 712 1954 putes:
729 1921 848 1955 primum

53 1955 119 1991 πρὸς
130 1954 159 1981 τὸ
171 1954 299 1988 ἀσφαλές·
316 1954 402 1989 (aliter
413 1956 485 1982 enim
497 1957 564 1982 milii
576 1956 609 1983 de
625 1957 694 1988 illiS,
712 1966 742 1984 ac
757 1958 790 1984 de
806 1967 848 1984 me

54 1992 126 2026 ipso,
144 1990 341 2018 consulendum
357 1992 422 2027 est3)
437 1993 534 2019 deinde
546 1993 578 2020 ad
590 1995 744 2028 opiniones,
763 2003 795 2021 ne
807 2004 850 2022 re-

52 2028 265 2064 prehendamur.
283 2029 355 2063 quod
371 2038 415 2055 eas
427 2030 523 2056 Romae
539 2030 655 2056 velimus
666 2040 725 2057 esse
738 2032 764 2058 in
776 2040 849 2058 com-

52 2066 130 2092 muni
145 2066 276 2092 bonorum
293 2065 366 2101 fuga.
407 2066 477 2099 Quin
499 2068 579 2093 etiam
595 2068 645 2094 tibi
661 2073 686 2095 et
701 2069 846 2100 Peducaeo,

52 2103 172 2139 (scripsit
181 2103 253 2129 enim
265 2102 297 2129 ad
310 2103 373 2139 me,)
384 2104 450 2138 quid
462 2103 575 2136 faciatis,
589 2105 737 2132 videndum
750 2111 799 2133 est.
824 2108 848 2133 Is

52 2141 125 2167 enim
136 2139 264 2175 splendor
274 2145 314 2167 est
325 2145 454 2172 vestrum,
462 2142 590 2168 uteadem
597 2142 767 2177 postulentur
777 2152 791 2170 a
802 2152 849 2170 vo-

52 2178 109 2209 bis,
125 2186 194 2213 quae
205 2177 239 2203 ab
250 2178 427 2212 amplissimis
439 2179 556 2206 civibus.
597 2179 650 2206 Sed
662 2180 695 2206 de
707 2181 755 2207 hoc
767 2185 794 2208 tu
807 2182 850 2207 vi-

52 2215 139 2246 debis,
148 2215 251 2250 quippe
261 2224 346 2250 quum
358 2215 391 2242 de
402 2224 444 2242 mo
457 2217 515 2251 ipso
527 2225 556 2243 uc
566 2216 599 2243 de
611 2218 678 2244 meis
690 2222 713 2244 te
723 2218 849 2244 conside-

52 2261 111 2279 rare
131 2252 225 2279 velim.
266 2254 290 2279 4.
316 2253 461 2288 Reliquum
482 2258 534 2284 est,
558 2258 600 2284 ut,
621 2259 646 2281 et
661 2255 727 2290 qnid
744 2260 846 2291 agatur,

51 2289 140 2325 quoad
152 2290 260 2325 poteris,
269 2290 392 2325 explores
403 2291 561 2325 scribasque
572 2292 604 2318 ad
616 2300 668 2323 me,
676 2293 778 2327 etquid
791 2294 848 2327 ipse

51 2327 204 2354 coniectura
220 2335 378 2362 assequare;
396 2328 469 2363 quod
484 2329 563 2354 etiam
580 2337 594 2355 a
610 2333 634 2355 te
650 2330 735 2365 magis
751 2339 849 2365 exspe-

51 2368 104 2391 cto.
144 2364 226 2396 Nam,
239 2369 295 2391 acta
305 2365 434 2392 omnibus
446 2366 648 2397 nuntiantibus,
662 2375 675 2392 a
688 2372 712 2393 te
723 2372 849 2402 exspecto

52 2401 153 2428 futura.
193 2401 296 2433 Μάντις
317 2402 341 2429 δ’
365 2403 480 2438 ἄριστος.
526 2404 691 2438 Loquacitati
713 2405 846 2440 ignosces,

52 2447 121 2474 quae
136 2443 162 2465 et
176 2446 219 2465 me
236 2438 319 2472 levat,
337 2440 370 2466 ad
383 2445 407 2467 te
418 2440 529 2475 quidem
540 2440 717 2473 scribentem,
736 2446 762 2468 et
775 2441 849 2469 elicit

52 2480 111 2502 tuas
123 2475 234 2502 litteras.

104 2544 161 2565 xm
172 2545 192 2565 b.
208 2545 278 2571 (Hinc
292 2553 361 2567 nuvae
377 2546 487 2574 epistulae
502 2547 591 2568 initium
606 2545 706 2567 Manutiu
717 2550 737 2567 οι
750 2547 847 2567 Cui-rado

51 2579 180 2600 suctoribus
189 2580 387 2608 constituendum.)

105 2625 131 2651 ὅ.
147 2620 170 2650 A
176 2625 284 2660 enigma
295 2625 445 2661 Oppiorum
456 2635 490 2653 ex
501 2626 575 2654 Velia
587 2626 666 2661 plane
677 2635 729 2653 non
741 2626 849 2654 intelle-

52 2661 91 2688 xi.
106 2661 155 2689 Est
164 2662 238 2688 enim
248 2671 360 2690 numero
371 2663 488 2690 Platonis
499 2664 653 2691 obscurius.
676 2665 730 2691 Iam
742 2664 848 2691 intelle-

898 200 928 225 xi
939 204 1026 226 tuum.
1067 199 1168 234 Oppios
1184 199 1257 225 enim
1273 198 1306 225 de
1320 198 1396 224 Velia
1412 206 1526 224 sueones
1541 197 1620 224 dicis.
1662 200 1690 226 In

899 245 929 262 eo
941 237 1061 263 aestuavi
1073 236 1133 269 diu3
1149 245 1202 271 quo
1214 241 1312 271 aperto,
1329 235 1431 270 reliqua
1443 235 1577 270 patebant,
1590 240 1615 262 et
1628 244 1691 262 cum

899 274 1037 300 Terentiae
1048 283 1154 299 summa
1165 273 1357 308 congruebant.
1397 274 1422 298 6.
1440 273 1470 299 L.
1483 272 1622 299 Caesarem
1633 274 1691 299 vidi

899 311 1042 337 Minturnis
1054 319 1078 337 a.
1091 311 1119 337 d.
1132 319 1187 337 vm.
1201 310 1259 337 Kal.
1273 311 1351 336 Febr.
1369 318 1445 336 manc
1454 331 1460 341 ,
1477 318 1540 336 cum
1552 310 1692 336 absurdis-

900 349 977 374 simis
989 348 1130 378 mandatis,
1144 356 1196 374 non
1208 348 1359 378 hominem,
1373 347 1419 373 sed
1431 356 1525 382 scopas
1536 347 1650 374 solutas:
1664 353 1693 374 ut

900 385 927 411 id
943 386 1032 420 ipsum
1050 385 1117 411 mihi
1134 384 1178 411 ille
1195 385 1317 411 videatur
1334 384 1463 410 irridendi
1478 393 1572 411 caussa
1585 384 1690 415 fecisse,

900 423 948 457 qui
967 423 1047 448 tantis
1062 422 1094 448 de
1111 422 1191 448 rebus
1206 422 1269 448 huic
1285 422 1407 448 mandata
1423 422 1539 454 dederit;
1559 423 1612 448 nisi
1628 422 1694 448 forte

901 468 952 485 non
964 459 1047 490 dedit,
1061 459 1149 489 ethic,
1162 468 1284 485 sermone
1296 459 1386 494 aliquo
1398 464 1510 493 arrepto,
1523 467 1571 493 pro
1582 459 1694 486 manda-

900 498 934 523 tis
945 497 1047 522 abusus
1058 502 1107 522 est.
1148 497 1172 522 7.
1195 497 1343 527 Labienus,
1360 497 1402 522 vir
1416 505 1474 522 mea
1490 497 1621 523 sententia
1637 505 1694 523 ma-

900 542 979 569 gnus,
989 534 1127 559 Theanum
1138 534 1211 560 venit
1221 542 1245 559 a.
1258 533 1284 559 d.
1294 542 1331 559 ix,
1341 533 1398 559 Kal.
1416 534 1618 568 IbiPompeium
1630 542 1695 560 con—

901 571 1028 605 sulesque
1039 572 1173 597 convenit.
1214 570 1266 603 Qui
1278 579 1365 596 sermo
1377 570 1469 601 fuerit,
1487 576 1512 596 et
1526 570 1593 605 quid
1605 577 1694 598 actum

901 609 943 638 sit,
956 608 1073 634 scribam
1085 607 1118 633 ad
1130 612 1162 638 te,
1179 616 1264 642 quum
1276 613 1377 634 certum
1390 609 1483 634 sciam.
1505 608 1649 643 Pompeius
1660 609 1694 635 ab

879 652 880 656 ¹
901 645 1008 671 Theano
1024 645 1150 671 Larinum
1167 654 1262 671 versus
1278 645 1412 679 profectus
1427 650 1467 671 est
1481 654 1505 671 a.
1522 645 1549 671 d.
1563 654 1619 672 vni.
1633 646 1692 672 Kal.

900 683 938 708 Eo
954 682 998 708 die
1013 683 1112 708 mansit
1127 682 1245 708 Venafri.
1286 682 1461 716 Aliquantum
1482 683 1566 709 animi
1586 682 1694 709 videtur

901 719 979 745 nobis
995 719 1116 745 attulisse
1133 719 1278 745 Labienus.
1319 720 1371 745 Sed
1387 728 1436 754 ego
1457 719 1577 745 nondum
1597 720 1691 751 habeo,

901 756 966 791 quid
979 756 1011 781 ad
1024 761 1047 782 te
1059 765 1092 782 ex
1104 756 1146 782 his
1159 756 1223 782 locis
1234 756 1361 782 scribam.
1392 757 1444 782 Ista
1455 758 1542 792 magis
1553 762 1692 791 exspecto:

901 793 968 828 quid
979 793 1047 819 illim
1059 793 1194 825 afferatur,
1209 802 1263 828 quo
1274 799 1350 828 pacto
1361 793 1394 819 de
1409 794 1525 820 Labieno
1537 793 1614 827 ferat,
1628 795 1694 829 quid

901 835 961 866 agat
977 831 1107 856 Domitius
1123 831 1150 856 in
1166 831 1274 861 Marsis,
1292 831 1381 866 Iguvii
1397 831 1543 862 Thermus,
1560 832 1589 857 P.
1606 832 1695 858 Attius

901 867 1024 903 Cinguli,
1046 876 1114 902 quae
1130 868 1165 893 sit
1180 867 1273 902 populi
1289 868 1385 894 urbani
1405 868 1541 900 voluntas,
1564 877 1633 903 quae
1651 873 1695 895 tua

901 906 1053 932 coniectura
1073 904 1106 931 de
1127 905 1208 930 rebus
1229 904 1340 931 futuris:
1364 905 1429 931 haec
1445 905 1526 931 velim
1543 906 1649 936 crebro,
1671 911 1696 932 et

901 942 968 978 quid
980 942 1029 969 tibi
1041 941 1073 968 de
1085 942 1247 968 mulieribus
1259 943 1356 968 nostris
1367 942 1485 977 placeat,
1504 947 1529 969 et
1544 943 1610 977 quid
1622 948 1697 969 actu-

901 989 947 1006 rus
959 980 1017 1015 ipse
1029 980 1076 1010 sis,
1090 979 1202 1006 scribas.
1242 979 1270 1005 Si
1282 980 1427 1006 scriberem
1440 980 1507 1014 ipse,
1525 980 1627 1015 longior
1638 981 1696 1015 epi-

901 1017 967 1044 stola
979 1017 1087 1050 fuisset,
1101 1016 1149 1043 sed
1160 1017 1260 1043 dictavi
1271 1022 1379 1052 propter
1389 1017 1590 1052 lippitudinem.

954 1087 1017 1108 XIV.
1046 1088 1138 1111 (Calibm,
1148 1088 1248 1109 Blarcellu,
1259 1089 1340 1106 Lentulo
1350 1095 1395 1105 coss.
1408 1089 1462 1110 705.)

1085 1131 1252 1158 CICERO
1281 1131 1448 1158 ATTICO
1478 1131 1506 1158 S.

957 1171 981 1196 l.
1001 1164 1039 1195 A.
1057 1168 1084 1195 d.
1101 1177 1138 1195 vi.
1155 1168 1214 1195 Kal.
1231 1169 1309 1195 Febr.
1327 1169 1445 1203 Capuam
1460 1168 1571 1195 Calibus
1589 1168 1697 1204 prosici-

901 1215 988 1237 scens,
997 1215 1082 1241 quum
1090 1206 1184 1232 leviter
1196 1206 1331 1241 lippirem,
1340 1206 1388 1232 has
1401 1206 1500 1233 litteras
1507 1206 1580 1232 dedi.
1593 1207 1622 1233 L.
1631 1207 1697 1233 Cae-

901 1253 945 1270 sar
960 1244 1084 1270 mandata
1095 1244 1217 1271 Caesaris
1233 1243 1329 1270 detulit
1345 1244 1377 1270 ad
1394 1244 1551 1278 Pompeium
1563 1253 1586 1270 a.
1599 1244 1626 1270 d.
1639 1252 1695 1270 vm.

902 1281 971 1313 Kal.,
989 1290 1074 1316 quum
1086 1281 1109 1307 is
1120 1286 1191 1307 esset
1201 1290 1263 1307 cum
1275 1281 1434 1307 consulibus
1446 1281 1558 1307 Theani.
1598 1281 1697 1307 Proba-

901 1324 926 1346 ta
937 1319 1055 1345 conditio
1066 1323 1114 1349 est,
1128 1318 1176 1344 sed
1188 1319 1233 1349 ita,
1249 1323 1277 1344 ut
1289 1318 1334 1344 ille
1346 1318 1378 1344 de
1389 1319 1422 1344 iis
1433 1318 1555 1352 oppidis,
1569 1326 1638 1352 quae
1649 1327 1697 1344 ex-

902 1362 939 1383 tra
951 1365 1028 1383 suam
1040 1356 1206 1390 provinciam
1217 1356 1418 1390 occupavisset,
1434 1355 1567 1390 praesidia
1579 1355 1697 1382 deduce-

901 1399 949 1420 ret.
990 1393 1019 1419 Id
1030 1394 1053 1419 si
1066 1392 1185 1424 fecisset,
1200 1401 1359 1427 responsum
1370 1398 1422 1424 est,
1441 1393 1473 1419 ad
1486 1393 1583 1419 Urbem
1595 1401 1643 1419 nos
1655 1401 1697 1418 re-

901 1431 1005 1458 dituros
1019 1439 1078 1457 esse
1093 1435 1119 1456 et
1133 1439 1188 1456 rem
1204 1438 1251 1465 per
1262 1436 1385 1456 senatum
1396 1430 1574 1457 confecturos.
1614 1430 1697 1464 Spero

901 1470 981 1496 etiam
993 1469 1021 1494 in
1033 1469 1182 1502 praesentia
1194 1476 1286 1502 pacem
1298 1476 1346 1494 nos
1359 1468 1467 1494 habere.
1502 1468 1568 1493 Nam
1582 1472 1607 1494 et
1619 1467 1696 1493 illum

902 1506 1013 1537 furoris,
1031 1510 1057 1532 et
1072 1506 1143 1531 hunc
1158 1510 1278 1531 nostrum
1294 1506 1432 1540 copiarum
1449 1505 1629 1539 suppoenitet.
1669 1506 1695 1531 2.

900 1544 942 1570 Me
953 1543 1223 1577 PompeiusCapuam
1235 1543 1327 1569 venire
1340 1542 1432 1573 voluit,
1446 1547 1471 1568 et
1482 1542 1611 1568 adiuvare
1623 1541 1698 1568 dele-

901 1586 988 1607 ctum:
1007 1581 1034 1606 in
1049 1589 1102 1615 quo
1118 1589 1213 1615 parum
1225 1580 1328 1615 prolixe
1340 1580 1502 1614 respondent
1512 1580 1641 1614 Campani
1652 1587 1698 1605 co-

902 1618 966 1645 loni.
1006 1618 1174 1645 Gladiatores
1185 1618 1314 1647 Caesaris,
1328 1618 1375 1652 qui
1386 1618 1492 1652 Capuae
1503 1622 1574 1647 sunt,
1590 1616 1623 1642 de
1635 1617 1698 1651 qui-

901 1656 953 1682 bus
964 1660 1024 1682 unte
1040 1655 1073 1681 ad
1088 1660 1112 1681 te
1125 1655 1222 1681 falsum
1234 1664 1268 1681 ex
1279 1655 1405 1689 Torquati
1418 1655 1512 1681 litteris
1524 1654 1695 1689 scripseram,

901 1702 964 1719 sane
985 1692 1124 1719 commode
1141 1693 1285 1727 Pompeius
1303 1692 1456 1722 distribuit,
1482 1692 1560 1718 binos
1579 1690 1698 1727 singulis

900 1731 1023 1766 patribus
1035 1730 1211 1756 familiarum.
1253 1730 1395 1756 Scutornm
1407 1730 1433 1755 in
1447 1729 1509 1755 ludo
1521 1737 1561 1755 υ)
1573 1728 1696 1755 fuerunt:

901 1769 1068 1803 eruptionem
1085 1767 1180 1793 facturi
1197 1767 1280 1793 fuisse
1292 1767 1460 1793 dicebantur.
1501 1766 1570 1792 Sane
1581 1765 1697 1792 multum

901 1807 928 1832 in
944 1814 975 1832 eo
996 1804 1161 1840 reipublicae
1182 1805 1322 1839 provisum
1343 1809 1392 1830 est.
1432 1806 1456 1830 3.
1479 1804 1514 1829 De
1537 1803 1698 1829 mulieribus

901 1843 1008 1874 nostris,
1023 1843 1050 1868 in
1062 1842 1163 1877 quibus
1175 1847 1215 1868 est
1226 1847 1270 1868 tua
1281 1850 1368 1871 soror,
1382 1850 1483 1876 quaeso
1495 1840 1601 1871 videas,
1615 1846 1644 1866 ut
1654 1849 1699 1866 sa-

901 1882 935 1907 tis
948 1880 1090 1906 honestum
1103 1879 1181 1906 nobis
1192 1880 1236 1909 sit,
1249 1887 1294 1905 eas
1306 1880 1403 1904 Romae
1415 1886 1483 1908 esse,
1499 1887 1584 1913 quum
1596 1882 1698 1904 ceterae

901 1918 947 1944 illa
958 1918 1089 1953 dignitate
1101 1917 1285 1943 discesserint.
1320 1916 1373 1942 Hoc
1384 1916 1482 1950 scripsi
1494 1915 1526 1941 ad
1538 1924 1582 1941 eas
1594 1914 1661 1941 etad
1674 1919 1698 1941 te

901 1956 992 1990 ipsum
1004 1959 1090 1981 antea.
1131 1954 1219 1981 Velim
1229 1962 1274 1980 eas
1285 1953 1435 1983 cohortere,
1454 1958 1482 1979 ut
1493 1958 1601 1984 exeant,
1620 1960 1699 1986 prae-

901 1993 993 2019 sertim
1009 2000 1095 2027 quum
1112 2000 1142 2018 ea
1157 1991 1266 2026 praedia
1283 1992 1310 2017 in
1326 2000 1370 2017 ora
1387 1991 1520 2016 maritima
1538 1990 1696 2020 habeamus,

900 2031 945 2056 cui
956 2039 1005 2065 ego
1016 2038 1152 2064 praesum,
1161 2034 1190 2055 ut
1201 2029 1228 2055 in
1241 2029 1283 2054 his
1296 2037 1342 2063 pro
1355 2037 1380 2054 re.
1393 2033 1452 2054 nata
1465 2036 1516 2054 non
1530 2026 1698 2053 incommode

901 2068 1084 2102 possintesse.
1125 2067 1192 2092 Nam
1208 2066 1232 2092 si
1248 2065 1314 2100 quid
1328 2065 1490 2091 offendimus
1503 2066 1529 2090 in
1540 2073 1639 2099 genero
1650 2073 1698 2090 no-

900 2110 967 2137 stro3
981 2104 1063 2139 (quod
1075 2103 1186 2138 quidem
1197 2111 1247 2139 ego
1259 2108 1392 2137 praestare
1405 2111 1456 2128 non
1468 2102 1562 2133 debeo,
1571 2101 1618 2127 sed
1632 2101 1657 2127 id
1671 2101 1699 2127 tit

901 2142 1002 2171 maius,
1020 2141 1093 2175 quod
1110 2140 1238 2166 mulieres
1253 2145 1357 2167 nostrae
1374 2145 1477 2174 praeter
1488 2144 1588 2165 ceteras
1601 2139 1698 2165 noma<-

901 2178 1112 2212 remunserunt:)
1129 2182 1155 2204 tu
1173 2178 1230 2211 ipse
1246 2186 1307 2203 cnm
1323 2177 1417 2207 Sexto,
1435 2177 1504 2202 scire
1516 2176 1612 2205 velim,
1630 2175 1696 2210 qnid

900 2216 1002 2251 cogites
1017 2215 1051 2241 de
1066 2214 1204 2242 excundo,
1226 2214 1259 2240 de
1280 2219 1387 2248 totaque
1411 2222 1438 2239 re
1458 2213 1525 2248 quid
1547 2213 1685 2239 existimes

901 2252 1034 2287 Equidem
1047 2260 1140 2286 pacem
1154 2251 1250 2277 hortari
1264 2260 1314 2277 non
1327 2251 1434 2276 desino:
1453 2259 1522 2285 qnae
1538 2250 1580 2276 vel
1598 2250 1696 2275 iniusta

900 2290 992 2316 utilior
1003 2294 1055 2319 est,
1069 2297 1150 2324 qumn
1164 2289 1344 2314 iustissimum
1357 2287 1469 2314 bellum.
1510 2287 1562 2313 Sed
1575 2287 1652 2315 llaec,
1669 2291 1697 2312 ut

901 2327 953 2354 sors
965 2326 1065 2354 tulerit.

953 2396 1005 2417 xv.
1028 2397 1120 2419 (Cilibut.
1130 2397 1229 2415 Mum-llo.
1240 2396 1320 2413 bruil-ils·
1331 2403 1377 2414 nou.
1390 2397 1442 2414 702)

1084 2439 1252 2466 CICERO
1281 2438 1447 2464 ATTICO
1476 2438 1505 2464 S.

956 2479 978 2504 4.
1002 2472 1041 2503 Ut
1055 2477 1089 2503 ab
1105 2477 1174 2503 Urbe
1189 2476 1317 2504 discessi,
1335 2476 1439 2502 nullum
1457 2475 1545 2500 ndlme
1563 2475 1694 2501 intermisi

899 2515 985 2545 diem,
1003 2515 1069 2550 quin
1086 2514 1190 2549 aliquid
1206 2514 1239 2539 ad
1257 2519 1280 2540 te
1294 2513 1440 2539 litu-rarum
1451 2512 1557 2538 darem:
1576 2521 1627 2538 non
1642 2520 1696 2546 quo

901 2553 1026 2578 haberem
1040 2560 1136 2587 magno
1146 2560 1236 2586 opere.
1248 2551 1314 2585 quid
1326 2550 1486 2579 scriberem,
1503 2549 1550 2575 sed
1563 2554 1591 2575 ut
1603 2549 1696 2584 loque-

900 2599 941 2616 rer
952 2595 1039 2616 tecum
1052 2589 1162 2620 absens,
1181 2597 1235 2623 qno
1251 2588 1332 2617 milii,
1353 2596 1437 2622 quum
1455 2596 1543 2613 coram
1560 2586 1586 2612 id
1598 2595 1649 2612 non
1663 2585 1696 2612 li-

899 2632 948 2656 cet,
962 2627 1030 2653 nihil
1042 2632 1083 2653 est
1094 2626 1250 2652 iucundius.
1290 2627 1314 2651 ι’,
1331 2626 1448 2659 Capuam
1460 2633 1546 2659 quum
1559 2625 1694 2650 venissem

898 2673 922 2691 a.
935 2664 963 2691 d.
978 2673 1012 2690 vi.
1027 2663 1096 2694 Knl„
1110 2663 1211 2699 pridie,
1229 2671 1311 2698 quam
1327 2662 1375 2688 lias
1388 2662 1487 2689 litteras
1501 2661 1578 2690 dedi,
1596 2669 1695 2687 consu-
