1941 3052
463 121 513 146 DE
544 120 854 147 DIVINATIONE
886 120 965 146 LIB.
997 121 1032 146 tl.

76 201 165 220 rerum
179 196 316 227 gestarum
331 190 415 227 gloria
430 192 571 225 praestitit.
611 192 644 218 At
659 200 708 227 ego
724 191 751 217 id
768 192 867 226 ipsum,

77 229 149 266 quod
165 230 207 255 vir
220 229 338 264 optimus
353 229 483 263 Diogenes
499 228 640 255 Chaldaeis
656 229 733 263 quasi
754 228 870 263 quadam

76 267 302 303 praevaricatione
314 266 449 296 concedit,
466 274 534 301 nego
548 274 627 301 posse
644 265 768 301 intelligi.
809 266 871 291 Ete-

77 305 132 331 nim
144 313 238 339 quum,
252 308 281 329 ut
292 304 345 338 ipsi
356 303 458 333 dicunt,
474 309 548 329 ortus
560 304 727 329 nascentium
739 303 802 329 luna
814 311 871 328 mo-

76 341 197 372 deretur,
216 349 300 375 eaque
315 340 528 367 animadvertant
539 345 564 367 et
576 345 665 366 notent
676 340 764 366 sidera
776 339 871 366 natali-

76 380 117 406 cia
132 378 274 409 Chaldaei,
296 386 484 413 quaecumque
508 377 585 403 lunae
606 379 694 404 iuncta
714 377 868 409 videantur,

76 416 215 443 oculorum
228 415 401 442 fallacissimo
412 423 494 441 sensu
506 415 626 441 iudicant
637 423 676 444 ea,
690 423 758 449 quae
771 415 871 440 ratione

76 458 156 488 atque
168 454 257 479 animo
269 452 361 479 videre
372 452 515 478 debebant.
556 453 635 478 Docet
646 452 718 477 enim
735 452 800 477 ratio
814 460 872 477 ma-

76 491 292 521 thematicorum,
301 499 380 524 quam
394 490 453 516 istis
465 494 553 515 notam
565 489 776 523 esseoportebat,
785 497 872 523 quan-

76 533 102 555 ta
113 528 266 554 humilitate
282 527 344 553 luna
361 526 473 557 feratur,
494 531 590 553 terram
603 535 686 560 paene
698 527 868 561 contingens,

76 570 207 600 quantum
219 564 290 591 absit
301 573 314 590 a
325 565 446 599 proxima
459 564 583 590 Mercurii
593 563 678 594 stella,
689 563 772 589 multo
783 568 872 588 autem

77 602 184 638 longius
196 611 209 628 a
222 602 344 633 Veneris;
366 601 464 627 deinde
476 600 528 627 alio
539 600 678 627 intervallo
689 600 769 626 distet
780 609 793 625 a
805 599 870 630 sole,

76 640 155 666 cuius
172 639 274 665 lumine
289 638 439 665 collustrari
453 643 572 673 putatur.
613 637 725 672 Reliqua
742 646 803 663 vero
822 637 872 663 tria

77 676 216 703 intervalla
234 676 337 702 infinita
353 681 378 702 et
392 677 536 706 immensa,
553 685 566 701 a
578 675 633 701 sole
645 675 677 700 ad
688 675 792 704 Martis,
809 674 872 700 inde

77 713 110 740 ad
121 714 205 745 Iovis,
228 713 261 739 ab
277 722 308 740 eo
323 713 356 739 ad
372 713 480 739 Saturni
495 712 613 743 stellam,
637 712 699 738 inde
715 711 748 737 ad
767 711 871 737 caelum

77 752 177 786 ipsum,
186 751 258 786 quod
269 756 419 777 extremum
431 755 510 784 atque
520 749 644 776 ultimum
657 749 752 775 mundi
763 753 812 774 est.
829 750 870 774 92.
893 754 894 764 ³

77 788 150 821 Quae
166 793 252 823 potest
263 789 345 823 igitur
356 788 477 822 contagio
489 796 523 813 ex
534 787 637 813 infinito
648 795 732 820 paene
744 785 872 812 interval-

77 826 102 853 lo
113 827 245 861 pertinere
257 825 289 851 ad
302 825 401 855 lunam,
416 824 457 850 vel
469 825 559 858 potius
571 824 604 850 ad
613 823 728 850 terram?

130 900 222 926 XLIV.
245 899 334 932 Quid‘?
346 908 432 934 quum
443 899 537 925 dicunt
547 898 584 929 id,
597 898 669 933 quod
680 898 713 924 iis
725 897 813 924 dicere
825 906 874 924 ne-

76 946 151 964 cesse
162 942 210 968 est,
218 945 311 963 omnes
321 937 442 963 omnium
453 940 536 967 ortus,
548 936 714 970 quicumque
726 936 873 970 gignantur

76 975 104 1001 in
115 975 188 1001 omni
200 979 281 1005 terra,
299 982 367 1010 quae
378 974 522 1005 incolatur,
534 973 641 999 eosdem
654 982 712 999 esse
724 973 872 1007 eademque

75 1012 216 1042 omnibus,
234 1013 282 1047 qui
294 1011 387 1038 eodem
399 1016 468 1038 statu
479 1010 546 1038 caeli
556 1015 581 1037 et
591 1010 730 1037 stellarum
742 1011 796 1037 nati
807 1011 870 1040 sint,

76 1049 196 1076 accidere
208 1058 317 1075 necesse
328 1058 400 1082 esse;
415 1057 501 1076 nonne
513 1048 801 1079 eiusmodisunt,utne
813 1056 874 1073 cae-

76 1086 216 1122 liquidem
233 1092 354 1113 naturam
370 1087 528 1122 interpretes
544 1086 609 1112 istos
623 1085 690 1112 caeli
701 1094 778 1112 nosse
790 1093 874 1119 appa-

76 1123 149 1151 reat‘?
169 1124 258 1156 Quum
278 1125 350 1150 enim
367 1124 408 1150 illi
423 1124 515 1155 orbes,
537 1124 585 1158 qui
601 1123 705 1149 caelum
722 1123 799 1158 quasi
817 1131 874 1148 me-

76 1161 153 1188 dium
167 1161 294 1188 dividunt
309 1167 334 1188 et
348 1166 487 1196 aspectum
502 1165 622 1187 nostrum
636 1160 782 1191 definiunt,
800 1161 872 1195 quia

77 1199 187 1226 Graecis
199 1199 327 1234 ὁρίζοντες
337 1200 516 1229 nominantur,
531 1207 544 1224 a
556 1198 634 1224 nobis
645 1198 768 1224 finientes
779 1197 874 1224 rectis-

76 1237 145 1262 sime
157 1237 289 1262 nominari
299 1241 421 1271 possunt,
430 1237 585 1263 varietatem
601 1236 746 1262 maximam
759 1235 874 1261 habeant

77 1273 178 1309 aliique
190 1274 217 1300 in
233 1273 294 1300 aliis
311 1273 376 1300 locis
391 1275 458 1306 sint;
480 1282 588 1300 necesse
604 1278 644 1299 est
659 1277 732 1299 ortus
747 1281 872 1299 occasus-

75 1319 130 1346 qne
150 1311 271 1337 siderum
292 1320 344 1337 non
360 1311 417 1338 fieri
433 1311 526 1337 eodem
543 1315 662 1345 tempore
678 1310 750 1345 apud
768 1318 872 1336 omnes,

76 1350 118 1375 93.
140 1347 218 1380 Quod
233 1349 256 1374 si
272 1357 364 1375 eorum
380 1349 408 1375 vi
424 1349 528 1375 caelum
545 1348 624 1374 modo
642 1348 705 1379 hoc,
728 1347 807 1374 modo
828 1347 874 1373 illo

77 1385 156 1412 modo
168 1390 344 1420 temperatur:
367 1387 415 1421 qui
431 1391 517 1421 potest
532 1385 625 1411 eadem
638 1385 679 1411 vis
691 1394 749 1411 esse
762 1394 875 1411 nascen-

76 1424 154 1454 tium,
168 1432 253 1458 quum
265 1423 331 1449 caeli
344 1427 413 1450 tanta
425 1425 460 1450 sit
470 1422 683 1450 dissimilitudo‘.>
702 1423 730 1449 In
743 1423 785 1448 his
798 1422 872 1453 locis,

76 1469 146 1496 quae
157 1469 205 1486 nos
217 1460 370 1492 incolimus,
384 1465 443 1495 post
453 1460 598 1487 solstitium
605 1459 732 1486 Canicula
744 1460 872 1490 exoritur,

77 1503 103 1524 et
113 1497 224 1533 quidem
237 1497 339 1532 aliquot
349 1498 460 1524 diebus:
481 1498 554 1533 apud
564 1497 739 1533 Troglodytas
747 1518 753 1528 ,
768 1501 797 1523 ut
807 1497 875 1523 scri-

76 1535 159 1566 bitur,
169 1540 228 1561 ante
240 1535 399 1562 solstitium:
417 1540 454 1567 ut,
468 1536 491 1561 si
503 1536 555 1562 iam
568 1535 756 1565 concedamus,
770 1533 875 1569 aliquid

77 1573 134 1599 vim
145 1571 287 1599 caelestem
299 1572 332 1598 ad
343 1581 397 1603 eos,
410 1574 458 1608 qui
470 1573 497 1599 in
510 1578 576 1599 terra
586 1573 744 1608 gignuntur,
758 1572 876 1607 pertine-

77 1618 118 1641 re,
136 1610 318 1636 confitendum
334 1611 369 1636 sit
384 1610 452 1641 illis,
470 1619 528 1641 cos,
546 1611 593 1645 qui
608 1612 769 1636 nascantur*
781 1609 874 1635 eodem

77 1652 210 1682 tempore,
227 1656 305 1682 posse
319 1648 345 1673 in
358 1647 506 1674 dissimiles
519 1647 636 1674 incidere
649 1652 756 1673 naturas
768 1651 876 1681 propter

77 1684 144 1711 caeli
164 1684 428 1711 dissimilitudinem.
469 1684 545 1717 Quod
570 1685 681 1710 minime
703 1684 758 1710 illis
778 1684 873 1719 placet.

77 1721 177 1749 Volunt
187 1722 259 1748 enim
272 1721 312 1748 illi
323 1730 416 1748 omnes
427 1722 520 1748 eodem
533 1727 650 1756 tempore
661 1726 741 1752 ortos,
755 1722 802 1756 qui
814 1721 876 1747 ubi—

77 1767 131 1794 que
142 1759 195 1785 sint
205 1760 268 1790 nati,
282 1759 375 1785 eadem
387 1759 539 1786 conditione
552 1759 635 1785 nasci.
676 1759 755 1785 XLV.
767 1759 808 1785 94.
822 1758 875 1785 Sed

77 1805 147 1832 quae
158 1800 229 1823 tanta
240 1796 375 1823 dementia
387 1801 439 1827 est,
463 1801 492 1824 ut
506 1798 532 1823 in
546 1797 673 1823 maximis
685 1796 803 1823 motibus
815 1805 876 1823 mu—

78 1834 279 1869 tationibusque
290 1834 356 1860 caeli
369 1834 437 1860 nihil
450 1835 567 1865 intersit,
584 1835 631 1869 qui
644 1840 749 1865 ventus,
763 1835 811 1869 qui
824 1835 876 1861 im-

78 1871 139 1902 ber,
161 1879 230 1906 quae
247 1876 391 1906 tempestas
408 1871 509 1906 ubique
525 1870 577 1898 sit‘?
595 1872 721 1906 (quarum
740 1881 830 1898 rerum
848 1873 875 1898 in

78 1909 210 1943 proximis
223 1907 288 1934 locis
302 1913 388 1935 tantae
403 1908 642 1935 dissimilitudines
658 1918 737 1944 saepe
752 1914 829 1940 sunt,
847 1914 876 1936 ut

79 1944 873 1982 aliaTusculi,aliaRomaeeveniatsaepetempestas;quod,

79 1983 127 2018 qui
143 1983 283 2018 navigant,
302 1983 418 2009 maxime
433 1983 663 2014 animadvertunt,
684 1992 768 2018 quum
786 1985 812 2010 in
830 1983 876 2010 sse-

79 2019 183 2047 ctendis
202 2020 392 2054 promontoriis
408 2025 548 2046 ventorum
569 2021 729 2046 mutationes
744 2022 876 2048 maximas

79 2065 159 2092 saepe
171 2057 309 2092 sentiant):
332 2057 397 2083 hacc
413 2057 496 2093 igitur
512 2066 596 2092 quum
613 2059 647 2084 sit
663 2063 719 2084 tum
735 2059 873 2090 serenitas,

80 2099 136 2121 tum
149 2094 312 2129 perturbatio
323 2094 403 2121 caeli:
422 2099 496 2121 estne
511 2104 637 2121 sanorum
655 2095 810 2126 hominum.
828 2096 876 2122 hoc

79 2132 113 2158 ad
130 2132 297 2158 nascentium
313 2137 386 2158 ortus
403 2133 534 2166 pertinere
546 2141 596 2158 non
609 2132 712 2163 dicere,
729 2132 811 2167 (quod
825 2142 875 2160 non

79 2174 149 2196 certe
161 2169 301 2204 pertinet:)
318 2169 384 2195 illud
402 2169 492 2195 nescio
507 2169 573 2204 quid
590 2174 681 2200 tenue,
699 2169 771 2204 quod
781 2171 875 2197 sentiri
898 2174 907 2203 ¹,

80 2206 155 2233 nullo
171 2205 264 2237 modo,
282 2206 397 2241 intelligi
413 2211 501 2232 autem
519 2207 565 2233 vix
581 2211 680 2241 potest,
697 2216 766 2242 quae
782 2216 795 2233 a
815 2207 875 2234 luna

79 2244 230 2279 ceterisque
245 2243 382 2269 sideribus
396 2243 463 2270 caeli
480 2245 636 2278 temperatio
657 2244 714 2275 liat,
736 2244 825 2271 dicere
843 2245 875 2271 ad

79 2290 224 2317 puerorum
244 2285 318 2307 ortus
338 2281 488 2316 pertinere?
507 2281 596 2313 Quid‘?
615 2281 686 2316 quod
709 2291 760 2308 nou
778 2282 877 2309 intelli·

79 2323 160 2355 gunt,
178 2319 314 2345 seminum
331 2319 400 2348 vim,
418 2327 486 2353 quae
502 2318 534 2344 ad
550 2319 718 2354 gignendum
734 2328 877 2354 procreau-
898 2326 899 2332 ¹

79 2355 200 2391 dumque
216 2356 364 2390 plurimum
381 2355 480 2386 valeat,
499 2355 621 2382 funditus
637 2355 707 2387 tolli,
734 2357 877 2383 mediocris
899 2364 900 2369 ¹

79 2394 177 2420 erroris
188 2393 245 2420 cst?
262 2393 329 2425 Quis
340 2393 411 2419 enim
425 2402 476 2419 non
493 2393 579 2424 videt,
595 2398 620 2419 ct
635 2393 733 2419 formas
748 2399 774 2420 et.
790 2403 877 2420 mores
898 2393 899 2397 ’

79 2435 105 2457 et
116 2430 259 2466 plerosque
271 2435 355 2456 status
366 2439 395 2456 ae
408 2435 495 2456 motus
507 2429 634 2465 eslingerc
646 2439 659 2456 a
675 2431 831 2465 parentibus
845 2431 878 2457 li-
898 2430 900 2454 ’1

80 2467 176 2494 beros?
190 2467 263 2503 quod
275 2476 326 2494 non
339 2468 517 2503 contingeret,
533 2467 556 2493 si
570 2467 618 2493 hoc
630 2476 680 2494 non
695 2468 736 2494 vis
747 2473 773 2494 et
785 2473 876 2494 natura

79 2505 249 2568 giggentium
265 2505 395 2535 efficeret,
418 2504 464 2530 sed
483 2505 638 2539 temperatio
655 2504 733 2531 lunae
754 2505 876 2540 caelique

80 2550 123 2568 mo
144 2543 236 2568 eratio.

80 2616 157 2643 bent:
180 2624 310 2651 parumne
320 2616 449 2647 declarat,
467 2616 533 2642 nihil
546 2616 578 2642 ad
591 2616 722 2651 agendam
735 2618 816 2643 vitam
830 2626 877 2643 na·-

79 2652 173 2680 scendi
188 2658 295 2689 tempus
310 2653 461 2689 pertinere?
481 2653 532 2680 nisi
550 2653 614 2680 sorte
631 2659 771 2689 putamus,
790 2655 877 2681 nemi-

902 1358 903 1365 *
926 1347 986 1374 tur?
1006 1348 1039 1374 At
1049 1353 1118 1374 certe
1131 1348 1229 1374 similis
1241 1357 1319 1374 nemo
1330 1348 1447 1373 llomcri.

277 2543 318 2568 95.
340 2541 430 2574 Quid?
444 2541 516 2577 quod
534 2550 586 2568 uno
601 2547 627 2568 et
642 2542 736 2568 eodem
749 2543 876 2577 temporis
898 2553 907 2581 *v

80 2583 179 2613 puncto
194 2579 247 2606 nati
263 2579 412 2605 dissimiles
427 2584 452 2605 et
464 2583 571 2605 naturas
583 2584 609 2605 et
621 2579 688 2605 vitus
699 2584 725 2605 et
738 2588 816 2605 casus
829 2580 877 2606 ha-
905 2584 906 2592 ¹

1064 120 1115 147 CA
1127 121 1155 147 P.
1186 122 1217 146 39
1238 135 1274 139 —
1295 121 1336 146 48.
1652 121 1710 146 ll6l

921 200 982 217 nem
994 191 1087 217 eodem
1100 196 1217 225 tempore
1226 191 1286 225 ipso
1298 195 1323 217 et
1332 194 1490 225 conceptum
1503 194 1529 216 et
1539 194 1645 221 natum,
1663 199 1716 225 quo

921 228 1087 254 Africanum.
1128 229 1198 254 Num
1210 229 1272 262 quis
1285 229 1367 263 igitur
1377 228 1437 254 talis
1450 226 1516 253 fuit‘?

979 266 1068 291 XLVI.
1082 267 1124 291 96.
1147 265 1349 297 ΘΗΜ-9111114116
1359 265 1474 291 dubium
1485 269 1534 295 est,
1548 265 1614 299 quin
1627 264 1714 294 multi,

922 312 1007 337 quum
1020 303 1053 328 ita
1065 303 1119 328 nati
1130 308 1232 333 essent,
1249 307 1277 329 ut
1291 303 1423 337 quaedam
1434 307 1524 328 contra
1536 307 1657 328 naturam
1669 301 1717 327 de·—

923 345 1030 374 pravata
1047 340 1188 369 haberent,
1214 341 1417 366 restituerentur
1432 344 1457 365 et
1472 340 1669 375 corrigerentur
1684 338 1718 364 ab

923 382 1024 407 natura,
1038 386 1122 411 quum
1135 386 1163 403 se
1174 378 1232 411 ipsa
1244 382 1403 407 revocasset,
1419 382 1463 403 aut
1475 382 1528 402 arte
1540 381 1619 411 atque
1631 376 1719 402 medi-

923 414 1000 440 cina‘?
1014 414 1074 444 ιη’,
1093 423 1208 449 quorum
1226 414 1333 449 linguae
1348 415 1387 440 sic
1402 414 1582 444 inhaererent,
1600 418 1629 440 ut
1644 413 1719 448 loqui

923 461 974 478 non
986 456 1105 486 possent,
1113 460 1158 477 eae
1170 451 1297 486 scalpello
1309 457 1424 478 resectae
1437 450 1631 477 liberarentur?
1641 450 1720 477 Multi

899 495 901 523 j
923 490 1002 515 etiam
1016 494 1123 514 naturae
1140 489 1235 515 vitium
1253 488 1424 515 meditatione
1439 494 1518 523 atque
1529 488 1719 514 exercitatione

923 525 1104 552 sustulerunt:
1118 526 1357 552 utDemosthenem
1369 526 1624 555 csribitPhalereus,
1633 533 1719 560 quum

924 573 977 589 auo
991 563 1080 589 dicere
1091 564 1420 597 nequiret,exercitatione
1432 563 1537 593 fecisse,
1552 568 1579 589 ut
1591 562 1720 597 planissi-

925 610 966 626 me
978 600 1087 626 diceret.
1121 600 1197 632 Quod
1213 601 1237 626 si
1251 600 1316 626 haec
1331 606 1401 627 astro
1418 602 1570 635 ingenerata
1587 605 1611 626 et
1623 599 1718 626 tradita

924 643 1021 668 essent,
1036 637 1109 663 nulla
1122 646 1163 663 res
1175 646 1203 663 ea
1216 643 1318 664 mutare
1331 643 1430 672 posset.
1470 637 1559 669 Quid?
1575 636 1720 663 dissimili-

924 675 987 701 tudo
1005 675 1120 701 locorum
1138 683 1224 700 nonne
1240 674 1387 701 dissimiles
1404 675 1544 701 hominum
1560 674 1720 709 procreatio-

924 721 971 738 nes
984 712 1080 738 hahet?
1090 721 1157 747 quas
1168 712 1278 747 quidem
1291 721 1444 747 percurrere
1456 713 1573 738 oratione
1581 711 1657 737 facile
1664 716 1716 743 est,

923 749 991 784 quid
1007 750 1075 775 inter
1091 749 1169 776 Indos
1185 755 1210 776 et
1225 750 1330 780 Persas,
1348 749 1491 784 Aethiopas
1507 754 1532 775 et
1546 750 1627 784 Syros
1643 748 1720 774 diffe-

924 792 971 817 rat,
985 787 1152 821 corporibus,
1166 787 1278 813 animis:
1293 792 1321 813 ut
1332 786 1501 813 incredibilis
1513 787 1627 812 varietas
1638 786 1721 811 dissi-

924 824 1104 858 militudoque
1115 825 1160 850 sit.
1201 825 1242 850 97.
1264 825 1305 850 Ex
1315 833 1369 859 quo
1379 824 1548 859 intelligitur,
1566 823 1627 857 plus
1639 828 1721 849 terra—

924 870 982 887 rum
995 862 1077 891 situs,
1101 870 1182 896 quam
1198 860 1277 887 lunae
1294 866 1378 887 tactus
1394 860 1427 886 ad
1444 860 1609 887 nascendum
1621 860 1719 886 valere,

924 899 1001 929 Nam,
1010 897 1082 933 quod
1094 899 1178 929 aiunt,
1187 898 1383 934 quadringenta
1394 899 1564 933 septuaginta
1576 897 1661 923 millia
1674 906 1722 923 an-

925 945 1021 962 norum
1037 936 1063 961 in
1080 935 1266 970 periclitandis
1281 936 1512 970 experiundisque
1531 936 1636 969 pueris,
1658 935 1722 969 qui-

924 982 1042 1008 cumque
1053 978 1143 999 essent
1154 974 1217 1003 nati,
1231 973 1392 1009 Babylonios
1405 974 1538 1007 posuisse.
1553 972 1658 998 fallunt.
1694 971 1721 997 Si

925 1012 997 1037 enim
1009 1015 1079 1036 esset
1096 1010 1257 1042 factitatum,
1275 1020 1327 1037 non
1344 1016 1414 1036 esset
1430 1010 1562 1036 desitum:
1586 1010 1721 1035 neminem

925 1053 1014 1075 autem
1026 1048 1158 1074 habemus
1170 1053 1319 1078 auctorem,
1336 1048 1385 1083 qui
1397 1053 1441 1073 aut
1454 1047 1510 1073 fieri
1522 1047 1606 1077 dicat,
1628 1051 1673 1072 aut
1684 1046 1723 1072 sa-

924 1091 997 1112 ctum
1009 1086 1085 1112 sciat.
1116 1085 1220 1112 XLVH.
1243 1085 1369 1115 Videsne,
1384 1094 1426 1111 me
1439 1094 1489 1111 non
1502 1094 1531 1110 ea
1542 1084 1639 1113 dicere,
1654 1092 1723 1118 quae

925 1123 1084 1153 Carneades,
1098 1122 1145 1149 sed
1156 1131 1195 1154 ea,
1209 1131 1278 1157 quae
1290 1122 1570 1157 princepsStoicorum
1583 1121 1723 1147 Panaetius

925 1159 1042 1187 dixerit?
1061 1161 1117 1196 Ego
1129 1166 1218 1187 autem
1230 1161 1310 1187 etiam
1323 1161 1372 1186 hoc
1384 1161 1503 1194 requiro,
1517 1168 1659 1189 omnesne,
1675 1159 1722 1193 qui

925 1198 1059 1225 Cannensi
1072 1207 1162 1233 pugna
1174 1198 1337 1228 ceciderunt,
1353 1206 1406 1224 uno
1418 1202 1487 1223 astro
1500 1196 1616 1223 suerint?
1627 1197 1723 1222 Exitus

925 1236 1037 1271 quidem
1048 1237 1171 1262 omnium
1183 1245 1253 1262 unus
1265 1241 1290 1262 et
1302 1236 1372 1262 idem
1386 1235 1446 1261 tuit.
1487 1234 1577 1266 Quid?
1587 1234 1636 1269 qui
1648 1234 1724 1268 inge-

926 1274 970 1300 nio
984 1278 1063 1307 atque
1075 1274 1164 1299 animo
1178 1272 1344 1309 singulares,
1364 1281 1428 1299 num
1445 1277 1514 1298 astro
1528 1279 1637 1306 quoque
1653 1270 1724 1296 uno'?

925 1310 1001 1343 Quod
1018 1311 1090 1337 enim
1107 1315 1226 1345 tempus,
1248 1320 1301 1345 quo
1318 1319 1370 1337 non
1387 1309 1599 1336 innumerabiles
1612 1316 1724 1334 nascan-

1479 1348 1520 1372 98.
1534 1347 1574 1375 lit,
1588 1346 1611 1371 si
1623 1345 1655 1371 ad
1668 1354 1722 1371 rem

926 1387 1048 1421 pertinet,
1062 1394 1116 1420 quo
1128 1386 1206 1412 modo
1217 1385 1289 1412 caelo
1301 1385 1392 1411 affecto
1404 1384 1614 1418 compositisque
1626 1382 1724 1408 sideri-

926 1424 978 1450 bus
999 1423 1126 1458 quodque
1150 1423 1248 1449 animal
1270 1423 1383 1451 oriatur,
1407 1422 1493 1447 valeat
1514 1421 1540 1446 id
1561 1428 1669 1446 necesse
1685 1425 1725 1446 est

926 1461 1005 1487 etiam
1018 1461 1045 1486 in
1057 1461 1138 1487 rebus
1151 1461 1288 1487 inanimis.
1318 1461 1376 1491 Quo
1387 1459 1453 1494 quid
1465 1458 1519 1484 dici
1532 1463 1617 1492 potest
1629 1458 1724 1483 absur-

926 1497 1007 1524 dius‘?
1017 1499 1047 1524 L.
1060 1498 1171 1532 quidem
1179 1498 1462 1524 'l'arutiusFirmanus.
1473 1496 1613 1522 familiaris
1625 1500 1722 1524 noster,

927 1537 953 1562 iu
967 1536 1062 1570 primis
1073 1535 1226 1562 Chaldaicis
1238 1535 1387 1561 rationibus
1399 1534 1521 1559 eruditus
1531 1554 1536 1563 ,
1553 1533 1629 1558 urbis
1644 1533 1723 1558 etiam

927 1578 1031 1599 nostrae
1043 1572 1156 1599 natalem
1167 1573 1239 1599 diem
1252 1572 1386 1607 repetebat
1403 1571 1435 1597 ab
1453 1572 1485 1597 iis
1497 1570 1644 1599 Parilibus,
1662 1570 1725 1604 qui-

928 1611 979 1637 bus
991 1619 1048 1636 eam
1064 1619 1078 1636 a
1092 1610 1203 1636 llomulo
1214 1610 1348 1636 conditam
1361 1609 1528 1643 accepimus,
1546 1608 1722 1641 Romamque,

928 1649 954 1675 in
968 1649 1031 1683 iugo
1042 1656 1127 1682 quum
1140 1652 1209 1674 esset
1221 1647 1292 1678 luna,
1307 1652 1394 1673 natam
1406 1655 1464 1671 esse
1476 1645 1590 1674 dicebat,
1606 1654 1654 1670 nee
1665 1645 1724 1670 eius

928 1685 978 1712 sata
990 1694 1084 1711 canere
1096 1685 1247 1711 dubitabat.
1288 1686 1330 1711 99.
1353 1686 1374 1710 O
1387 1685 1441 1709 vim
1455 1683 1599 1708 maximam
1612 1682 1722 1708 errorisI

927 1724 1050 1749 Etiamne
1063 1723 1141 1749 Urbis
1158 1722 1254 1749 natalis
1269 1722 1328 1748 dies
1344 1721 1377 1747 ad
1392 1721 1446 1747 vim
1459 1720 1597 1746 stellarum
1610 1724 1634 1745 et
1647 1719 1724 1744 limae

927 1760 1095 1795 pertinebat?
1116 1761 1166 1786 Fac
1183 1761 1209 1786 in
1227 1768 1309 1794 puero
1321 1759 1431 1787 referre,
1458 1756 1509 1794 [ez]
1523 1766 1575 1792 qua
1587 1757 1723 1782 allectione

927 1797 993 1824 caeli
1007 1798 1125 1832 primum
1136 1798 1263 1832 spiritum
1275 1797 1395 1823 duxerit:
1411 1804 1474 1821 num
1488 1795 1536 1821 lioe
1550 1795 1575 1820 in
1589 1794 1668 1820 latere
1680 1798 1726 1819 aut

928 1836 954 1862 in
966 1840 1112 1866 caemento,
1126 1844 1159 1861 ex
1170 1835 1272 1870 quibus
1280 1835 1348 1861 Urbs
1360 1833 1449 1859 ass'eeta
1461 1838 1509 1862 est,
1524 1833 1609 1867 potuit
1620 1830 1726 1857 valere?

928 1872 981 1899 Sed
997 1872 1064 1907 quid
1081 1872 1176 1907 plura‘?
1195 1872 1320 1904 Quotidie
1334 1870 1502 1897 refelluntur.
1544 1872 1628 1901 Quam
1643 1868 1725 1895 multa

927 1919 976 1946 ego
988 1911 1128 1944 Pompeio,
1146 1918 1227 1944 quam
1244 1909 1326 1935 multa
1339 1910 1446 1938 Crasso,
1464 1916 1544 1942 quam
1563 1907 1645 1933 multa
1663 1906 1725 1932 huie

928 1948 980 1983 ipsi
992 1948 1098 1974 Caesari
1115 1956 1128 1973 a
1145 1947 1286 1973 Chaldaeis
1303 1947 1373 1972 dieta
1390 1946 1515 1973 meruini,
1535 1945 1668 1971 neminem
1681 1952 1725 1969 eo—

928 1994 987 2011 rum
1000 1985 1052 2011 nisi
1064 1986 1091 2011 iu
1103 1990 1250 2014 senectute,
1260 1985 1311 2010 nisi
1323 1984 1406 2013 domi,
1416 1983 1467 2009 uisi
1479 1991 1540 2008 eum
1553 1982 1671 2008 claritate
1683 1990 1726 2007 es-

927 2031 956 2049 se
968 2023 1141 2048 moriturum!
1166 2027 1195 2049 ut
1216 2022 1283 2048 mihi
1305 2022 1451 2056 permirum
1472 2020 1606 2049 videatur,
1630 2028 1726 2053 quem—

904 2068 906 2078 <
927 2069 1008 2094 quam
1021 2065 1134 2089 exstare,
1143 2060 1190 2093 qui
1202 2060 1282 2086 etiam
1295 2068 1366 2085 nunc
1378 2058 1467 2084 credat
1477 2058 1517 2085 iis,
1527 2064 1725 2092 ‹piorumprae-

928 2097 997 2123 dicta
1009 2097 1130 2131 quotidie
1143 2096 1231 2122 videat
1244 2105 1270 2122 re
1282 2101 1307 2122 et
1320 2096 1425 2122 eventis
1438 2095 1531 2121 rel'elli.

983 2133 1098 2159 XLVlll.
1118 2135 1174 2160 ⁴00.
1198 2133 1372 2160 Restantduo
1382 2132 1524 2158 divinandi
1536 2140 1642 2166 genera,
1656 2139 1724 2164 quae

929 2170 1027 2196 habere
1038 2170 1156 2197 dicimur
1166 2179 1180 2196 a
1193 2175 1299 2201 natura,
1318 2179 1369 2196 non
1386 2169 1419 2195 ab
1433 2175 1501 2201 arte,
1521 2168 1684 2195 vaticinandi
1700 2173 1726 2193 et

928 2207 1092 2234 somniandi.
1132 2208 1168 2233 De
1183 2207 1298 2242 quibus,
1315 2207 1428 2239 Quinte,
1447 2207 1571 2241 inquam,
1590 2207 1613 2232 si
1628 2205 1722 2240 pluent,

928 2245 1104 2271 disseramus.
1146 2245 1212 2270 Mihi
1234 2253 1308 2274 vero,
1333 2245 1434 2278 iuquit,
1458 2243 1556 2278 placet:
1578 2243 1620 2269 liis
1641 2243 1723 2272 euim.

928 2291 997 2317 quae
1009 2282 1097 2308 adhue
1108 2281 1266 2316 disputasti,
1281 2290 1390 2316 prorsus
1402 2282 1544 2306 assentior:
1568 2286 1606 2309 et.
1624 2289 1684 2306 vere
1697 2285 1725 2306 ut

930 2320 1036 2356 loquar,
1053 2328 1218 2354 ‹piaiiiquam
1231 2324 1274 2345 tna
1287 2327 1328 2344 me
1339 2319 1423 2344 oratio
1437 2318 1618 2345 contii-mavit.
1637 2323 1724 2344 tamen

928 2358 1008 2383 etiam
1021 2366 1078 2382 mea
1091 2362 1184 2391 sponte
1197 2357 1278 2382 nimis
1289 2356 1502 2390 superstitiosam
1515 2355 1547 2381 de
1559 2355 1725 2381 divinatione

928 2394 1078 2420 Stoicorum
1094 2394 1253 2420 senteutiam
1275 2392 1440 2419 imlienbnm:
1464 2401 1493 2418 ac
1511 2401 1552 2417 me
1569 2393 1724 2427 Peripateti-

928 2440 1020 2457 corum
1035 2432 1101 2458 ratio
1117 2433 1202 2466 magis
1219 2430 1355 2459 movebat.
1379 2435 1404 2456 et
1420 2431 1516 2455 veteris
1533 2430 1685 2456 Dicaearchi
1699 2435 1726 2456 et

929 2469 1002 2498 eius,
1019 2469 1067 2503 qui
1084 2477 1154 2494 utine
1174 2467 1260 2497 lloret,
1278 2468 1411 2501 Cratippi,
1434 2467 1481 2501 qui
1497 2472 1605 2493 censent
1621 2475 1680 2493 esse
1697 2468 1723 2493 in

929 2506 1065 2531 mentibus
1082 2505 1222 2531 bominum
1240 2511 1375 2539 tamquam
1391 2504 1530 2530 oraculum
1547 2504 1669 2539 aliquod.
1690 2513 1724 2531 ex

928 2552 982 2577 quo
995 2542 1082 2569 sutura
1095 2543 1283 2577 praesentiunt.
1302 2543 1324 2568 si
1337 2546 1381 2567 aut
1394 2541 1481 2567 furore
1492 2541 1586 2568 divino
1598 2543 1723 2568 incitatus

928 2581 1049 2611 aninum,
1067 2585 1112 2606 aut
1126 2589 1220 2606 soimio
1237 2579 1371 2605 relaxatus
1391 2579 1476 2605 solute
1494 2584 1632 2606 moveatur
1645 2588 1675 2605 ae
1691 2579 1724 2605 li-

929 2617 1000 2643 bere.
1041 2617 1087 2644 llis
1107 2617 1140 2643 de
1156 2617 1302 2651 gom—ribus
1318 2616 1384 2651 quid
1401 2617 1514 2647 sentias.
1536 2622 1561 2643 et
1576 2616 1678 2653 quibus
1693 2625 1723 2643 en

897 2652 906 2677 ,J
928 2654 1078 2681 rationibus
1090 2655 1218 2682 infirmes,
1233 2654 1325 2680 audire
1337 2662 1400 2680 sane
1413 2653 1504 2680 velim.

1473 2702 1518 2727 tto
