1941 3052
241 161 289 185 03⁸

243 235 297 259 tur.
321 228 343 254 si
355 228 416 263 quis
433 232 472 253 est
483 234 579 253 sensus
591 227 617 252 in
629 230 725 256 morte,
745 234 826 252 aenea
837 229 922 252 statua
935 224 1032 256 futura,

241 271 266 292 et
281 275 309 292 ea
327 266 469 300 pedestris,
491 272 570 298 quam
593 264 709 289 inaurata
729 263 875 297 equestris:
897 262 985 296 qualis
1003 263 1033 289 L.

241 303 332 329 Sullae
348 304 463 336 primum
480 305 575 326 statuta
592 305 641 325 est.
684 300 792 326 Mirifice
811 301 881 326 enirn
898 300 954 326 Ser.
972 299 1035 326 Sul-

242 341 329 375 picius
342 340 470 365 maiorum
482 338 670 363 continentium
682 337 823 370 diligebat,
842 337 923 363 liuius
935 337 1035 363 saeculi

242 376 408 403 insolentiam
424 374 598 409 vituperabat.
640 375 673 400 lit
688 375 782 409 igitur,
799 374 822 400 si
838 374 926 408 ipsum
938 383 1036 400 consu-

243 415 307 443 lam,
325 413 391 447 quid
405 412 479 442 vetit,
496 413 535 437 sic
546 411 695 446 pedestrem
708 420 740 437 cx
752 420 810 437 uere
822 416 950 442 statuam,
969 416 1036 438 tam-

241 459 321 485 quam
338 458 370 476 ex
386 450 444 475 eius
459 449 612 475 auctoritate
627 453 653 474 et
669 448 803 475 voluntate
819 449 945 475 decerno.-
967 457 1036 484 quae

241 487 350 522 quidem
368 494 494 521 magnum
516 486 616 512 civium
633 485 750 512 dolorem
768 490 793 512 et
808 486 972 512 desiderium
989 486 1036 512 ho-

242 533 302 551 nore
319 524 483 550 monumcnti
505 524 607 550 minuet
626 528 651 549 et
668 523 756 549 leniet.
800 525 838 549 Η.
862 524 948 558 Atque
969 523 1037 549 hanc

241 570 326 588 meam
342 561 515 591 seutentiam,
534 565 621 595 patres
636 561 792 595 conscripti,
810 561 837 586 P.
856 560 963 586 Servilii
975 569 1037 586 sen-

241 599 321 625 tentia
337 598 441 633 probari
459 606 566 624 necesse
577 602 630 624 est:
647 597 859 632 quisepulcrum
872 597 979 632 publice
990 598 1036 623 ‹le-

240 636 402 662 cernendum
410 635 595 670 Ser.Sulpici0
605 636 718 666 censuit,
730 640 845 661 statuam
858 644 909 662 non
921 636 1034 661 censuit.

241 674 306 699 Nam
322 673 345 699 si
362 682 432 699 mors
450 672 527 707 legati
540 673 599 699 sine
609 672 689 699 caede
701 677 780 708 atque
792 672 860 699 ferro
871 672 977 699 nullum
990 672 1036 699 lio-

242 719 331 737 norem
347 710 493 736 desiderut:
516 718 564 736 cur
586 710 706 736 decernit
725 710 850 736 honorem
871 710 1034 744 sepulturae,

240 749 288 782 qui
301 748 435 774 maximus
447 747 538 774 haberi
550 752 636 782 potest
648 747 769 774 mortuo‘?
780 747 826 773 Sin
839 747 866 773 id
878 747 1034 774 tribuitSer.

241 785 370 820 Sulpicio¹
384 785 456 820 quod
469 793 519 812 non
530 790 571 811 est
580 785 672 811 datum
685 785 733 811 Cn.
746 784 869 811 Octavio:
886 793 947 815 cur,
963 784 1035 819 quod

240 822 280 849 illi
292 822 384 849 datum
395 827 448 853 est,
467 822 529 849 huic
540 822 657 848 dandum
669 831 728 848 esse
739 831 790 849 non
802 821 909 848 censet?
924 822 1036 848 Maiores

241 859 351 895 quidem
368 860 450 886 nostri
469 864 570 886 statuas
590 859 683 885 multis
703 859 891 886 decreverunt:
913 859 1035 895 sepulcra

242 898 344 932 paucis.
384 897 437 923 Sed
452 901 554 923 statuae
569 897 703 923 intereunt
718 901 887 932 tempestate,
901 897 942 928 vi,
960 901 1037 923 vetu-

210 964 215 971 .
241 939 320 961 state:
343 934 527 969 sepulcrorum
541 939 629 960 autem
645 934 771 960 sanctitas
791 935 818 960 in
835 935 894 969 ipso
909 933 966 961 solo
981 939 1034 960 est:

240 971 314 1007 quod
326 971 398 998 nulla
411 972 437 998 vi
448 972 549 998 moveri
561 980 648 1006 neque
659 971 741 998 deleri
754 976 849 1006 potest.
889 972 989 1007 Atque,
1008 976 1038 997 ut

240 1014 326 1035 cetera
341 1009 562 1045 exstinguuntur,
580 1009 619 1035 sic
634 1008 756 1044 sepulcra
772 1009 839 1035 fiunt
849 1009 978 1035 sanctiora
992 1017 1037 1035 ve-

241 1050 348 1073 tustate.
390 1048 431 1073 ⁴5.
445 1046 581 1082 Augeatur
592 1047 674 1082 igitur
685 1047 736 1072 isto
748 1046 846 1073 honore
860 1048 938 1072 etiam
951 1047 973 1072 is
986 1046 1034 1076 vir,

240 1084 284 1110 cui
296 1083 388 1110 nullus
399 1083 482 1110 honor
493 1084 574 1110 tribui
587 1093 638 1110 non
652 1083 761 1110 debitus
773 1088 867 1118 potest.
909 1084 982 1110 Grati
999 1084 1038 1109 si—

242 1129 302 1147 mus
319 1121 346 1147 in
362 1121 420 1147 eius
436 1125 519 1147 morte
534 1120 696 1151 decoranda,
711 1122 754 1147 cui
771 1120 872 1147 nullam
889 1121 940 1147 iam
957 1121 1036 1147 aliam

241 1159 352 1194 gratiam
364 1157 460 1185 referre
473 1167 628 1193 possumus.
659 1159 768 1185 Notetur
779 1159 858 1184 etiam
869 1159 904 1184 M.
918 1158 1035 1188 Antonii.

242 1195 373 1222 nefarium
394 1195 495 1222 bellum
519 1196 649 1231 gerentis,
680 1195 805 1221 scelerata
830 1195 950 1222 audacia.
990 1196 1037 1222 llis

241 1233 312 1259 enim
325 1232 471 1259 honoribus
484 1233 581 1259 habitis
593 1233 650 1259 Ser.
664 1232 792 1267 Sulpicio,
807 1233 960 1267 repudiatae
970 1233 1038 1259 reie—

240 1275 351 1304 ctaeque
364 1270 502 1305 legationis
513 1270 546 1297 ab
553 1270 666 1297 Antonio
677 1270 796 1296 manebit
807 1270 955 1297 testificatio
965 1279 1038 1296 sem-

241 1307 353 1341 piterna.

297 1344 350 1370 VII.
366 1343 438 1376 Quas
449 1344 483 1371 ob
495 1353 536 1371 res
546 1345 582 1371 ita
593 1353 702 1371 censeo:
715 1344 804 1376 Quum
817 1344 874 1370 Ser.
887 1344 1034 1379 Sulpicius,

240 1381 271 1413 Q.
284 1382 313 1407 F.
327 1381 460 1412 Lemonia,
474 1381 574 1413 Rufus,
588 1381 750 1408 difficillimo
761 1381 924 1416 reipublicae
934 1387 1038 1417 tempo-

241 1461 349 1483 senatus
364 1456 532 1492 salutemque
548 1456 711 1492 reipublicae
722 1457 791 1483 vitae
801 1465 865 1484 suae
876 1465 1038 1492 praeposue-

1039 1758 1081 1782 66.

812 157 854 182 66.
889 155 923 181 M.
954 155 984 180 Τ.
1016 155 1291 182 CICERONIS

1088 227 1132 256 rit.
1154 231 1298 261 matreque
1315 227 1368 253 vim
1384 227 1594 263 gravitatemque
1609 227 1693 254 morbi
1705 227 1878 259 contenderit.

1088 268 1117 289 ut
1127 264 1154 290 in
1165 269 1251 290 castra
1263 264 1382 292 Antonii.
1395 272 1449 299 quo
1459 269 1567 291 senatus
1578 273 1640 291 eum
1653 266 1772 295 miserat,
1787 273 1882 300 perve-

1088 302 1168 327 niret:
1182 302 1267 336 isque.
1280 310 1365 336 quum
1379 302 1430 327 iam
1443 310 1524 336 prope
1536 307 1620 328 eastra
1633 303 1758 331 venisset.
1773 303 1798 328 vi
1811 312 1881 329 mor-

1088 338 1113 364 bi
1130 347 1289 373 oppressus.
1313 339 1393 365 vitam
1409 339 1527 365 amiserit
1541 339 1569 366 in
1584 340 1702 366 maximo
1720 339 1882 374 reipublicae

1088 384 1211 402 munere:
1231 376 1344 410 eiusque
1361 384 1432 402 mors
1447 381 1621 402 eonsentanea
1636 377 1705 403 vitae
1720 377 1800 403 fuerit
1820 385 1882 403 san-

1087 413 1207 439 ctissime
1219 413 1461 448 honestissimeque
1476 418 1561 443 actae.
1583 414 1611 440 in
1626 422 1679 448 qun
1695 422 1774 449 saepe
1785 422 1883 449 magno

1089 451 1150 476 usui
1166 450 1329 485 reipublicae
1341 450 1398 476 Ser.
1411 450 1549 485 Sulpicius
1565 455 1590 476 et
1606 451 1726 486 privatus
1741 457 1766 477 et
1782 452 1808 478 in
1825 460 1884 477 ma·

1087 488 1245 520 uistratibus
1261 487 1354 514 fuerit:
1383 489 1423 513 ⁴6.
1442 496 1528 523 quum
1547 487 1607 514 tatis
1624 488 1664 514 vir
1681 488 1716 514 ob
1734 488 1883 524 rempubli-

1087 534 1144 551 cam
1157 525 1182 551 in
1196 524 1325 559 legatione
1336 529 1447 551 mortem
1459 525 1567 556 obierit;
1581 526 1684 551 senatui
1697 525 1808 560 placere.
1822 526 1880 552 Ser.

1057 574 1059 590 :
1088 562 1208 597 Sulpicio
1214 567 1327 588 statuam
1335 561 1484 596 pedestrem
1495 571 1602 588 aeneam
1615 563 1641 588 in
1653 563 1746 588 rostris
1756 571 1789 589 ex
1800 563 1883 589 huius

1087 599 1188 625 ordinis
1200 600 1329 626 sententia
1340 600 1420 626 statui
1433 600 1589 635 circumque
1600 608 1657 626 eam
1669 604 1782 626 statuam
1795 599 1882 627 locum

1089 637 1160 663 ludis
1174 637 1422 672 gladiatoribusque
1438 636 1534 663 liberos
1549 641 1722 672 posterosque
1742 637 1800 663 eius
1815 645 1884 673 quo-

1087 682 1142 709 quo
1153 683 1246 700 versus
1259 674 1339 709 pedes
1350 674 1471 709 quInque
1482 674 1579 700 habere
1587 694 1593 704 ,
1609 673 1682 709 quod
1696 675 1718 701 is
1729 674 1764 700 ob
1775 682 1886 709 rempu-

1088 711 1184 737 blicam
1201 716 1312 737 mortem
1328 711 1435 742 obierit,
1456 719 1569 746 eamque
1583 719 1707 737 caussam
1722 711 1749 738 in
1765 711 1823 738 basi
1841 712 1884 738 in·

1087 749 1182 775 scribi:
1195 750 1289 783 utique
1300 749 1329 775 C.
1343 749 1436 779 Pansa,
1449 749 1481 775 Α.
1493 749 1594 775 Hirtius
1604 749 1738 778 consules.
1751 749 1816 775 alter
1826 757 1884 775 am-

1088 786 1167 816 bove,
1181 787 1203 812 si
1215 787 1254 812 eis
1266 786 1400 816 videatur.
1416 786 1603 820 quaestoribus
1614 786 1689 813 urbis
1700 787 1841 820 imperent.
1855 790 1885 812 ut

1088 832 1145 849 eam
1165 823 1252 850 hasim
1273 828 1443 858 statuamque
1467 822 1614 849 faciendam
1632 828 1658 850 et
1677 824 1703 849 in
1724 824 1816 850 rostris
1830 828 1885 849 sta-

1088 860 1213 887 tuendam
1227 860 1325 887 locent:
1346 861 1496 895 quantique
1512 860 1668 891 locaverint,
1687 865 1786 887 tantam
1802 868 1882 895 pecu-

1089 899 1160 924 niam
1172 898 1332 933 redemptori
1343 897 1539 924 attribuendam
1550 897 1759 932 solvendamque
1774 902 1881 924 curent:

1087 944 1227 970 quumque
1238 940 1312 962 antea
1324 940 1432 962 senatus
1443 935 1624 962 auctoritatem
1636 944 1712 961 suam
1725 935 1750 961 in
1765 935 1884 961 virorum

1089 973 1196 999 fortium
1214 972 1354 999 funeribus
1368 973 1584 1007 ornamentisque
1598 972 1756 1002 ostenderit,
1781 971 1885 1007 placere

1088 1018 1150 1036 eum
1165 1019 1246 1045 quam
1263 1009 1430 1044 amplissime
1450 1018 1577 1044 supremo
1592 1009 1635 1036 die
1650 1018 1700 1036 suo
1717 1009 1817 1036 efferri:
1843 1010 1883 1035 Π.

1088 1052 1122 1078 et,
1135 1056 1221 1082 quum
1233 1047 1289 1074 Ser.
1301 1047 1449 1082 Sulpicius.
1462 1046 1494 1079 Q.
1506 1047 1537 1073 Ρ.
1549 1047 1683 1077 Lemonia,
1696 1046 1791 1077 Rufus,
1805 1047 1840 1073 ita
1851 1046 1886 1072 de

1089 1084 1226 1120 republica
1240 1085 1352 1111 meritus
1367 1085 1414 1115 sit,
1436 1089 1466 1111 ut
1481 1085 1514 1110 iis
1529 1085 1692 1111 ornamentis
1706 1083 1824 1110 decorari
1837 1083 1886 1110 de-

1089 1122 1161 1148 beat:
1183 1126 1306 1148 senatum
1321 1129 1431 1148 censere
1445 1126 1526 1156 atque
1540 1129 1555 1147 e
1570 1121 1706 1156 republica
1720 1121 1883 1150 existimare.

1089 1159 1188 1185 aediles
1204 1159 1312 1186 curules
1327 1159 1458 1189 edictum,
1475 1158 1547 1194 quod
1563 1158 1596 1185 de
1607 1157 1748 1185 funeribus
1760 1157 1882 1188 habeant.

1089 1196 1146 1223 Ser.
1159 1196 1287 1231 Sulpicii.
1299 1196 1331 1228 Q.
1345 1196 1374 1222 F.
1389 1196 1528 1226 Lemonia,
1546 1196 1620 1225 Rufi.
1638 1195 1725 1222 funeri
1736 1195 1882 1222 remittere:

1089 1234 1183 1268 utique
1201 1234 1288 1260 locum
1303 1233 1427 1268 sepulcro
1443 1234 1469 1260 in
1487 1241 1582 1267 campo
1596 1233 1739 1268 Esquilino
1753 1232 1782 1259 C.
1799 1232 1884 1259 Pausa

1088 1270 1196 1302 consul,
1213 1280 1261 1297 seu
1275 1279 1329 1306 quo
1343 1270 1395 1297 alio
1410 1271 1438 1297 in
1454 1271 1510 1298 loco
1524 1270 1659 1300 videatur.
1682 1269 1763 1305 pedes
1777 1270 1885 1306 triginta

1088 1316 1198 1344 quoquo
1209 1316 1303 1335 versus
1315 1309 1445 1344 assignet,
1460 1307 1578 1344 quoSer.
1591 1307 1730 1343 Sulpicius
1740 1306 1883 1334 inferatur:

1088 1346 1161 1381 quod
1185 1345 1339 1381 sepulcrum
1367 1346 1468 1380 ipsius,
1496 1345 1640 1372 liberorum
1665 1349 1886 1380 posterorumque

1058 1406 1059 1410 ,
1089 1384 1147 1410 eius
1162 1388 1232 1410 esset
1262 1383 1301 1410 uti
1352 1383 1405 1410 uod
1420 1392 1436 1410 o
1457 1383 1522 1410 timo
1536 1383 1595 1410 iure
1629 1382 1716 1409 ublice
1729 1391 1758 1409 se
1780 1381 1884 1409 ulcrum

241 1427 280 1449 re,
297 1419 372 1454 gravi
388 1418 592 1454 periculosoque
608 1419 701 1445 morbo
716 1418 837 1450 affectus,
855 1421 1037 1446 auctoritatem
1058 1412 1060 1430 ³
1239 1404 1244 1414 ¹
1309 1404 1316 1415 ’
1332 1391 1349 1418 q
1437 1391 1454 1418 p
1609 1391 1627 1418 p
1760 1390 1778 1417 p

1089 1421 1181 1448 datum
1192 1426 1271 1448 esset.

781 1819 815 1848 Μ.
846 1819 1015 1849 TULLII
1047 1819 1343 1850 CICERONIS

1040 1895 1085 1917 IN

531 1955 588 2003 M.
711 1955 869 2004 AN

956 1956 1331 2005 TONI

1417 1954 1589 2004 ΠΜ

707 2047 1104 2087 PHILIPPICA
1149 2049 1411 2087 DECIMA.

294 2204 370 2225 Ans.
387 2204 465 2225 Cicero
483 2204 566 2229 gratias
585 2204 631 2230 agit
645 2206 744 2229 Pansae.
763 2205 816 2233 qnia
828 2205 913 2227 lineri-
927 2207 957 2227 M.
973 2207 1037 2227 Bruti

239 2239 345 2266 acceptis,
357 2242 456 2260 uenatum
467 2239 541 2260 statim
552 2239 646 2261 vocavit.
673 2240 787 2265 queritur,
799 2242 856 2268 qnod
866 2241 971 2266 Calenus,
982 2242 1036 2262 Bm-

239 2273 270 2294 tis
284 2274 371 2301 patriae
385 2274 540 2295 defensoribus
555 2274 674 2300 neglectis.
687 2276 765 2302 probet
773 2276 893 2297 Antonium
904 2276 988 2297 hostem
997 2283 1036 2304 pa—

239 2308 303 2329 triae.
325 2310 369 2329 Res
380 2316 392 2329 a
402 2310 431 2330 M.
443 2310 510 2330 Bruto
521 2309 545 2330 in
555 2309 650 2330 Graecia
659 2309 746 2337 privato
757 2310 852 2331 consilio
864 2315 938 2336 gestas
947 2311 1037 2339 publiea

239 2343 373 2365 auctoritate
382 2345 563 2371 comprobandas,
575 2346 602 2369 Q.
613 2348 685 2365 autem
693 2345 822 2370 Hortensio,
833 2346 976 2367 Macedoniae
985 2353 1036 2374 pro-

238 2379 337 2403 consuli.
353 2379 392 2406 qui
403 2380 494 2400 Brutum
503 2379 528 2400 in
537 2380 682 2407 comparando
693 2380 794 2401 exercitu
804 2380 931 2406 adiuvent,
946 2380 1035 2408 provin—

238 2413 286 2434 ciae
296 2414 510 2435 administrationem
521 2415 689 2435 confirmandam
699 2419 782 2436 censet.

294 2467 314 2493 1.
337 2468 360 2493 t.
382 2462 520 2494 Maximas
536 2467 599 2500 tibi,
615 2468 714 2499 Pansa,
729 2468 829 2504 gratias
843 2477 936 2496 omnes
951 2473 977 2496 et
986 2469 1035 2496 ba—

239 2502 302 2529 bere
311 2507 338 2530 et
347 2512 424 2539 agere
434 2504 578 2532 debemus:
595 2506 652 2540 qui,
667 2513 753 2540 quum
763 2505 892 2532 hodierno
902 2506 947 2533 die
957 2515 1036 2533 sena—

240 2543 297 2565 tum
309 2545 333 2566 te
343 2539 499 2568 habiturum
511 2551 563 2569 non
574 2542 770 2573 arbitraremur,
783 2543 945 2575 utM.Bruti,
958 2552 1035 2579 prae-

239 2577 398 2603 stantissimi
409 2579 490 2610 civis,
508 2579 609 2606 litteras
619 2579 758 2614 accepisti,
776 2588 808 2606 ne
823 2581 962 2607 minimam
973 2581 1035 2616 qui—

240 2613 301 2639 dem
313 2622 413 2640 moram
424 2615 621 2650 interposuisti,
643 2617 710 2651 quin
724 2624 807 2651 quam
818 2618 937 2651 primum
949 2618 1036 2645 maxi-

241 2658 284 2676 mo
298 2650 396 2685 gaudio
406 2655 432 2677 et
446 2652 621 2687 gratulatione
636 2653 793 2680 frueremur.
834 2653 923 2686 Quum
935 2655 1035 2682 factum

241 2691 317 2713 tuum
332 2692 437 2723 gratum
453 2690 578 2716 omnibus
593 2690 672 2717 debet
686 2699 759 2722 esse,
781 2695 838 2718 tum
858 2700 922 2719 vero
940 2693 1032 2723 oratio,
1055 2709 1058 2715 ·

1087 2216 1154 2244 qua,
1169 2207 1285 2234 recitatis
1296 2207 1405 2238 litteris,
1423 2215 1490 2234 usus
1503 2214 1541 2233 es.
1581 2205 1725 2232 Declarasti
1735 2206 1821 2236 enim.
1838 2213 1885 2232 ve-

1087 2254 1148 2272 rum
1164 2253 1224 2272 esse
1237 2244 1279 2276 id,
1296 2244 1370 2280 quod
1385 2252 1435 2280 ego
1448 2252 1555 2279 semper
1569 2243 1655 2273 sensi,
1672 2243 1807 2269 neminem
1818 2241 1885 2269 alte-

1086 2283 1154 2314 rius,
1166 2283 1214 2318 qui
1225 2290 1290 2309 suae
1300 2281 1456 2312 confideret,
1472 2281 1565 2308 virtuti
1575 2279 1705 2307 invidere.
1747 2280 1771 2306 2.
1792 2280 1885 2314 Itaque

1087 2320 1155 2346 mibi
1163 2341 1169 2350 ,
1186 2320 1234 2355 qui
1251 2319 1377 2355 plurimis
1387 2318 1484 2346 officiis
1494 2326 1556 2345 sum
1567 2325 1629 2344 cum
1639 2317 1720 2343 Bruto
1730 2320 1756 2343 et
1766 2318 1884 2344 maxima

1087 2357 1266 2384 familiaritate
1280 2357 1440 2383 coniunctus
1447 2376 1454 2387 ,
1476 2356 1566 2382 minus
1576 2353 1660 2381 multa
1670 2353 1704 2380 de
1714 2353 1762 2380 illo
1770 2353 1883 2380 dioenda

1086 2399 1159 2421 sunt.
1200 2394 1272 2427 Quas
1287 2394 1360 2420 enim
1375 2393 1443 2420 mihi
1457 2393 1516 2428 ipse
1531 2396 1618 2427 partes
1634 2399 1816 2426 sumpseram.
1837 2399 1883 2417 eas

1086 2432 1221 2467 praecepit
1230 2432 1313 2458 oratio
1323 2436 1378 2457 tua.
1419 2430 1472 2457 Sed
1483 2429 1559 2460 mihi,
1573 2433 1661 2463 patres
1671 2429 1823 2463 conscripti,
1836 2435 1884 2454 ne-

1085 2470 1236 2496 cessitatem
1251 2468 1340 2495 attulit
1354 2467 1445 2503 paullo
1459 2466 1536 2502 plura
1550 2465 1657 2492 dicendi
1670 2466 1801 2492 sententia
1811 2465 1880 2495 eius,

1085 2507 1134 2541 qui
1149 2510 1256 2542 rogatus
1271 2509 1312 2532 est
1327 2509 1388 2532 ante
1397 2512 1453 2536 me;
1469 2512 1484 2530 a
1493 2511 1548 2539 quo
1558 2503 1594 2529 ita
1606 2511 1685 2538 saepe
1695 2502 1838 2533 dissentio,
1852 2505 1884 2528 ut

1085 2543 1139 2570 iam
1155 2551 1260 2574 verear,
1278 2551 1323 2574 ne,
1340 2542 1369 2569 id
1379 2541 1452 2577 quod
1461 2540 1519 2567 fieri
1529 2541 1641 2567 minime
1651 2539 1743 2570 debet,
1760 2539 1890 2566 minuere·

1086 2581 1231 2607 amicitiam
1243 2584 1360 2606 nostram
1371 2578 1494 2605 videatur
1504 2582 1632 2612 perpetua
1642 2577 1786 2604 dissensio.

1142 2619 1167 2644 3.
1192 2617 1266 2650 Quae
1287 2621 1328 2643 est
1347 2616 1418 2643 enim
1437 2616 1488 2642 ista
1509 2619 1554 2641 tua
1574 2615 1652 2645 ratio,
1675 2613 1785 2645 Calene,
1810 2620 1882 2648 quae

1086 2662 1162 2681 mens
1169 2675 1175 2686 ,
1189 2659 1219 2681 ut
1228 2662 1378 2689 numquam
1388 2656 1448 2688 post
1458 2651 1591 2678 Kalendas
1602 2652 1657 2678 Ian.
1669 2650 1741 2677 idem
1752 2650 1878 2680 senseris,

1085 2691 1206 2727 quadis,
1223 2691 1272 2726 qui
1283 2695 1308 2718 te
1319 2690 1478 2717 sententiam
1490 2690 1608 2724 primum
1619 2687 1712 2724 rogat?
1725 2688 1879 2722 Numquam
