1941 3052
392 147 577 175 ORATIO
609 147 698 175 PRO
731 147 797 175 CN.

57 219 234 254 municipum,
248 219 406 250 vicinorum,
420 220 576 246 societatum
588 219 686 250 studio,
700 224 850 254 temporum

56 265 176 284 meorum
192 257 333 284 memoria:
365 266 455 292 parem
468 257 575 289 virtute,
587 257 747 293 integritate,
761 257 852 283 mode-

55 296 115 326 stia,
130 293 242 321 aedilem
255 293 354 320 factum
366 303 426 321 esse
438 293 561 320 miraris‘?

111 332 188 358 Hunc
202 336 231 358 tu
248 331 317 358 vitae
332 331 502 367 splendorem
517 331 631 358 maculis
642 331 762 366 aspergis
774 330 852 357 istis‘?

55 369 121 396 Iacis
136 368 276 400 adulteria,
293 377 363 404 quae
379 377 456 396 nemo
472 377 524 395 non
541 369 619 395 modo
631 369 746 399 nomine,
760 368 808 394 sed
819 376 851 394 ne

55 407 210 441 suspicione
225 406 336 441 quidem
353 407 438 441 possit
452 415 604 442 agnoscere.
635 406 792 432 Bimaritum
804 414 852 440 ap-

55 443 153 478 pellas,
178 447 209 470 ut
228 443 308 470 verba
328 444 407 470 etiam
428 443 523 479 fingas,
546 452 598 470 non
618 442 706 469 solum
727 443 848 469 crimina.

54 481 170 508 Ductum
187 489 248 507 esse
263 481 297 507 ab
312 489 342 507 eo
360 481 388 508 in
403 482 569 516 provinciam
581 480 698 515 aliquem
710 480 778 506 dicis
789 480 852 506 libi-

53 518 126 545 dinis
136 527 245 545 caussa:
267 518 340 553 quod
352 527 403 545 non
415 519 516 545 crimen
527 523 576 549 est,
589 518 636 545 sed
648 518 811 552 impunitum
824 517 850 543 in

53 555 195 582 maledicto
206 555 386 582 mendacium.
407 556 519 590 Raptam
531 564 589 582 esse
599 555 755 581 mimulam:
778 554 851 589 quod

53 593 152 620 dicitur
167 593 260 620 Atinae
275 593 375 620 Iactum
391 602 405 619 a
420 593 568 624 iuventute,
585 597 673 619 vetere
688 592 806 627 quodam
823 593 851 618 in

53 631 174 657 scenicos
184 631 242 657 iure
254 631 425 666 maximeque
435 630 578 665 oppidano.
611 631 637 656 34
647 650 652 656 .
664 629 686 656 O
696 629 851 655 adolescen-

53 668 117 694 tiam
132 667 280 694 traductam
296 667 443 704 eleganter!
475 668 519 694 cui
534 667 645 702 quidem
660 675 760 701 quum,
777 666 849 701 quod

54 704 167 737 licuerit,
180 705 330 736 obiiciatur,
346 710 434 732 tamen
445 704 473 731 id
484 705 574 740 ipsum
587 704 684 731 falsum
691 704 848 739 reperiatur.

53 743 177 769 Emissus
193 743 292 778 aliquis
303 751 317 769 e
327 751 439 774 carcere,
452 746 479 768 et
491 741 602 777 quidem
613 742 729 768 emissus
741 750 788 776 per
800 741 850 767 im-

52 779 231 815 prudentiam,
244 780 370 810 emissus,
383 784 414 806 ut
424 779 568 815 cognostis,
581 778 848 805 necessariihominis

51 818 201 852 optimique
212 817 388 844 adolescentis
401 821 508 853 rogatu3
531 816 602 843 idem
613 821 703 851 postea
709 825 850 851 praeman-

50 854 120 881 datis
135 855 292 890 requisitus.
317 854 405 889 Atque
420 854 493 886 haec,
511 862 560 880 nec
570 853 625 880 ulla
640 853 702 885 alia,
715 858 778 880 sunt
787 862 851 880 con-

50 892 119 918 iecta
138 891 279 918 maledicta
298 891 326 918 in
345 892 404 918 eius
420 892 512 920 vitam.
530 891 563 918 de
577 892 657 918 cuius
672 900 719 918 vos
737 891 848 926 pudore,

50 928 188 965 religione,
206 929 356 965 integritate
374 929 513 956 dubitetis.
547 929 618 955 XIII.
635 929 713 955 Pater
724 937 795 960 vero,
808 929 851 955 in—

50 967 118 1002 quit,
137 967 217 993 etiam
232 966 328 993 obesse
338 966 394 993 filio
404 966 493 993 debet.
526 965 548 993 O
560 974 651 993 vocem
663 966 758 993 duram
769 971 850 1001 atque

49 1003 189 1040 indignam
204 1008 249 1030 tua
263 1004 402 1039 probitate,
415 1004 580 1030 Laterensis!
612 1004 688 1030 Pater
698 1008 728 1030 ut
739 1004 767 1030 in
778 1003 850 1030 iudi-

49 1041 92 1068 cio
105 1041 210 1076 capitis.
229 1045 303 1076 pater
317 1046 347 1068 ut
360 1042 389 1068 in
404 1041 575 1068 dimicatione
587 1040 763 1072 fortunarum,
776 1045 850 1076 pater

50 1083 80 1105 ut
95 1078 167 1114 apud
182 1078 247 1106 tales
262 1079 334 1105 viros
351 1079 445 1105 obesse
461 1078 516 1106 filio
531 1078 644 1105 debeat?
677 1079 724 1114 qui
740 1079 763 1105 si
780 1083 850 1105 esset

6 1125 7 1130 ¹
51 1117 234 1152 turpissimus,
255 1116 278 1143 si
298 1116 517 1143 sordidissimus:
553 1120 642 1143 tamen
663 1116 722 1151 ipso
743 1116 850 1143 nomine

7 1170 9 1174 ·
51 1154 135 1188 patrio
149 1153 249 1180 valeret
259 1153 331 1189 apud
341 1153 486 1181 clementes
496 1153 600 1180 iudices
610 1158 635 1180 et
647 1154 848 1187 misericordes;

52 1190 158 1222 valeret,
176 1191 296 1226 inquam,
312 1191 450 1218 communi
465 1200 548 1219 sensu
563 1192 696 1223 omnium,
708 1196 734 1218 et
747 1191 850 1218 dulcis-

8 1238 10 1266 ;
49 1229 118 1255 sima
133 1229 362 1256 commendatione
379 1233 497 1256 naturae.
534 1230 575 1256 32.
592 1228 645 1255 Sed
654 1237 740 1264 quum
751 1229 786 1255 sit
800 1229 848 1256 Cn.

50 1265 175 1292 Plancius
198 1267 222 1292 is
248 1275 330 1301 eques
354 1267 500 1298 Romanus,
527 1275 557 1293 ea
578 1266 696 1301 primum
718 1271 850 1293 vetustate

49 1303 184 1338 equestris
200 1304 325 1333 nominis,
344 1308 373 1330 ut
389 1308 471 1339 pater,
490 1308 520 1330 ut
530 1313 607 1334 avus,
623 1308 653 1330 ut
663 1304 777 1330 maiores
791 1304 849 1330 eius

9 1354 11 1368 ι
50 1349 143 1367 omnes
155 1341 258 1376 equites
268 1341 380 1368 Romani
395 1341 502 1372 fuerint,
516 1349 654 1368 summum
666 1341 851 1376 inpraefectu-

10 1405 11 1412 ἵ
50 1386 78 1404 ra
93 1377 278 1405 florentissima
293 1378 407 1414 gradum
423 1379 557 1405 tenuerint
567 1383 593 1405 et
602 1378 742 1414 dignitatis
753 1383 779 1405 et
788 1387 850 1414 gra-

10 1417 12 1448 ξ
51 1415 115 1448 tiae,
143 1415 240 1442 deinde
256 1420 285 1442 ut
300 1416 359 1451 ipse
370 1416 397 1443 in
410 1415 561 1451 legionibus
575 1416 605 1442 P.
618 1416 717 1447 Crassi,
733 1417 850 1451 impera-

10 1450 11 1471 ἶ
51 1453 125 1483 toris.
143 1453 212 1479 inter
230 1454 416 1480 ornatissimos
432 1453 565 1484 homines,
583 1453 688 1488 equites
703 1454 847 1485 Romanos,

11 1490 13 1526 j
49 1498 157 1517 summo
168 1490 310 1525 splendore
321 1490 414 1523 fuerit3
431 1495 461 1517 ut
472 1491 846 1526 posteaprincepsintersuos,

12 1529 13 1559 j
49 1527 228 1562 plurimarum
240 1536 328 1555 rerum
340 1528 528 1555 sanctissimus
540 1533 566 1555 et
576 1528 744 1555 iustissimus
755 1528 846 1560 iudex,

12 1564 13 1567 ’
49 1565 227 1592 maximarum
239 1566 395 1592 societatum
406 1570 506 1597 auctor,
520 1565 699 1601 plurimarum
710 1567 846 1602 magister,

47 1602 72 1628 si
89 1611 141 1629 non
156 1602 234 1629 modo
249 1603 276 1629 in
292 1611 322 1629 eo
338 1602 405 1629 nihil
421 1611 552 1638 umquam
571 1603 778 1638 reprehensum,
801 1603 849 1630 sed

13 1666 15 1671 .
50 1639 153 1666 laudata
165 1644 230 1666 sunt
239 1640 342 1667 omnia:
360 1644 449 1667 tamen
460 1641 483 1667 is
495 1641 581 1667 oberit
591 1641 783 1668 honestissimo
794 1641 849 1667 tilio

14 1677 15 1685 ¹
48 1681 134 1712 pater,
158 1677 205 1712 qui
222 1677 263 1704 vel
281 1677 371 1704 minus
387 1677 529 1704 honestum
545 1682 571 1704 et
586 1677 704 1705 alienum
721 1679 790 1705 tueri
806 1678 847 1705 vel

48 1714 202 1741 auctoritate
213 1723 261 1741 sua
274 1714 314 1741 vel
326 1715 410 1750 gratia
423 1715 526 1750 possit‘?
535 1731 573 1736 —
593 1717 634 1743 33.
649 1715 788 1751 Asperius,
806 1716 850 1742 in-

47 1752 116 1787 quit,
133 1751 237 1778 locutus
250 1757 290 1779 est
303 1752 406 1788 aliquid
418 1752 573 1788 aliquando.
585 1768 623 1773 —
642 1754 727 1780 Immo
738 1753 849 1780 sortasse

16 1790 17 1807 ἶ
48 1788 170 1816 liberius
200 1789 235 1816 Ae
250 1789 277 1816 id
293 1790 393 1825 ipsum,
411 1791 508 1826 inquit,
526 1799 579 1818 non
594 1795 635 1817 est
649 1790 800 1818 serendum.
812 1806 850 1811 ——-

47 1826 119 1862 Ergo
130 1827 158 1853 hi
170 1826 271 1854 terendi
284 1833 356 1859 sunt,
374 1828 422 1863 qui
434 1833 594 1863 queruntur,
609 1828 758 1855 libertatem
771 1829 849 1864 equi—

47 1864 82 1891 tis
93 1864 205 1891 Romani
216 1873 245 1891 se
257 1864 324 1892 ferre
336 1874 387 1892 non
399 1865 497 1900 posse?
520 1866 634 1892 Ubinam
647 1865 692 1892 ille
704 1865 781 1892 mos?
802 1866 848 1893 ubi

46 1900 94 1928 illa
114 1901 235 1936 aequitas
256 1901 342 1928 iuris‘?
371 1903 418 1930 ubi
434 1902 478 1930 illa
495 1903 604 1939 antiqua
621 1903 744 1935 libertas,
767 1912 846 1938 quae,

47 1937 126 1966 malis
141 1947 270 1974 oppressa
286 1939 428 1971 civilibus,
450 1940 578 1967 extollere
592 1941 644 1967 iam
660 1945 742 1976 caput
757 1946 783 1968 et
798 1941 849 1968 ali·-

45 1975 155 2011 quando
165 1980 280 2003 recreata
291 1984 321 2003 se
332 1977 434 2013 erigere
444 1977 576 2004 debebat?
595 1978 724 2013 Equitum
735 1987 785 2014 ego
796 1979 849 2005 uo-

46 2021 188 2040 manorum
207 2014 288 2040 etiam
308 2013 336 2040 in
357 2014 479 2041 homines
496 2015 679 2042 nobilissimos
695 2015 845 2047 maledicta,

47 2049 253 2085 publicanorum
266 2051 292 2077 in
304 2050 333 2083 Q.
346 2050 500 2078 Scaevolam
510 2073 516 2082 ,
533 2053 622 2079 virum
633 2053 760 2080 omnibus
772 2053 849 2088 inge-

47 2087 100 2119 nio,
117 2087 228 2119 iustitia,
246 2088 397 2124 integritate
409 2094 595 2124 praestantem,
612 2098 706 2124 aspere
717 2095 742 2117 et
754 2090 848 2117 feroci—

21 2124 22 2129 ’
47 2129 87 2152 ter
101 2129 127 2152 et
143 2124 225 2152 libere
245 2124 316 2152 dicta
334 2126 560 2153 commemorem?
598 2127 668 2154 XIV.
690 2127 800 2154 Consuli
816 2128 846 2154 Ρ.

46 2161 159 2189 Nasicae
170 2170 265 2197 praeco
275 2162 391 2190 Granius
403 2163 492 2190 medio
503 2164 530 2191 in
542 2163 606 2195 soro,
619 2173 704 2199 quum
718 2165 772 2196 ille,
789 2165 848 2191 edi-

46 2203 89 2227 cto
99 2199 212 2232 iustitio,
229 2199 340 2227 domum
352 2200 483 2227 decedens
495 2206 615 2237 rogasset
626 2202 766 2233 Granium,
780 2202 847 2237 quid

47 2236 131 2264 tristis
146 2241 230 2264 esset:
257 2246 299 2269 an,
316 2238 390 2272 quod
406 2238 517 2265 reiectae
532 2239 667 2266 auctiones
689 2239 796 2266 essent?
810 2255 847 2260 —

47 2273 131 2301 immo
146 2283 222 2305 vero,
245 2274 348 2310 inquit,
365 2275 439 2310 quod
454 2275 581 2312 legiones.
594 2291 631 2297 ——
650 2276 723 2303 Idem
739 2277 847 2304 tribuno

48 2309 148 2346 plebis,
165 2312 352 2347 potentissimo
369 2313 485 2344 homini,
502 2313 538 2340 M.
550 2313 644 2345 Druso,
661 2314 709 2341 sed
724 2314 807 2341 multa
819 2315 846 2341 in

48 2348 243 2384 rempublicam
258 2349 392 2381 molienti.
410 2358 495 2385 quum
511 2350 556 2377 ille
572 2359 634 2377 eum
649 2351 800 2382 salutasset,
818 2356 848 2378 ut

49 2383 86 2417 fit,
99 2385 275 2422 dixissetque,
298 2387 369 2420 Quid
385 2387 452 2422 agis,
469 2387 570 2414 Grani?
599 2388 745 2423 respondit,
764 2390 848 2416 Immo

49 2430 121 2454 vero,
139 2427 168 2450 tu
179 2424 272 2456 Druse,
290 2425 356 2460 quid
367 2424 443 2460 agis?
473 2424 520 2451 Ille
532 2425 561 2451 1..
574 2425 673 2455 Crassi,
687 2425 732 2452 ille
744 2426 779 2452 Μ.
792 2426 848 2452 Λιι-

49 2460 115 2487 ωιιίί
130 2460 294 2488 voluntatem
309 2462 492 2497 asperioribus
508 2461 610 2489 facetiis
623 2471 703 2497 saepe
718 2464 848 2497 perstrin-

49 2496 90 2524 xit
99 2497 219 2533 impune.
241 2499 318 2527 Nunc
330 2508 416 2535 usque
427 2508 458 2526 eo
468 2508 595 2534 oppressa
609 2504 694 2526 vestra
700 2501 847 2536 arrogantia

50 2533 144 2562 civitas
153 2539 326 2572 est,ut,quae
337 2537 387 2564 suit
397 2537 461 2564 olim
474 2538 597 2572 praeconi
609 2538 635 2564 in
648 2537 767 2568 ridendo,
776 2546 848 2564 nunc

50 2571 136 2606 equiti
149 2571 267 2601 Romano
282 2575 310 2601 in
325 2574 462 2609 plorando,
482 2584 532 2602 non
545 2575 715 2602 sitconcessa
727 2574 845 2602 libertas.

28 2639 29 2643 Ἰ
51 2608 94 2650 ast.
123 2607 197 2641 Quae
215 2611 287 2638 enim
309 2620 438 2647 umquam
455 2612 555 2639 Plancii
573 2620 624 2639 vox
640 2612 692 2639 tuit
708 2616 848 2639 contume-

52 2643 102 2671 1180
116 2646 215 2680 Ρθῑίῦδ.
232 2656 313 2683 quam
329 2649 447 2677 doloris?
474 2649 541 2685 quid
556 2654 597 2676 est
612 2655 701 2676 autem
717 2658 846 2684 umquem

50 2686 174 2717 questus,
187 2684 240 2712 nisi
251 2694 336 2722 quum
348 2696 362 2714 a
374 2687 455 2714 sociis
466 2692 492 2714 et
502 2696 516 2714 a
527 2695 557 2714 so
568 2687 694 2715 iniuriam
705 2686 848 2723 propulsa-

831 148 1059 175 PLANCIO.

1107 148 1205 175 CAP.
1240 149 1372 174 9—16.
1650 149 1694 175 56⁴

903 218 960 245 ret‘?
988 218 1078 251 Quum
1089 223 1198 245 senatus
1209 219 1392 254 impediretur,
1410 226 1464 254 quo
1476 219 1575 249 minus,
1589 218 1615 244 id
1627 218 1700 253 quod

878 251 881 265 ⁴
903 256 1027 283 hostibus
1042 265 1148 291 semper
1163 261 1217 282 erat
1234 256 1373 285 tributum.
1391 264 1550 290 responsum
1562 256 1700 290 equitibus

903 294 1029 320 Romanis
1044 293 1211 320 redderetur:
1234 294 1360 320 omnibus
1377 293 1420 320 illa
1437 294 1535 319 iniuria
1549 292 1634 319 dolori
1650 302 1700 328 pu-

903 331 1016 358 blicanis
1032 331 1096 358 fuit:
1119 331 1166 357 sed
1182 340 1244 357 eum
1258 332 1349 366 ipsum
1365 330 1482 357 dolorem
1495 330 1539 357 hic
1550 330 1612 356 tulit
1622 330 1700 365 paul-

904 368 929 394 lo
939 369 1068 403 apertius.
1093 369 1251 395 Communis
1262 368 1308 395 ille
1322 377 1418 394 sensus
1430 369 1457 394 in
1469 367 1528 394 aliis
1539 367 1651 394 sortasse
1662 367 1700 394 la-

904 407 966 432 tuit:
988 406 1040 437 hic,
1053 406 1126 440 quod
1137 414 1199 432 curn
1210 406 1304 432 ceteris
1316 407 1405 432 animo
1416 405 1554 435 sentiebat,
1563 405 1590 431 id
1602 405 1697 441 magis,

903 452 983 478 quam
995 444 1084 474 ceteri,
1097 448 1123 469 et
1134 443 1211 469 vultu
1222 448 1375 478 promptum
1388 443 1483 469 habuit
1493 447 1518 469 et
1530 442 1630 478 lingua.

958 482 1000 507 35.
1022 480 1205 515 Quamquam,
1227 480 1344 511 iudices,
1362 480 1486 516 (agnosco
1501 481 1572 507 enim
1588 488 1621 506 ex
1636 479 1700 514 me,)

879 514 880 522 ¹
903 517 1035 553 permulta
1056 519 1083 544 in
1098 518 1251 549 Plancium,
1274 527 1342 553 quae
1357 518 1391 544 ab
1411 526 1442 544 eo
1462 526 1610 553 numquam
1631 517 1699 544 dicta

903 560 974 586 sunt,
992 554 1174 581 conteruntur.
1205 555 1262 591 Ego
1277 556 1340 590 quia
1356 555 1415 582 dico
1430 555 1533 590 aliquid
1545 555 1698 590 aliquando,

903 602 954 619 non
968 592 1058 619 studio
1069 592 1211 623 adductus,
1228 592 1276 618 sed
1287 597 1332 619 aut
1343 593 1510 619 contentione
1521 592 1637 623 dicendi,
1654 597 1701 619 aut

903 630 1057 663 lacessitus3
1073 634 1100 656 et
1110 631 1182 665 quia,
1196 635 1226 656 ut
1237 630 1266 656 fit
1277 630 1303 656 in
1315 630 1418 661 multis,
1431 631 1486 656 exit
1496 629 1641 665 aliquando
1651 629 1701 656 ali-

902 667 978 702 quid,
997 668 1020 694 si
1036 676 1088 694 non
1105 667 1283 701 perfacetum,
1301 672 1416 694 attamen
1433 667 1543 693 fortasse
1555 676 1606 693 non
1619 668 1701 694 rusti-

902 714 978 731 cum:
1001 704 1074 740 quod
1085 705 1202 740 quisque
1211 704 1288 735 dixit,
1303 713 1346 731 me
1356 705 1383 731 id
1395 705 1497 731 dixisse
1508 705 1609 731 dicunt.
1644 705 1701 740 Ego

902 746 1000 773 autem,
1014 743 1038 768 si
1049 742 1115 776 quid
1126 747 1174 773 est,
1190 742 1262 777 quod
1274 742 1340 768 mihi
1352 742 1449 768 scitum
1461 751 1519 768 esse
1530 742 1662 773 videatur,
1675 747 1701 768 et

903 780 1011 806 homine
1026 780 1144 815 ingenuo
1158 779 1272 815 dignum
1288 784 1368 814 atque
1383 779 1472 812 docto:
1495 788 1547 805 non
1559 788 1699 814 aspernor,

902 816 1053 843 stomachor
1068 825 1144 848 vero,
1167 825 1253 851 quum
1270 816 1382 843 aliorum
1399 825 1450 843 non
1467 825 1509 843 me
1523 816 1605 852 digna
1620 818 1646 843 in
1659 825 1700 842 me

902 854 1084 881 conteruntur.
1106 854 1173 880 Nam
1184 854 1257 889 quod
1270 854 1374 888 primus
1385 854 1464 880 scivit
1475 853 1559 889 legem
1572 854 1604 880 de
1611 854 1702 889 publi-

901 892 984 923 canis,
1003 896 1070 921 tum,
1088 900 1172 927 quum
1185 892 1226 918 vir
1236 891 1423 926 amplissimus
1434 890 1528 918 consul
1540 890 1567 917 id
1579 891 1618 918 illi
1630 891 1702 918 ordi·

903 930 930 956 ni
944 938 991 964 per
1005 928 1136 964 populum
1148 929 1230 960 dedit,
1247 929 1321 964 quod
1332 937 1379 964 per
1389 933 1522 960 senatum,
1535 929 1558 955 si
1570 928 1698 958 licuisset,

902 967 1034 993 dedisset:
1057 967 1081 993 si
1097 967 1124 993 in
1140 975 1171 993 eo
1186 967 1287 993 crimen
1303 971 1356 998 est,
1373 967 1437 1002 quia
1453 966 1611 1002 suffragium
1623 966 1698 992 tulit:

902 1005 965 1040 quis
981 1013 1033 1031 non
1049 1003 1111 1030 tulit
1126 1003 1308 1039 publicanus?
1337 1004 1374 1035 si,
1397 1004 1460 1039 quia
1482 1004 1586 1039 primus
1606 1004 1698 1030 scivit:

902 1046 993 1069 utrum
1005 1041 1032 1068 id
1044 1042 1122 1068 sortis
1133 1050 1193 1068 esse
1204 1042 1254 1072 vis,
1269 1050 1301 1068 an
1313 1042 1380 1072 eius,
1389 1042 1436 1076 qui
1447 1041 1521 1067 illam
1534 1040 1621 1077 legem
1635 1041 1702 1068 iere·-

902 1079 965 1106 bat‘?
994 1079 1023 1106 Si
1039 1080 1128 1111 sortis,
1147 1079 1252 1106 nullum
1265 1080 1366 1105 crimen
1378 1080 1456 1105 estin
1468 1087 1546 1111 casu,
1568 1079 1591 1105 si
1604 1087 1702 1106 consu-

902 1117 945 1149 lis,
962 1116 1090 1152 splendor
1105 1117 1184 1143 etiam
1200 1117 1310 1148 Plancii,
1329 1117 1400 1143 hunc
1414 1126 1428 1143 a
1439 1125 1547 1143 summo
1559 1117 1615 1144 viro
1627 1118 1701 1152 prin-

901 1156 988 1190 cipem
999 1154 1101 1181 ordinis
1113 1163 1172 1181 esse
1183 1154 1342 1181 iudicatum.

956 1192 1016 1220 XV.
1033 1193 1074 1218 36.
1090 1191 1140 1218 Sed
1157 1191 1303 1227 aliquando
1319 1192 1458 1218 veniamus
1470 1190 1503 1218 ad
1514 1200 1651 1218 caussam:
1674 1192 1702 1218 in

901 1239 955 1265 qua
971 1234 999 1256 tu
1014 1230 1123 1256 nornine
1138 1229 1207 1265 legis
1224 1229 1349 1261 Liciniae.
1367 1238 1436 1265 quae
1452 1234 1493 1256 est
1507 1229 1540 1255 de
1559 1229 1699 1258 sodalitiis,

901 1276 995 1294 omnes
1019 1267 1138 1294 ambitus
1163 1267 1235 1303 leges
1256 1267 1414 1302 complexus
1436 1275 1474 1293 es.
1515 1267 1609 1302 Neque
1630 1267 1701 1293 enim

901 1305 1052 1340 quidquam
1068 1304 1143 1331 aliud
1158 1305 1186 1331 in
1202 1305 1251 1331 bac
1268 1304 1334 1340 lege,
1354 1305 1405 1331 nisi
1417 1304 1535 1331 edititios
1546 1304 1659 1335 iudices,
1673 1313 1701 1330 es

901 1347 1026 1369 secutus:
1053 1342 1126 1377 quod
1142 1351 1227 1378 genus
1240 1342 1401 1369 iudiciorum
1413 1342 1435 1368 si
1447 1346 1487 1368 est
1497 1350 1614 1377 aequum
1628 1341 1701 1368 nulla

901 1380 928 1407 in
940 1388 977 1411 re,
991 1380 1044 1406 nisi
1055 1380 1083 1406 in
1095 1379 1144 1406 hac
1155 1380 1297 1406 tribuaria:
1321 1388 1372 1406 non
1387 1378 1699 1415 intellig0,qua1uobrem

901 1421 1010 1444 senatus
1026 1417 1076 1444 hoc
1091 1425 1145 1444 uno
1156 1418 1182 1443 in
1194 1425 1290 1453 genere
1302 1417 1388 1443 tribus
1399 1416 1442 1443 edi
1455 1416 1568 1443 voluerit
1579 1416 1612 1442 ab
1623 1425 1702 1442 accu-

901 1459 996 1486 satore,
1015 1463 1102 1490 neque
1118 1454 1240 1481 eamdem
1256 1454 1399 1481 editionem
1416 1453 1582 1480 transtulerit
1594 1454 1620 1480 in
1632 1459 1701 1480 cete-

901 1501 943 1519 ras
959 1501 1078 1521 caussas.
1095 1491 1128 1518 de
1140 1493 1199 1527 ipso
1209 1492 1326 1527 denique
1337 1492 1448 1523 ambitu,
1463 1492 1632 1518 reiectionem
1645 1491 1700 1518 fieri

901 1529 1016 1557 voluerit
1030 1529 1151 1556 iudicum
1167 1528 1344 1556 alternorum:
1376 1537 1517 1564 quumque
1534 1528 1639 1555 nullum
1654 1538 1701 1564 ge-

901 1576 953 1594 nus
964 1567 1116 1594 acerbitatis
1128 1567 1357 1602 praetermitteret,
1372 1567 1421 1594 hoc
1433 1571 1522 1593 tamen
1533 1575 1618 1593 unum
1626 1575 1702 1601 prae-

902 1604 1061 1631 tereundum
1078 1605 1186 1639 putarit.
1223 1605 1264 1631 37.
1286 1603 1376 1636 Quid‘?
1405 1604 1518 1631 huiusce
1535 1604 1572 1630 rei
1588 1604 1701 1630 obscura

900 1650 995 1669 caussa
1007 1641 1065 1668 est‘?
1085 1651 1118 1668 an
1129 1646 1155 1668 et
1165 1642 1262 1677 agitata
1275 1646 1341 1672 tum,
1355 1650 1440 1676 quum
1454 1642 1503 1667 ista
1514 1641 1541 1667 in
1554 1646 1647 1668 senatu
1659 1650 1700 1667 res

901 1680 1038 1715 agebatur,
1056 1684 1082 1705 et
1097 1679 1233 1714 disputata
1250 1679 1375 1706 hesterno
1389 1678 1432 1705 die
1443 1679 1630 1713 copiosissime
1642 1687 1655 1705 a
1667 1678 1699 1711 Q.

901 1716 1058 1744 Hortensio?
1082 1717 1126 1743 cui
1143 1722 1200 1743 tum
1212 1721 1253 1743 est
1264 1721 1372 1743 senatus
1383 1725 1522 1743 assensus.
1553 1716 1607 1743 Hoc
1619 1717 1702 1752 igitur

900 1755 1052 1781 sensimus:
1088 1754 1285 1789 cuiuscumque
1311 1754 1397 1780 tribus
1425 1753 1532 1789 largitor
1552 1758 1631 1784 esset,
1655 1762 1702 1788 per

901 1792 969 1819 hanc
988 1792 1203 1823 consensionem,
1226 1800 1296 1827 quae
1316 1792 1401 1827 magis
1417 1791 1528 1818 honeste
1543 1800 1624 1826 quam
1641 1800 1702 1817 vere

900 1829 1027 1857 sodalitas
1052 1829 1243 1860 nominaretur,
1265 1838 1347 1864 quam
1369 1830 1486 1864 quisque
1507 1829 1607 1855 tribum
1630 1829 1701 1864 turpi

901 1867 1040 1903 largitione
1060 1871 1250 1902 corrumperet,
1273 1875 1334 1893 eum
1353 1867 1468 1893 maxime
1483 1867 1516 1893 iis
1533 1866 1699 1897 hominibus,

900 1905 948 1940 qui
964 1905 1023 1932 eius
1040 1905 1126 1931 tribus
1141 1909 1240 1935 essent,
1254 1912 1312 1931 esse
1325 1909 1427 1930 notum.
1459 1904 1495 1930 Ita
1507 1905 1612 1939 putavit
1623 1912 1702 1930 sena-

901 1947 953 1974 tus,
967 1951 1054 1977 quum
1067 1951 1112 1969 reo
1124 1942 1210 1969 tribus
1222 1941 1365 1968 ederentur
1376 1950 1431 1972 eae,
1444 1950 1513 1977 quas
1525 1942 1547 1968 is
1561 1941 1700 1978 largitione

899 1979 1038 2007 devinctas
1049 1979 1168 2010 haberet,
1181 1979 1290 2006 eosdem
1303 1979 1357 2006 sore
1369 1983 1449 2006 testes
1456 1979 1598 2005 etiudices.
1621 1980 1700 2006 Acer-

900 2017 966 2044 bum
981 2018 1092 2044 omnino
1106 2025 1193 2053 genus
1205 2016 1312 2043 iudicii:
1335 2016 1383 2043 sed
1398 2021 1495 2047 tamen,
1509 2017 1533 2043 si
1546 2016 1586 2043 vel
1599 2025 1647 2043 sua
1658 2016 1699 2042 vel

900 2063 939 2085 ea,
953 2063 1022 2090 quae
1033 2055 1149 2081 maxime
1161 2059 1231 2081 esset
1241 2055 1341 2089 cuique
1352 2054 1501 2085 coniuncta,
1516 2054 1700 2081 tribusedere-

900 2097 951 2123 tur,
967 2093 1013 2119 vix
1024 2091 1212 2119 recusandum.
1236 2092 1306 2119 xvl.
1319 2093 1361 2118 38.
1374 2092 1413 2118 Tu
1424 2096 1524 2122 autem.
1539 2092 1697 2119 Laterensis.

899 2138 967 2164 quas
983 2129 1071 2156 tribus
1087 2129 1215 2156 edidisti?
1239 2129 1419 2159 Terentinam.
1437 2128 1526 2155 credo.
1554 2129 1615 2155 Fuit
1631 2134 1699 2155 certi·

900 2167 926 2193 id
942 2175 1070 2202 aequum,
1088 2171 1113 2193 et
1128 2171 1199 2193 certe
1215 2171 1399 2201 exspectatum
1414 2170 1464 2197 est,
1483 2171 1508 2192 et
1524 2165 1574 2193 suit
1586 2167 1699 2202 dignum

899 2204 1046 2231 constantia
1063 2208 1118 2230 tua.
1141 2203 1226 2231 Cuius
1242 2208 1270 2230 tu
1287 2203 1374 2230 tribus
1390 2203 1557 2230 venditorem
1573 2209 1598 2230 et
1609 2212 1699 2230 corru-

899 2246 1001 2276 ptorem
1017 2245 1044 2267 et
1058 2245 1224 2275 sequestrem
1237 2240 1376 2267 Plancium
1389 2240 1472 2267 fuisse
1483 2240 1618 2267 clamitas:
1641 2249 1699 2266 earu

899 2278 999 2305 tribum
1027 2277 1157 2313 profecto,
1179 2278 1412 2304 severissimorum
1435 2279 1590 2312 praesertim
1613 2278 1700 2303 homi—

900 2324 964 2342 num
976 2320 1002 2342 et
1012 2315 1244 2351 gravissimorum,
1257 2314 1335 2341 edere
1346 2315 1474 2341 debuisti.
1496 2316 1530 2341 At
1541 2315 1697 2341 Voltiniam:

901 2353 965 2379 libet
975 2353 1046 2379 enim
1059 2352 1108 2378 tibi
1121 2352 1210 2379 nescio
1219 2351 1287 2387 quid
1297 2352 1378 2378 etiam
1389 2352 1423 2378 de
1434 2352 1478 2378 illa
1491 2352 1562 2378 tribu
1573 2353 1700 2378 crimina-

899 2390 931 2416 ri.
968 2390 1040 2416 Hanc
1056 2390 1138 2425 igitur
1154 2390 1238 2424 ipsam
1255 2397 1304 2416 cur
1319 2397 1371 2416 non
1383 2389 1510 2415 edidisti?
1538 2389 1608 2421 Quid
1622 2389 1699 2416 Plan-

899 2428 940 2454 cio
960 2436 1022 2453 cum
1044 2426 1188 2453 Lemonia?
1216 2426 1283 2461 quid
1303 2435 1366 2453 cum
1388 2425 1530 2452 Ufentina?
1549 2427 1615 2461 quid
1637 2436 1698 2453 cum

900 2463 1092 2491 Crustumina?
1115 2464 1181 2490 Nam
1199 2464 1330 2494 Maetiam,
1349 2472 1400 2490 non
1417 2472 1486 2498 (luae
1498 2463 1638 2492 iudicaret.
1651 2464 1698 2490 sed

869 2519 877 2549 7,
899 2509 968 2536 quae
988 2502 1150 2532 reiiceretur,
1168 2510 1227 2527 esse
1243 2500 1362 2528 voluisti.
1404 2503 1444 2527 39.
1457 2501 1589 2528 Dubitntis
1606 2503 1696 2538 igitur.

876 2557 877 2562 ,
900 2538 1011 2569 iudices.
1038 2539 1104 2573 quin
1132 2547 1178 2565 vos
1205 2539 1239 2565 M.
1263 2538 1413 2565 Laterensis
1438 2547 1488 2565 suo
1513 2539 1621 2569 iudicio,
1645 2547 1696 2566 non

899 2575 932 2602 ad
957 2576 1116 2602 sententiam
1142 2575 1222 2611 legis,
1249 2575 1297 2602 sed
1321 2575 1354 2602 ad
1379 2584 1456 2602 suam
1481 2584 1557 2611 spem
1578 2576 1694 2611 aliquam

869 2635 871 2646 ,
899 2613 932 2639 «le
956 2614 1064 2640 civitate
1088 2612 1234 2649 delegerit?
1280 2612 1418 2643 dubitatis,
1441 2613 1507 2648 quin
1529 2622 1573 2640 cas
1598 2614 1694 2643 tribus.

868 2648 871 2654 ¹
900 2651 926 2677 iu
957 2651 1058 2686 quibus
1088 2660 1198 2686 magnus
1223 2650 1436 2677 necessitudines
1461 2651 1540 2678 habet
1561 2651 1693 2681 Plancius.

868 2669 871 2714 l
898 2696 984 2723 quum
1000 2687 1045 2715 ille
1062 2697 1113 2715 non
1124 2688 1246 2717 ediderit,
1260 2688 1383 2715 iudicarit
1393 2687 1489 2715 officiis
1499 2688 1533 2715 ab
1546 2689 1594 2715 hoc
1605 2689 1696 2716 obser-

1459 2738 1490 2762 71
