1941 3052
485 129 537 155 DE
572 127 802 155 ORATORE
835 128 922 154 LIB.

85 209 148 236 pus,
177 200 224 226 sed
243 208 272 226 ea
290 200 312 226 si
333 207 486 234 sequamur,
504 198 606 225 nullam
620 207 749 234 umquam
764 207 819 225 rem
834 198 875 224 di-

83 237 166 264 cendo
178 237 303 272 expedire
317 237 462 271 possimus.
489 237 530 263 67.
547 236 652 271 Reliqui
666 241 730 262 sunt
742 236 876 270 Peripate-

83 275 128 302 tici
142 279 167 301 et
179 273 343 306 Academici;
369 282 533 308 quamquam
547 273 765 300 Academicorum
780 282 875 299 nomen

83 317 123 339 est
137 320 231 342 unum,
247 312 392 337 sententiae
406 311 484 337 duae.
506 312 573 337 Nam
592 311 772 345 Speusippus,
788 310 876 336 Plato-

83 350 125 376 nis
139 349 236 376 sororis
251 348 331 379 fitius,
348 353 372 374 et
386 348 557 379 Xenocrates,
572 349 620 383 qui
634 348 769 374 Platonem
783 347 876 373 audie-

83 391 122 413 rat
138 391 172 418 et,
188 386 236 421 qui
249 386 433 416 Xenocratem.
454 386 569 417 Polemo,
591 390 616 412 et
630 386 739 412 Crantor
757 384 823 411 nihil
843 385 875 410 ab

83 424 231 455 Aristotele,
256 424 304 458 qui
323 432 375 449 una
394 423 513 449 audierat
526 423 670 454 Platonem,
688 431 784 457 magno
797 430 876 456 opere

83 461 222 491 dissensit;
245 461 319 496 copia
343 460 454 487 fortasse
476 465 501 487 et
524 461 648 487 varietate
670 459 776 486 dicendi
799 468 875 493 pares

84 507 134 525 non
164 497 281 524 fuerunt.
319 497 453 524 Arcesilas
476 499 603 533 primum,
633 498 680 532 qui
706 496 875 523 Polemonem

83 535 210 566 audierat,
227 544 261 562 ex
274 536 355 562 variis
370 535 486 562 Platonis
501 535 576 561 libris
590 534 813 568 sermonibusque
828 533 877 559 So-

82 573 186 600 craticis
210 573 259 599 hoc
280 574 395 599 maxime
414 573 535 607 arripuit,
556 571 623 598 nihil
643 580 700 597 esse
715 572 787 601 certi,
803 570 876 605 quod

83 615 128 636 aut
141 610 266 636 sensibus
285 614 329 636 aut
343 611 431 636 animo
448 610 548 645 percipi
568 609 665 644 possit,
692 617 773 643 quem
789 607 877 633 ferunt

83 648 181 674 eximio
194 648 310 690 quodam
325 656 405 674 usum
420 647 508 682 lepore
521 646 627 672 dicendi
637 650 807 688 aspernatum
818 653 876 671 esse

83 694 160 711 omne
183 686 265 711 animi
289 693 439 719 sensusque
461 684 593 710 iudicium
611 683 784 717 primumque
798 683 876 708 insti-

83 723 175 753 tuisse,
192 722 365 764 (quamquam
379 722 407 748 id
422 721 471 747 fuit
485 721 648 747 Socraticum
663 720 779 746 maxime
783 720 872 755 ,)n0n‚

83 760 149 794 quid
171 760 229 794 ipse
250 759 367 790 sentiret,
392 758 543 790 ostendere,
570 757 617 784 sed
638 762 726 784 contra
746 757 782 788 id,
803 756 875 791 quod

83 797 199 839 quisque
212 805 240 822 se
255 797 352 822 sentire
366 796 487 827 dixisset,
504 795 650 830 disputare
673 797 714 821 68.
730 795 797 820 Hinc
811 794 875 820 haec

82 834 210 860 recentior
232 833 374 860 Academia
397 834 538 864 emanavit,
559 833 587 859 in
601 841 654 867 qua
668 833 770 858 exstitit
783 832 874 857 divina

82 871 197 906 quadam
216 870 347 897 celeritate
366 871 467 907 ingenii
485 870 646 905 dicendique
669 870 744 912 copia
763 869 875 896 Carnea-

82 908 142 941 des,
158 908 236 934 cuius
250 917 299 944 ego
312 909 360 934 etsi
376 892 474 935 moultos
485 908 618 934 auditores
628 907 740 942 cognovi
752 906 872 937 Athenis,

83 930 170 972 tamen
188 950 307 972 auctores
325 946 487 972 certissimos
506 945 614 971 laudare
632 953 743 979 possum
762 948 787 970 et
801 952 876 970 soce-

83 992 141 1010 rum
156 992 247 1009 meum
262 983 424 1014 Scaevolam,
445 983 492 1017 qui
507 991 569 1008 eum
584 983 681 1008 Romae
695 982 799 1008 audivit
812 981 876 1007 ado-

84 1020 194 1052 lescens,
211 1025 236 1047 et
249 1020 280 1053 Q.
296 1020 433 1047 Metellum
448 1021 477 1046 L.
494 1020 522 1047 F.
540 1019 697 1046 familiarem
713 1018 875 1049 meum,cla-

82 1059 219 1084 rissimum
238 1058 335 1089 virum,
356 1058 403 1092 qui
423 1058 500 1084 illum
514 1066 528 1083 a
542 1065 570 1083 se
584 1056 749 1083 adolescente
764 1056 875 1082 Athenis

82 1096 134 1121 iam
154 1095 275 1121 affectum
290 1100 426 1122 senectute
440 1095 539 1121 multos
553 1094 611 1121 dies
625 1094 747 1120 auditum
762 1102 820 1119 esse
834 1093 876 1119 di-

82 1133 165 1159 cebat.
191 1133 265 1159 XIX.
281 1134 322 1159 69.
342 1133 410 1159 Haec
428 1137 526 1163 autem,
542 1136 572 1158 ut
586 1140 620 1158 ex
633 1132 772 1166 Apennino
787 1130 876 1156 flumi-

83 1179 155 1201 num,
172 1170 210 1196 sic
225 1179 258 1196 ex
271 1171 407 1196 communi
421 1170 583 1205 sapientium
594 1170 658 1204 iugo
670 1173 732 1195 sunt
743 1169 876 1194 doctrina—

82 1216 141 1234 rum
156 1207 222 1234 facta
235 1207 357 1239 divortia,
374 1212 404 1234 ut
418 1207 579 1242 philosophi,
600 1211 737 1241 tamquam
752 1207 779 1232 in
794 1214 876 1240 supe—

82 1253 141 1271 rum
165 1253 235 1271 mare
257 1245 360 1271 Ionium
385 1244 538 1275 defluerent,
555 1245 686 1271 Graecum
700 1243 836 1278 quoddam
850 1247 876 1269 et

82 1286 252 1317 portuosum;
275 1286 389 1309 oratores
408 1287 496 1308 autem
515 1282 542 1308 in
560 1281 677 1308 inferum
692 1281 742 1307 hoc
756 1281 874 1307 Tuscum

82 1324 107 1346 et
121 1320 273 1351 barbarum,
285 1319 458 1354 scopulosum
473 1324 552 1354 atque
566 1318 703 1349 infestum,
713 1318 872 1349 laberentur,

81 1358 108 1383 in
123 1365 176 1392 quo
190 1357 269 1383 etiam
283 1357 341 1391 ipse
355 1357 446 1383 Ulixes
460 1360 581 1383 errasset.
615 1357 658 1382 70.
678 1355 773 1388 Quare,
789 1356 813 1381 si
827 1356 875 1381 hac

81 1394 232 1429 eloquentia
260 1399 339 1429 atque
362 1394 534 1427 hoc-oratore
556 1394 672 1420 contenti
694 1402 802 1424 sumus,
828 1393 875 1427 qui

81 1432 155 1463 sciat,
182 1436 227 1458 aut
249 1440 345 1467 negare
368 1436 496 1466 oportere,
517 1431 590 1466 quod
604 1439 724 1466 arguare,
741 1435 794 1461 aut,
811 1431 834 1456 si
847 1430 876 1456 id

82 1477 134 1495 non
152 1470 248 1504 possis,
271 1473 327 1495 tum
345 1469 492 1500 ostendere,
509 1468 581 1504 quod
595 1469 618 1495 is
633 1468 732 1499 fecerit,
748 1469 796 1503 qui
810 1468 877 1494 insi-

81 1506 206 1537 muletur,
228 1510 273 1532 aut
291 1511 358 1532 recte
376 1506 475 1533 factum
494 1510 540 1532 aut
557 1506 666 1532 alterius
684 1505 762 1540 culpa
776 1510 822 1531 aut
835 1506 877 1531 in—

80 1544 149 1570 iuria
163 1548 208 1570 aut
221 1552 255 1570 ex
269 1543 325 1579 lege
339 1548 384 1570 aut
398 1552 449 1570 non
463 1548 552 1570 contra
568 1543 652 1579 legem
663 1548 708 1569 aut
719 1542 876 1577 impruden-

81 1581 116 1608 tia
138 1585 184 1607 aut
206 1582 355 1608 necessario
376 1585 421 1607 aut
440 1590 492 1608 non
510 1589 541 1607 eo
555 1581 662 1607 nomine
677 1580 873 1614 usurpandum,

81 1627 135 1653 quo
148 1622 282 1654 arguatur,
299 1622 345 1645 aut
358 1627 410 1645 non
424 1619 460 1645 ita
473 1619 525 1654 agi,
542 1623 572 1644 ut
582 1618 705 1644 debuerit
715 1626 744 1644 ac
757 1617 872 1649 licuerit,

81 1660 114 1687 et,
135 1655 158 1682 si
176 1656 241 1682 satis
259 1664 318 1682 esse
338 1656 437 1691 putatis
457 1664 499 1688 ea,
515 1664 584 1691 quae
598 1656 642 1682 isti
656 1656 798 1690 scriptores
812 1655 876 1680 artis

81 1693 183 1724 docent,
209 1693 320 1724 discere,
341 1702 410 1728 quae
428 1693 513 1720 multo
535 1698 623 1719 tamen
645 1693 774 1723 ornatius,
794 1701 874 1727 quam

81 1731 114 1757 ab
127 1730 183 1757 illis
196 1730 332 1762 dicuntur,
344 1735 370 1757 et
381 1731 490 1757 uberius
501 1730 645 1765 explicavit
654 1730 800 1763 Antonius3
817 1729 873 1760 sed,

81 1768 105 1794 si
121 1768 164 1794 his
183 1769 298 1794 contenti
312 1769 376 1794 estis
390 1773 470 1803 atque
483 1769 517 1795 iis
532 1769 621 1799 etiam,
637 1776 706 1803 quae
720 1768 772 1794 dici
788 1767 874 1793 volui-

81 1805 130 1832 stis
148 1814 163 1832 a
181 1814 232 1837 me,
253 1814 286 1832 ex
300 1806 401 1841 ingenti
415 1806 531 1841 quodam
546 1810 674 1832 oratorem
689 1806 876 1839 immensoque

81 1851 174 1878 campo
192 1843 219 1869 in
234 1843 362 1879 exiguum
376 1852 440 1869 sane
453 1852 550 1879 gyrum
564 1842 735 1877 compellitis.
769 1843 811 1868 71.
828 1842 875 1868 Sin

82 1884 197 1906 veterem
211 1880 289 1906 illum
304 1880 431 1907 Periclem
445 1885 491 1907 aut
504 1880 576 1907 hunc
590 1881 677 1911 etiam,
698 1881 746 1915 qui
761 1879 876 1906 familia-

81 1918 134 1944 rior
151 1918 228 1944 nobis
247 1922 354 1952 propter
371 1918 531 1952 scriptorum
546 1917 747 1944 multitudinem
762 1922 810 1948 est,
827 1918 876 1943 De-

81 1955 247 1982 mosthenem
268 1955 345 1990 sequi
370 1954 461 1986 vultis,
486 1959 512 1981 et
529 1955 551 1981 si
571 1955 644 1981 illam
668 1955 828 1990 praeclaram
851 1960 876 1981 et

81 1993 206 2019 eximiam
228 1993 346 2027 speciem
360 1993 470 2019 oratoris
484 1992 592 2027 perfecti
607 1997 633 2018 et
647 1992 875 2027 pulchritudinem

81 2029 233 2061 adamastis.
250 2034 296 2056 aut
309 2030 386 2056 vobis
402 2030 465 2056 haec
479 2029 622 2056 Carneadia
638 2033 682 2056 aut
693 2029 736 2055 illa
748 2029 877 2056 Aristote-

82 2066 116 2093 lia
139 2067 181 2093 vis
203 2067 452 2101 comprehendenda
474 2071 523 2093 est.
556 2068 599 2094 72.
619 2067 749 2101 Namque,
770 2071 799 2093 ut
817 2071 876 2093 ante

81 2104 147 2135 dixi,
164 2108 265 2130 veteres
279 2103 319 2130 illi
335 2112 421 2139 usque
435 2104 468 2130 ad
482 2104 615 2130 Socratem
634 2112 739 2130 omnem
754 2105 875 2130 omnium

81 2150 180 2173 rerum,
195 2150 264 2176 quae
279 2141 311 2167 ad
325 2150 411 2168 mores
427 2141 651 2176 hominum,quae
665 2141 697 2167 ad
709 2142 876 2176 vitam,quae

81 2178 114 2205 ad
134 2179 269 2210 virtutem,
290 2187 359 2214 quae
373 2178 405 2204 ad
420 2178 612 2213 rempublicam
634 2179 808 2214 pertinebant,
832 2188 876 2205 co—

81 2216 226 2252 gnitionem
249 2221 274 2242 et
295 2216 432 2242 scientiam
456 2224 518 2242 cum
536 2216 641 2242 dicendi
663 2217 762 2242 rationo
780 2217 875 2251 iunge-

82 2253 160 2287 bant;
183 2258 272 2288 postea
291 2253 426 2279 dissociati
445 2253 485 2288 (ut
498 2254 621 2288 exposui)
635 2262 648 2280 a
663 2253 768 2280 Socrate
782 2254 875 2280 diserti

82 2299 96 2317 a
109 2290 201 2322 doctis,
222 2295 247 2317 et
261 2291 387 2325 deinceps
402 2300 415 2316 a
430 2290 570 2317 Socraticis
585 2291 647 2317 item
661 2291 798 2322 omnibus,
815 2291 876 2326 phi-

83 2327 185 2363 losophi
208 2327 387 2363 eloquentiam
410 2328 603 2362 despexerunt,
627 2333 743 2355 oratores
769 2329 875 2363 sapien-

83 2365 159 2398 tiam;
185 2374 272 2400 neque
290 2365 439 2400 quidquam
459 2374 492 2392 ex
510 2365 619 2392 alterius
633 2370 706 2400 parte
721 2366 872 2401 tetigerunt,

83 2402 134 2428 nisi
149 2402 221 2437 quod
235 2402 273 2429 illi
288 2403 321 2429 ab
340 2403 391 2434 his,
408 2407 454 2429 aut
467 2403 501 2429 ab
515 2402 569 2428 illis
584 2403 610 2428 hi
626 2407 825 2436 mutuarentur,
842 2412 875 2429 ex

81 2447 136 2474 quo
149 2440 299 2474 promiscue
314 2440 457 2471 haurirent,
479 2440 501 2466 si
517 2448 622 2466 manere
635 2441 663 2466 in
678 2440 789 2474 pristina
803 2449 876 2467 com-

82 2477 208 2504 munione
227 2477 383 2504 voluissent.
420 2478 462 2504 73.
483 2477 549 2508 Sed,
574 2481 603 2503 ut
621 2477 759 2512 pontifices
773 2482 874 2504 veteres

82 2518 188 2548 propter
204 2514 394 2541 sacrificiorum
413 2514 614 2541 multitudinem
630 2520 682 2540 tres
696 2515 768 2541 viros
782 2515 875 2549 epulo-

83 2558 130 2577 nes
143 2559 202 2578 esse
215 2551 366 2583 voluerunt,
382 2561 468 2587 quum
483 2556 572 2578 essent
586 2552 637 2586 ipsi
653 2560 666 2577 a
682 2552 776 2583 Numa,
794 2556 823 2578 ut
836 2557 875 2578 et-
902 2571 903 2578 ,

902 2597 904 2613 >
927 2589 976 2615 hoc
995 2588 1126 2615 Arcesilae
1150 2588 1226 2613 modo
1241 2593 1265 2613 ct
1284 2587 1427 2613 Carneadis
1437 2592 1526 2614 contra
1543 2596 1630 2618 omne,
1647 2588 1718 2622 quod

81 2587 134 2614 iam
154 2588 224 2615 illud
245 2589 368 2616 ludorum
387 2589 496 2624 epulare
514 2589 674 2615 sacrificium
694 2588 817 2619 facerent.
834 2589 875 2615 in—

82 2625 180 2658 satuti,
196 2626 234 2652 sic
248 2626 372 2653 Socratici
388 2635 401 2653 a
416 2635 444 2652 se
457 2635 613 2653 caussarum
629 2630 728 2652 actores
743 2630 768 2652 et
779 2635 792 2652 a
802 2635 875 2652 com-

82 2663 156 2689 muni
175 2663 360 2698 philosophiae
379 2664 485 2690 nomine
504 2667 702 2699 separaverunt,
724 2672 809 2698 quum
829 2671 875 2689 ve—
902 2668 904 2691 ἶ

957 129 998 154 111.
1034 128 1130 154 CAP.
1169 129 1198 154 ¹5
1219 143 1254 147 —
1275 129 1315 154 21.
1672 131 1718 154 ⁴23

927 203 994 224 teres
1008 198 1113 224 dicendi
1128 203 1153 224 et
1166 198 1331 233 intelligendi
1347 198 1485 224 mirificam
1500 199 1649 224 societatem
1661 207 1718 224 esse

926 235 1084 262 voluissent.

982 273 1044 299 XX.
1055 274 1097 299 74.
1113 272 1186 305 Quae
1199 281 1284 307 quum
1300 272 1335 298 ita
1349 273 1410 302 sint,
1427 271 1579 306 paullulum
1593 272 1718 306 equidem

926 310 959 336 de
978 319 1021 336 me
1038 310 1199 345 deprecabor
1216 314 1242 335 et
1259 314 1346 344 petam
1365 318 1378 335 a
1393 309 1478 340 vobis,
1498 313 1528 335 ut
1541 318 1580 340 ea,
1596 318 1665 344 quae
1679 309 1720 335 di-

927 356 993 378 cam,
1011 356 1062 373 non
1076 347 1109 373 de
1120 347 1286 381 memetipso,
1298 346 1345 373 sed
1356 346 1389 373 de
1400 351 1501 373 oratore
1511 346 1599 372 dicere
1609 347 1717 381 putetis.

927 385 983 419 Ego
997 386 1067 410 enim
1082 394 1143 410 sum
1157 385 1189 415 is,
1206 385 1262 419 qui,
1279 393 1364 419 quum
1378 392 1484 410 summo
1496 383 1586 410 studio
1598 385 1681 418 patris
1693 384 1720 410 in

927 422 1041 456 pueritia
1063 422 1156 448 doctus
1178 430 1265 448 essem
1288 427 1313 448 et
1334 422 1362 447 in
1385 421 1472 448 forum
1490 422 1591 457 ingenii
1606 426 1718 450 tantum,

927 464 1057 493 quantum
1083 457 1160 495 [ipse]
1185 460 1279 489 sentio,
1305 468 1356 485 non
1380 463 1492 489 tantum,
1513 463 1643 501 quantum
1662 460 1720 493 ipse

928 496 1037 522 forsitan
1052 497 1127 522 vobis
1143 496 1241 527 videar,
1257 496 1423 527 detulissem,
1440 505 1491 522 non
1507 497 1608 530 possim
1622 496 1718 526 dicere,

928 542 969 559 me
993 534 1066 565 haec,
1082 542 1150 568 quae
1172 542 1243 560 nunc
1261 517 1429 576 complector,
1455 533 1572 568 perinde,
1591 538 1621 560 ut
1633 533 1720 559 dicam

928 571 1053 596 discenda
1066 579 1134 601 esse,
1151 570 1291 603 didicisse,
1313 572 1414 605 quippe
1428 572 1474 605 qui
1487 571 1607 597 omnium
1620 576 1720 596 matur-

927 608 993 634 rime
1012 608 1044 634 ad
1063 608 1185 642 publicas
1199 617 1307 634 caussas
1321 609 1476 634 accesserim
1492 617 1628 643 annosque
1643 613 1720 634 natus

927 654 1011 671 unum
1030 649 1055 671 et
1074 646 1168 680 viginti
1187 645 1386 671 nobilissimum
1405 645 1540 671 hominem
1555 651 1580 671 et
1593 646 1721 680 eloquen-

927 683 1062 708 tissimum
1081 683 1108 708 in
1125 682 1257 708 iudicium
1276 683 1406 714 vocarim;
1428 684 1470 708 cui
1486 683 1626 717 disciplina
1642 683 1720 708 fuerit

927 719 1023 750 forum,
1044 720 1171 755 magister
1185 728 1251 746 usus
1265 724 1290 745 et
1305 720 1376 755 leges
1390 724 1414 745 et
1428 720 1549 745 instituta
1563 720 1656 755 populi
1670 721 1721 746 Ro-

927 757 998 782 mani
1014 766 1125 791 mosque
1140 757 1281 783 maiorum.
1305 758 1346 783 75.
1363 756 1486 783 Paullum
1501 758 1594 783 sitiens
1608 758 1719 784 istarum

927 795 1032 825 artium,
1053 794 1086 820 de
1103 794 1204 829 quibus
1224 794 1325 829 loquor,
1347 794 1462 829 gustavi,
1479 799 1604 828 quaestor
1617 795 1644 820 in
1659 795 1720 820 Asia

926 840 1011 866 quum
1026 840 1122 862 essem,
1139 831 1277 866 aequalem
1292 831 1346 857 fere
1360 840 1450 857 meum
1465 832 1648 858 exAcademia
1660 833 1721 858 rhe-

926 873 1009 895 torem
1028 873 1130 899 nactus,
1152 869 1330 895 Metrodorum
1348 868 1435 900 illum,
1456 868 1489 894 de
1503 869 1580 895 cuius
1595 870 1720 895 memoria

926 907 1144 932 commemoravit
1162 906 1307 938 Antonius,
1337 910 1363 932 et
1376 906 1438 932 inde
1452 906 1584 932 decedens
1598 907 1718 937 Athenis,

927 944 973 970 ubi
992 952 1041 979 ego
1059 943 1162 970 diutius
1181 951 1267 969 essem
1286 947 1412 974 moratus,
1434 944 1486 969 nisi
1500 944 1718 973 Atheniensibus.

926 981 999 1016 quod
1017 982 1142 1017 mysteria
1160 989 1212 1007 non
1231 980 1366 1011 referrent,
1387 981 1419 1007 ad
1438 989 1507 1015 quae
1530 981 1612 1008 biduo
1636 982 1721 1007 serius

926 1027 1059 1050 veneram,
1076 1018 1302 1045 succensuissem.
1336 1017 1422 1050 Quare
1441 1018 1498 1049 hoc,
1519 1019 1591 1053 quod
1605 1019 1723 1054 comple-

926 1060 980 1082 ctor
1003 1060 1101 1082 tantam
1121 1056 1259 1082 scientiam
1278 1056 1388 1090 vimque
1406 1055 1553 1087 doctrinae,
1574 1065 1626 1083 non
1645 1056 1722 1083 modo

927 1102 979 1119 non
998 1102 1045 1128 pro
1063 1102 1114 1124 me,
1139 1094 1186 1119 sed
1205 1098 1294 1119 contra
1314 1102 1355 1119 me
1374 1098 1414 1119 est
1432 1094 1536 1128 potiuS,
1562 1093 1625 1128 (non
1639 1095 1719 1124 enim,

926 1131 993 1166 quid
1007 1140 1064 1166 ego,
1081 1131 1128 1157 sed
1142 1130 1208 1166 quid
1222 1135 1308 1157 orator
1322 1131 1414 1165 possit,
1432 1131 1565 1166 disputoz)
1580 1136 1659 1166 atque
1673 1132 1721 1157 hos

926 1177 1028 1199 omnes,
1048 1169 1096 1203 qui
1118 1173 1187 1194 artes
1210 1168 1353 1195 rhetoricas
1371 1173 1517 1203 exponunt,
1534 1169 1719 1203 perridiculos.

927 1206 1053 1232 Scribunt
1068 1207 1139 1232 enim
1154 1205 1186 1231 de
1202 1205 1289 1232 litium
1303 1214 1400 1241 genere
1415 1210 1439 1231 et
1452 1206 1485 1232 de
1500 1207 1640 1241 principiis
1654 1206 1722 1232 etde

927 1244 1133 1270 narrationibus.
1163 1244 1205 1269 76.
1232 1243 1278 1269 llla
1298 1244 1339 1269 vis
1358 1248 1446 1269 autem
1466 1243 1632 1278 eloquentiae
1651 1248 1720 1270 tanta

926 1285 973 1312 est,
995 1285 1024 1307 ut
1042 1282 1163 1307 omnium
1182 1289 1280 1312 rerum,
1297 1281 1437 1312 virtutum,
1458 1281 1607 1307 officiorum
1621 1282 1723 1307 omnis-

926 1327 979 1354 que
1006 1323 1122 1350 naturae,
1151 1327 1219 1353 quae
1246 1327 1332 1344 mores
1356 1318 1505 1350 hominum,
1526 1327 1594 1353 quae
1608 1319 1719 1349 animos,

927 1364 995 1391 quae
1013 1356 1095 1382 vitam
1113 1356 1242 1386 continet,
1267 1356 1411 1391 originem,
1433 1357 1488 1382 vim
1507 1357 1722 1391 mutationesque

927 1397 1027 1424 teneat,
1047 1393 1139 1419 eadem
1158 1402 1258 1424 mores,
1276 1393 1361 1428 leges,
1385 1394 1442 1419 iura
1456 1393 1597 1423 describat,
1614 1402 1722 1428 rempu-

928 1431 1026 1457 blicam
1045 1435 1127 1466 regat,
1143 1431 1295 1465 omniaque,
1312 1430 1344 1456 ad
1358 1439 1558 1465 quamcumque
1572 1439 1626 1457 rem
1642 1432 1722 1465 perti·

928 1473 1015 1499 neant,
1037 1472 1126 1494 ornate
1144 1468 1305 1502 copioseque
1327 1467 1407 1494 dicat.
1440 1469 1484 1494 77.
1507 1469 1536 1494 In
1555 1477 1608 1503 quo
1626 1477 1722 1503 genere

928 1514 975 1532 nos
997 1505 1108 1540 quidem
1127 1514 1266 1531 versamur
1284 1509 1395 1536 tantum,
1415 1510 1546 1540 quantum
1566 1514 1719 1540 possumus.

927 1547 1058 1578 quantum
1073 1542 1189 1578 ingenio,
1205 1546 1336 1577 quantum
1352 1542 1478 1569 mediocri
1492 1542 1620 1573 doctrina,
1636 1552 1722 1577 quan-

928 1586 984 1606 tum
1009 1589 1060 1606 usu
1085 1579 1220 1612 valemus,
1253 1588 1340 1614 neque
1362 1585 1450 1606 tamen
1468 1581 1536 1610 istis.
1557 1581 1604 1614 qui
1624 1581 1650 1606 in
1670 1589 1722 1606 una

927 1617 1097 1652 philosophia
1119 1617 1197 1651 quasi
1216 1617 1418 1643 tabernaculum
1437 1618 1506 1644 vitae
1524 1626 1588 1643 suae
1610 1617 1723 1643 colloca-

927 1659 1001 1686 runt,
1034 1654 1151 1680 multum
1182 1662 1245 1680 sane
1276 1655 1303 1680 in
1333 1654 1513 1689 disputatione
1539 1655 1720 1681 concedimus.

927 1692 1000 1718 XXI.
1020 1692 1062 1718 78.
1082 1691 1153 1724 Quid
1172 1692 1243 1717 enim
1261 1700 1338 1717 meus
1353 1691 1491 1718 familiaris
1506 1692 1535 1718 C.
1551 1692 1668 1718 Velleius
1683 1692 1721 1718 as-

927 1729 995 1756 ferre
1013 1733 1108 1764 potest,
1129 1729 1303 1764 quamobrem
1324 1729 1446 1764 voluptas
1466 1730 1501 1755 sit
1518 1738 1656 1755 summum
1675 1729 1722 1755 bo-

928 1776 1001 1798 num,
1027 1766 1100 1802 quod
1121 1775 1170 1802 ego
1194 1775 1245 1793 non
1263 1767 1399 1801 copiosius
1418 1767 1518 1801 possim
1535 1766 1575 1792 vel
1595 1768 1682 1797 tutari,
1699 1768 1720 1793 si

927 1804 1018 1836 velim,
1040 1804 1081 1830 vel
1099 1803 1219 1830 refellere
1238 1812 1271 1830 ex
1289 1804 1342 1830 illis
1358 1803 1431 1835 locis,
1448 1813 1516 1839 quos
1530 1805 1653 1838 exposuit
1668 1804 1722 1830 An-

927 1843 1026 1873 tonius,
1047 1841 1095 1867 hac
1109 1841 1215 1867 dicendi
1230 1842 1425 1873 exercitatione,
1443 1842 1469 1868 in
1483 1851 1536 1876 qua
1551 1841 1668 1867 Velleius
1683 1848 1722 1868 est

927 1880 1010 1910 rudis,
1035 1888 1107 1905 unus
1130 1879 1248 1914 quisque
1271 1884 1391 1905 nostrum
1419 1878 1558 1905 versatus?
1583 1878 1652 1911 Quid
1671 1885 1719 1908 est.

927 1917 998 1952 quod
1013 1921 1058 1943 aut
1071 1916 1131 1943 Sex.
1148 1916 1291 1951 Pompeius
1305 1921 1351 1942 aut
1365 1916 1417 1943 duo
1429 1916 1502 1942 Balbi
1514 1922 1558 1943 aut
1569 1925 1645 1942 meus
1655 1918 1721 1942 auii-

926 1963 983 1986 cus,
1000 1955 1047 1989 qui
1061 1962 1122 1980 cum
1137 1954 1260 1980 Panaetio
1275 1954 1350 1984 vixit.
1370 1954 1404 1980 M.
1421 1954 1561 1989 Vigellius,
1578 1953 1610 1980 de
1625 1955 1721 1980 virtute

927 1992 1077 2022 hominum,
1094 1991 1185 2022 Stoici,
1202 1992 1306 2026 possint
1320 1991 1416 2022 dicere,
1433 2000 1486 2026 qua
1501 1992 1527 2017 in
1541 1991 1721 2026 disputatiom·

927 2038 976 2065 ego
999 2029 1041 2055 his
1065 2029 1176 2055 debeam
1200 2033 1245 2054 aut
1264 2033 1382 2054 vestrum
1403 2029 1547 2063 quisquam
1562 2028 1722 2055 coneedere‘?

927 2068 969 2093 79.
986 2067 1043 2093 Non
1058 2072 1097 2092 est
1111 2067 1182 2092 enim
1198 2065 1367 2101 philosophia
1382 2065 1480 2092 similis
1494 2067 1590 2092 artium
1606 2066 1721 2100 reliqua—

928 2113 997 2130 rum.
1025 2105 1090 2130 Nam
1106 2103 1172 2138 quid
1188 2103 1264 2130 faciet
1279 2104 1304 2129 in
1319 2104 1472 2139 geometria,
1493 2104 1539 2138 qui
1556 2112 1606 2129 non
1620 2103 1721 2129 didice-

928 2141 979 2168 rit‘?
998 2141 1064 2176 quid
1079 2141 1105 2167 in
1121 2140 1251 2167 musicis?
1271 2141 1323 2167 Aut
1338 2146 1419 2166 taceat
1432 2141 1563 2175 oportebit
1577 2146 1621 2166 aut
1637 2149 1668 2166 ne
1679 2149 1721 2166 sa-

928 2188 978 2205 nus
993 2179 1102 2214 quidem
1117 2178 1259 2204 iudicetur.
1291 2179 1359 2204 llaec
1374 2187 1442 2204 vero.
1459 2187 1528 2213 quae
1541 2183 1604 2204 sunt
1619 2179 1645 2203 in
1661 2178 1721 2212 phi-

928 2216 1057 2251 losophia,
1082 2216 1199 2251 ingeniis
1221 2220 1361 2245 eruuntur,
1382 2215 1414 2241 ad
1433 2215 1469 2245 id,
1485 2215 1556 2250 quod
1572 2216 1597 2241 in
1613 2224 1720 2249 quoque

927 2255 982 2280 veri
1001 2253 1089 2279 simile
1103 2258 1151 2283 est,
1172 2252 1333 2279 eliciendum
1353 2253 1438 2279 acutis
1452 2257 1531 2287 atque
1545 2253 1660 2282 acribus,
1677 2261 1719 2278 ea—

926 2299 980 2326 que
993 2291 1134 2317 exercituta
1149 2291 1264 2316 oratione
1277 2290 1422 2324 poliuntur.
1446 2290 1492 2315 llic
1504 2294 1591 2315 noster
1603 2289 1720 2324 vulgaris

926 2332 1020 2359 orator,
1041 2329 1064 2354 si
1084 2328 1173 2354 minus
1192 2327 1241 2353 erit
1259 2327 1362 2356 doctus.
1379 2332 1493 2353 attamen
1508 2327 1534 2352 in
1549 2326 1661 2352 dicendo
1674 2335 1720 2352 ex-

926 2366 1060 2396 ercitatus,
1082 2365 1130 2391 hac
1149 2365 1206 2399 ipsa
1225 2365 1411 2390 exercitatione
1429 2364 1565 2390 communi
1581 2365 1645 2390 istos
1659 2365 1720 2398 qui-

928 2403 987 2428 dem
1005 2400 1128 2438 [nostros]
1145 2402 1295 2427 verberabit
1307 2410 1392 2436 neque
1407 2410 1435 2427 se
1449 2401 1482 2427 ab
1497 2402 1529 2426 iis
1543 2402 1675 2427 contemni
1691 2410 1719 2427 ac

926 2440 1028 2474 despici
1042 2440 1120 2465 sinet.
1143 2440 1183 2464 80.
1197 2439 1243 2464 Sin
1259 2438 1357 2473 aliquis
1372 2439 1501 2464 exstiterit
1516 2438 1718 2473 aliquando,qui

927 2476 1078 2503 Aristotelio
1091 2485 1163 2502 more
1181 2476 1214 2502 de
1227 2476 1353 2502 omuibus
1368 2476 1448 2501 rebus
1463 2476 1489 2501 in
1505 2480 1645 2510 utramque
1659 2484 1720 2502 scn-

927 2515 1034 2540 tcntiam
1055 2514 1139 2548 possit
1156 2513 1243 2539 «licere
1262 2518 1287 2539 et.
1301 2514 1327 2539 in
1341 2513 1413 2539 omui
1427 2522 1521 2539 caussa
1535 2512 1602 2539 duas
1616 2518 1719 2539 contra-

927 2553 978 2578 rias
992 2552 1132 2581 orationes,
1150 2551 1296 2585 praeceptis
1311 2550 1384 2576 illius
1395 2551 1519 2585 cognitis,
1532 2550 1665 2585 explicare
1675 2556 1718 2576 nat

927 2626 1091 2660 propositum
1115 2626 1158 2654 sit,
1183 2625 1309 2655 disserat,
1338 2625 1440 2660 quique
1463 2625 1496 2651 ad
1515 2633 1572 2651 carn
1591 2626 1717 2651 rationem

927 2663 1053 2699 adiungat
1073 2663 1143 2689 hunc
1158 2661 1340 2699 [rhetoricum]
1358 2671 1436 2688 usum
1453 2661 1628 2698 [moremque]
1644 2671 1719 2688 exer-

1456 2710 1512 2733 tfi‘
