1941 3052
422 124 472 150 DE
505 123 690 150 NATURA
719 122 903 150 DEORUM
936 123 1017 150 LIB.
1049 124 1087 151 111
1117 123 1208 150 CAP.
1239 125 1390 151 29—37.

120 199 180 222 ηάηι
189 198 212 221 si
223 200 323 225 curent,
339 197 398 221 be'ne
407 197 479 221 bonis
488 197 534 225 sit,
546 196 613 222 male
624 196 714 221 malis.-
730 196 797 228 quod
812 197 879 220 minc

488 234 568 258 abest.

83 269 220 296 Debebant
231 268 270 295 illi
282 268 394 304 quidem
405 277 498 296 omnes
510 269 594 296 bonos
605 268 720 299 efficere,
733 269 757 295 si
768 267 880 303 quidem

83 307 226 333 hominum
236 307 329 342 generi
339 306 525 333 consulebant.
557 309 597 333 80.
614 306 661 333 Sin
674 306 702 332 id
714 307 818 332 minus:
832 305 881 332 bo-

83 345 125 371 nis
137 344 248 379 quidem
259 349 329 371 certe
339 344 479 370 consulere
491 344 634 370 debebant.
670 344 724 371 Cur
736 344 818 379 igitur
827 343 880 369 duo

82 381 235 416 Scipiones,
256 381 416 408 fortissimos
431 386 456 408 et
471 382 586 416 optimos
602 382 688 412 viros,
711 382 738 407 in
753 381 880 415 Hispania

82 419 189 445 Poenus
200 418 351 454 oppressit?
365 419 419 445 Cur
430 419 565 445 Maximus
577 418 673 445 extulit
685 418 771 444 filium
783 426 881 444 consu-

83 455 184 482 larem‘?
198 457 251 483 Cur
262 456 418 483 Marcellum
430 456 562 482 Hannibal
574 455 726 482 interemit?
737 455 790 482 Cur
801 455 881 481 Paul-

83 493 140 520 lum
156 493 262 520 Cannae
282 493 468 520 sustulerunt?
489 494 544 520 Cur
560 494 707 520 Poenorum
728 492 880 519 crudelitati

82 530 180 567 Reguli
195 540 293 566 corpus
308 536 347 557 est
362 530 534 566 praebitum‘.>
553 531 606 557 Cur
617 530 773 557 Africanum
788 530 881 557 dome-

82 569 144 595 stici
159 569 274 603 parietes
290 578 342 595 non
359 568 499 595 texerunt?
517 568 570 595 Sed
586 568 652 595 haec
667 573 770 598 vetera,
789 573 814 594 et
829 567 880 593 alia

82 605 226 641 permulta.
249 607 374 641 Propiora
386 606 537 632 videamus.
564 606 618 632 Cur
628 605 781 632 avunculus
793 613 878 635 meus,

82 643 126 669 vir
139 644 378 670 innocentissimus
390 643 743 678 idemquedoctissimus‚P.
752 642 878 672 Rutilius,

82 682 111 707 in
123 681 219 707 exsilio
230 681 286 707 est'?
297 690 345 707 cur
355 680 455 707 sodalis
468 689 545 707 meus
557 682 713 706 interfectus
725 680 878 709 domisuae,

82 718 204 745 Drusus?
227 727 275 745 cur
293 719 484 753 temperantiae
508 718 722 753 prudentiaeque
742 718 881 752 specimen

83 760 142 782 ante
164 756 340 782 simulacrum
363 756 457 782 Vestae
480 755 601 790 pontifex
624 756 760 781 maximus
785 759 825 781 est
848 754 870 786 Q

83 792 211 820 Scaevola
223 792 391 820 trucidatus?
406 802 454 819 cur
465 798 524 819 ante
535 794 615 819 etiam
628 797 664 819 tot
675 792 793 819 civitatis
806 792 882 826 prin-

82 832 157 866 cipes
173 840 186 857 a
198 831 284 857 Cinna
300 830 471 865 interempti?
486 839 535 856 cur
549 831 672 856 omnium
689 829 882 864 perfidiosissi-

83 877 154 899 mus,
167 868 352 901 C.Marius,Q.
361 868 495 898 Catulum,
510 868 739 902 praestantissima
751 867 881 902 dignitate

83 906 183 936 virum,
197 906 264 932 mori
276 906 362 941 potuit
373 905 484 931 iubere?
504 907 545 931 8¹.
560 906 622 931 Dies
633 905 749 935 deficiat,
763 906 786 930 si
800 904 881 930 velim

83 952 233 974 numerare,
250 943 353 978 quibus
365 943 443 969 bonis
455 942 523 969 male
535 943 668 973 evenerit,
683 951 732 968 nec
744 943 844 971 minus,
858 942 881 967 si

82 989 304 1011 commemorem,
326 980 428 1015 quibus
444 980 577 1015 improbis
592 981 703 1015 optime.
744 979 798 1006 Cur
809 980 882 1005 enim

82 1018 182 1044 Marius
190 1018 364 1044 tamseliciter
374 1019 521 1053 septimum
533 1017 627 1044 consul
639 1017 712 1044 domi
723 1026 788 1043 suae
799 1026 883 1043 senex

82 1060 122 1082 est
133 1055 273 1082 mortuus?
282 1064 331 1082 cur
340 1057 462 1082 omnium
473 1055 682 1082 crudelissimus
694 1060 747 1082 tam
759 1055 806 1080 diu
819 1055 884 1081 Cin-

82 1101 116 1119 na
136 1092 277 1129 regnavit‘?
296 1094 330 1120 At
349 1093 424 1119 dedit
444 1102 554 1128 poenas.
595 1093 720 1119 xxxm.
742 1092 882 1119 Prohiberi

82 1129 181 1157 melius
193 1130 244 1157 suit
255 1130 450 1165 impedirique,
473 1139 506 1157 ne
517 1134 553 1157 tot
563 1139 685 1157 summos
697 1131 769 1156 viros
781 1129 883 1156 interfi-

82 1172 167 1199 ceret,
189 1177 271 1203 quam
285 1169 376 1202 ipsum
388 1168 533 1202 aliquando
545 1176 644 1202 poenas
656 1168 729 1194 dare.
770 1167 883 1193 Summo

81 1206 203 1232 cruciatu
215 1205 404 1240 supplicioque
420 1205 452 1237 Q.
466 1206 572 1235 Varius,
587 1205 666 1232 homo
681 1205 883 1240 importunissi-

82 1251 158 1273 muS,
172 1243 263 1277 periit,
277 1243 314 1274 si,
331 1243 395 1277 quia
408 1243 523 1269 Drusum
535 1242 617 1273 ferro,
630 1242 767 1269 Metellum
780 1250 883 1268 veneno

82 1280 241 1307 sustulerat:
265 1280 325 1306 illos
335 1281 489 1306 conservari
501 1280 599 1306 melius
611 1279 674 1311 fuit,
688 1289 769 1315 quam
782 1288 881 1314 poenas

82 1317 192 1344 sceleris
208 1318 318 1344 Varium
334 1317 462 1352 pendere.
502 1317 774 1353 Duodequadraginta
799 1326 883 1343 annos

81 1355 227 1391 Dionysius
238 1360 367 1390 tyrannus
380 1354 431 1381 suit
440 1354 663 1390 opulentissimae
673 1360 699 1381 et
710 1355 882 1381 beatissimae

82 1393 211 1419 civitatis.
251 1394 293 1419 82.
315 1392 401 1425 Quam
417 1392 516 1419 multos
531 1397 590 1418 ante
604 1392 676 1418 hunc
689 1393 715 1418 in
728 1393 787 1427 ipso
799 1392 883 1419 Grae-

82 1430 139 1456 ciae
151 1429 213 1456 flore
224 1430 394 1457 Pisistratus!
407 1429 576 1460 AtPhalaris,
590 1434 616 1456 at
627 1429 806 1464 Apollodorus
818 1438 883 1464 poe-

82 1475 130 1494 nas
141 1467 262 1494 sustulit.
296 1467 388 1494 Multis
399 1467 511 1502 quidem
523 1472 583 1494 ante
594 1468 721 1494 cruciatis
732 1472 758 1494 et
770 1468 881 1494 necatis.

81 1504 269 1539 Etpraedones
276 1505 354 1531 multi
365 1513 445 1539 saepe
457 1513 556 1540 poenas
568 1504 645 1531 dant:
659 1513 707 1531 nec
720 1509 808 1531 tamen
820 1513 883 1539 pos-

82 1550 179 1568 sumus
190 1542 289 1573 dicere,
298 1551 350 1569 non
362 1542 454 1577 plures
465 1543 587 1577 captivos
598 1542 702 1573 acerbe,
711 1551 793 1578 quam
805 1551 883 1577 prae-

82 1579 166 1606 dones
182 1584 299 1606 necatos.
339 1579 530 1606 Anaxarchum
541 1580 737 1607 Democriteum
754 1589 768 1606 a
784 1580 883 1616 Cyprio

81 1621 195 1653 tyranno
205 1617 423 1644 excarnificatum
436 1617 605 1652 accepimus,
618 1618 752 1644 Zenonem
763 1617 842 1644 Eleae
855 1618 881 1643 in

82 1655 222 1681 tormentis
242 1659 376 1681 necatum.
417 1654 489 1687 Quid
504 1654 593 1681 dicam
609 1654 642 1681 de
659 1654 779 1686 Socrate,
802 1655 882 1681 cuius

81 1692 161 1718 morti
173 1691 328 1718 illacrimari
339 1691 412 1719 soleo
423 1691 560 1719 Platonem
573 1692 683 1728 legens?
705 1692 822 1719 Videsne
830 1693 883 1728 igi-

82 1733 134 1761 tur,
148 1728 260 1756 deorum
270 1729 381 1760 iudicio,
389 1730 413 1755 si
425 1729 518 1756 vident
529 1738 571 1756 res
583 1729 725 1761 humanas,
734 1730 881 1756 discrimen

82 1774 141 1793 esse
152 1766 309 1793 sublatum?
347 1767 472 1793 XXXIV.
495 1769 536 1794 83.
559 1767 691 1803 Diogenes
706 1767 818 1802 quidem
830 1768 883 1803 Cy-

81 1804 161 1831 nicus
172 1803 261 1831 dicere
272 1803 389 1835 solebat,
407 1804 566 1839 Harpalum.
584 1805 631 1839 qui
647 1805 815 1840 temporibus
827 1805 882 1831 illis

82 1841 181 1876 praedo
192 1842 220 1868 in
231 1841 390 1878 Pamphylia
401 1841 468 1868 felix
484 1842 646 1874 habebatur,
665 1847 755 1869 contra
767 1842 832 1869 deos
844 1848 883 1869 te-

81 1879 242 1905 stimonium
257 1878 360 1910 dicere,
377 1879 450 1914 quod
465 1879 491 1906 in
504 1879 549 1906 illa
564 1879 668 1906 fortuna
680 1884 733 1907 tam
745 1880 792 1907 diu
805 1881 883 1907 vive-

82 1920 132 1942 ret.
171 1916 330 1952 Dionysius,
346 1916 379 1943 de
390 1924 444 1951 quo
455 1921 515 1943 ante
526 1916 598 1948 dixi,
615 1925 702 1952 quum
715 1917 807 1944 fanum
820 1919 883 1944 Pro-

81 1953 207 1988 serpinae
218 1954 310 1980 Locris
321 1953 506 1988 expilavisset,
519 1954 831 1991 navigabatSyracusas:
846 1956 884 1982 is-

82 1999 137 2026 que
156 1999 242 2026 quum
263 1990 463 2017 secundissimo
483 1996 563 2018 vento
578 1999 688 2018 cursum
708 1996 822 2023 teneret,
846 1994 884 2019 ri-

82 2027 164 2059 dens,
179 2027 326 2059 Videtisne,
340 2028 438 2063 inquit,
451 2029 544 2059 amici,
562 2037 644 2063 quam
659 2028 728 2056 bona
740 2039 754 2056 a
765 2029 820 2056 diis
831 2031 884 2056 im-

82 2065 243 2092 mortalibus
259 2066 395 2102 navigatio
410 2065 550 2102 sacrilegis
565 2065 662 2092 detur?
680 2066 764 2102 idque
776 2066 786 2080 ‘¹
804 2067 884 2094 homo

83 2107 178 2130 acutus
198 2111 284 2138 quum
305 2103 373 2129 bene
394 2102 528 2138 planeque
544 2104 722 2138 percepisset,
746 2105 772 2131 in
789 2104 882 2131 eadem

82 2141 214 2167 sententia
225 2140 427 2175 perseverabat:
450 2141 508 2176 qui,
524 2149 609 2176 quum
622 2141 654 2167 ad
667 2141 883 2176 Peloponnesum

82 2177 197 2204 classem
209 2177 372 2212 appulisset,
391 2182 417 2204 et
430 2178 458 2204 in
470 2177 562 2204 sanum
578 2179 697 2206 venisset
708 2179 778 2206 lovis
789 2179 884 2215 Olym-

82 2215 137 2250 pii,
155 2223 267 2242 aureum
283 2215 308 2241 ei
323 2215 439 2242 detraxit
453 2215 616 2247 amiculum,
637 2216 734 2251 grandi
754 2216 880 2251 pondere,

83 2261 137 2287 quo
159 2253 247 2279 lovem
267 2257 373 2280 ornarat
396 2261 429 2279 ex
453 2252 591 2279 manubiis
615 2253 882 2289 Karthaginiensium

83 2294 214 2325 tyrannus
225 2290 314 2317 Hiero.
349 2290 437 2325 Atque
450 2291 476 2316 in
489 2299 519 2316 co
530 2290 610 2316 ctiam
621 2290 765 2318 cavillatus
775 2296 825 2322 est,
839 2301 884 2318 ae-

83 2331 150 2354 state
164 2336 247 2363 grave
262 2336 320 2354 esse
334 2336 447 2353 aureum
458 2327 621 2359 amiculum,
639 2328 728 2354 hieme
740 2328 881 2364 frigidum,

83 2363 164 2398 eique
176 2364 282 2391 laneum
295 2364 407 2399 pallium
420 2365 525 2395 iniecit,
538 2373 623 2399 quum
636 2365 663 2392 id
675 2374 734 2392 esse
745 2371 838 2401 aptum
850 2367 882 2393 ad

82 2409 163 2428 omne
173 2402 236 2428 anni
248 2406 355 2436 tempus
366 2401 476 2428 diceret.
511 2401 639 2437 idemque
650 2402 805 2439 Aesculapii
819 2405 884 2438 Epi-

83 2437 161 2465 dauri
172 2438 283 2465 barbam
297 2448 405 2466 auream
417 2439 489 2466 demi
501 2439 590 2466 iussit.
631 2440 724 2475 Neque
734 2442 807 2468 enim
819 2450 883 2468 eon-

84 2475 177 2502 venire
189 2476 331 2503 barbatum
341 2485 401 2503 esse
413 2476 499 2503 tilium
508 2497 514 2508 ,
529 2485 616 2512 quum
632 2477 660 2504 in
673 2478 802 2505 omnibns
814 2478 883 2505 fanis

83 2517 159 2547 pater
169 2513 300 2540 imberbis
311 2518 392 2540 esset.
433 2515 474 2540 84.
496 2513 568 2540 ldem
581 2523 688 2541 mensas
699 2521 838 2551 argenteas
849 2516 882 2542 de

83 2549 211 2577 omnibus
221 2550 343 2578 delubris
355 2552 434 2578 iussit
444 2551 543 2577 auferri
553 2572 558 2582 .
575 2552 601 2578 in
612 2551 714 2587 quibus
725 2552 798 2588 quod
811 2561 883 2579 more

84 2587 316 2615 veterisGraeciae
327 2589 488 2623 inscriptum
500 2593 579 2619 esset,
595 2598 729 2616 noaoaun
748 2599 880 2621 nsonuu.

84 2624 125 2650 uti
135 2631 164 2651 se
175 2632 268 2652 eorum
279 2625 397 2653 bonitate
408 2625 478 2653 velle
489 2626 604 2653 dicebat.
641 2626 714 2653 idem
726 2627 883 2655 Victoriolas

85 2669 180 2689 aureas
190 2666 216 2690 et
225 2666 330 2698 pateras
340 2667 366 2691 et
376 2671 487 2691 coronas
495 2684 501 2695 ,
517 2672 586 2700 quae
601 2663 809 2693 simulacrorum
821 2673 884 2702 por-

1664 127 1726 152 1¹35

931 195 1010 220 rectis
1022 194 1148 221 manibus
1159 195 1376 226 sustinebantur,
1393 196 1452 221 sine
1467 194 1634 222 dubitatione
1650 196 1728 222 tolle-

932 232 988 262 bat.
1010 240 1094 266 eaque
1110 240 1138 258 se
1154 233 1288 267 accipere,
1313 241 1365 259 non
1385 232 1488 258 auferre
1503 233 1619 259 dicebat.
1660 234 1727 259 Esse

931 270 1003 295 enim
1015 269 1165 299 stultitiam,
1177 278 1190 295 a
1202 270 1303 304 quibus
1316 270 1383 296 bona
1396 279 1575 304 precaremur,
1584 270 1657 296 abiis
1666 279 1729 305 por-

932 307 1083 341 rigentibus
1103 312 1129 333 et
1148 307 1276 333 dantibus
1297 307 1367 333 nolle
1382 316 1499 334 sumere.
1540 307 1728 342 Eumdemque

933 343 1021 370 serunt
1038 344 1102 369 haec
1117 345 1220 375 omnia,
1238 353 1307 379 quae
1319 345 1390 375 dixi,
1407 344 1512 371 sublata
1524 345 1556 371 de
1569 344 1638 371 fanis
1651 346 1677 371 in
1689 345 1729 371 fo-

932 390 992 407 rum
1004 381 1147 415 protulisse
1158 387 1183 408 et
1199 390 1246 416 per
1261 391 1419 417 praeconem
1434 382 1604 408 vendidisse:
1623 388 1730 409 exacta-

932 427 984 453 que
997 420 1110 453 pecunia
1122 419 1250 450 edixisse,
1265 424 1302 449 ut,
1315 419 1387 454 quod
1398 420 1515 454 quisque
1527 429 1540 446 a
1552 420 1634 446 sacris
1647 420 1730 446 babe-

933 460 984 486 ret,
1003 456 1029 482 id
1046 461 1105 482 ante
1116 456 1189 482 diem
1203 462 1301 482 certam
1314 458 1341 483 in
1353 466 1433 483 suum
1444 457 1571 492 quodque
1584 457 1676 483 fanum
1688 465 1731 483 re-

934 492 1021 519 ferret.
1062 494 1098 519 Ita
1115 494 1147 520 ad
1165 495 1329 528 impietatem
1344 495 1370 520 in
1383 494 1447 520 deos
1459 496 1485 520 in
1499 494 1621 520 homines
1633 494 1731 520 adiun-

933 532 972 557 xit
993 531 1130 557 iniuriam.
1170 531 1282 558 XXXV.
1311 532 1386 558 Hunc
1411 532 1494 567 igitur
1517 540 1565 558 nec
1586 531 1730 567 Olympius

933 569 1052 602 luppiter
1072 568 1186 594 fulmine
1208 570 1342 603 percussit
1362 578 1410 595 nec
1431 569 1608 604 Aesculapius
1633 570 1731 595 misero

933 606 1115 640 diuturnoque
1131 606 1224 632 morbo
1239 607 1418 633 tabescentem
1436 607 1583 637 interemit,
1606 612 1686 641 atque
1703 607 1728 632 in

933 652 982 669 suo
998 642 1094 669 lectulo
1110 648 1230 670 mortuus
1243 645 1269 670 in
1282 644 1458 679 Tympanidis
1470 653 1565 679 rogum
1577 644 1668 670 illatus
1679 649 1728 673 est,

933 689 1046 715 eamque
1058 685 1223 715 potestatem,
1237 690 1318 716 quam
1332 683 1388 716 ipse
1401 690 1447 716 per
1458 682 1546 708 scelus
1559 687 1613 707 erat
1626 687 1728 711 nactus,

933 719 1011 752 quasi
1023 719 1121 744 iustam
1132 723 1157 744 ct
1170 718 1326 753 legitimam,
1346 719 1501 745 hereditatis
1514 719 1569 745 loco
1582 719 1636 745 tilio
1649 718 1731 745 tradi-

933 755 982 781 dit.
1024 757 1064 781 85.
1087 756 1171 782 Invita
1188 757 1214 782 in
1232 756 1281 782 hoc
1298 756 1354 783 loco
1370 761 1491 782 versatur
1506 757 1602 782 oratio:
1624 756 1732 782 videtur

933 793 1005 818 enim
1022 794 1204 819 auctoritatem
1222 793 1313 819 afferre
1330 793 1473 828 peccandi;
1497 799 1523 820 et
1538 798 1607 819 recte
1624 793 1733 819 videre-

934 835 984 860 tur,
999 831 1051 856 nisi
1062 835 1087 856 et
1099 831 1206 857 virtutis
1217 836 1242 857 et
1254 832 1380 857 vitiorum
1390 833 1448 857 sine
1461 830 1514 856 ulla
1527 831 1619 857 divina
1631 832 1731 857 ratione

933 876 1014 903 grave
1032 868 1118 902 ipsius
1134 869 1313 894 conscientiae
1329 868 1436 903 pondus
1451 873 1535 899 esset,
1557 876 1610 902 qua
1627 868 1731 894 sublata

934 906 1020 931 iacent
1029 906 1130 931 omnia.
1170 906 1203 932 Ut
1214 906 1286 932 enim
1299 914 1346 932 nec
1357 905 1454 932 domus
1466 914 1513 931 nec
1526 905 1678 939 respublica
1691 914 1733 931 ra-

935 943 1004 969 tione
1016 942 1133 977 quadam
1144 947 1169 969 et
1180 942 1325 977 disciplina
1336 943 1475 978 designata
1488 943 1619 973 videatur,
1628 943 1651 968 si
1663 943 1690 968 in
1703 951 1733 968 ea

935 988 983 1006 nec
1004 985 1073 1006 recte
1095 980 1172 1006 sactis
1192 981 1311 1015 praemia
1332 985 1438 1007 exstent
1458 980 1512 1006 ulla
1534 989 1582 1006 nec
1598 980 1733 1015 supplicia

934 1018 1063 1052 peccatis:
1077 1018 1116 1044 sic
1128 1018 1224 1044 mundi
1235 1018 1328 1044 divina
1340 1019 1367 1044 in
1380 1018 1503 1044 homines
1515 1017 1661 1044 moderatio
1671 1026 1734 1052 pro-

935 1055 1002 1081 fecto
1014 1054 1087 1081 nulla
1099 1059 1147 1087 est,
1156 1056 1179 1082 si
1192 1056 1219 1082 in
1231 1064 1261 1082 ea
1272 1055 1420 1082 discrimen
1432 1055 1539 1082 nullum
1550 1060 1589 1081 est
1602 1055 1733 1081 bonorum

934 1098 959 1119 et
970 1092 1112 1119 malorum.

990 1132 1031 1156 86.
1053 1131 1086 1157 At
1101 1131 1173 1157 enirn
1191 1131 1294 1157 minora
1305 1130 1344 1157 dii
1356 1130 1512 1166 negligunt,
1534 1138 1622 1165 neque
1633 1128 1734 1165 agellos

933 1167 1114 1203 singulorum,
1124 1176 1172 1194 nec
1183 1167 1309 1194 viticulas
1320 1173 1530 1203 persequuntur,
1546 1176 1603 1197 nec,
1618 1168 1640 1193 si
1651 1167 1734 1193 uredo

934 1210 979 1232 aut
990 1205 1092 1241 grando
1103 1206 1246 1241 quippiam
1258 1207 1358 1236 nocuit,
1367 1205 1394 1232 id
1401 1206 1456 1232 lovi
1464 1204 1733 1232 animadvertendum

935 1242 998 1269 fuit:
1014 1251 1045 1269 ne
1058 1243 1085 1269 in
1097 1245 1188 1278 regnis
1198 1243 1310 1278 quidem
1322 1251 1398 1279 reges
1408 1243 1618 1269 omniaminima
1625 1247 1732 1268 curant:

934 1281 973 1306 sic
988 1281 1060 1306 enim
1076 1280 1181 1307 dicitis:
1199 1282 1277 1315 quasi
1293 1289 1343 1316 ego
1357 1280 1448 1315 paullo
1459 1286 1520 1307 ante
1530 1280 1563 1306 de
1576 1279 1659 1305 fundo
1672 1280 1735 1306 For-

935 1319 1024 1344 miano
1040 1319 1068 1344 P.
1086 1318 1180 1345 Rutilii
1196 1319 1249 1344 sim
1264 1323 1392 1353 questus,
1411 1327 1464 1344 non
1479 1317 1511 1344 de
1526 1318 1624 1343 amissa
1636 1316 1733 1343 salute.

934 1355 1059 1382 XXXVI.
1081 1356 1167 1391 Atque
1183 1355 1233 1382 hoc
1253 1355 1366 1390 quidem
1381 1364 1474 1382 omnes
1491 1354 1615 1381 mortales
1631 1355 1670 1380 sic
1687 1354 1735 1380 ba-

934 1393 1007 1424 bent,
1021 1398 1144 1419 externas
1156 1393 1369 1423 commoditates,
1384 1394 1483 1424 vineta,
1497 1397 1611 1427 segeteS,
1625 1391 1733 1421 oliveta,

934 1430 1084 1457 ubertatem
1097 1430 1207 1466 frugum
1219 1436 1245 1457 et
1257 1430 1519 1461 fruetuum,omnem
1531 1430 1649 1464 denique
1661 1437 1736 1455 coni-

935 1468 1091 1494 moditatem
1109 1469 1368 1503 prosperitatemque
1384 1469 1454 1495 vitae
1471 1476 1484 1494 a
1500 1467 1553 1493 diis
1569 1476 1597 1493 se
1620 1466 1733 1498 habere3

934 1507 1062 1532 virtutem
1078 1511 1166 1532 autem
1184 1514 1262 1532 nemo
1279 1514 1408 1541 umquam
1423 1505 1473 1532 deo
1484 1510 1620 1539 acceptam
1633 1503 1733 1530 retulit.

935 1544 976 1569 87.
990 1544 1124 1569 Nimirum
1137 1548 1219 1575 recte3
1233 1549 1340 1578 propter
1351 1544 1477 1570 virtutem
1489 1544 1561 1569 enim
1574 1543 1631 1568 iure
1644 1540 1736 1567 lauda-

935 1589 996 1607 mur
1011 1586 1037 1607 et
1048 1581 1074 1607 in
1088 1582 1186 1607 virtute
1198 1586 1268 1607 recte
1278 1580 1435 1616 gloriamur.
1476 1579 1553 1612 Quod
1568 1588 1619 1605 non
1631 1579 1736 1605 contin—

934 1623 1017 1654 geret,
1030 1619 1054 1644 si
1066 1618 1093 1644 id
1105 1618 1207 1645 donum
1218 1626 1232 1644 a
1243 1618 1302 1649 deo,
1317 1627 1368 1644 non
1381 1628 1394 1644 a
1407 1617 1484 1644 nobis
1497 1617 1668 1643 haberemus.
1703 1616 1737 1642 At

935 1665 997 1682 vero
1008 1660 1054 1682 aut
1066 1656 1214 1682 honoribus
1226 1656 1306 1685 aucti,
1320 1660 1404 1682 autre
1417 1654 1553 1685 familiari,
1570 1659 1615 1680 aut
1626 1655 1649 1680 si
1661 1653 1736 1679 aliud

934 1694 1077 1728 quippiam
1099 1694 1170 1720 nacti
1189 1702 1286 1719 sumus
1307 1692 1409 1720 fortuiti
1431 1693 1493 1719 boni
1515 1697 1560 1718 aut
1578 1690 1737 1726 depulimus

935 1731 1012 1761 mali,
1033 1739 1119 1766 quum
1139 1731 1193 1757 diis
1208 1731 1308 1766 gratias
1325 1732 1446 1766 agimuS,
1473 1735 1529 1756 tum
1547 1729 1614 1756 nihil
1632 1733 1736 1755 nostrae

936 1768 1008 1795 laudi
1026 1773 1197 1803 assumptum
1213 1768 1385 1794 arbitramur.
1426 1768 1496 1794 Num
1511 1767 1588 1802 quis,
1604 1765 1677 1801 quod
1689 1765 1737 1792 bo-

935 1815 986 1832 nus
1000 1807 1040 1832 vir
1051 1811 1135 1836 esset,
1154 1806 1255 1842 gratias
1265 1805 1318 1832 diis
1330 1806 1385 1841 egit
1397 1804 1545 1840 umquam?
1565 1805 1597 1831 At
1609 1802 1682 1838 quod
1693 1802 1737 1829 di—

935 1852 995 1875 ves,
1024 1843 1097 1879 quod
1119 1843 1278 1874 honoratus,
1300 1843 1372 1878 quod
1395 1843 1549 1869 incolumis.
1592 1842 1736 1875 lovemque

933 1881 1082 1916 optimum,
1101 1882 1252 1908 maximum
1267 1880 1302 1907 ob
1317 1889 1362 1907 eas
1379 1889 1421 1907 res
1432 1879 1582 1915 appellant,
1600 1887 1652 1905 non
1663 1877 1736 1913 quod

935 1927 983 1946 nos
995 1920 1089 1950 iustos,
1098 1923 1268 1953 temperatos,
1277 1919 1412 1953 sapientes
1423 1917 1532 1948 efficiat,
1540 1917 1587 1943 sed
1599 1915 1671 1951 quod
1683 1914 1737 1941 sal-

934 1965 991 1987 vos,
1005 1955 1165 1987 incolumes,
1178 1956 1329 1991 opulentoS,
1343 1957 1477 1990 copiosos.
1509 1957 1551 1981 88.
1567 1955 1660 1989 Neque
1673 1953 1737 1979 ller-

934 1994 989 2020 culi
1009 1994 1156 2029 quisquam
1172 1993 1316 2020 decumam
1333 1994 1407 2020 vovit
1423 2001 1567 2028 umquam,
1589 1992 1613 2018 si
1628 1991 1737 2025 sapiens

936 2031 1021 2058 tactus
1032 2036 1113 2058 esset.
1153 2030 1324 2066 Quamquam
1336 2030 1515 2066 Pythagoras,
1533 2038 1619 2065 quum
1636 2029 1662 2054 in
1674 2036 1737 2063 geo-

936 2069 1029 2095 metria
1040 2068 1171 2103 quiddam
1183 2069 1246 2095 novi
1258 2069 1420 2098 invenisset,
1434 2068 1518 2094 Musis
1531 2067 1627 2094 bovem
1641 2066 1739 2091 immo-

936 2105 1005 2132 lasse
1016 2105 1126 2132 dicitur.
1157 2105 1209 2132 Sed
1222 2105 1248 2132 id
1261 2105 1374 2140 quidem
1386 2114 1437 2132 non
1449 2105 1538 2135 credo,
1551 2104 1680 2139 quoniam
1693 2101 1738 2128 ille

936 2151 968 2169 nc
981 2142 1098 2177 Apollini
1110 2142 1223 2177 quidem
1231 2143 1304 2169 Delio
1316 2142 1431 2169 hostiam
1444 2142 1583 2169 immolare
1596 2140 1689 2168 voluit,
1704 2148 1737 2165 ne

935 2188 1007 2206 aram
1020 2180 1152 2215 sanguine
1164 2184 1327 2215 aspergeret.
1355 2180 1395 2206 Ad
1407 2188 1462 2206 rem
1474 2184 1563 2206 autem
1577 2183 1605 2205 ut
1617 2177 1734 2204 redeam.

937 2217 1070 2243 iudicium
1084 2217 1133 2243 hoc
1142 2217 1265 2243 omnium
1278 2216 1430 2243 mortalium
1443 2222 1496 2247 est,
1515 2216 1648 2243 fortunam
1663 2223 1677 2239 a
1688 2213 1737 2240 deo

936 2254 1093 2289 petendam,
1126 2263 1140 2280 a
1165 2262 1193 2280 se
1220 2254 1279 2288 ipso
1301 2254 1463 2280 sumendam
1484 2262 1543 2280 esse
1564 2252 1734 2287 sapientiam.

935 2292 1066 2324 Quamvis
1079 2291 1140 2317 licet
1152 2291 1234 2317 Menti
1247 2290 1359 2317 delubra
1371 2296 1397 2318 et
1408 2291 1505 2318 Virtuti
1517 2296 1543 2317 et
1556 2291 1631 2317 Fidei
1642 2296 1737 2315 couse-

935 2338 1057 2359 cremus;
1070 2333 1158 2355 tamen
1171 2328 1236 2354 haec
1248 2329 1275 2354 in
1288 2328 1366 2355 nobis
1379 2329 1501 2363 ipsissita
1509 2328 1648 2354 videmus:
1662 2326 1734 2360 Spei,

935 2366 1049 2397 Salutis,
1067 2366 1147 2401 Opis,
1166 2366 1298 2392 Victoriae
1311 2365 1423 2392 facultas
1434 2374 1447 2392 a
1459 2365 1513 2391 diis
1524 2363 1673 2399 expetenda
1685 2368 1735 2389 est.

936 2404 1121 2438 improborum
1138 2404 1222 2438 igitur
1237 2403 1427 2438 prosperitates
1440 2402 1630 2437 secundaeque
1642 2409 1683 2427 rcs
1696 2409 1735 2427 re-

935 2441 1071 2477 darguunt
1082 2441 1259 2476 (utDiogenes
1270 2440 1386 2474 dicebat)
1398 2441 1453 2466 vim
1463 2448 1570 2466 omnem
1583 2438 1694 2465 deorum
1706 2446 1736 2463 ac

935 2483 1103 2513 potestatem.
1144 2478 1281 2504 xxxvu.
1304 2479 1346 2503 89.
1373 2478 1405 2504 At
1425 2485 1630 2511 nonnumquam
1653 2476 1736 2502 bonos

934 2516 1024 2542 exitus
1036 2515 1136 2542 habent
1147 2515 1221 2542 boni.
1256 2515 1308 2541 Eos
1319 2514 1430 2550 quidem
1442 2515 1588 2549 arripimus
1611 2513 1735 2540 attribui-

935 2562 1052 2588 musquo
1062 2554 1121 2579 sinc
1133 2552 1188 2580 ulla
1203 2553 1304 2579 ratione
1315 2552 1369 2578 diis
1381 2551 1589 2578 immortalibus.
1630 2551 1663 2578 At
1674 2551 1735 2577 Dia-

934 2599 1027 2627 goras.
1044 2599 1130 2626 quum
1142 2590 1354 2617 Samothraciam
1370 2590 1502 2619 venisset,
1520 2589 1619 2616 Atheos
1631 2588 1676 2615 ille
1687 2589 1735 2624 qui

935 2628 1044 2659 dicitur,
1057 2633 1137 2663 atque
1148 2628 1173 2655 ei
1183 2627 1296 2663 quidam
1308 2628 1422 2658 amicus,
1439 2627 1506 2657 »Tm
1520 2627 1568 2662 qui
1579 2626 1644 2654 deos
1656 2631 1735 2661 putas

935 2665 1053 2693 humana
1066 2664 1203 2702 negligere
1212 2685 1218 2697 ,
1237 2673 1324 2693 nonne
1335 2663 1530 2693 animadvertis
1541 2673 1575 2693 ex
1586 2669 1623 2692 tot
1634 2663 1734 2692 tabulis
