1941 3052
249 128 256 151 l
263 128 294 150 00

246 196 364 231 potuisse
376 196 561 231 potiusquam
571 203 584 220 a
595 194 748 220 Crass-odivi
761 192 896 219 maluisse.
916 193 972 218 027.
986 192 1032 218 llic
1059 192 1062 215 l

245 234 369 263 (transuta.
385 233 454 265 Quin
471 237 511 262 tu,
529 233 626 266 iuquit.
645 232 751 260 Antoni.
772 231 871 256 omittis
886 230 947 259 ista,
964 238 1032 264 quin:
1054 257 1055 267 1

254 271 414 305 ποροκιιίκιὶ,
431 279 499 304 quae,
514 278 590 295 neruo
605 268 698 294 luorum
712 267 858 299 desiderum
885 267 986 301 quibus
999 274 1033 293 ex
1059 254 1062 281 l

245 280 309 334 lovis
327 316 370 338 cn,
394 316 462 342 quac
480 306 590 332 ‹liet-nula
609 306 662 331 nint
677 306 702 330 in
716 304 832 334 caussis,
857 304 1030 338 reperiantur.

243 345 316 377 Quae
330 353 492 379 quamquam
507 343 553 369 aba
569 347 592 368 tc
607 350 674 368 novo
686 341 801 376 quodam
821 340 899 366 modo
917 340 1033 375 praecla-

243 391 324 417 reque
343 382 480 411 dicuntur,
505 385 567 405 sunt
585 384 670 405 tamen
689 383 714 405 et
731 387 758 404 re
777 377 891 404 faciliora
910 382 936 404 et
959 386 1033 411 prae-

243 420 327 454 ceptis
347 423 499 453 pervagata:
526 417 569 442 illa
587 416 712 450 deprome
735 415 812 442 nobis
836 414 906 441 unde
929 415 1030 446 afferas,

243 465 311 491 quue
325 455 481 490 saepissimo
496 458 589 480 tractas
603 461 762 488 semperque
775 452 915 479 divinitus.
1060 422 1061 491 1

301 495 356 519 ⁴2⁸.
380 493 533 526 Depromam
548 489 682 525 equidem,
696 490 783 525 inquit
794 490 932 519 Antonius,
945 493 971 515 et
979 498 1034 524 quo
1060 501 1061 509 ¹

244 530 347 556 facilius
369 529 393 555 id
413 539 425 553 a
445 533 468 554 te
486 528 605 563 exigam,
629 526 701 562 quod
720 531 791 562 peto,
815 526 880 553 nihil
901 527 976 553 tibia
991 535 1033 553 me

244 566 385 601 postulanti
405 565 540 591 recusabo.
581 564 654 591 Meae
672 565 752 591 totius
770 564 895 590 orationis
914 568 939 590 et
954 564 1032 590 istius
1052 574 1053 578 ¹

243 605 328 638 ipsius
345 602 380 639 [in
395 600 516 638 dicendo]
533 601 674 633 facultatis,
690 610 771 637 quam
787 601 864 628 modo
878 600 990 627 Crassus
1004 601 1031 627 in
1052 585 1054 622 l

823 123 848 148 8.
883 121 917 147 M.
951 121 981 148 Τ.
1016 120 1289 148 CICERONIS

1060 315 1061 341 1
1085 304 1205 334 videatis.
1221 312 1302 339 quam
1317 305 1350 330 ait
1364 313 1449 339 genus
1464 304 1513 330 boc
1526 313 1631 335 eorum.
1647 306 1694 340 qui
1709 305 1760 332 sibi
1775 305 1873 334 eruditi
1906 290 1931 323 Ι(

1060 346 1061 351 ’
1085 341 1221 371 videntur.
1247 341 1328 367 hebes
1342 346 1422 376 atque
1435 341 1600 376 impolitum,
1624 343 1790 369 constituunt.
1801 343 1874 371 enim

1060 403 1061 413 1
1085 379 1110 404 in
1126 378 1272 413 partiendis
1284 379 1432 404 orationum
1444 378 1530 404 modis
1539 378 1593 405 duo
1601 387 1696 415 genera
1706 388 1871 407 caussarum.
1916 375 1920 411 s

1059 516 1061 557 1
1083 528 1276 554 controversias
1290 527 1322 553 ad
1337 527 1455 553 universi
1470 527 1575 562 generis
1590 527 1644 554 vim
1657 532 1683 554 et
1697 532 1817 555 naturam
1832 537 1874 555 re-

1085 193 1111 219 in
1129 202 1184 228 quo
1202 201 1326 219 nummus
1343 198 1383 219 eat
1400 201 1472 219 error
1489 193 1599 220 istorum
1614 194 1815 229 magistrorum.
1839 195 1872 223 ad

1084 239 1151 265 quos
1167 230 1263 256 liberos
1277 235 1380 256 nostros
1394 231 1538 261 mittimus,
1564 239 1615 257 non
1633 239 1688 266 quo
1701 231 1750 257 hoc
1762 232 1872 267 quidem
1911 231 1929 266 ⁸¹

1084 267 1116 293 ad
1133 267 1277 293 dicendum
1297 275 1393 302 magno
1410 276 1488 302 opere
1506 268 1646 302 pertineat,
1670 268 1717 294 sed
1739 273 1826 296 tamen
1844 274 1873 297 ut
1915 273 1918 284 ¹

1084 415 1171 442 Unum
1185 415 1332 450 appellant,
1349 416 1375 442 in
1389 424 1455 450 quo,
1475 416 1533 442 sine
1546 417 1666 451 personis
1679 421 1758 451 atque
1772 421 1875 452 tempo·
1910 434 1914 435 ν

1084 453 1172 483 ribus,
1187 453 1220 479 de
1235 453 1360 479 universo
1373 461 1468 488 genere
1481 457 1635 488 quaeratur:
1660 453 1786 484 alterum.
1801 454 1874 490 quod
1920 478 1921 483 ,

1084 491 1204 525 personis
1217 491 1296 516 certis
1310 494 1335 516 et
1344 489 1508 524 temporibus
1517 489 1671 523 deliniatur3
1688 492 1772 525 ignari
1781 499 1874 519 omnes
1916 496 1921 506 ⁶

1084 564 1155 591 ferri.
1191 565 1247 591 ⁴3⁴.
1264 565 1330 590 Nam
1344 565 1371 590 in
1385 573 1414 590 ea
1430 565 1487 599 ipsa
1500 572 1603 595 caussa,
1619 564 1652 591 de
1665 573 1719 600 qua
1732 570 1792 592 ante
1804 565 1871 596 dixi.

1084 601 1150 628 nihil
1165 602 1278 637 pertinet
1291 602 1323 627 ad
1337 602 1447 628 oratoris
1463 601 1532 627 locos
1545 601 1645 636 Opimii
1659 610 1784 637 persona,
1805 602 1871 630 nibil

243 641 344 666 eaelum
362 640 449 666 verbis
463 639 571 670 extulit,
588 643 640 665 tres
654 643 717 665 sunt
731 639 858 670 rationes,
875 643 904 665 ut
917 643 976 665 ante
990 638 1032 664 di-
1052 628 1053 648 l
1083 639 1164 665 Decii.
1202 639 1238 665 De
1251 639 1311 674 ipso
1323 639 1394 665 enim
1414 639 1540 665 universo
1556 647 1653 674 genere
1670 639 1772 666 infinita
1790 648 1874 675 quae-
1908 640 1915 647 '

244 679 282 704 xi:
313 686 363 703 una
381 676 608 703 conciliandorum
628 676 780 706 hominum,
801 675 880 702 altera
899 675 1032 702 docendo·
1058 670 1060 692 ¹
1082 676 1133 702 stio
1150 680 1202 707 est,
1227 685 1291 702 num
1311 685 1394 710 poena
1413 675 1534 702 videatur
1551 685 1610 702 esse
1631 675 1801 707 afficiendum
1824 678 1873 712 qui
1929 679 1930 686 ¹

243 724 310 745 rum,
328 715 402 741 tertia
415 713 641 740 concitandorum.
684 715 740 740 ⁴29.
763 714 861 740 Harum
876 713 956 739 trium
972 722 1032 748 par·
1058 711 1059 734 l
1082 712 1168 739 civem
1178 722 1211 740 ex
1225 712 1456 740 senatusconsulto
1466 714 1564 748 patriae
1573 713 1769 740 conservandae
1778 722 1873 741 cau-su

242 753 307 778 tium
332 752 415 787 prima
439 752 572 778 lenitatem
599 751 737 782 orationis,
766 750 881 776 secunda
908 759 1028 781 acumen,
1058 738 1059 782 1
1082 750 1259 781 interemerit,
1283 759 1368 786 quum
1387 750 1414 776 id
1432 750 1568 786 perleges
1587 759 1638 777 non
1654 750 1752 777 liceret.
1793 750 1872 779 Nulla

242 790 315 815 tertia
336 790 389 816 vim
407 788 549 815 desiderat.
590 789 655 814 Nam
676 788 724 814 boc
743 796 850 814 necesse
867 792 919 818 cst.
945 792 974 814 ut
997 788 1028 818 is.
1058 796 1060 818 ,ν
1081 787 1198 823 denique
1211 792 1252 814 est
1264 796 1371 818 caussa,
1388 787 1414 814 in
1428 787 1535 823 quaid,
1554 787 1627 823 quod
1641 788 1668 814 in
1682 787 1813 815 iudicium
1828 797 1874 816 ve-

241 827 286 861 qui
304 827 379 853 nobis
393 834 513 852 caussam
529 825 729 852 adiudicaturus
743 826 786 856 sit,
803 829 848 851 aut
861 825 1031 851 inclinatione
1058 851 1059 854 ,

242 863 386 890 voluntatis
405 863 566 898 propendeat
583 863 609 889 in
628 871 675 889 nos
697 867 743 888 aut
764 861 927 889 defensionis
950 871 1032 895 argu-

242 901 337 927 mentis
351 901 498 927 adducatur
511 904 556 926 aut
570 900 650 926 animi
665 900 827 934 permotione
840 904 958 935 cogatur.
978 899 1030 926 Sed

240 939 365 973 quoniam
381 938 424 964 illa
440 946 513 972 pars,
538 938 564 963 in
583 946 635 972 qua
654 946 742 963 rerum
757 937 875 972 ipsarum
890 936 1031 972 explicatio

241 984 270 1001 ac
283 975 404 1001 defensio
418 976 502 1010 posita
516 979 568 1006 est,
590 974 696 1001 videtur
708 983 814 1001 omnem
829 974 911 1001 huius
924 975 1030 1010 generis

239 1013 316 1047 quasi
331 1013 476 1038 doctrinam
490 1012 637 1043 continere,
662 1011 695 1038 de
713 1020 743 1038 ea
757 1012 874 1046 primum
890 1011 1031 1046 loquemur
1058 1021 1059 1047 1

240 1054 265 1076 et
280 1058 362 1085 pauca
376 1049 506 1076 dicemus.
547 1049 632 1076 Pauca
646 1050 717 1075 enim
731 1053 807 1079 sunt.
828 1057 897 1084 quae
911 1057 962 1075 usu
977 1050 1029 1075 iam

205 1082 210 1090 ’
241 1091 346 1113 tractata
376 1091 401 1113 et
427 1087 515 1113 animo
540 1087 617 1122 quasi
645 1090 730 1113 notata
757 1086 853 1112 habere
880 1086 1028 1113 videamur.
1058 1093 1059 1110 1

239 1124 328 1150 XXX.
352 1126 408 1150 ⁴30.
430 1124 467 1150 Ac
490 1124 538 1150 tibi
560 1125 693 1159 sapienter
715 1124 845 1155 monenti,
871 1124 900 1150 L.
925 1123 1027 1155 Crasse,

239 1161 352 1188 libenter
369 1162 557 1192 assentiemur,
582 1166 611 1188 ut
628 1160 795 1196 singularum
814 1169 969 1187 caussarum
983 1161 1031 1187 de·
1051 1156 1059 1197 l

240 1198 383 1230 tensiones,
398 1207 465 1234 quas
480 1198 565 1225 solent
579 1199 698 1234 magistri
713 1198 804 1233 pueris
818 1198 932 1229 tradere,
949 1198 1030 1225 relin—
1058 1218 1059 1235 3

238 1245 367 1270 quamus,
383 1236 533 1270 aperiamus
547 1241 635 1262 autem
649 1244 678 1262 ea
692 1236 790 1271 capita,
812 1235 883 1262 unde
896 1236 983 1262 omnis
997 1235 1030 1262 ad
1058 1246 1059 1262 ι

238 1282 343 1300 omnem
362 1277 387 1301 et
404 1281 525 1300 caussam
545 1277 570 1300 et
587 1273 730 1299 orationem
749 1272 894 1308 disputatio
911 1273 1028 1299 ducitur.

238 1311 331 1346 Neque
345 1311 425 1341 enim,
437 1311 542 1345 quoties
556 1310 668 1336 verbum
682 1310 790 1345 aliquod
804 1315 844 1336 est
857 1310 1029 1336 scribendum
1050 1330 1051 1339 ,

238 1348 328 1379 nobis,
354 1348 430 1374 toties
444 1348 502 1374 eius
516 1348 591 1374 verbi
606 1347 706 1374 litterae
719 1352 783 1373 sunt
795 1347 952 1383 cogitatione
966 1356 1030 1374 con·
1050 1341 1051 1366 l

237 1384 396 1420 quirendae;
423 1393 470 1412 nec
483 1385 588 1420 quoties
601 1393 695 1411 caussa
709 1384 820 1411 dicenda
835 1389 888 1415 est,
906 1385 982 1411 toties
995 1384 1028 1411 ad
1050 1388 1051 1415 ἶ

237 1423 295 1448 eius
309 1431 418 1448 caussae
433 1423 547 1457 seposita
561 1425 716 1458 argumenta
730 1421 831 1448 revolvi
851 1430 898 1448 nos
916 1426 1025 1456 oportet,
1056 1419 1057 1423 ’

237 1459 284 1485 sed
298 1459 395 1485 habere
409 1463 493 1486 certos
512 1459 594 1490 locos,
619 1459 680 1494 qui,
705 1463 735 1485 ut
753 1458 853 1485 litterae
868 1458 900 1485 ad
915 1459 1027 1486 verbum
1049 1442 1051 1474 l

236 1496 422 1527 scribendum,
447 1497 486 1523 sic
502 1496 541 1522 illi
556 1496 589 1522 ad
602 1503 724 1523 caussam
739 1495 924 1531 explicandam
938 1497 1027 1523 statim

236 1537 383 1560 occurrant.
423 1535 481 1560 ⁴3⁴.
503 1533 556 1560 Sed
570 1534 598 1560 hi
613 1533 662 1560 loci
676 1534 700 1560 ei
715 1533 824 1560 demum
838 1534 933 1560 oratori
947 1533 1028 1568 prod·
1048 1547 1057 1578 1,

235 1579 294 1597 esse
308 1575 428 1606 possunt,
445 1571 492 1606 qui
506 1575 545 1597 est
556 1575 676 1597 versatus
686 1571 714 1597 in
725 1571 805 1597 rebus
816 1570 857 1597 vel
871 1579 933 1602 usu,
945 1579 1027 1606 quem
1055 1583 1057 1599 ι

236 1613 306 1635 aetas
320 1608 436 1643 denique
450 1608 531 1639 affert,
543 1608 585 1634 vel
599 1607 736 1634 auditione
745 1612 770 1634 et
779 1608 945 1644 cogitatione,
958 1616 1027 1643 quae

236 1645 324 1672 studio
343 1650 368 1672 et
386 1645 524 1681 diligentia
542 1645 689 1680 praecurrit
705 1649 826 1671 aetatem.
866 1645 933 1671 Nam
950 1646 974 1672 si
997 1650 1026 1672 tu

235 1683 302 1709 mihi
316 1683 440 1718 quamvis
454 1682 589 1709 eruditum
603 1682 739 1709 hominem
753 1681 910 1714 adduxeris,
931 1691 1028 1717 quam·
1047 1669 1056 1725 1

235 1721 278 1746 vis
291 1728 378 1746 acrem
392 1724 417 1746 et
431 1724 539 1746 acutum
553 1720 581 1746 in
594 1719 747 1755 cogitando,
771 1719 897 1754 quamvis
915 1720 947 1746 ad
966 1728 1027 1754 pro-
1047 1726 1055 1751 :l

235 1756 414 1783 nuntiandum
428 1757 592 1792 expeditum,
608 1757 631 1783 si
645 1757 695 1783 erit
706 1756 778 1783 idem
791 1756 820 1783 in
833 1757 1026 1783 consuetudine
1047 1775 1049 1779 ,

235 1795 359 1825 civitatis,
371 1794 399 1820 in
414 1793 554 1829 exemplis.
566 1794 594 1820 in
608 1794 747 1824 institutis,
759 1794 788 1820 in
802 1793 922 1820 moribus
935 1802 966 1820 ac
979 1803 1027 1821 νο-
1046 1794 1049 1824 j

236 1831 384 1858 luntatibus
401 1831 502 1857 civium
521 1840 631 1857 suorum
650 1831 761 1866 hospes,
786 1839 838 1857 non
861 1830 978 1858 multum
1001 1832 1026 1858 ei
1046 1836 1048 1869 1

236 1869 284 1895 loci
299 1868 444 1903 proderunt
457 1868 506 1900 illi,
523 1877 556 1895 ex
569 1868 670 1904 quibus
684 1872 841 1904 argumenta
855 1873 1023 1903 promuntur.
1046 1873 1048 1915 1

234 1906 348 1932 Subacto
366 1906 432 1932 mihi
449 1906 558 1942 ingenio
575 1914 642 1940 opus
660 1909 713 1936 est.
737 1909 767 1931 ut
788 1913 850 1941 agro
872 1914 924 1932 non
942 1905 1024 1932 semel
1046 1917 1048 1958 1

235 1947 315 1973 arato,
331 1942 377 1969 sed
392 1947 486 1969 novato
499 1947 525 1969 et
537 1943 643 1973 iterato,
659 1950 713 1977 quo
726 1941 849 1969 meliores
864 1941 950 1969 foetus
964 1951 1026 1978 pos-

234 1981 270 2007 sit
283 1985 307 2006 et
319 1980 474 2016 grandiores
487 1979 572 2006 edere.
594 1979 720 2006 Subactio
733 1983 821 2006 autem
835 1984 876 2006 est
889 1988 964 2011 usus,
977 1989 1026 2006 au—
1046 1963 1054 2048 1

234 2017 308 2048 ditio,
326 2017 410 2048 lectio,
425 2017 533 2043 litterae.

290 2056 346 2081 ⁴32.
369 2055 406 2081 Ac
424 2055 541 2089 primum
560 2058 680 2081 naturam
698 2062 808 2080 caussae
830 2054 932 2085 videat,
955 2062 1024 2089 quae

234 2100 382 2127 numquam
398 2091 471 2123 latet,
493 2091 627 2118 factumne
640 2092 687 2122 sit,
707 2095 862 2126 quaeratur,
883 2100 929 2123 an,
945 2091 1024 2127 quale

234 2130 281 2160 sit,
301 2137 347 2160 an,
367 2128 440 2164 quod
455 2137 550 2155 nomen
564 2128 671 2161 habeat,
696 2137 751 2163 quo
764 2133 914 2163 perspecto,
934 2130 1023 2155 statim

233 2167 347 2193 occurrit
360 2166 473 2192 naturali
487 2166 602 2201 quadam
616 2165 770 2201 prudentia,
794 2174 846 2192 non
864 2165 906 2192 his
920 2166 1025 2192 subdu-

233 2203 381 2235 ctionibus,
402 2212 469 2238 quas
483 2204 528 2230 isti
542 2203 650 2234 docent,
669 2203 736 2238 quid
751 2202 829 2229 saciat
841 2211 976 2234 caussam,
996 2203 1024 2229 id

232 2245 286 2272 est,
301 2249 356 2276 quo
369 2240 475 2267 sublato
487 2240 665 2267 controversia
678 2244 747 2266 stare
761 2248 813 2266 non
826 2241 924 2275 possit;
947 2240 1024 2267 dein·
1045 2246 1054 2287 ·1

232 2277 278 2308 de,
303 2277 370 2312 quid
389 2278 477 2304 veniat
494 2278 522 2304 iu
540 2277 685 2308 iudicium.
709 2277 782 2312 quod
803 2277 848 2304 isti
870 2278 909 2303 sic
931 2277 1024 2304 iubent
1045 2294 1047 2298 .

232 2323 372 2349 quaerere:
395 2315 527 2341 Interfecit
541 2314 664 2350 Opimius
679 2314 839 2341 Gracchum.
878 2313 949 2347 Quid
962 2314 1025 2341 facit
1045 2314 1047 2343 Ϊ

232 2351 373 2378 caussam?
385 2352 457 2387 quod
469 2352 632 2387 reipublicae
641 2360 744 2383 caussa,
757 2360 843 2386 quum
853 2360 887 2378 ex
901 2356 1025 2378 senatus-
1044 2348 1046 2383 i

232 2389 354 2415 consulto
367 2389 400 2416 ad
413 2398 486 2416 arma
499 2394 628 2416 vocasset.
649 2389 704 2415 Hoc
714 2388 785 2420 tolle,
797 2397 891 2415 caussa
901 2397 953 2415 non
963 2389 1022 2415 erit.
1044 2385 1053 2429 11

232 2425 266 2451 At
278 2425 306 2451 id
319 2426 410 2460 ipsum
424 2430 501 2462 negat
514 2431 602 2453 contra
622 2425 694 2462 leges
711 2425 820 2452 licuisse
832 2426 938 2452 Decius.
972 2426 1024 2453 Ve-
1044 2426 1053 2461 l,

232 2463 287 2488 niet
299 2463 384 2498 igitur
397 2464 423 2489 in
437 2463 582 2494 iudicium,
603 2463 742 2490 licueritne
759 2471 794 2489 ex
805 2462 1024 2490 senatusconsul-
1044 2467 1053 2499 ‚¹

232 2504 266 2530 to,
280 2500 425 2526 servandae
436 2500 597 2535 reipublicae
607 2509 710 2526 caussa.
732 2500 876 2535 Perspicua
886 2505 950 2527 sunt
959 2500 1024 2527 haec
1044 2477 1053 2532 Ι1

231 2535 355 2571 quidem,
380 2541 405 2562 et
417 2538 445 2563 in
458 2537 563 2573 vulgari
576 2537 717 2572 prudentia
730 2538 793 2569 sita3
817 2536 865 2563 sed
882 2537 927 2563 illa
941 2545 1024 2573 quae-
1044 2533 1053 2569 ,l

231 2573 326 2599 reuda:
353 2582 422 2608 quae
444 2574 477 2600 ab
499 2579 648 2601 accusatore
666 2578 691 2600 et
708 2573 846 2600 defensore
868 2579 1024 2610 argumenta
1044 2576 1047 2601 5

231 2610 265 2636 ad
283 2610 323 2640 id.
343 2611 416 2645 quod
438 2611 466 2637 in
483 2611 615 2637 iudicium
634 2612 719 2642 venit,
743 2611 888 2646 spectantia
910 2611 1024 2638 debeant
1044 2612 1047 2639 2

231 2647 326 2673 afferri.
367 2647 467 2674 XXXI.
492 2649 547 2674 133.
569 2649 657 2683 Atque
670 2648 714 2674 hie
727 2647 796 2674 illud
810 2647 956 2675 videndum
971 2652 1020 2680 est,
1044 2645 1054 2674 ll

1045 2185 1054 2217 l»

1058 1054 1059 1086 J
1081 1052 1222 1083 appetens,
1239 1048 1272 1074 de
1285 1049 1408 1080 avaritia;
1427 1048 1500 1083 quod
1514 1048 1671 1079 seditiosus,
1686 1047 1719 1075 de
1733 1049 1873 1078 turbulen-

1058 1131 1059 1149 ς
1082 1131 1144 1149 nere
1155 1123 1277 1156 testium;
1290 1128 1442 1158 contraque,
1455 1131 1524 1158 quae
1534 1131 1581 1158 pro
1591 1131 1636 1149 reo
1645 1123 1872 1154 dicentur-,omnin
1902 1130 1907 1137 '

1058 1266 1059 1304 1
1080 1280 1183 1303 rerum,
1216 1271 1337 1299 celeriter
1360 1273 1449 1299 animo
1474 1271 1710 1306 comprehendenti
1740 1273 1873 1308 permulta

1053 1977 1055 1983 '
1075 1987 1240 2014 quamquam
1255 1978 1464 2014 reprehendendi
1483 1983 1559 2009 sunt,
1583 1979 1630 2014 qui
1648 1979 1676 2006 in
1692 1987 1790 2015 genere
1801 1978 1870 2006 defi-

1052 2013 1055 2023 ’
1076 2016 1174 2043 niendo
1187 2016 1251 2043 istas
1264 2024 1373 2042 caussas
1386 2015 1543 2043 describunt
1555 2016 1583 2042 in
1597 2017 1717 2050 personis
1728 2016 1790 2043 etin
1800 2020 1868 2043 tem-

1046 2090 1054 2127 l,
1075 2099 1138 2125 pora
1152 2095 1178 2117 et
1191 2099 1331 2125 personae,
1358 2095 1446 2117 tamen
1463 2089 1669 2126 intelligendum
1686 2095 1739 2121 est,
1763 2098 1816 2117 nou
1833 2098 1868 2118 ex
1899 2115 1908 2125 .-

1046 2127 1047 2132 ’
1074 2129 1118 2159 iis,
1134 2127 1181 2154 sed
1195 2136 1229 2154 ex
1241 2136 1337 2163 genere
1350 2128 1515 2163 quaestionis
1529 2127 1644 2162 pendere
1657 2135 1776 2154 caussas.
1814 2126 1869 2155 Sed
1905 2134 1910 2142 ¹

1052 2165 1053 2173 ¹
1075 2165 1125 2192 hoc
1139 2164 1206 2191 nihil
1220 2166 1253 2191 ad
1266 2173 1323 2198 me;
1351 2164 1457 2191 nullum
1475 2165 1546 2191 enim
1564 2164 1642 2191 nobis
1658 2169 1791 2191 certamen
1803 2172 1867 2192 cum
1891 2161 1907 2203 Ji

1052 2227 1053 2232 ,
1074 2203 1134 2228 istis
1149 2210 1207 2228 esse
1220 2202 1309 2228 debet.

1083 825 1133 855 nit,
1149 833 1183 851 ex
1196 833 1300 851 reorum
1316 833 1448 860 personis.
1469 833 1520 851 non
1533 833 1662 861 generum
1677 825 1796 860 ipsorum
1813 826 1874 854 uni-
1901 854 1908 864 ο

1082 870 1158 888 versa
1171 861 1351 897 disputatione
1364 866 1516 897 quaeratur.
1548 863 1606 889 ⁴35.
1620 861 1691 894 Quin
1705 863 1785 889 etiam
1798 863 1825 890 in
1840 864 1873 891 iis

1082 899 1162 933 ipsis,
1183 899 1228 925 ubi
1243 899 1276 925 de
1290 899 1358 926 sacto
1371 899 1528 935 ambigitur,
1551 899 1685 934 ceperitne
1698 904 1787 926 contra
1801 899 1873 937 leget

1082 937 1209 971 pecunias
1220 936 1249 962 Ρ.
1261 937 1366 967 Decius,
1379 941 1535 972 argumenta
1546 940 1571 963 et
1583 937 1728 963 criminum
1742 941 1768 963 et
1779 936 1874 965 desen-
1902 947 1907 956 ·
1923 954 1928 976 g

1082 974 1166 1000 sionis
1180 978 1336 1000 revocentur
1349 978 1450 1009 oportet
1460 974 1493 1000 ad
1503 982 1590 1010 genus
1601 978 1626 1000 et
1636 973 1668 1000 ad
1679 979 1800 1001 naturam
1811 976 1874 1003 uni-

1082 1019 1200 1037 versam:
1224 1011 1297 1046 quod
1311 1015 1500 1046 sumptuosus.
1516 1011 1550 1037 de
1564 1010 1684 1042 luxurie;
1706 1011 1779 1046 quod
1792 1012 1873 1040 alieni

1082 1086 1116 1111 tis
1129 1089 1155 1111 et
1169 1085 1246 1112 malis
1260 1086 1379 1118 civibus3
1404 1086 1477 1121 quod
1490 1095 1505 1111 a
1518 1085 1611 1112 multis
1625 1086 1759 1121 arguitur,
1779 1086 1814 1114 de
1825 1095 1874 1124 ge-

1082 1161 1230 1187 necessario
1243 1169 1257 1186 a
1271 1165 1388 1195 tempore
1401 1165 1481 1195 atque
1495 1160 1602 1187 homine
1615 1160 1648 1186 ad
1661 1169 1818 1189 communes
1830 1170 1874 1188 re-

1081 1205 1141 1223 rum
1159 1201 1185 1223 et
1201 1206 1330 1233 generum
1348 1206 1468 1224 summas
1486 1197 1665 1224 revolventur.
1707 1199 1763 1225 ⁴³6.
1784 1199 1873 1234 Atque
1918 1217 1924 1223 .

1081 1234 1146 1261 haec
1160 1234 1269 1261 forsitan
1283 1235 1386 1262 homini
1397 1244 1448 1262 non
1462 1235 1563 1265 omnia.
1583 1243 1653 1270 quae
1666 1236 1768 1262 suntin
1779 1241 1873 1264 natura
1919 1255 1922 1262 i

1081 1308 1234 1341 videantur,
1254 1318 1323 1345 quae
1336 1310 1443 1336 veniant
1456 1310 1484 1336 in
1498 1309 1630 1336 iudicium
1644 1313 1715 1341 tum,
1739 1318 1825 1345 quum
1837 1310 1873 1338 de
1892 1311 1893 1314 ’
1918 1308 1922 1310 ’

1081 1345 1149 1373 facto
1161 1351 1319 1381 quaeratur3
1341 1346 1389 1373 sed
1403 1351 1490 1373 tamen
1504 1346 1648 1373 criminum
1661 1351 1703 1374 est
1715 1347 1870 1379 multitudo.
1919 1350 1921 1357 '

1080 1391 1132 1409 non
1146 1383 1333 1410 defensionum
1347 1388 1393 1410 aut
1406 1383 1532 1415 locorum,
1553 1383 1666 1410 infinita.

1135 1420 1248 1447 XXXII.
1271 1422 1328 1448 ⁴37.
1350 1420 1423 1453 Quae
1436 1429 1507 1452 vero,
1522 1429 1608 1456 quum
1622 1420 1655 1447 de
1669 1420 1736 1448 facto
1749 1429 1802 1448 non
1814 1430 1873 1449 am·
1910 1439 1920 1448 κ.

1079 1457 1190 1493 bigitur,
1206 1463 1380 1494 quaeruntur,
1396 1458 1486 1494 qualia
1500 1459 1566 1489 sint,
1582 1467 1613 1484 ea
1625 1459 1649 1485 si
1662 1467 1697 1485 ex
1709 1459 1762 1485 reis
1776 1467 1872 1486 nume-
1908 1484 1909 1488 ,

1048 1498 1057 1523 ,¹
1079 1503 1134 1526 res,
1155 1499 1180 1522 et
1197 1495 1404 1522 innumerabilia
1422 1500 1486 1522 sunt
1503 1500 1529 1522 et
1545 1495 1671 1529 obscura;
1695 1496 1718 1522 si
1732 1504 1767 1523 ex
1779 1496 1869 1528 rebus,
1915 1499 1919 1504 ⁴

1079 1531 1157 1558 valde
1169 1537 1196 1558 et
1208 1532 1311 1560 modica
1325 1532 1486 1559 etillustria.
1507 1533 1574 1559 Nam
1585 1533 1609 1559 si
1619 1532 1734 1559 Mancini
1747 1541 1872 1561 caussam
1908 1534 1919 1550 -“

1077 1570 1105 1596 in
1119 1577 1174 1596 uno
1186 1570 1308 1596 Mancino
1326 1570 1464 1604 ponimus,
1487 1570 1710 1605 quotiescumque
1727 1570 1764 1601 is,
1788 1578 1872 1605 quem
1908 1568 1917 1574 ”

1077 1611 1152 1642 pater
1172 1611 1291 1642 patratus
1313 1606 1457 1637 dediderit,
1485 1611 1607 1642 receptus
1629 1615 1681 1634 non
1702 1608 1765 1638 erit,
1793 1609 1871 1636 toties
1914 1628 1917 1632 »

1055 1664 1056 1668 ,
1077 1652 1172 1671 caussa
1186 1652 1253 1670 nova
1267 1648 1399 1670 nascetur.
1437 1643 1485 1671 Sin
1498 1643 1544 1670 illa
1556 1645 1735 1671 controversia
1747 1653 1871 1673 caussam
1916 1656 1917 1659 ¹

1077 1681 1152 1713 facit,
1178 1680 1334 1708 videaturne
1351 1681 1389 1713 ei,
1413 1689 1495 1716 quem
1510 1686 1584 1716 pater
1596 1686 1715 1716 patratus
1728 1681 1868 1715 dediderit,
1902 1690 1917 1707 ·:

1077 1719 1100 1745 si
1114 1719 1138 1745 is
1151 1727 1203 1745 non
1217 1719 1253 1744 sit
1265 1723 1397 1754 receptus,
1409 1718 1605 1753 postliminium
1619 1727 1687 1749 esse.
1700 1718 1767 1745 nihil
1781 1719 1815 1746 ad
1827 1728 1871 1746 ar-
1910 1720 1914 1725 '

1077 1760 1130 1782 tem
1148 1755 1255 1782 dicendi
1278 1764 1326 1782 nec
1343 1755 1376 1782 ad
1394 1760 1550 1792 argumenta
1571 1755 1736 1782 defensionis
1753 1756 1868 1784 Mancini
1894 1790 1898 1792 .
1913 1772 1915 1776 ⁴

1078 1801 1175 1820 nomen
1192 1793 1316 1828 pertinet.
1362 1794 1420 1819 438.
1441 1793 1491 1824 Ac,
1516 1793 1539 1819 si
1556 1792 1624 1828 quid
1639 1793 1714 1820 aflei-t
1734 1798 1870 1828 praeterea
1912 1791 1915 1809 ἶ

1077 1830 1194 1857 hominis
1208 1834 1254 1856 aut
1266 1830 1384 1866 dignitas
1399 1835 1444 1856 aut
1460 1830 1618 1866 indignitas,
1643 1835 1717 1857 extra
1733 1831 1870 1866 quaestio·
1900 1827 1915 1870 1

1077 1876 1138 1894 nem
1151 1871 1204 1898 est,
1229 1871 1256 1894 et
1272 1875 1302 1894 ea
1316 1871 1404 1894 tamen
1417 1867 1476 1902 ipsa
1489 1867 1571 1894 oratio
1583 1867 1616 1894 ad
1630 1868 1750 1894 universi
1762 1868 1869 1904 generis
1897 1880 1913 1888 ··

1076 1904 1284 1940 disputationem
1302 1904 1431 1931 reseratur
1448 1912 1556 1931 necesse
1572 1909 1622 1931 est.
1664 1905 1733 1931 Haec
1749 1913 1800 1941 ego
1816 1913 1870 1933 non
1908 1900 1913 1929 l

1076 1950 1107 1968 eo
1119 1941 1231 1968 consilio
1244 1941 1365 1977 disputo.
1386 1946 1416 1968 ut
1428 1941 1551 1969 homines
1563 1941 1682 1968 eruditos
1694 1941 1866 1978 redarguam;
1910 1954 1912 1962 v

1075 2053 1187 2088 poribus
1201 2054 1300 2088 positas
1313 2061 1382 2080 esse.
1425 2054 1482 2079 ⁴39.
1503 2053 1570 2079 Nam
1584 2053 1634 2079 etsi
1647 2054 1788 2080 incurrunt
1800 2057 1868 2080 tem-
1906 2047 1912 2082 'J

1349 2202 1464 2228 Tantum
1477 2202 1542 2228 satis
1555 2206 1597 2228 est
1613 2201 1742 2237 intelligi,
1766 2209 1799 2228 ne
1816 2201 1868 2228 hoc

1074 2239 1184 2274 ‹piidem
1198 2248 1243 2265 eos
1256 2243 1421 2270 consecutos,
1436 2239 1510 2274 quod
1522 2239 1551 2265 in
1564 2242 1636 2265 tanto
1648 2239 1702 2265 otio
1715 2239 1795 2265 etiam
1807 2239 1867 2266 siue
1895 2238 1904 2251 ·“

1075 2276 1124 2303 hac
1138 2276 1237 2303 sorensi
1250 2276 1437 2303 exercitatione
1450 2275 1555 2302 efficere
1564 2280 1717 2310 potuerunt,
1731 2280 1761 2302 ut
1769 2283 1867 2311 gener·
1886 2302 1890 2306 ,
1901 2302 1904 2306 ,

1074 2322 1164 2340 rerum
1173 2313 1354 2340 discernerent
1363 2321 1448 2348 eaque
1457 2312 1548 2348 paullo
1556 2312 1685 2339 subtilius
1692 2312 1864 2348 explicarent.
1891 2310 1894 2314 ”

1074 2351 1173 2377 Verum
1192 2350 1253 2381 hoc,
1279 2355 1309 2377 ut
1326 2350 1396 2381 dixi,
1421 2349 1489 2377 nihil
1507 2350 1540 2376 ad
1557 2357 1610 2376 me.
1649 2349 1721 2376 Illud
1733 2349 1767 2376 ad
1780 2357 1824 2376 me
1835 2356 1867 2376 aa

1074 2387 1160 2414 multo
1177 2388 1256 2414 etiam
1275 2388 1361 2423 magis
1375 2387 1409 2414 ad
1421 2396 1483 2418 vos,
1508 2387 1581 2414 Cotta
1600 2391 1690 2413 noster
1707 2391 1733 2413 et
1745 2385 1863 2421 Sulpici:
1888 2382 1898 2398 '¹

1076 2426 1132 2451 tto.
1152 2425 1286 2460 quomodo
1299 2433 1370 2451 nunc
1387 2433 1416 2451 se
1432 2425 1544 2451 istorum
1562 2428 1631 2450 artes
1648 2423 1760 2455 habent,
1784 2420 1880 2458 perti-

1074 2462 1215 2488 mescenda
1228 2467 1269 2488 est
1282 2461 1427 2488 multitudo
1438 2469 1608 2494 caussarum;
1632 2465 1674 2488 est
1690 2461 1763 2487 enim
1775 2459 1867 2487 infini-

1074 2503 1108 2530 ta,
1123 2499 1147 2525 si
1159 2499 1188 2525 in
1202 2499 1323 2534 personis
1336 2499 1458 2534 ponitur3
1472 2502 1538 2533 quot
1548 2497 1679 2528 homines,
1692 2502 1730 2524 tot
1739 2505 1878 2530 caussae;-

1073 2537 1117 2562 sin
1129 2535 1163 2562 ad
1175 2544 1305 2572 generum
1318 2536 1458 2563 universas
1471 2535 1641 2570 quaestiones
1654 2533 1814 2566 referuntur,
1827 2534 1868 2563 in

1074 2573 1193 2600 modicae
1205 2578 1231 2599 et
1243 2581 1344 2608 paucae
1356 2577 1433 2604 sunt,
1457 2577 1488 2599 ut
1505 2580 1551 2598 eas
1567 2580 1660 2599 omnes
1678 2571 1822 2607 diligentes
1837 2573 1883 2598 et·

1074 2618 1205 2636 memores
1218 2615 1244 2636 et
1256 2610 1339 2637 sobrii
1352 2614 1467 2637 oratores
1481 2617 1621 2644 percursas
1634 2609 1724 2636 animo
1734 2613 1769 2640 et,
1781 2615 1864 2644 propa

1073 2647 1174 2678 dicam,
1198 2647 1348 2674 decantatas
1361 2647 1460 2673 habere
1473 2646 1599 2679 debeant;
1627 2647 1678 2673 nisi
1692 2645 1758 2673 forte
1771 2645 1864 2672 existi-
1875 2646 1881 2657 ³

1859 2941 1886 3052 ζει-φε-
1876 2906 1884 2917 Ἰ-
1875 2875 1881 2883 .
