1941 3052
430 89 480 115 DE
511 88 691 115 NATURA
722 88 909 115 DEORUM
943 89 1020 115 LIB.
1052 89 1103 115 111.
1134 88 1227 116 CAP.
1251 90 1371 116 4-12,

74 162 101 187 in
117 168 175 186 eam
191 164 294 194 partem
308 161 454 191 sermonis,
476 168 558 194 quam
575 159 654 186 modo
670 159 742 191 dixi,
764 159 872 185 differe-

73 207 144 228 mus,
157 197 306 232 eodemque
318 202 437 232 tempore
449 197 493 223 illa
506 198 605 227 omnia,
614 206 683 232 quae
697 206 711 223 a
723 202 747 223 te
758 197 871 232 physice

73 235 144 262 dicta
154 239 218 261 sunt
228 235 261 261 de
273 236 299 260 vi
312 235 389 270 ignea
398 256 404 266 ,
417 234 505 269 deque
516 243 547 261 eo
558 234 658 265 calore,
672 243 706 261 ex
716 243 770 269 quo
781 234 871 260 omnia

72 273 195 308 generari
219 271 342 302 dicebas,
369 272 426 298 loco
446 281 495 299 suo
515 277 691 307 quaerentur:
714 272 868 306 omniaque,

72 317 141 344 quae
155 318 169 335 a
184 314 208 335 te
229 309 426 336 nudiustertius
441 309 510 336 dicta
529 314 606 341 sunt,
623 325 660 328 —
675 317 761 344 quum
776 309 870 335 docere

73 346 157 373 velles
173 346 236 373 deos
251 355 356 372 esse—
366 355 449 382 quare
465 352 491 373 et
505 347 623 373 mundus
635 347 780 372 universus
795 351 820 372 et
830 345 869 372 sol

72 389 98 410 et
109 383 172 410 luna
183 389 208 410 et
219 384 311 410 stellae
323 393 434 410 sensum
445 393 475 410 ac
487 389 604 410 mentem
616 384 754 414 haberent,
762 384 790 410 in
798 383 870 409 idem

72 427 179 456 tempus
191 421 344 448 reservabo.
387 423 426 448 49.
449 421 469 448 A
486 426 509 448 te
524 426 613 447 autem
626 421 697 447 idem
710 420 778 447 illud
789 421 870 446 etiam

71 463 151 493 atque
163 459 243 485 etiam
255 468 396 493 quaeram,
414 459 516 494 quibus
532 458 682 485 rationibus
697 458 747 484 tibi
758 466 870 493 persua-

71 495 135 522 deas
147 496 211 522 deos
223 505 292 522 esse.
329 497 394 522 VllI.
417 497 485 522 Tum
497 495 605 527 Balbus,
619 495 753 530 Equidem
764 494 870 521 attulis-

71 542 100 559 se
112 534 227 559 rationes
238 534 306 560 mihi
314 534 418 566 videon
429 533 527 559 sedeas
540 538 567 560 tu
575 534 609 559 ita
617 532 728 563 refellis,
737 537 774 562 ut,
783 541 868 567 quum

72 579 114 597 me
126 571 337 606 interrogaturus
349 580 408 597 esse
422 571 543 601 videare,
560 576 585 597 et
599 579 648 605 ego
660 579 701 596 me
713 570 746 596 ad
758 578 870 604 respon-

70 608 191 634 dendum
202 609 394 643 compararim,
412 613 520 643 repente
531 612 635 634 avertas
647 608 807 638 orationem,
821 615 869 632 nec

70 645 119 672 des
130 645 311 680 respondendi
323 645 422 672 locum.
463 646 554 680 Itaque
570 645 703 671 maximae
719 653 761 670 res
775 645 869 670 tacitae

70 684 274 718 praeterierunt,
283 683 316 709 de
327 683 502 713 divinatione,
511 683 544 708 de
557 682 621 709 fato:
635 682 738 717 quibus
744 681 777 707 de
785 689 870 716 quae-

70 720 205 746 stionibus
217 725 244 747 tu
255 721 366 756 quidem
378 721 505 750 strictim,
523 721 606 746 nostri
621 724 710 745 autem
726 718 810 745 multa
825 727 870 744 so-

72 757 127 784 lent
138 757 237 788 dicere,
251 758 299 784 sed
310 758 344 784 ab
357 758 405 784 hac
416 757 480 784 eae*
492 758 663 792 quaestione,
677 765 746 791 quae
758 757 868 782 nuncin

70 795 197 821 manibus
209 800 257 826 est,
271 799 438 829 separantur.
464 794 560 826 Quare,
573 795 597 820 si
609 793 725 824 videtur,
740 793 794 819 noli
806 801 869 829 age-

70 841 97 858 re
109 832 229 863 confuse,
242 837 272 859 ut
283 833 332 859 hoc
343 832 511 867 explicemus
524 832 573 858 hac
584 831 780 866 disputatione,
796 830 868 865 quod

69 870 217 905 quaeritur.

124 909 166 933 20.
189 906 304 941 Optime,
320 907 409 941 inquit
420 906 505 933 Cotta.
546 906 637 940 Itaque
649 906 778 940 quoniam
790 911 865 940 quat-

69 949 128 971 tuor
139 945 166 970 in
178 949 266 979 partes
278 949 358 970 totam
370 944 555 978 quaestionem
567 943 701 969 divisisti.
719 942 752 968 de
766 943 868 978 prima-

67 990 121 1016 que
136 981 271 1013 diximus,
293 981 496 1007 consideremus
511 980 669 1007 secundam.
709 979 783 1012 Quae
800 980 868 1006 mihi

68 1018 129 1045 talis
141 1019 249 1046 videtur
260 1018 353 1050 fuisse,
368 1023 405 1050 ut,
419 1027 505 1053 quum
516 1017 656 1044 ostendere
667 1017 760 1048 velles,
774 1017 868 1052 quales

67 1056 106 1082 dii
122 1062 224 1088 essent,
246 1056 401 1083 ostenderes
417 1056 506 1082 nullos
522 1064 591 1081 esse.
632 1055 654 1081 A
672 1055 869 1081 consuetudine

67 1095 140 1120 enim
156 1094 296 1121 oculorum
308 1095 429 1120 animum
442 1093 576 1119 abducere
588 1092 782 1119 difficillimum
794 1092 868 1119 dice-

69 1132 129 1162 baS,
141 1132 202 1163 sed,
221 1140 307 1167 quum
319 1131 369 1157 deo
380 1131 449 1157 nihil
461 1131 641 1165 praestantius
653 1135 736 1159 esset,
754 1139 806 1156 non
816 1130 868 1156 du-

67 1169 182 1200 bitabas,
196 1170 263 1204 quin
276 1169 395 1195 mundus
407 1173 477 1194 esset
487 1168 564 1198 deus,
573 1167 645 1202 quod
658 1167 725 1194 nihil
738 1168 766 1194 in
778 1176 867 1194 rerum

68 1212 161 1233 natura
174 1207 272 1233 melius
284 1211 366 1237 esset,
382 1206 460 1232 modo
472 1214 614 1240 possemus
629 1214 690 1231 eum
703 1206 867 1232 animantem

67 1246 197 1280 cogitare,
216 1244 258 1271 vel
274 1245 378 1279 potius,
397 1248 426 1270 ut
441 1248 527 1270 cetera
543 1242 644 1274 oculis,
662 1243 701 1268 sic
716 1243 806 1269 animo
818 1243 867 1268 hoc

66 1290 185 1308 cernere.
220 1283 260 1308 21.
278 1281 330 1308 Sed
342 1290 427 1316 quum
440 1280 541 1307 mundo
553 1290 634 1316 negas
646 1280 797 1315 quidquam
808 1289 867 1307 esse

67 1319 174 1351 melius,
191 1319 258 1356 quid
269 1319 338 1347 dieis
351 1318 467 1346 metius?
480 1318 507 1346 Si
519 1318 671 1355 pulchrius,
686 1319 830 1346 assentior:
843 1320 866 1345 si
888 1332 890 1350 ,ι

66 1360 155 1393 aptius
167 1359 200 1385 ad
213 1358 340 1385 utilitates
353 1363 469 1389 nostras,
489 1358 515 1384 id
531 1367 639 1393 quoque
657 1358 800 1384 assentior:
823 1358 866 1383 sin

66 1401 155 1423 autem
171 1396 198 1422 id
215 1396 298 1428 dicis,
322 1396 390 1422 nihil
407 1405 465 1422 esse
482 1396 583 1422 mundo
604 1396 769 1430 sapientius,
792 1394 866 1421 nullo
887 1428 890 1435 .

66 1434 145 1460 modo
157 1443 267 1468 prorsus
279 1435 423 1460 assentior:
437 1442 489 1460 non
501 1433 573 1468 quod
584 1432 696 1460 difficile
708 1434 866 1459 sitinentem

65 1472 99 1498 ab
112 1471 199 1498 oculis
211 1480 350 1500 sevocare;
369 1471 416 1497 sed
432 1479 486 1506 quo
502 1471 589 1506 magis
604 1479 714 1501 sevoco,
732 1479 763 1497 eo
775 1471 866 1496 minus

65 1509 103 1540 id,
117 1509 189 1543 quod
202 1514 228 1535 tu
242 1509 292 1539 vis,
307 1517 418 1543 possum
430 1513 518 1534 mente
529 1508 768 1543 comprehendere.

122 1547 168 1572 IX.
191 1546 264 1572 Nihil
281 1551 322 1573 est
337 1546 438 1572 mundo
453 1545 551 1572 melius
563 1546 590 1572 in
602 1555 691 1572 rerum
703 1551 809 1576 natura;
833 1553 865 1571 ne

66 1585 92 1610 iu
109 1584 186 1610 terris
202 1584 313 1618 quidem
330 1583 395 1610 urbe
408 1588 506 1610 nostra.
548 1584 618 1610 Num
631 1584 714 1619 igitur
727 1583 826 1609 idcirco
838 1583 865 1608 in

65 1621 131 1647 urbe
143 1630 202 1647 esse
214 1622 352 1651 rationem,
365 1622 563 1657 cogitationem,
573 1626 689 1648 mentem
702 1621 799 1656 putas?
809 1624 863 1651 aut,

63 1659 192 1693 quoniam
205 1667 256 1685 non
267 1659 311 1689 sit,
320 1668 384 1685 num
398 1659 497 1685 idcirco
509 1659 658 1689 existimas,
668 1658 807 1685 formicam
818 1666 866 1684 an—

63 1695 242 1731 teponendam
254 1705 312 1722 esse
325 1696 389 1722 huic
400 1695 599 1731 pulcherrimae
611 1697 682 1727 urbi,
695 1696 768 1731 quod
780 1697 807 1722 in
820 1704 866 1722 ur-

63 1733 98 1760 be
109 1742 206 1760 sensus
217 1734 253 1760 sit
264 1733 366 1765 nulluS,
380 1735 407 1760 in
421 1733 530 1760 formica
543 1743 594 1761 non
607 1734 686 1760 modo
697 1742 803 1764 sensus,
817 1733 864 1759 sed

64 1772 145 1798 etiam
158 1780 247 1802 mens,
265 1772 344 1802 ratio,
363 1771 510 1797 meinoria‘?
532 1772 627 1798 Videre
638 1776 754 1806 oportet,
773 1770 862 1802 Balbe,

63 1808 131 1843 quid
143 1808 192 1835 tibi
203 1808 377 1839 concedatur,
397 1818 448 1835 non
466 1814 489 1835 te
507 1810 610 1843 ipsum,
627 1809 700 1844 quod
717 1809 799 1839 velis.
818 1817 865 1834 su-

64 1854 147 1872 mere.
187 1847 229 1872 22.
252 1847 335 1872 lstum
352 1847 424 1872 enim
438 1846 525 1872 locum
538 1851 621 1873 totum
635 1846 679 1873 illa
693 1851 769 1873 vetus
780 1847 865 1872 Zeno-

64 1883 107 1909 nis
119 1883 209 1909 brevis
220 1887 255 1914 et,
268 1888 297 1909 ut
308 1883 357 1909 tibi
370 1883 521 1913 videbatur,
530 1889 606 1910 acuta
618 1883 756 1911 conclusio
767 1883 866 1910 dilata-

64 1921 113 1946 vit.
154 1921 224 1946 Zeno
244 1921 316 1946 enim
337 1922 372 1946 ita
393 1920 543 1948 concludit:
568 1922 641 1953 Quod
656 1925 756 1948 ratione
772 1924 863 1951 ulitur,

62 1959 153 1984 virtius
164 1962 208 1988 cst,
220 1967 297 1991 quam
309 1959 343 1988 id,
355 1960 422 1991 quod
433 1961 532 1984 ratione
542 1967 593 1985 non
603 1961 694 1985 utitur.
735 1959 806 1985 Nihil
817 1968 865 1985 au-

64 2000 112 2021 tem
126 1997 220 2021 mundo
234 1997 338 2021 melius:
354 1997 454 2021 ratione
470 1998 549 2028 iqicur
564 1998 673 2022 mattridus
688 1998 780 2022 utitur.
820 1997 862 2023 23.

63 2032 117 2058 Hoc
129 2033 152 2058 si
164 2031 262 2067 placet,
280 2032 334 2058 iam
345 2031 460 2063 efficies,
479 2037 508 2058 ut
520 2032 639 2059 mundus
649 2033 750 2067 optime
764 2032 863 2059 librum

65 2069 153 2105 legere
175 2069 306 2096 videatur.
347 2070 462 2096 Zenonis
482 2070 555 2096 enim
577 2071 701 2106 vestigiis
718 2070 767 2096 hoc
786 2070 865 2096 modo

64 2107 192 2133 rationem
199 2107 299 2142 poteris
310 2107 484 2133 concludere:
503 2108 576 2139 Quod
586 2109 728 2134 litteratum
738 2109 818 2139 es1,id
828 2112 864 2134 est

62 2146 161 2175 melius,
173 2153 251 2178 quum
263 2147 330 2178 quod
340 2153 391 2171 non
401 2149 437 2171 est
449 2146 603 2171 litteratum:
620 2147 778 2171 minitantem
790 2154 865 2171 mun-

62 2184 95 2208 do
104 2183 208 2208 melius:
220 2183 349 2208 litteratus
358 2185 438 2215 iqitur
449 2186 484 2208 est
495 2184 613 2208 muudus.
635 2183 687 2209 Isto
698 2182 863 2209 modoetiam

62 2219 180 2246 disertus
192 2218 340 2254 etquidem
351 2219 567 2250 mathematicus
585 2221 717 2250 musicus,
731 2220 804 2246 omni
816 2219 864 2245 do-

62 2257 145 2292 niquo
161 2256 280 2283 doctrina
300 2256 438 2287 eruditus,
461 2261 595 2291 postremo
613 2257 793 2292 philosophus
813 2257 864 2283 erit

63 2294 193 2320 mundus.
215 2294 300 2328 Saepo
312 2293 417 2324 dixisti,
431 2293 498 2319 nihil
512 2294 569 2320 lieri
580 2295 638 2321 sino
650 2294 709 2325 deo,
719 2303 768 2320 nec
780 2293 862 2320 ullum

63 2331 119 2357 vim
135 2339 194 2357 esso
210 2335 333 2361 naturae,
353 2335 382 2357 ut
397 2331 440 2357 sui
457 2331 602 2358 dissimilia
618 2336 708 2366 posset
723 2331 862 2367 effingere.

62 2368 212 2395 Concedam
233 2377 285 2395 non
307 2368 386 2395 modo
403 2368 568 2395 animantem
588 2374 614 2395 ct
633 2369 783 2403 sapientem
804 2377 864 2395 esso

63 2405 210 2437 mundum,
227 2406 274 2432 sed
288 2405 424 2432 fidicinem
436 2406 516 2432 etiam
529 2411 555 2432 et
566 2406 720 2438 tibicinem,
733 2407 862 2441 quoniam

62 2451 153 2469 earum
165 2451 274 2478 quoque
286 2444 382 2470 artium
397 2443 519 2469 homines
530 2451 564 2470 ex
575 2444 802 2478 coprocreantur?
816 2444 863 2470 Ni-

63 2479 100 2506 hil
114 2480 196 2516 igitur
206 2480 280 2507 affert
295 2485 369 2515 pater
385 2481 434 2507 iste
445 2480 610 2510 Stoicorum.
628 2489 711 2516 quare
729 2480 861 2507 mundum

62 2517 163 2544 ratione
175 2518 214 2544 uti
225 2523 366 2553 putemus,
385 2526 418 2544 ne
433 2526 481 2544 cur
492 2518 656 2544 animantem
667 2517 778 2552 quidem
791 2526 860 2544 esse.

62 2555 120 2581 Non
131 2559 172 2581 est
182 2555 264 2591 igitur
275 2555 394 2582 mundus
405 2555 486 2581 deus:
500 2560 625 2582 ettamen
638 2554 706 2581 nihil
718 2559 758 2581 ost
768 2564 799 2581 co
806 2564 862 2581 mc—

63 2591 130 2618 lius:
149 2592 216 2619 nihil
232 2597 273 2620 est
287 2593 359 2619 enim
371 2601 402 2619 eo
413 2592 568 2628 pulchrius.
588 2592 656 2619 nihil
672 2592 750 2618 nohis
761 2592 862 2619 salutu-

62 2629 132 2661 rius,
160 2629 229 2657 nihil
249 2630 369 2658 ornatius
393 2635 501 2665 aspectu
528 2635 656 2666 motuque
683 2630 861 2658 constantius.

1658 93 1720 117 ⁴¹29

923 159 1000 191 Quod
1015 160 1038 186 si
1054 159 1174 186 mundus
1189 161 1335 187 universus
1352 169 1404 187 non
1420 165 1460 187 est
1475 160 1556 192 deus,
1580 169 1612 187 ne
1629 161 1720 188 stellae

923 197 1044 231 quidem,
1053 206 1121 232 quas
1128 202 1155 224 tu
1168 198 1381 224 innumerabiles
1394 199 1419 224 in
1432 197 1544 224 deorum
1555 207 1668 225 numero
1678 208 1722 225 re-

923 234 1054 268 ponebas,
1068 244 1184 269 quarum
1196 240 1220 261 te
1231 244 1328 261 cursus
1340 235 1496 270 aequabiles
1507 236 1663 271 aeternique
1673 236 1722 263 de—

924 271 1068 298 lectabant:
1087 281 1136 298 nec
1148 272 1301 299 mehercule
1313 273 1425 299 iniuria:
1446 278 1510 300 sunt
1520 274 1593 299 enim
1604 273 1721 300 admira-

922 308 972 334 bili
991 309 1201 345 incredibilique
1216 311 1374 337 constantia.
1415 312 1457 337 24.
1480 310 1533 336 Sed
1549 319 1600 337 non
1620 312 1719 341 omnia,

923 346 1012 376 Balbe,
1026 356 1095 381 quae
1106 356 1202 373 cursus
1213 352 1299 374 certos
1310 352 1335 374 et
1346 352 1498 374 constantes
1510 348 1617 379 habent,
1631 356 1661 374 ea
1672 348 1722 375 deo

922 384 1011 418 potius
1023 384 1166 410 tribuenda
1178 390 1249 415 sunt,
1263 394 1345 420 quam
1358 390 1477 411 naturae.
1499 385 1534 411 X.
1557 384 1629 417 Quid
1640 385 1723 412 Chal-

922 420 1009 447 cidico
1019 422 1120 456 Euripo
1136 423 1163 448 in
1180 428 1253 448 motu
1269 422 1427 449 idemtidem
1442 422 1632 457 reciprocando
1643 428 1722 458 putas

923 458 979 484 sieri
1002 467 1079 492 posse
1098 459 1283 486 constantius?
1305 459 1372 494 quid
1394 459 1459 486 freto
1478 460 1635 487 Siciliensi?
1654 460 1722 496 quid

923 495 1021 522 Oceani
1034 496 1137 522 fervore
1148 496 1203 523 illis
1216 497 1243 523 in
1256 497 1331 528 locis,

959 533 1088 566 Europam
1103 535 1258 568 Libyamque
1269 544 1356 568 rapaci?
1366 536 1409 561 nbi
1419 537 1511 561 dividit
1522 537 1590 561 unda
1598 534 1612 560 ἶ)

921 570 1010 602 Quid‘?
1021 576 1110 597 aestus
1123 573 1261 602 maritimi,
1275 572 1317 598 vel
1329 572 1521 606 Hispanienses
1533 572 1575 598 vel
1588 573 1722 599 Britanni-

921 608 955 638 ci,
964 617 1112 643 eorumque
1123 610 1202 635 certis
1215 609 1382 644 temporibus
1395 609 1436 635 vel
1452 618 1577 636 accessus
1584 609 1625 636 vel
1634 618 1723 636 reces-

922 654 969 671 sus
988 646 1047 672 sine
1062 646 1112 672 deo
1133 646 1190 672 fieri
1211 655 1298 673 nonne
1313 646 1443 681 possunt‘?
1463 647 1544 677 Vide,
1562 656 1676 682 quaeso,
1698 648 1722 674 si

921 691 1014 709 omnes
1022 688 1118 714 motus,
1131 684 1285 719 omniaque,
1299 693 1368 718 quae
1379 685 1459 711 certis
1470 684 1638 719 temporibus
1649 684 1723 711 ordi-

922 729 982 746 nem
999 729 1079 746 suum
1094 726 1268 752 conservant,
1289 721 1381 748 divina
1397 722 1528 752 dicimus,
1547 730 1579 748 ne
1595 723 1721 748 tertianas

921 766 1029 792 quoque
1041 758 1052 770 *
1072 757 1160 784 febres
1175 763 1201 784 et
1216 763 1360 793 quartanas
1375 759 1484 785 divinas
1499 767 1558 784 esse
1574 759 1721 786 dicendum

921 795 968 820 sit:
987 803 1102 829 quarum
1118 797 1272 822 reversione
1288 800 1314 822 et
1327 800 1400 822 motu
1412 796 1478 830 quid
1490 801 1577 830 potest
1587 805 1646 822 esse
1658 805 1722 823 con-

920 831 1055 858 stantius‘?
1074 832 1126 858 Sed
1142 834 1264 859 omnium
1280 833 1375 860 talium
1392 842 1481 859 rerum
1502 834 1567 859 ratio
1586 833 1722 860 reddenda

921 874 970 895 est.
1011 871 1052 896 25.
1075 869 1152 902 Quod
1168 879 1215 896 vos
1231 879 1316 905 quum
1333 870 1419 897 facere
1436 879 1487 897 non
1502 871 1627 905 potestis,
1654 876 1722 898 tam-

920 915 1002 942 quam
1014 908 1041 932 in
1053 915 1134 938 aram,
1148 907 1294 943 confugitis
1305 908 1338 934 ad
1350 908 1441 934 deum.

974 945 1007 970 Et
1019 944 1189 980 Chrysippus
1206 945 1255 971 tibi
1271 950 1347 972 acute
1362 945 1452 972 dicere
1463 945 1620 976 videbatur,
1642 945 1722 972 homo

921 982 979 1008 sine
990 981 1074 1008 dubio
1087 987 1211 1008 versutus
1222 988 1248 1008 et
1259 982 1388 1009 callidus:
1403 983 1536 1017 (versutos
1547 991 1592 1009 eos
1604 983 1720 1018 appello,

920 1028 1036 1054 quorum
1048 1019 1169 1046 celeriter
1181 1028 1257 1046 mens
1269 1025 1404 1046 versatur:
1418 1020 1530 1046 callidos
1542 1025 1640 1051 autem,
1654 1029 1723 1056 quo-

920 1066 980 1083 rum
993 1061 1129 1092 tamquam
1145 1066 1242 1084 manus
1257 1066 1351 1092 opere,
1370 1059 1409 1084 sic
1425 1058 1533 1084 animus
1548 1066 1601 1084 usu
1616 1058 1722 1084 concal-

921 1094 996 1129 luitz)
1007 1095 1031 1120 is
1043 1095 1134 1130 igitur,
1148 1099 1171 1121 si
1181 1096 1283 1129 aliquid
1293 1100 1337 1126 est,
1352 1096 1449 1130 inquit,
1465 1097 1533 1129 quod
1543 1097 1615 1121 homo
1624 1098 1723 1129 efficere

919 1141 969 1158 non
979 1135 1067 1165 possit,
1079 1135 1124 1166 qui
1135 1134 1162 1158 id
1172 1134 1257 1166 efficit,
1269 1134 1360 1159 melior
1370 1138 1405 1159 est
1416 1135 1524 1159 homine.
1546 1133 1628 1159 Homo
1638 1139 1723 1159 autem

919 1171 989 1199 haec,
1001 1178 1066 1203 quae
1077 1172 1103 1196 in
1115 1172 1207 1196 mundo
1219 1175 1277 1196 siml
1285 1190 1291 1201 ,
1302 1172 1401 1204 efficere
1412 1179 1461 1196 non
1471 1175 1566 1203 potest.-
1587 1173 1631 1204 qui
1639 1174 1723 1204 potuit

921 1210 1008 1240 iqitur,
1025 1210 1048 1233 is
1056 1212 1172 1240 praestat
1184 1209 1286 1234 homini.
1308 1208 1413 1234 Homini
1422 1213 1505 1234 autem
1518 1213 1654 1241 praestare
1665 1212 1722 1242 quis

916 1247 1010 1279 possit.
1028 1247 1078 1270 nisi
1093 1244 1173 1270 deus?
1195 1245 1238 1271 Est
1252 1248 1332 1278 igitur
1346 1247 1415 1271 deus.
1455 1245 1524 1271 Haec
1535 1246 1625 1272 omnia
1638 1246 1665 1272 in
1677 1254 1722 1273 eo-

919 1284 994 1314 dem,
1012 1290 1066 1318 quo
1082 1282 1126 1310 illa
1142 1282 1270 1314 Zenonis,
1289 1291 1376 1309 errore
1393 1288 1544 1309 versantur.
1586 1285 1627 1309 26.
1650 1283 1722 1315 Quid

919 1322 991 1347 enim
1003 1322 1038 1347 sit
1050 1321 1162 1353 melius,
1178 1321 1245 1356 quid
1257 1319 1463 1356 praestabilius,
1481 1320 1548 1356 quid
1564 1321 1632 1347 inter
1644 1326 1722 1348 natu·

920 1368 975 1385 ram
987 1364 1012 1385 et
1024 1359 1153 1385 rationem
1166 1359 1280 1389 intersit,
1293 1368 1344 1385 non
1357 1359 1546 1394 distinguitur.
1580 1358 1718 1394 Idemque,

919 1397 941 1423 si
957 1396 1001 1422 dei
1019 1405 1070 1423 non
1087 1397 1154 1427 sint,
1177 1401 1256 1431 negat
1269 1405 1328 1423 esse
1341 1397 1367 1422 in
1379 1397 1452 1422 omni
1465 1401 1558 1422 natura
1570 1396 1721 1432 quidquam

920 1434 1027 1460 homine
1044 1433 1156 1466 melius;
1180 1433 1209 1460 id
1225 1439 1313 1460 autem
1330 1439 1423 1468 putare
1445 1442 1611 1469 quemquam
1633 1434 1721 1461 homi-

919 1481 994 1502 nem,
1009 1471 1076 1498 nihil
1090 1471 1199 1498 homine
1214 1480 1273 1498 esse
1285 1471 1397 1502 melius,
1415 1480 1537 1497 summac
1553 1472 1721 1507 arrogantiae

918 1514 1009 1535 censet
1032 1517 1101 1535 esse.
1142 1509 1183 1535 Sit
1203 1518 1267 1535 sane
1291 1509 1440 1545 arrogantis
1461 1508 1548 1543 pluris
1567 1518 1596 1535 se
1615 1514 1718 1544 putare,

918 1556 1000 1582 quam
1017 1546 1160 1573 mundum.
1202 1547 1234 1573 At
1250 1546 1317 1573 illud
1335 1555 1386 1573 non
1403 1546 1482 1573 modo
1497 1555 1548 1573 non
1561 1547 1718 1582 arrogantis,

918 1584 965 1611 scd
977 1585 1067 1619 potius
1079 1583 1231 1619 prudentiS,
1248 1584 1408 1619 intelligere,
1422 1593 1450 1609 se
1463 1584 1561 1610 habere
1573 1593 1683 1610 sensum
1696 1588 1722 1611 et

919 1623 1062 1649 rationem:
1081 1622 1147 1648 haec
1157 1621 1251 1648 eadem
1263 1622 1390 1648 Orionem
1401 1626 1427 1648 et
1437 1621 1594 1648 Caniculam
1607 1630 1659 1648 non
1672 1621 1721 1648 ha-

918 1660 991 1686 bere.
1032 1660 1073 1689 Et,
1081 1662 1104 1686 si
1115 1662 1204 1685 domus
1212 1661 1322 1693 pulchra
1333 1662 1375 1689 sit,
1388 1661 1562 1692 intelliyamus
1573 1669 1628 1685 eam
1639 1662 1721 1685 domi-

918 1700 969 1727 nis,
988 1698 1090 1732 inquit,
1109 1699 1271 1730 (testificatam
1287 1706 1351 1727 esse,
1375 1706 1424 1723 non
1440 1698 1568 1723 muribus:
1589 1700 1627 1723 sic
1642 1699 1722 1730 ἐρίων

917 1738 1037 1761 mnndum
1052 1737 1156 1760 deorum
1167 1737 1268 1760 (lonium
1279 1736 1565 1761 existimaredebemus.
1597 1735 1633 1761 lta
1645 1743 1721 1769 pror-

916 1781 963 1799 sus
984 1773 1182 1802 existimarem,
1210 1773 1233 1798 si
1255 1772 1333 1798 illum
1357 1772 1528 1798 aedificatum
1553 1780 1627 1802 esse,
1656 1780 1718 1802 non,

916 1809 1147 1845 quemadmodum
1164 1809 1279 1839 docebo,
1303 1819 1315 1835 a
1338 1815 1431 1836 natura
1452 1809 1647 1836 conformatum
1669 1817 1721 1844 pu-

919 1853 1011 1874 tarem.

972 1885 1017 1911 Xl.
1041 1886 1083 1912 27.
1106 1884 1138 1911 At
1152 1885 1225 1911 enim
1242 1886 1348 1919 quaerit
1363 1884 1435 1920 apud
1452 1884 1659 1919 Xenophontem
1671 1883 1720 1910 So-

916 1927 1010 1953 crates,
1025 1922 1097 1949 unde
1108 1923 1230 1948 animum
1242 1923 1447 1957 arripuerimus,
1461 1923 1484 1948 si
1497 1922 1588 1949 nullus
1601 1922 1681 1948 suerit
1694 1922 1719 1947 in

917 1960 1028 1986 mundo.
1056 1960 1088 1986 Et
1099 1968 1148 1995 ego
1159 1968 1268 1995 quaero,
1286 1960 1358 1986 unde
1369 1960 1526 1990 orationem,
1541 1959 1611 1986 unde
1625 1967 1721 1986 nume—

917 2006 972 2028 ros,
997 1997 1069 2024 unde
1085 2002 1190 2024 cantus.
1231 1998 1290 2023 Nisi
1307 2006 1370 2024 vero
1387 1997 1460 2032 loqui
1476 1997 1560 2023 solem
1577 2006 1639 2023 cum
1657 1996 1720 2023 luna

917 2040 1053 2069 putamus,
1066 2043 1152 2070 quum
1165 2036 1277 2070 propius
1289 2036 1439 2065 accesserit,
1449 2040 1494 2061 aut
1505 2034 1538 2061 ad
1551 2034 1719 2061 harmoniam

916 2080 1010 2098 canere
1027 2072 1174 2102 mundum,
1193 2077 1221 2098 ut
1233 2072 1397 2108 Pythagoriis
1414 2073 1561 2099 existimat.
1604 2072 1718 2098 Naturae

918 2110 966 2135 ista
978 2114 1054 2139 sunt,
1072 2109 1165 2139 Balbe,
1180 2114 1303 2140 naturae,
1321 2119 1373 2136 non
1386 2110 1528 2136 artificiose
1542 2109 1716 2136 ambulantis.

917 2151 944 2172 ut
956 2147 993 2172 ait
1004 2147 1087 2177 Zeno,
1105 2146 1178 2180 quod
1194 2146 1306 2181 quidem
1318 2147 1398 2182 quale
1415 2147 1462 2177 sit,
1482 2148 1534 2173 iam
1552 2146 1715 2172 videbimus.

915 2183 963 2209 sed
974 2184 1064 2209 omnia
1076 2183 1173 2209 cientis
1185 2188 1210 2209 et
1220 2184 1347 2218 agitantis
1360 2184 1478 2210 motibus
1490 2182 1718 2210 etmutationibus

915 2222 984 2247 suis.
1025 2222 1067 2246 28.
1090 2221 1182 2254 ltaque
1198 2220 1242 2246 illa
1260 2221 1328 2246 mihi
1345 2220 1468 2255 placebat
1481 2222 1564 2247 oratio
1575 2220 1608 2246 de
1619 2228 1718 2246 conve-

916 2259 1016 2284 nientia
1028 2266 1218 2292 consensuque
1230 2262 1353 2287 naturae.
1376 2267 1457 2293 quam
1469 2259 1548 2293 quasi
1559 2257 1718 2293 cognatione

915 2295 1097 2321 continuatum
1109 2295 1263 2329 conspirare
1275 2294 1395 2321 dicebas.
1413 2295 1482 2321 lllud
1495 2304 1546 2321 non
1559 2294 1714 2329 probabam.

915 2332 987 2367 quod
1000 2332 1117 2367 negabas
1129 2331 1155 2358 id
1168 2331 1290 2358 accidere
1303 2333 1436 2366 potuisse,
1453 2333 1506 2358 nisi
1518 2341 1546 2358 en
1560 2340 1613 2358 uno
1623 2331 1718 2358 divino

915 2370 1012 2404 spiritu
1028 2370 1219 2395 contineretur.
1262 2369 1306 2395 illu
1324 2378 1385 2395 vcro
1400 2369 1523 2395 cohaeret
1539 2374 1563 2395 ct
1581 2374 1718 2403 permanet

916 2412 1025 2433 miturne
1038 2407 1157 2437 viribus,
1176 2415 1227 2433 non
1239 2406 1364 2433 deorum:
1383 2411 1477 2441 estque
1495 2408 1521 2432 in
1534 2415 1563 2431 cu
1578 2407 1626 2432 iste
1637 2406 1717 2441 quasi

914 2453 1076 2474 consensus,
1095 2452 1177 2478 quum
1191 2444 1364 2479 συμπάθειαν
1376 2445 1471 2470 Graeci
1485 2448 1592 2470 vocant:
1615 2443 1663 2470 sed
1674 2452 1714 2473 ca,

914 2490 968 2516 quo
979 2489 1028 2507 sua
1038 2486 1133 2516 sponte
1145 2482 1284 2511 maiorest,
1293 2490 1324 2507 co
1336 2482 1427 2507 minus
1438 2481 1532 2507 divina
1544 2482 1645 2508 ratione
1657 2481 1716 2507 lieri

914 2518 1094 2545 existimanda
1105 2524 1155 2545 est.

970 2556 1027 2582 Xll.
1050 2558 1092 2583 ἓξ),
1115 2555 1160 2582 llln
1183 2561 1286 2585 nutem.
1315 2564 1384 2591 quae
1405 2555 1558 2582 Carneades
1578 2555 1713 2584 afferebat.

914 2593 1144 2628 quemadmodum
1156 2593 1326 2620 dissolvitis?
1337 2593 1364 2619 Si
1377 2592 1482 2619 nullum
1495 2602 1593 2629 corpus
1605 2594 1714 2619 immor⁴

914 2630 964 2657 talc
977 2631 1020 2662 sit,
1035 2630 1141 2658 nullum
1153 2639 1212 2658 esse
1224 2639 1322 2666 corpus
1332 2631 1541 2666 sempiternum:
1557 2640 1656 2666 corpus
1667 2639 1715 2657 nu-

1464 2680 1509 2704 ΝΕ
