1941 3052
213 159 304 187 PRO
335 159 463 186 REGE
496 158 752 186 DEIOTARO
783 158 840 185 AD
873 158 902 185 C.
936 157 1215 185 CAESAREM.
1257 158 1354 185 CAP.
1388 158 1522 184 7—13.

47 236 141 263 aetate,
153 240 240 267 quum
251 240 265 257 a
275 235 370 257 cuncta
380 230 452 261 Asia,
465 234 523 257 tum
535 239 549 256 a
560 229 761 265 magistratibus
773 229 846 265 lega-

47 271 136 305 tisque
148 269 255 300 nostris,
269 273 327 295 tum
338 268 371 294 ab
383 268 522 303 equitibus
532 268 669 298 Romanis,
683 267 731 302 qui
743 268 770 293 in
781 267 844 293 Asia

48 307 173 343 nQotiati
194 311 270 337 sunt,
293 310 430 340 perspecta
446 310 471 332 et
486 306 601 341 cognita.
632 306 674 331 27.
691 304 783 331 Multis
799 304 844 330 ille

46 344 157 380 quidem
162 343 291 380 gradibus
298 342 447 369 officiorum
453 351 515 378 erga
522 342 716 377 rempublicam
727 346 843 368 nostram

47 382 80 409 ad
95 382 145 408 hoc
159 381 263 416 regium
282 389 378 407 nornen
393 380 526 406 ascendit:
548 379 595 406 sed
611 384 699 406 tamen
709 379 844 414 quidquid

47 428 60 446 a
72 418 149 445 bellis
162 418 372 453 populiRomani
380 418 496 449 vacabat,
505 426 566 444 cum
578 417 734 443 hominibus
746 417 844 443 nostris

46 456 269 487 consuetudines,
293 456 437 486 amicitias,
455 464 497 481 res
513 455 684 489 rationesque
699 454 842 489 iungebat,

47 498 77 521 ut
92 502 144 520 non
160 493 249 520 solum
265 493 395 519 tetrarcha
411 492 524 523 nobilis,
542 492 590 518 sed
601 493 719 526 optimus
731 490 845 526 paterfa-

47 530 149 562 milias,
164 534 189 556 et
203 530 433 566 diligentissimus
444 529 561 565 agricola
571 533 597 555 et
608 529 750 564 pecuarius
763 528 845 554 habe-

46 572 128 595 retur.
159 567 211 600 Qui
232 568 316 603 igitur
336 567 504 598 adolescens,
528 566 647 593 nondum
671 570 741 592 tanta
761 565 844 601 gloria

46 605 196 640 praeditus,
217 605 284 632 nihil
300 614 444 640 umquam,
462 604 515 630 nisi
524 604 694 630 severissime
705 608 731 629 et
741 603 845 639 gravis—

46 643 127 674 sime,
146 642 250 675 fecerit,
272 643 296 669 is
311 651 341 668 ea
358 642 561 672 existimatione,
576 649 660 675 eaque
671 645 753 667 aetate
764 640 845 666 salta-

46 680 103 707 vit‘?
136 680 172 706 X.
194 682 236 707 28.
253 680 354 706 Imitari
369 680 472 714 potius,
490 679 594 709 Castor,
608 679 650 704 avi
662 687 748 704 mores
760 678 845 704 disci-

46 717 204 753 plinamque
222 717 353 747 debebas,
375 725 457 752 quam
473 717 574 750 optimo
585 720 611 742 et
626 715 776 742 clarissimo
787 716 844 741 viro

46 755 155 790 fugitivi
167 763 210 782 ore
221 754 388 781 maledicere.
420 753 496 785 Quod
507 754 531 779 si
541 753 692 780 saltatorem
703 762 784 779 avum
796 753 845 778 ha-

46 792 167 823 buisses,
185 800 272 827 neque
287 800 349 818 eum
365 791 467 822 virum,
481 791 553 817 unde
564 791 675 825 pudoris
685 790 845 825 pudicitiae-

46 838 100 864 que
115 829 237 864 exempla
253 832 418 864 peterentur:
442 832 531 854 tamen
547 828 596 854 hoc
609 827 781 854 maledictum
793 828 844 853 mi-

47 867 119 893 nime
129 867 156 893 in
168 866 242 893 illam
254 871 365 892 aetatem
377 866 541 892 conveniret.
572 865 677 897 Quibus
689 865 734 892 ille
745 865 843 892 studiis

46 904 79 930 ab
97 905 207 930 ineunte
221 908 304 930 aetate
319 912 348 929 se
359 903 501 934 imbuerat,
515 911 567 929 non
578 903 703 933 saltandi,
716 903 764 929 sed
775 903 844 929 bene

46 946 75 968 ut
88 942 183 972 armis,
205 942 306 976 optime
322 945 350 967 ut
366 941 443 976 equis
459 945 592 974 uteretur3
615 949 644 967 ea
660 945 748 967 tamen
764 940 843 966 illum

45 983 139 1006 cuncta
150 979 203 1005 iam
215 983 299 1005 aetate
309 983 401 1004 exacta
412 977 572 1004 defecerant.
594 979 685 1013 Itaque
691 979 842 1004 Deiotarum

45 1025 130 1052 quum
145 1016 236 1051 plures
252 1017 280 1042 in
295 1024 397 1050 equum
413 1015 598 1047 sustulissent,
612 1015 685 1050 quod
696 1016 804 1042 haerere
815 1016 842 1041 in

45 1062 76 1080 eo
89 1062 172 1080 senex
183 1058 281 1088 posset,
295 1053 419 1079 admirari
432 1053 600 1080 solebamus:
625 1053 668 1080 hic
679 1062 742 1080 vero
753 1053 844 1080 adole-

46 1099 132 1123 scenS‚
145 1091 194 1126 qui
205 1099 282 1117 meus
293 1091 320 1117 in
333 1090 424 1118 Cilicia
440 1090 528 1122 miles,
541 1091 568 1117 in
575 1091 685 1118 Graecia
696 1091 843 1118 commilito

45 1127 109 1159 suit,
126 1137 212 1163 quum
228 1129 255 1155 in
271 1128 319 1155 illo
333 1133 423 1155 nostro
438 1129 556 1155 exercitu
569 1129 700 1163 equitaret
710 1137 772 1155 cum
784 1129 843 1155 suis

45 1165 156 1193 delectis
167 1166 314 1201 equitibus,
328 1174 396 1201 quos
408 1174 461 1192 una
471 1175 534 1192 curn
546 1174 576 1192 eo
587 1166 619 1192 ad
627 1167 785 1202 Pompeium
796 1175 844 1201 pa-

45 1207 85 1230 ter
99 1204 221 1235 miserat,
238 1212 306 1239 quos
316 1212 464 1230 concursus
476 1203 562 1230 facere
576 1203 692 1230 solebat!
721 1213 802 1239 quam
815 1212 843 1230 se

46 1241 156 1268 iactare!
178 1249 260 1276 quam
276 1241 422 1267 ostentare!
444 1250 526 1276 quarn
543 1241 645 1268 nemini
660 1242 689 1268 in
705 1241 750 1268 illa
765 1250 844 1268 caus-

45 1287 75 1305 sa
95 1278 184 1305 studio
204 1283 230 1304 et
249 1278 395 1313 cupiditate
410 1278 567 1305 concederet
600 1281 641 1306 29.
664 1279 754 1312 Quum
771 1287 841 1310 vero,

45 1316 164 1342 exercitu
176 1316 284 1346 amisso,
298 1324 355 1351 ego,
369 1317 417 1351 qui
429 1317 502 1351 pacis
514 1320 604 1342 auctor
614 1325 720 1351 semper
727 1316 775 1347 fui,
784 1320 845 1351 post

44 1352 229 1380 Pharsalicum
241 1358 330 1379 autem
342 1353 472 1388 praelium
484 1362 578 1380 suasor
584 1353 697 1380 fuissem
709 1363 844 1381 armorum

45 1399 96 1417 non
109 1390 338 1425 deponendorum.
351 1390 707 1422 sedabiiciendorum‚hunc
718 1391 844 1418 admeam

46 1429 230 1454 auctoritatem
242 1437 293 1454 non
306 1429 380 1462 potui
391 1428 533 1459 adducere,
546 1429 619 1463 quod
630 1434 656 1456 et
667 1429 724 1464 ipse
736 1429 845 1456 ardebat

45 1465 135 1492 studio
150 1466 237 1500 ipsius
253 1465 331 1497 belli,
348 1471 374 1492 et
390 1466 458 1500 patri
473 1465 692 1493 satisfaciendum
704 1475 763 1494 esse
774 1467 845 1493 arbi-

45 1503 173 1530 trabatur.
206 1503 281 1530 Felix
301 1504 351 1529 ista
371 1503 481 1535 domus,
504 1512 573 1538 quae
588 1513 640 1530 non
655 1505 843 1539 impunitatem

46 1540 134 1566 solum
150 1540 244 1575 adepta
261 1541 309 1571 sit,
322 1540 369 1567 sed
380 1541 459 1567 etiam
471 1541 614 1568 accusandi
630 1541 778 1568 licentiam:
801 1551 845 1568 ca-

47 1577 186 1604 lamitosus
200 1578 351 1609 Deiotarus,
369 1579 416 1613 qui
433 1578 466 1604 ab
481 1587 524 1610 eo,
540 1579 588 1614 qui
603 1579 631 1605 in
643 1579 739 1606 iisdem
751 1581 844 1607 castris

46 1614 139 1646 fuerit,
157 1623 209 1641 non
225 1615 304 1642 modo
315 1615 387 1650 apud
398 1620 432 1647 te,
445 1615 494 1642 sed
507 1616 587 1642 etiam
599 1625 613 1643 a
624 1617 682 1643 suis
693 1621 843 1644 accusetur.

45 1652 97 1678 Vos
113 1657 200 1678 vestra
217 1653 334 1679 secunda
352 1652 468 1684 fortuna,
486 1653 586 1685 Castor,
600 1663 652 1680 non
662 1655 774 1689 potestis
785 1655 844 1681 sine

46 1690 258 1725 propinquorum
269 1690 418 1717 calamitate
429 1699 487 1717 esse
498 1691 633 1718 contenti‘?

101 1727 148 1754 XI.
170 1729 211 1754 30.
225 1727 285 1754 Sint
295 1736 359 1754 sane
369 1729 535 1760 inimicitiae,
548 1737 617 1764 quae
627 1737 687 1756 esse
699 1737 751 1756 non
762 1729 844 1756 debe-

45 1764 118 1791 bant.
149 1765 206 1792 Rex
217 1765 287 1791 enim
299 1766 437 1792 Deiotarus
448 1770 565 1792 vestram
577 1765 705 1793 familiam
713 1767 843 1794 abiectam

45 1806 71 1829 et
81 1802 221 1829 obscuram
233 1811 247 1829 e
257 1803 374 1830 tenebris
386 1804 413 1830 in
429 1803 516 1830 lucem
527 1805 656 1831 evocavit.
687 1803 754 1837 Quis
767 1809 843 1831 tuum

45 1843 146 1875 patrem
162 1844 235 1872 ante,
248 1841 296 1875 qui
307 1845 385 1871 esset,
399 1849 480 1876 quam
491 1841 570 1867 cuius
581 1850 663 1877 gener
673 1846 753 1873 esset,
767 1842 844 1869 audi-

46 1876 102 1904 vit?
122 1876 175 1904 Sed
189 1878 315 1912 quamvis
331 1878 433 1914 ingrate
445 1883 470 1905 et
480 1879 564 1913 impie
576 1879 784 1906 necessitudinis
796 1889 844 1906 no-

45 1922 107 1941 men
114 1914 300 1949 repudiaretis,
310 1916 560 1942 tameninimicitias
567 1916 707 1943 hominum
719 1926 791 1944 more
797 1926 844 1953 ge-

45 1960 102 1978 rere
113 1952 247 1986 poteratis,
261 1961 314 1978 non
329 1952 388 1979 (icto
399 1953 651 1985 crimineinsectari,
661 1963 712 1981 non
719 1959 844 1989 expetere

46 1989 143 2019 vitam,
161 1997 213 2015 non
229 1990 324 2024 capitis
336 1998 479 2016 arcessere.
510 1991 588 2017 Esto:
609 1991 770 2018 concedatur
780 1992 844 2019 haec

44 2034 153 2061 quoque
173 2026 324 2053 acerbitatis
345 2031 370 2053 et
389 2027 443 2053 odii
465 2028 631 2063 magnitudo.
672 2029 793 2060 Adeone,
815 2034 845 2056 ut

16 2067 19 2070 ’
45 2064 124 2090 etiam
144 2063 232 2089 omnia
254 2065 323 2090 vitae
339 2064 487 2099 salutisque
502 2066 654 2092 communis
669 2071 749 2101 atque
764 2067 843 2093 ctiam

45 2100 221 2127 humanitatis
232 2101 290 2127 iura
298 2101 449 2128 violentur?
469 2102 583 2129 Servum
594 2103 737 2130 sollicitare
744 2104 842 2136 verbis,

45 2146 93 2173 spe
124 2138 319 2174 promissisque
347 2147 530 2174 corrumpere,
561 2140 693 2167 abducere
717 2141 842 2173 domum,

45 2179 134 2202 contra
145 2175 285 2202 dominum
297 2184 411 2203 armare:
436 2176 484 2202 hoc
495 2181 543 2208 est,
557 2186 609 2204 non
621 2179 667 2204 uni
682 2179 842 2214 propinquo,

46 2212 93 2239 sed
104 2213 231 2239 omnibus
243 2212 353 2240 familiis
365 2213 466 2240 bellum
479 2214 611 2241 nefarium
623 2215 750 2242 indicere.
777 2217 844 2242 Nam

45 2249 96 2277 ista
111 2250 260 2285 corruptela
271 2252 351 2282 servi,
364 2252 386 2277 si
399 2260 450 2277 non
462 2251 540 2278 modo
551 2253 683 2287 impunita
696 2253 784 2284 fuerit,
797 2253 844 2280 sed

46 2287 126 2314 etiam
150 2296 164 2314 a
185 2292 256 2314 tanta
277 2289 431 2315 auctoritate
453 2289 611 2324 approbata:
638 2290 706 2317 nulli
730 2292 844 2326 parietes

47 2329 162 2351 nostram
177 2325 306 2357 salutem,
325 2326 414 2353 nullae
431 2326 512 2362 legeS,
526 2327 600 2353 nulla
612 2327 669 2353 iura
680 2328 842 2355 custodient.

46 2360 97 2389 Ubi
112 2362 184 2389 enim
198 2362 240 2394 id,
258 2363 330 2398 quod
348 2364 420 2390 intus
436 2369 477 2390 est
492 2368 572 2399 atque
584 2369 718 2396 nostrum,
732 2366 844 2400 impune

47 2398 152 2426 evolare
163 2404 249 2435 potest
260 2405 404 2436 contraque
417 2410 463 2428 nos
471 2410 603 2437 pugnare:
627 2402 655 2428 fit
666 2403 693 2429 in
705 2402 843 2429 dominatu

48 2437 176 2468 servitus,
198 2437 226 2464 in
241 2439 370 2465 servitute
385 2439 547 2465 dominatus.
583 2440 625 2465 31.
641 2438 664 2466 Ο
680 2444 812 2475 tempora,
830 2449 845 2466 ο

47 2474 148 2500 moresl
170 2473 218 2501 Cn.
234 2475 367 2503 Domitius
383 2476 437 2507 illc,
451 2485 532 2512 quem
544 2485 592 2502 nos
607 2477 682 2511 pueri
693 2477 842 2508 consulem,

47 2517 197 2543 censorem,
215 2513 368 2546 pontificem
384 2515 533 2540 maximum
551 2514 683 2544 vidimuS,
700 2523 786 2549 quum
799 2515 845 2540 tri-

48 2545 139 2590 bunus
154 2548 240 2583 plebis
255 2550 291 2577 M.
304 2550 435 2578 Scaurum
448 2552 596 2586 principem
608 2551 723 2578 civitatis
735 2552 762 2578 in
774 2551 845 2578 iudi-

47 2591 120 2611 cium
136 2585 228 2621 populi
243 2593 375 2620 vocasset,
393 2589 541 2624 Scaurique
552 2597 647 2614 servus
659 2588 692 2614 ad
703 2597 764 2615 eum
775 2589 844 2615 clam

49 2620 159 2648 domum
170 2624 295 2657 venisset,
309 2630 335 2652 et
344 2626 457 2652 crimina
468 2626 495 2652 in
502 2626 641 2652 dominum
653 2625 804 2652 delaturum
816 2634 845 2653 se

49 2665 109 2685 esse
119 2658 246 2689 dixisset:
268 2663 397 2697 prehendi
410 2663 546 2690 hominem
559 2663 639 2689 iussit
650 2663 682 2690 ad
699 2663 845 2690 Scaurum-

49 2702 102 2730 que
112 2695 219 2724 deduci.
241 2699 316 2731 Vide,
329 2700 396 2736 quid
407 2701 525 2727 intersit:
543 2701 592 2727 etsi
604 2701 697 2736 inique
707 2701 842 2728 Castorem

1639 159 1687 184 597

895 238 957 256 cum
967 229 1082 256 Domitio
1091 237 1228 264 comparo:
1251 229 1299 255 sed
1311 234 1397 256 tamen
1408 228 1453 255 ille
1464 228 1573 255 inimico
1583 237 1692 255 servum

896 267 1012 300 remisit,
1035 272 1064 293 tu
1075 267 1108 293 ab
1118 276 1168 293 avo
1179 266 1329 299 abduxisti:
1347 266 1392 292 ille
1403 267 1588 301 incorruptum
1600 266 1693 292 audire

896 304 994 335 noluit,
1017 309 1045 330 tu
1067 305 1223 339 corrupisti,
1249 304 1295 331 ille
1315 304 1462 330 adiutorem
1478 312 1587 330 servum
1603 308 1693 330 contra

896 341 1036 368 dominum
1060 342 1225 376 repudiavit,
1253 346 1281 368 tu
1307 343 1386 368 etiam
1411 346 1591 368 accusatorem
1616 341 1693 367 adbi-

896 379 990 405 buisti.
1013 379 1096 406 32.At
1105 379 1188 405 semel
1200 380 1250 405 iste
1261 384 1301 405 est
1312 378 1575 414 corruptusavobis‘?
1589 379 1691 409 Nonne,

896 425 981 451 quum
994 421 1064 442 esset
1075 417 1230 451 productus,
1245 421 1270 443 et
1280 426 1364 451 quum
1377 421 1463 442 tecum
1476 416 1580 447 fuisset,
1594 416 1691 451 refugit

896 454 929 480 ad
941 453 1059 489 legatos?
1079 463 1167 480 nonne
1177 455 1256 480 etiam
1269 454 1301 480 ad
1313 454 1384 480 hunc
1391 454 1591 480 Cn.Domitium
1603 452 1694 480 venit‘?

896 492 997 522 Nonne,
1021 491 1146 518 audiente
1165 491 1215 518 hoc
1235 491 1293 518 Ser.
1310 491 1443 526 Sulpicio,
1460 491 1610 517 clarissimo
1626 492 1691 521 viro,

895 529 943 563 qui
956 533 1013 555 tum
1024 537 1087 555 casu
1099 528 1172 563 apud
1182 529 1328 555 Domitium
1340 529 1474 559 caenabat,
1491 533 1516 554 et
1527 529 1576 555 boc
1587 529 1616 554 T.
1630 529 1694 554 Tor—

896 570 989 601 quato,
1014 567 1115 601 optimo
1136 566 1312 597 adolescente,
1335 575 1363 592 se
1379 575 1393 592 a
1409 571 1432 592 te
1447 571 1616 600 corruptum,
1639 566 1694 592 tuis

896 604 1036 638 promissis
1057 604 1085 629 in
1106 603 1226 629 fraudem
1242 603 1393 638 impulsum
1409 612 1467 630 esse
1481 603 1622 630 confessus
1637 602 1695 629 est?

896 641 954 667 XII.
976 641 1049 673 Quae
1070 645 1110 667 est
1124 642 1174 667 ista
1190 645 1242 667 tam
1258 641 1413 675 impudens,
1432 645 1484 667 tam
1500 641 1626 671 crudelis,
1640 645 1694 667 tam

896 678 1069 704 immoderata
1099 678 1302 704 inhumanitas?
1334 679 1434 704 Idcirco
1460 679 1486 704 in
1510 678 1578 704 hanc
1598 678 1693 704 urbem

897 716 1002 746 venisti,
1026 720 1055 741 ut
1070 715 1153 741 huius
1169 716 1245 742 urbis
1262 717 1318 742 iura
1335 721 1359 742 et
1374 715 1495 750 exempla
1510 724 1694 750 corrumperes

896 753 1096 787 domesticaque
1120 753 1286 779 immanitate
1309 757 1413 779 nostrae
1433 754 1548 779 civitatis
1569 753 1694 780 humani-

897 794 976 817 tatem
988 789 1163 824 inquinares‘?

953 829 994 854 33.
1015 828 1049 854 At
1068 836 1150 862 quam
1167 832 1243 853 acute
1259 826 1367 854 collecta
1385 827 1510 853 crimina!
1532 826 1692 856 Blesamius,

896 865 994 900 inquit,
1016 865 1085 900 (eius
1106 865 1177 891 enim
1194 865 1311 895 nomine,
1329 865 1424 899 optimi
1440 864 1567 893 hominis,
1584 873 1632 890 nec
1646 865 1695 890 tibi

894 903 988 938 ignoti,
1011 902 1187 929 maledicebat
1207 902 1278 937 tibi,)
1293 902 1325 928 ad
1338 911 1441 938 regem,
1459 902 1561 936 inquit,
1579 902 1695 928 scribere

895 940 1006 971 solebat,
1020 945 1044 966 te
1054 941 1082 966 in
1094 940 1196 966 invidia
1207 948 1275 970 esse,
1285 945 1427 975 tyrannum
1439 940 1595 970 existimari,
1608 944 1694 966 statua

894 977 964 1004 inter
974 986 1050 1013 reges
1062 978 1147 1012 posita
1159 979 1262 1004 animos
1275 977 1414 1004 hominum
1431 977 1602 1003 vehementer
1613 976 1696 1003 offen—

895 1024 951 1046 sos,
975 1015 1068 1050 plaudi
1085 1015 1133 1041 tibi
1149 1024 1201 1041 non
1218 1015 1312 1041 solere.
1354 1016 1412 1041 Non
1427 1014 1570 1050 intelligis,
1589 1014 1693 1045 Caesar,

895 1061 928 1079 ex
951 1053 1061 1079 urbanis
1082 1052 1275 1079 malevolorum
1297 1052 1477 1079 sermunculis
1499 1052 1563 1078 haec
1584 1052 1616 1078 ab
1637 1053 1695 1078 istis

896 1099 954 1117 esse
974 1089 1100 1117 collecta‘?
1120 1090 1269 1117 Blesamius
1287 1094 1430 1125 tyrannum
1442 1090 1580 1116 Caesarem
1595 1090 1696 1116 scribe-

896 1127 953 1154 ret‘?
972 1127 1119 1154 Multorum
1139 1129 1211 1154 enim
1232 1128 1319 1162 capita
1340 1128 1441 1154 civium
1458 1127 1573 1160 viderat3
1597 1127 1696 1153 multos

895 1166 973 1192 iussu
985 1165 1106 1192 Caesaris
1127 1170 1246 1197 vexatOS,
1270 1166 1431 1196 verberatos,
1450 1169 1570 1197 necatos,
1598 1164 1696 1191 multas

896 1202 1006 1230 afflictas
1018 1207 1044 1229 et
1055 1212 1164 1230 eversas
1174 1203 1281 1236 domos,
1303 1203 1412 1229 armatis
1423 1202 1558 1229 militibus
1569 1201 1696 1229 refertum

896 1240 994 1267 forum.
1016 1240 1090 1273 Quae
1106 1249 1213 1276 semper
1223 1241 1251 1267 in
1264 1240 1338 1267 civili
1350 1241 1459 1267 victoria
1472 1240 1617 1270 sensimus,
1631 1248 1661 1266 ea
1673 1244 1698 1266 te

897 1279 995 1305 victore
1007 1287 1059 1305 non
1072 1278 1201 1305 vidimus.
1224 1280 1265 1305 34.
1282 1277 1695 1313 Solus,inquam,cs,C.Cacsar,

896 1317 975 1343 cuius
996 1317 1024 1343 in
1045 1316 1154 1343 victoria
1174 1316 1301 1343 ceciderit
1320 1324 1411 1346 nemo,
1429 1315 1480 1341 nisi
1497 1320 1624 1341 armatus.
1665 1315 1698 1341 Et

896 1362 978 1389 quem
999 1362 1047 1380 nos
1068 1353 1155 1385 liberi,
1173 1354 1201 1380 in
1221 1362 1328 1380 summa
1344 1353 1437 1388 populi
1451 1353 1560 1378 Romani
1577 1352 1697 1378 libertate

898 1393 961 1422 nati,
985 1399 1037 1417 non
1053 1390 1133 1417 modo
1148 1400 1200 1417 non
1219 1395 1372 1427 tyrannum,
1389 1390 1436 1416 sed
1452 1390 1531 1416 etiam
1543 1389 1697 1416 clementis-

897 1429 998 1455 simum
1014 1429 1041 1455 iu
1057 1429 1165 1455 victoria
1181 1429 1320 1455 ducimus:
1344 1429 1367 1454 is
1378 1427 1518 1457 Blesamio,
1532 1428 1580 1462 qui
1592 1428 1659 1453 vivit
1669 1427 1697 1453 in

898 1475 987 1502 regno,
1011 1471 1141 1502 tyrannus
1163 1466 1249 1492 videri
1270 1465 1374 1500 potest?
1403 1466 1469 1491 Nam
1485 1464 1518 1491 de
1533 1469 1619 1490 statua
1635 1465 1698 1499 quis

896 1505 1029 1538 queritur,
1052 1512 1105 1530 una
1127 1504 1292 1538 praesertim,
1310 1511 1396 1538 quum
1411 1507 1465 1528 tam
1481 1501 1580 1528 multas
1593 1500 1699 1528 videat?

896 1541 979 1568 Valde
999 1541 1071 1567 enim
1092 1541 1271 1567 invidendum
1292 1545 1332 1567 est
1347 1541 1406 1566 cius
1423 1540 1532 1570 statuiS,
1550 1540 1629 1565 cuius
1646 1544 1699 1566 tro-

897 1579 970 1614 paeis
989 1587 1041 1605 non
1056 1578 1215 1605 invidimus.
1257 1579 1333 1609 Nam,
1351 1579 1374 1603 si
1387 1577 1460 1604 locus
1471 1577 1545 1603 affert
1557 1577 1695 1607 invidiam,

897 1616 990 1643 nullus
1010 1615 1085 1643 locus
1102 1621 1150 1647 est,
1169 1616 1202 1642 ad
1217 1620 1332 1642 statuam
1345 1615 1471 1650 quidem,
1486 1615 1579 1641 rostris
1590 1614 1695 1641 clarior.

896 1654 931 1680 De
944 1653 1042 1689 plausu
1063 1658 1152 1680 autem
1168 1653 1234 1688 quid
1250 1652 1445 1688 respomleam‘.>
1464 1652 1511 1687 qui
1528 1660 1575 1678 nec
1592 1651 1699 1678 deside-

896 1695 969 1717 ratus
985 1700 1115 1726 umquam
1130 1695 1180 1717 ate
1192 1695 1241 1721 est,
1255 1696 1279 1716 et
1292 1698 1494 1725 nonnumquam
1506 1689 1698 1724 obstupefactis

896 1729 1054 1755 bominibus
1075 1729 1134 1763 ipsa
1155 1728 1329 1754 admiratione
1348 1736 1518 1762 compressus
1535 1732 1587 1758 est,
1605 1732 1630 1753 et
1647 1726 1699 1753 for-

896 1771 966 1793 tasse
987 1775 1018 1793 eo
1034 1766 1252 1801 praetermissus,
1269 1767 1333 1801 quia
1346 1765 1413 1792 nibil
1428 1764 1537 1800 vulgare
1549 1769 1573 1791 te
1585 1764 1698 1800 dignum

896 1804 981 1831 videri
996 1808 1091 1838 potest.

951 1841 1023 1868 xm.
1044 1843 1085 1868 35.
1103 1840 1176 1867 Nihil
1193 1849 1206 1867 a
1224 1848 1266 1867 me
1282 1841 1395 1867 arbitror
1409 1839 1637 1875 praetermissum,
1651 1839 1700 1864 scd

896 1878 999 1914 aliquid
1020 1879 1053 1905 ad
1069 1883 1215 1905 extremam
1227 1887 1337 1904 caussae
1350 1882 1450 1912 partem
1463 1881 1638 1903 reservatum.
1671 1875 1699 1902 Id

896 1921 985 1943 autem
1006 1916 1110 1951 aliquid
1130 1920 1184 1946 est,
1213 1920 1236 1942 te
1259 1921 1288 1942 ut
1310 1915 1388 1950 plane
1408 1915 1527 1941 Deiotaro
1548 1913 1700 1940 reconciliet

895 1954 978 1981 oratio
999 1962 1067 1980 mea.
1109 1954 1166 1980 Non
1183 1953 1255 1979 enim
1271 1954 1323 1979 iam
1340 1957 1438 1983 metuo,
1453 1956 1523 1978 netu
1537 1951 1574 1977 illi
1587 1960 1699 1977 succen-

897 2000 969 2018 seas:
1002 1991 1070 2018 illud
1090 1999 1196 2021 vereor,
1215 1999 1247 2017 ne
1265 1991 1312 2017 tibi
1330 1990 1407 2016 illum
1422 1997 1580 2016 succensere
1595 1988 1699 2023 aliquid

897 2029 1044 2064 suspicere.
1085 2028 1162 2060 Quod
1179 2029 1254 2054 abest
1271 2028 1436 2063 longissime,
1455 2027 1521 2053 mihi
1533 2026 1620 2057 crede,
1634 2026 1699 2053 Cae-

897 2075 948 2092 sar.
989 2065 1061 2098 Quid
1081 2066 1154 2092 euim
1175 2067 1286 2092 retineat
1302 2074 1348 2100 per
1365 2070 1398 2095 te,
1417 2065 1546 2094 meminit,
1565 2073 1616 2090 non
1632 2063 1700 2098 quid

897 2103 1030 2135 amiserit,
1054 2111 1141 2138 neque
1162 2112 1190 2129 se
1207 2112 1220 2129 a
1237 2108 1260 2129 tc
1278 2102 1435 2129 mulctatum
1461 2102 1617 2131 arbitratur,
1640 2100 1696 2130 scd,

897 2149 982 2176 quum
1004 2141 1182 2171 existimares,
1206 2140 1299 2167 multis
1315 2140 1363 2166 tibi
1381 2139 1463 2165 multa
1475 2148 1534 2165 csse
1547 2138 1696 2167 tribuenda,

897 2187 951 2213 quo
967 2178 1058 2204 minus
1073 2186 1087 2203 a
1102 2186 1140 2208 se,
1163 2178 1210 2212 qui
1232 2179 1258 2203 iu
1271 2178 1350 2203 altera
1363 2182 1436 2211 parte
1448 2176 1551 2206 fuisset,
1568 2184 1597 2202 ea
1609 2184 1699 2201 sume-

897 2224 948 2246 res,
968 2224 1019 2241 non
1037 2215 1180 2241 recusavit.
1203 2217 1244 2241 36.
1258 2215 1363 2240 Etenim
1377 2215 1398 2240 si
1411 2214 1569 2243 Antiochus,
1583 2221 1698 2247 maguus

898 2252 942 2279 ille
962 2261 1008 2278 rex
1028 2252 1120 2282 Asiae,
1142 2260 1242 2287 quum,
1262 2256 1436 2286 posteaquam
1453 2260 1466 2277 a
1483 2251 1608 2285 Scipione
1623 2249 1699 2275 ‹levi-

896 2294 956 2316 ctus
982 2290 1068 2315 Tauro
1093 2294 1170 2315 tenus
1197 2298 1306 2323 regnare
1332 2290 1424 2315 iussus
1445 2293 1514 2314 essct
1537 2295 1698 2321 oiuncmquc

898 2327 965 2353 banc
986 2327 1087 2357 Asiam,
1105 2334 1175 2361 quae
1191 2331 1231 2351 est
1246 2335 1316 2352 nunc
1331 2331 1419 2352 nostra
1432 2325 1577 2360 provincia,
1591 2325 1699 2350 amisis-

896 2369 945 2395 set,
968 2364 1056 2390 dicere
1079 2369 1119 2390 est
1135 2363 1240 2393 solitus,
1253 2363 1369 2398 benigne
1381 2363 1433 2389 sibi
1445 2372 1457 2388 a
1471 2361 1570 2397 populo
1582 2362 1699 2388 llonumo

897 2410 955 2428 csso
977 2401 1086 2431 factum,
1103 2400 1186 2435 quod,
1205 2401 1285 2426 nimis
1301 2409 1394 2435 magna
1409 2399 1590 2434 procuratione
1603 2398 1699 2425 libcra-

897 2444 950 2469 tus,
973 2438 1086 2465 modicis
1107 2438 1181 2473 regui
1204 2438 1325 2464 terminis
1347 2442 1478 2464 uteretur:
1508 2441 1593 2471 potest
1614 2435 1699 2462 multo

898 2476 1004 2502 facilius
1028 2484 1057 2502 se
1084 2476 1222 2501 Deiotarus
1247 2475 1388 2501 consolari.
1431 2474 1476 2500 lllc
1502 2474 1573 2500 cuim
1601 2473 1698 2500 furoris

898 2513 1025 2540 mulctam
1037 2513 1212 2542 sustinuerat.
1226 2512 1269 2539 liic
1280 2513 1386 2539 erroris.
1418 2512 1513 2537 Ouinia
1527 2516 1554 2537 tu
1567 2511 1695 2540 Deiotaro,

897 2552 1000 2580 Caesar,
1023 2551 1150 2581 tribuisti,
1172 2559 1257 2585 quum
1273 2555 1298 2576 et
1315 2550 1366 2584 ipsi
1383 2554 1407 2575 et
1419 2549 1473 2575 tilio
1485 2557 1579 2575 uomcn
1592 2549 1695 2584 regium

896 2588 1062 2614 concessisti.
1102 2588 1156 2614 Iloc
1182 2588 1288 2614 nouuue
1309 2591 1410 2613 retento
1429 2592 1509 2621 atque
1530 2591 1693 2615 conservato,

897 2625 1002 2652 nullum
1025 2625 1183 2652 beneficium
1201 2624 1293 2659 populi
1311 2625 1431 2655 Romani,
1445 2623 1551 2650 nullum
1563 2623 1694 2650 iudicium

896 2662 929 2689 ‹le
948 2671 977 2689 sc
992 2667 1102 2689 senatus
1124 2663 1298 2689 imminutum
1321 2666 1405 2697 putat.
1447 2662 1541 2695 Magno
1561 2662 1650 2687 animo
1671 2665 1696 2686 et

897 2705 982 2727 erecto
997 2704 1046 2731 est.
1061 2709 1108 2727 nec
1125 2709 1254 2735 umquam
1271 2699 1429 2726 succumbet
1444 2698 1571 2729 inimicis,
1593 2707 1625 2725 ne
1643 2697 1696 2724 for-
