1941 3052
233 115 285 142 DE
317 115 502 142 FINIBUS
532 115 750 142 BONORUM
780 115 832 141 ET

67 187 125 218 dae,
139 185 242 213 labores
252 186 430 221 suscipiendi,
444 186 600 213 adeundum
612 187 681 213 vitae
693 186 858 221 periculum:

67 233 100 251 ne
112 229 167 251 tum
178 223 290 259 quidem
302 228 327 250 te
338 224 467 258 respicies
478 229 504 250 et
513 224 645 260 cogitabis
655 224 710 250 sibi
724 232 860 258 quemque

67 266 159 288 natum
169 269 229 287 esse
239 266 265 287 et
275 261 332 287 suis
344 261 546 296 voluptatibus?
556 261 657 287 Vadem
669 266 692 287 te
704 261 738 287 ad
749 265 860 287 mortem

66 297 263 334 tyrannodabis
270 307 317 332 pro
324 298 694 334 amic0,uththagoreusille
702 298 793 324 Siculo
800 297 862 324 fecit

66 334 196 371 tyranno?
206 341 252 362 aut
261 335 375 371 Pylades
386 344 472 370 quum
483 337 530 367 sis,
544 336 618 362 dices
629 340 653 362 te
665 344 723 361 esse
730 336 859 365 Orestem,

66 377 96 399 ut
106 373 219 399 moriare
231 381 278 407 pro
289 372 392 399 amico‘?
407 378 463 404 aut,
481 374 503 399 si
515 382 589 399 esses
600 373 719 403 Orestes,
733 372 860 408 Pyladem

67 409 215 441 refelleres,
233 415 257 436 te
273 410 425 436 indicares?
444 415 483 441 et,
501 411 525 436 si
540 410 569 436 id
584 419 636 436 non
648 410 788 444 probareS,
807 417 861 444 quo

66 448 158 473 minus
169 447 248 473 ambo
260 456 311 473 una
323 448 496 478 necaremini,
512 456 564 474 non
575 446 766 482 depreearere‘.>

120 484 206 511 XXV.
229 486 270 511 80.
292 485 403 511 Faceres
427 490 455 511 tu
475 484 586 520 quidem
595 505 601 515 ,
624 485 754 519 Torquate
763 505 769 514 ,
797 483 863 509 haec

66 522 166 548 omnia.
207 521 281 548 Nihil
303 523 375 548 enim
396 522 509 548 arbitror
529 531 625 557 magna
642 521 720 548 laude
735 521 860 556 dignum,

66 559 140 594 quod
152 563 176 585 te
187 560 441 594 praetermissurum
452 559 559 585 credam
571 564 616 585 aut
627 560 719 585 mortis
731 563 776 585 aut
787 557 863 584 dolo-

67 597 104 622 ris
119 601 203 622 metu.
244 597 301 623 Non
317 597 456 631 quaeritur
470 602 572 627 autem,
596 596 662 631 quid
678 601 786 628 naturae
802 600 862 621 tuae

66 638 276 660 consentaneum
292 635 339 665 sit,
358 634 405 660 sed
420 634 487 669 quid
503 633 673 668 disciplinae.
714 633 788 659 Ratio
801 633 860 663 ista,

66 679 149 705 quam
160 670 299 702 defendis,
316 676 470 706 praecepta,
486 680 555 706 quae
566 670 701 701 didicisti,
717 678 786 704 quae
800 678 863 703 pro-

66 707 124 739 bas,
142 707 264 734 funditus
276 713 400 735 evertunt
409 709 568 740 amicitiam,
592 708 717 742 quamvis
727 716 785 733 eam
797 707 863 740 Epi—

66 753 158 775 curus,
171 750 200 771 ut
212 745 282 776 facit,
297 746 323 771 in
335 745 439 772 caelum
452 745 541 771 efferat
553 745 690 771 laudibus.
721 745 771 770 »At
780 743 863 770 coluit

67 783 125 817 ipse
138 783 279 809 amicitias.
288 793 299 807 ιτ
331 783 407 815 Quis,
420 791 529 817 quaeso,
544 782 622 808 illum
634 786 712 817 negat
725 786 751 807 et
761 781 862 807 bonum

67 820 157 846 virum
168 824 194 846 et
203 828 307 846 comem
318 825 344 846 et
354 820 503 846 humanum
515 818 617 845 fuisse‘?
636 820 671 845 De
684 819 792 854 ingenio
803 819 862 844 eius

68 857 95 883 in
108 857 150 883 his
161 857 399 892 disputationibus,
413 865 466 883 non
477 856 510 882 de
522 856 643 883 moribus
654 857 802 891 quaeritur.
822 855 863 881 Sit

67 895 117 920 ista
129 895 156 920 in
167 894 329 921 Graecorum
341 894 448 920 levitate
460 895 636 928 perversitas,
652 895 700 928 qui
712 893 862 919 maledictis

67 932 232 958 insectantur
241 940 295 962 eOS,
309 940 323 958 a
333 931 434 966 quibus
445 931 478 957 de
490 932 600 958 veritate
612 931 786 958 dissentiunt.
809 930 861 956 Sed

66 969 193 1003 quamvis
208 969 293 995 comis
307 970 334 995 in
346 969 473 995 amicitiis
485 968 593 995 tuendis
606 968 699 999 fuerit,
717 973 819 999 tamen,
838 968 861 993 si

67 1005 132 1032 haec
144 1014 205 1032 vera
217 1010 292 1037 sunt,
310 1006 389 1041 (nihil
401 1007 473 1032 enim
485 1005 610 1041 affirmo,)
625 1015 677 1032 non
689 1006 754 1032 satis
767 1009 862 1032 acutus

66 1042 127 1069 fuit.
167 1042 219 1069 »At
232 1043 326 1070 multis
341 1052 369 1069 se
385 1044 534 1078 probavit.«
571 1045 612 1070 81.
633 1044 666 1070 Et
677 1043 788 1078 quidem
804 1043 863 1069 iure

65 1080 190 1113 fortasse,
205 1080 253 1107 sed
264 1085 351 1108 tamen
364 1089 415 1107 non
427 1081 620 1117 gravissimum
632 1081 862 1107 esttestimonium

65 1117 260 1144 multitudinis.
300 1119 329 1144 ln
344 1119 417 1145 omni
433 1119 505 1145 enim
517 1123 571 1145 arte
582 1118 625 1145 vel
637 1118 726 1145 studio
741 1118 782 1144 vel
795 1126 863 1152 qua-

65 1155 108 1181 vi's
123 1155 244 1187 scientia,
258 1155 299 1182 vel
312 1156 339 1182 in
352 1156 410 1190 ipsa
421 1156 528 1187 virtute,
542 1156 674 1191 optimum
686 1155 808 1191 quidque
821 1163 863 1181 ra-

65 1193 216 1219 rissimum.
257 1193 294 1220 Ac
309 1193 377 1219 mihi
393 1193 518 1228 quidem,
532 1193 604 1228 quod
616 1198 642 1220 et
653 1194 710 1228 ipse
722 1193 810 1219 bonus
822 1192 863 1218 vir

66 1230 125 1261 fuit,
139 1234 165 1256 et
175 1229 254 1256 multi
264 1231 390 1266 Epicurei
403 1230 511 1258 fuerunt
521 1235 546 1257 et
557 1231 636 1257 hodie
648 1235 711 1258 sunt
721 1235 746 1257 et
757 1231 783 1256 in
795 1230 864 1256 ami-

64 1268 137 1294 citiis
148 1267 250 1298 fideleS,
264 1273 290 1295 et
301 1269 327 1294 in
338 1269 411 1295 omni
423 1269 477 1295 vita
489 1273 640 1295 constantes
652 1273 797 1303 etgraves,
814 1275 863 1293 nec

65 1304 212 1340 voluptate,
225 1305 273 1332 sed
284 1305 372 1332 officio
383 1306 495 1332 consilia
507 1306 684 1336 moderantes,
695 1306 743 1332 hoc
756 1305 863 1331 videtur

64 1343 151 1369 maior
166 1342 207 1368 vis
223 1342 383 1374 honestatis,
401 1348 427 1369 et
441 1344 528 1370 minor
543 1343 698 1378 voluptatis
739 1344 776 1370 Ita
790 1343 863 1368 enim

65 1380 163 1406 vivunt
173 1380 299 1414 quidam,
317 1385 346 1407 ut
361 1388 454 1407 eorum
470 1381 524 1407 vita
536 1380 673 1407 refellatur
683 1381 776 1407 oratio.
816 1380 864 1406 At-

64 1425 118 1452 que
129 1421 159 1443 ut
169 1419 249 1444 ceteri
261 1418 349 1444 dicere
360 1418 550 1444 existimantur
564 1418 675 1450 melius,
693 1427 775 1453 quam
792 1416 863 1443 face-

64 1463 106 1487 re,
124 1455 164 1481 sic
178 1455 207 1481 hi
222 1455 290 1482 mihi
305 1455 432 1482 videntur
443 1455 528 1481 facere
540 1455 652 1487 melius,
668 1464 750 1491 quam
761 1455 861 1481 dicere.

64 1491 162 1518 XXVI.
185 1494 226 1519 82.
249 1492 302 1519 Sed
318 1492 382 1518 haec
398 1492 466 1518 nihil
482 1501 546 1519 sane
558 1492 591 1519 ad
602 1501 669 1519 rem.
710 1492 757 1519 Illa
770 1492 863 1519 videa-

64 1537 136 1559 mus,
148 1538 217 1564 quae
229 1538 242 1555 a
255 1535 278 1556 te
290 1529 323 1556 de
334 1530 452 1556 amicitia
464 1529 534 1556 dicta
546 1534 619 1556 sunt.
636 1530 765 1565 Equibus
776 1538 862 1556 unum

64 1566 357 1602 mihividebarabipso
364 1567 480 1602 Epicuro
491 1567 593 1594 dietum
606 1576 779 1603 cognoscere:
794 1567 863 1594 ami-

63 1604 156 1631 citiam
172 1613 186 1630 a
202 1604 339 1639 voluptate
355 1613 406 1631 non
419 1613 497 1639 posse
508 1604 617 1636 divelli,
634 1605 668 1631 ob
680 1613 793 1639 eamque
806 1613 861 1631 rem

64 1641 204 1669 colendam
211 1650 278 1673 esse,
287 1641 359 1677 quod
370 1643 429 1668 sine
441 1650 470 1668 ea
483 1646 538 1668 tuto
550 1646 576 1668 et
586 1643 645 1669 sine
656 1647 728 1669 metu
741 1642 798 1669 vivi
810 1651 862 1669 non

63 1683 164 1715 posset,
178 1687 227 1705 nec
238 1679 356 1706 iucunde
367 1679 478 1714 quidem
490 1684 591 1714 posset.
632 1679 704 1706 Satis
715 1685 756 1706 est
767 1679 800 1706 ad
812 1680 862 1706 hoc

63 1724 234 1751 responsum.
273 1716 394 1743 Attulisti
410 1716 485 1743 aliud
502 1716 649 1743 humanius
661 1717 757 1743 horum
769 1725 862 1744 recen-

63 1754 177 1785 tiorum,
196 1751 345 1789 numquam
360 1754 464 1780 dictum
480 1754 513 1780 ab
525 1755 584 1789 ipso
596 1754 654 1785 illo,
677 1755 750 1789 quod
760 1756 859 1781 sciam:

62 1792 151 1827 primo
166 1790 291 1818 utilitatis
306 1800 400 1818 caussa
417 1792 534 1818 amicum
547 1792 651 1827 expeti:
673 1800 759 1827 quum
771 1797 860 1819 autem

62 1837 130 1855 usus
140 1829 306 1860 accessisset,
315 1833 372 1856 tum
384 1829 474 1863 ipsum
485 1829 570 1855 amari
580 1838 628 1864 per
638 1837 676 1860 se,
685 1831 765 1856 etiam
777 1831 861 1856 omis·
883 1837 884 1847 ¹

63 1874 92 1892 sa
107 1874 155 1900 spe
171 1866 327 1901 voluptatis.
368 1866 421 1892 Hoc
434 1866 484 1892 etsi
495 1866 589 1893 multis
601 1866 688 1893 modis
700 1867 861 1902 reprehendi

63 1907 163 1938 potest,
182 1908 270 1930 tamen
285 1904 401 1938 accipio,
424 1903 496 1938 quod
512 1903 586 1930 dant.
626 1903 693 1930 Mihi
708 1905 781 1931 enim
796 1907 860 1932 satis

63 1945 117 1971 est,
136 1940 203 1975 ipsis
218 1949 270 1966 non
281 1941 357 1967 satis.
397 1941 464 1966 Nam
476 1940 622 1976 aliquando
631 1949 710 1975 posse
722 1947 791 1968 recte
803 1942 860 1969 lieri

63 1977 171 2008 dicunt,
189 1977 263 2003 nulla
274 1982 426 2012 exspectata
438 1986 486 2004 nec
497 1979 619 2012 quaesita
631 1977 776 2014 voluptate.
817 1982 858 2007 83.

63 2015 180 2041 Posuisti
192 2015 286 2046 etiam,
299 2015 388 2041 dicere
399 2014 480 2046 alios,
499 2014 593 2041 foedus
604 2015 740 2050 quoddam
752 2017 821 2043 inter
831 2026 860 2044 se

64 2052 150 2079 facere
166 2052 314 2086 sapientes,
332 2057 374 2083 ut,
392 2052 622 2086 quemadmodum
637 2053 692 2079 sint
708 2054 734 2080 in
746 2063 775 2080 se
786 2055 860 2089 ipsos

63 2089 184 2120 animati,
193 2089 286 2116 eodem
299 2089 377 2116 modo
387 2089 442 2116 sint
452 2098 513 2125 erga
525 2090 639 2117 amicos:
653 2089 680 2116 id
692 2095 718 2117 et
729 2091 785 2118 fieri
797 2100 860 2126 pos-

62 2135 101 2158 se,
114 2131 140 2153 et
150 2135 229 2161 saepe
240 2135 299 2153 esse
311 2126 420 2157 factum,
429 2131 455 2153 et
464 2127 498 2153 ad
510 2126 660 2162 voluptates
672 2129 859 2163 percipiendas

61 2164 181 2191 maxime
195 2165 339 2199 pertinere.
380 2164 433 2190 lloc
452 2163 546 2191 foedus
563 2163 649 2191 facere
664 2165 688 2191 si
704 2170 857 2200 potuerunt,

62 2201 162 2228 faciant
172 2202 251 2228 etiam
264 2201 341 2233 illud,
357 2204 386 2227 ut
395 2202 571 2236 aequitatem,
585 2201 758 2234 modestiam,
773 2204 860 2230 virtu-

61 2243 101 2266 tes
112 2247 206 2266 omnes
220 2247 267 2273 per
277 2247 305 2265 se
319 2239 390 2273 ipsas
404 2239 487 2274 gratis
499 2238 623 2274 diligant.
648 2239 682 2266 At
693 2249 756 2266 vero
767 2241 790 2267 si
804 2240 859 2267 fru-

61 2276 151 2304 ctibus
171 2280 197 2303 et
216 2275 406 2303 emolumentis
421 2280 447 2303 et
462 2275 624 2303 utilitatibus
640 2278 772 2304 amicitias
787 2277 859 2304 eole-

61 2322 137 2346 mus3
150 2313 358 2340 sinullacaritas
369 2315 428 2344 erit,
441 2321 511 2348 quae
523 2313 602 2340 saciat.
612 2314 758 2341 amicitiam
771 2316 857 2350 ipsam

60 2360 110 2377 sua
125 2355 234 2386 sponte.
253 2351 280 2377 vi
296 2360 358 2381 sua,
375 2359 409 2378 ex
425 2359 453 2376 se
468 2354 494 2377 et
507 2355 614 2385 propter
624 2360 652 2378 se
664 2352 855 2386 expetendam:

60 2388 177 2415 dubium
193 2393 246 2420 est,
264 2389 331 2423 quin
348 2387 445 2414 fundos
456 2392 482 2414 et
493 2387 596 2414 insulas
607 2389 701 2415 amicis
713 2394 858 2424 antepona-

60 2424 141 2452 mus‘?
169 2426 211 2452 84.
233 2426 307 2452 Licet
326 2425 370 2452 hic
391 2433 485 2452 rursus
505 2434 535 2451 ea
554 2434 762 2458 commemores,
788 2435 857 2461 quae

60 2462 171 2497 optimis
185 2463 276 2489 verbis
288 2463 321 2489 ab
332 2463 449 2498 Epicuro
459 2461 492 2488 de
505 2462 631 2489 laudibus
643 2463 775 2490 amicitiae
787 2463 856 2490 dieta

60 2504 134 2526 sunt.
166 2500 224 2526 Non
235 2508 344 2535 quaero,
357 2499 424 2535 quid
436 2499 516 2531 dicat,
529 2499 577 2526 sed
589 2499 656 2534 quid
667 2501 857 2527 convenienter

60 2537 147 2572 possit
167 2537 263 2564 rationi
282 2542 308 2564 et
327 2538 474 2564 sententiae
499 2545 564 2563 suae
589 2537 688 2563 dicere.
730 2538 856 2564 Utilitatis

59 2582 156 2601 caussa
171 2575 289 2601 amicitia
306 2579 347 2602 est
364 2575 495 2610 quaesita.
536 2575 606 2600 Num
624 2575 706 2610 igitur
721 2575 858 2602 utiliorem

60 2611 110 2638 tibi
127 2611 199 2638 hunc
214 2611 348 2639 Triarium
364 2617 442 2648 putas
458 2620 517 2638 esse
533 2620 624 2646 posse,
647 2620 728 2647 quam
745 2617 789 2639 tua
803 2613 859 2639 sint

59 2647 178 2677 Puteolis
205 2649 348 2685 granaria?
388 2649 490 2686 Collige
520 2649 623 2681 omnia,
650 2657 720 2685 quae
747 2649 855 2678 soletis:

862 114 1083 142 MALORUM
1112 115 1261 142 L113.11.

909 188 1068 219 praesidium
1088 187 1236 212 amicorum
1254 201 1300 212 —.

1290 115 1341 141 CA
1356 115 1383 141 Ρ.
1406 116 1540 141 23-27.
1644 118 1707 141 1013

1335 186 1405 212 Satis
1426 190 1466 212 est
1485 186 1535 212 tibi
1556 186 1583 211 in
1605 191 1642 216 te,
1665 195 1708 211 sa-

913 223 946 249 tis
962 224 989 249 in
1006 223 1126 258 legibus,
1150 224 1215 250 satis
1231 224 1258 249 in
1273 223 1456 249 mediocribus
1467 223 1594 249 amicitiis
1606 225 1708 257 praesi-

912 260 964 286 dii:
979 261 1031 286 iam
1043 261 1177 287 contemni
1189 269 1241 287 non
1253 261 1362 295 poteris.
1402 261 1494 287 Odium
1505 266 1594 286 autem
1605 265 1630 287 et
1643 264 1709 286 inri-

912 300 982 323 diam
994 297 1071 323 facile
1083 298 1191 324 vitabis,
1214 298 1254 324 Ad
1266 307 1310 324 eas
1322 299 1393 324 enim
1406 306 1447 323 res
1459 298 1492 323 ab
1503 298 1620 332 Epicuro
1631 306 1709 331 prae-

913 339 987 368 cepta
999 334 1106 361 dantur.
1128 336 1161 361 Et
1171 340 1269 366 tamen,
1284 336 1363 361 tantis
1375 335 1554 370 vectigalibus
1565 335 1598 360 ad
1612 334 1709 361 libera-

914 371 1014 398 litatem
1032 377 1122 403 utens,
1145 373 1184 398 eis
1200 373 1258 398 sine
1275 372 1323 398 hac
1343 372 1457 408 Pyladea
1473 373 1590 398 amicitia
1611 372 1710 398 multo-

914 417 973 434 rum
989 414 1013 435 te
1029 409 1215 435 benevolentia
1232 409 1367 444 praeclare
1384 414 1408 435 et
1425 409 1534 435 tuebere
1550 414 1576 435 et
1592 410 1708 435 munies.

914 447 953 472 85.
974 446 1007 472 At
1018 447 1129 481 quicum
1142 447 1211 477 ioca,
1226 447 1304 477 seria,
1319 452 1348 472 ut
1358 447 1465 472 dicitur.
1480 447 1591 481 quicum
1603 455 1708 477 arcana,

913 483 1024 518 quicum
1036 483 1138 509 occulta
1150 484 1257 510 omnia?
1275 485 1374 510 Tecum
1389 485 1503 518 optime:
1521 484 1618 510 deinde
1630 485 1710 510 etiam

913 529 975 546 eum
987 521 1116 546 mediocri
1127 522 1222 547 amieo.
1264 521 1316 547 Sed
1333 521 1373 547 fac
1390 522 1438 547 ista
1449 529 1508 547 csse
1519 530 1570 547 non
1584 522 1710 556 inoppor-

914 562 991 583 tuna:
1012 558 1079 592 quid
1095 557 1128 583 ad
1144 558 1287 584 utilitatem
1303 563 1388 584 tantae
1401 558 1549 592 pecuniae?
1562 558 1644 584 Vides
1659 559 1711 593 igi-

914 599 965 625 tur,
979 595 1001 620 si
1014 596 1160 621 amicitiam
1171 604 1219 621 sua
1230 597 1338 622 caritate
1350 596 1468 626 metiare,
1483 595 1550 622 nibil
1563 604 1621 621 esse
1633 604 1711 630 prae—

913 632 1041 664 stantius,
1073 633 1115 658 sin
1144 632 1338 664 emolumento,
1368 641 1489 659 summas
1516 632 1711 659 familiaritates

913 668 1085 703 praediorum
1115 669 1313 696 fructuosorum
1343 670 1465 696 mercede
1496 671 1627 704 superari.
1669 670 1711 696 Me

914 707 1004 740 ipsum
1017 707 1100 741 igitur
1110 715 1183 732 ames
1194 712 1305 741 oportet,
1320 716 1371 733 non
1385 716 1455 737 mea,
1472 708 1495 733 si
1508 709 1563 733 veri
1575 708 1655 733 amici
1668 707 1711 733 fu-

914 744 966 769 turi
982 752 1088 770 sumus.
1129 744 1237 770 xxvii,
1260 744 1313 770 Sed
1335 745 1361 770 in
1378 745 1459 770 rebus
1474 745 1652 778 apertissimis
1669 745 1711 770 ni-

914 781 999 806 mium
1012 780 1084 816 longi
1095 790 1201 807 sumus.
1224 781 1342 807 Perfecto
1353 782 1424 807 enim
1435 786 1460 807 et
1471 781 1605 812 concluso,
1623 790 1710 816 neque

914 818 1061 844 virtutibus
1073 827 1160 853 neque
1172 819 1299 845 amicitiis
1312 827 1427 853 usquam
1440 818 1528 844 locum
1543 827 1615 849 esse,
1638 819 1661 844 si
1677 818 1710 844 ad

914 854 1078 889 voluptatem
1090 856 1180 881 onmia
1192 855 1354 886 referantur,
1372 855 1440 881 nihil
1456 861 1591 890 praeterea
1603 860 1642 881 est
1655 864 1711 881 ma-

913 900 966 927 gno
976 901 1055 927 opere
1071 892 1228 918 dicendum.
1269 894 1405 923 Attamen,
1423 901 1455 918 ne
1472 893 1516 918 cui
1533 892 1589 918 loco
1606 901 1657 918 non
1670 893 1711 918 vi-

913 929 1007 955 deatur
1023 938 1082 956 esse
1097 938 1271 964 responsum,
1294 939 1379 965 pauca
1394 931 1475 956 etiam
1491 938 1563 956 nunc
1579 929 1667 956 dicam
1678 929 1711 955 ad

914 967 1046 1002 reliquam
1057 968 1204 994 orationem
1216 972 1299 993 tuam.

970 1006 1011 1031 86.
1024 1004 1156 1036 Quoniam
1168 1005 1251 1040 igitur
1261 1005 1350 1031 omnis
1361 1013 1467 1031 summa
1480 1003 1667 1040 philosophiae
1679 1004 1711 1031 ad

914 1042 989 1068 beate
1002 1042 1150 1068 vivendum
1163 1042 1289 1073 refertur,
1304 1042 1386 1077 idque
1398 1051 1484 1068 unum
1496 1047 1651 1077 expetentes
1664 1042 1711 1068 ho—

915 1080 1001 1105 mines
1020 1088 1048 1105 se
1064 1079 1097 1105 ad
1114 1080 1163 1106 hoc
1182 1079 1303 1106 studium
1319 1079 1502 1106 contulerunt:
1526 1080 1602 1106 beate
1623 1085 1711 1106 autem

915 1118 1005 1143 vivere
1016 1117 1062 1143 alii
1074 1118 1101 1143 in
1113 1117 1178 1148 alio,
1198 1126 1244 1143 vos
1257 1118 1283 1143 in
1296 1117 1432 1151 voluptate
1443 1118 1556 1151 ponitis,
1575 1118 1637 1143 item
1649 1126 1713 1143 con—

914 1158 953 1180 tra
965 1154 1149 1181 infelicitatem
1161 1163 1269 1181 omnem
1280 1155 1307 1181 in
1319 1154 1423 1181 dolore:
1441 1155 1468 1180 id
1483 1155 1603 1190 primum
1620 1154 1712 1180 videa-

914 1200 985 1222 mus,
1002 1192 1077 1218 beate
1092 1193 1184 1218 vivere
1197 1197 1317 1218 vestrum
1329 1192 1408 1227 quale
1420 1193 1464 1219 sit.
1505 1192 1592 1227 Atque
1605 1192 1653 1218 hoc
1665 1192 1713 1217 da-

914 1229 992 1260 bitis,
1007 1234 1036 1256 ut
1049 1230 1156 1264 opinor,
1170 1230 1193 1255 si
1206 1229 1284 1256 modo
1296 1230 1331 1256 sit
1342 1229 1460 1264 aliquid,
1475 1238 1533 1255 esse
1545 1230 1668 1259 beatum,
1684 1229 1711 1255 id

913 1271 1034 1301 oportere
1051 1272 1135 1293 totum
1151 1268 1215 1301 poni
1232 1267 1258 1293 in
1274 1272 1402 1301 potestate
1421 1267 1561 1301 sapientis.
1603 1268 1668 1293 Nam
1689 1267 1712 1291 si

914 1304 1001 1330 amitti
1013 1304 1067 1330 vita
1079 1304 1154 1331 beata
1167 1309 1266 1339 potest,
1285 1304 1360 1330 beata
1375 1313 1433 1330 esse
1446 1313 1496 1330 non
1510 1309 1604 1338 potest.
1645 1305 1712 1335 Quis

914 1342 987 1367 enim
1007 1341 1118 1368 confidit
1138 1342 1192 1368 sibi
1208 1350 1315 1376 semper
1332 1341 1358 1367 id
1374 1341 1471 1367 stabile
1486 1346 1512 1367 et
1528 1342 1634 1367 lirinum
1651 1350 1712 1375 per-

915 1387 1087 1408 mansurum,
1104 1379 1177 1414 quod
1193 1378 1288 1414 fragile
1303 1383 1328 1405 ct
1343 1378 1476 1405 caducum
1487 1379 1539 1404 sit?
1559 1380 1611 1410 Qui
1623 1384 1711 1404 autem

914 1415 1020 1443 diffidet
1030 1417 1203 1451 perpetuitati
1215 1417 1346 1442 bonorum
1357 1425 1482 1446 suorum,
1501 1416 1592 1442 timeat
1603 1424 1712 1442 neeesse

914 1458 962 1484 cst,
977 1462 1009 1479 ne
1021 1453 1175 1489 aliquando,
1190 1454 1298 1480 amissis
1310 1453 1373 1484 illis,
1387 1454 1423 1479 sit
1433 1454 1524 1479 miser.
1557 1453 1652 1479 Beatus
1664 1462 1712 1479 au-

915 1495 966 1517 tem
978 1500 1037 1517 esse
1051 1492 1077 1518 in
1089 1492 1269 1517 maximarum
1282 1500 1370 1517 rerum
1384 1491 1477 1517 timore
1489 1499 1567 1516 nemo
1579 1495 1674 1525 potest.

970 1529 1011 1555 87.
1034 1529 1118 1555 Nemo
1130 1529 1213 1564 igitur
1223 1537 1282 1554 esse
1295 1529 1388 1554 beatus
1400 1533 1494 1563 potest.
1536 1529 1629 1563 Neque
1639 1528 1712 1554 enim

914 1566 942 1592 in
956 1565 1046 1600 aliqua
1057 1571 1141 1601 parte,
1157 1566 1204 1592 sed
1218 1567 1244 1592 in
1257 1566 1432 1600 perpetuitate
1445 1566 1572 1600 temporis
1585 1567 1638 1591 vita
1650 1565 1713 1591 bea-

915 1608 939 1630 ta
950 1603 1005 1629 dici
1018 1603 1097 1630 solet:
1112 1612 1199 1638 neque
1211 1603 1362 1638 appellatur
1372 1603 1482 1629 omnino
1494 1604 1546 1629 vita
1559 1603 1644 1633 beata,
1659 1603 1712 1629 nisi

914 1640 1033 1667 coniecta
1048 1646 1128 1676 atque
1148 1641 1283 1667 absoluta:
1308 1649 1356 1667 nec
1371 1645 1457 1676 potest
1476 1641 1621 1675 quisquam
1646 1640 1713 1666 alias

915 1678 1009 1705 beatus
1021 1686 1094 1710 esse,
1108 1678 1174 1705 alias
1186 1679 1282 1704 miser:
1305 1679 1353 1712 qui
1369 1679 1441 1704 enim
1456 1678 1623 1704 existimabit
1634 1686 1713 1712 posse

914 1724 942 1742 se
954 1717 1084 1742 miserum
1096 1724 1164 1746 esse,
1183 1716 1276 1742 beatus
1289 1716 1411 1742 nouerit.
1445 1716 1510 1742 Nam
1522 1724 1606 1750 quum
1619 1723 1713 1741 susee—

915 1758 958 1788 pta
970 1753 1052 1780 semel
1065 1758 1105 1780 est
1117 1754 1191 1780 beata
1205 1754 1268 1784 vita,
1283 1758 1335 1779 tatu
1348 1758 1583 1787 permanet,quani
1597 1754 1653 1787 ipsa
1667 1752 1712 1778 illa

914 1790 1034 1817 effectrix
1046 1791 1137 1818 beatae
1150 1791 1219 1817 vitae
1230 1791 1376 1825 sapientia:
1399 1799 1486 1825 neque
1500 1795 1636 1824 exspectat
1649 1790 1713 1816 ulti-

916 1837 989 1855 mum
1007 1833 1113 1863 tempus
1129 1829 1234 1861 aetatis,
1253 1828 1325 1863 quod
1341 1828 1438 1855 Croeso
1454 1828 1549 1854 scribit
1565 1827 1712 1854 llerodotus

915 1870 1087 1901 praeceptum
1099 1874 1112 1892 a
1123 1865 1228 1892 Solone.
1270 1866 1302 1892 At
1312 1866 1399 1896 enim,
1415 1865 1644 1900 quemadmodum
1658 1870 1712 1891 tute

914 1903 1037 1934 dicebas,
1061 1908 1141 1938 negat
1156 1904 1291 1938 Epicurus
1307 1911 1356 1929 nec
1375 1903 1579 1929 diuturnitatem
1600 1903 1711 1937 quidem

915 1941 1043 1976 temporis
1055 1941 1088 1967 ad
1100 1941 1176 1967 beate
1188 1941 1337 1967 vivendum
1349 1939 1453 1975 aliquid
1469 1940 1575 1970 all‘erre,
1596 1948 1644 1966 nec
1661 1940 1712 1965 mi—

914 1987 1005 2005 norem
1018 1978 1182 2013 voluptatem
1194 1979 1330 2013 percipiin
1338 1978 1467 2004 brevitate
1475 1978 1710 2012 temporisqunm,

914 2017 938 2042 si
954 2015 999 2042 illa
1015 2016 1051 2042 sit
1065 2016 1238 2050 sempiterna.
1273 2017 1315 2042 88.
1338 2016 1405 2041 llaec
1419 2015 1547 2042 dicuntur
1560 2016 1712 2041 inconstan-

914 2054 1028 2080 tissime.
1069 2054 1159 2085 Quum
1175 2054 1247 2079 enim
1263 2061 1402 2079 summum
1419 2053 1519 2079 bonum
1537 2053 1563 2078 iu
1577 2052 1712 2086 voluptate

914 2095 1006 2125 ponat,
1030 2095 1109 2126 negat
1124 2090 1229 2117 infinito
1243 2095 1361 2125 tempore
1373 2091 1467 2116 aetatis
1479 2090 1642 2124 voluptatem
1655 2089 1711 2115 lieri

915 2128 1056 2158 maiorem,
1079 2136 1161 2162 quam
1183 2128 1257 2154 linito
1276 2133 1356 2162 atque
1377 2127 1492 2154 modico.
1533 2128 1585 2159 Qui
1610 2127 1710 2152 bonum

913 2173 991 2191 omne
1009 2165 1034 2190 in
1052 2165 1149 2191 virtute
1165 2166 1253 2199 ponit,
1272 2166 1294 2191 is
1306 2170 1392 2199 potest
1403 2164 1491 2190 dicere
1503 2164 1594 2199 perlici
1607 2164 1710 2189 beatam

914 2203 996 2228 vitam
1014 2201 1176 2236 perfectione
1192 2203 1313 2228 virtutis:
1337 2207 1416 2236 negat
1431 2203 1503 2227 enim
1519 2210 1626 2227 sunuuo
1642 2201 1711 2226 bono

914 2239 1005 2265 afferre
1021 2239 1216 2265 incrementum
1234 2238 1317 2265 diem.
1357 2239 1409 2270 Qui
1421 2244 1510 2265 autent
1523 2239 1657 2272 voluptate
1670 2238 1710 2263 vi-

914 2281 966 2302 tam
978 2275 1048 2302 efflei
1061 2276 1165 2302 beatam
1177 2276 1292 2310 putabit,
1305 2276 1352 2310 qui
1364 2275 1417 2301 sibi
1430 2276 1451 2301 is
1462 2277 1612 2304 conveniet,
1629 2276 1651 2301 si
1664 2283 1709 2301 ne-

913 2313 988 2349 gabit
999 2313 1162 2348 voluptatem
1174 2322 1293 2339 creseere
1306 2312 1519 2348 longinquitate?
1529 2314 1612 2348 Igitur
1624 2312 1710 2338 nedo-

914 2351 995 2377 loretu
1010 2350 1132 2385 quidem.
1158 2351 1198 2377 Au
1210 2350 1285 2377 dolor
1297 2350 1472 2384 long-tissimus
1484 2351 1601 2384 quisque
1615 2350 1709 2375 miser-

890 2404 891 2409 =
913 2389 1010 2420 rimus,
1036 2387 1199 2423 voluptatem
1217 2397 1268 2414 uon
1287 2384 1474 2422 optabiliorem
1490 2387 1653 2412 diuturnitas
1671 2386 1708 2412 fn-

911 2426 965 2452 eit‘?
975 2424 1046 2457 Quid
1057 2430 1096 2452 est
1108 2426 1198 2461 igitur,
1212 2434 1260 2451 cui·
1272 2425 1305 2451 ita
1318 2433 1424 2459 semper
1435 2424 1515 2450 deum
1529 2424 1709 2458 beatumEpi-

911 2471 993 2489 curus
1009 2462 1126 2497 appellet
1141 2468 1166 2489 ct
1180 2461 1335 2489 aeternum?
1349 2462 1458 2496 Dempta
1470 2463 1542 2487 euim
1554 2462 1708 2487 aeternitate

912 2499 998 2526 nihilo
1021 2499 1123 2526 beatior
1144 2501 1276 2534 luppiter,
1303 2508 1384 2534 (plani
1406 2499 1550 2533 Epicurus.
1593 2498 1708 2533 Uterque

911 2537 983 2563 enim
995 2545 1102 2563 summo
1114 2537 1182 2563 bono
1195 2537 1302 2566 fruitur,
1317 2537 1343 2562 id
1355 2541 1394 2561 est
1408 2536 1552 2571 voluptate.
1592 2535 1624 2562 At
1635 2537 1707 2562 euim

912 2574 955 2600 liic
971 2575 1050 2600 etiam
1062 2574 1162 2600 dolore.
1204 2574 1235 2600 At
1249 2582 1310 2600 eutu
1324 2573 1403 2599 nihili
1419 2573 1489 2599 facit.
1529 2573 1655 2600 Aiteuim
1668 2581 1706 2604 se,

910 2612 933 2638 si
950 2616 1054 2642 uratur,
1073 2621 1171 2647 nquam
1192 2612 1240 2638 hoe
1261 2611 1377 2636 suavel«
1399 2611 1545 2637 dicturum.
1587 2613 1628 2636 89.
1650 2612 1707 2643 Qua

911 2649 993 2685 igitur
1004 2657 1030 2675 re
1041 2657 1055 2675 a
1065 2649 1116 2677 deo
1128 2650 1254 2677 vincitur,
1267 2649 1290 2675 si
1303 2649 1456 2676 aeternitate
1468 2657 1519 2675 uon
1533 2647 1668 2675 vincitur?
1678 2648 1708 2675 ln
