1941 3052
222 181 269 205 ¹300}
793 176 833 201 ΖΠ.

222 255 385 284 tueri-mque.
402 248 468 275 nihil
485 249 544 275 tnw.
563 247 612 272 nisi
629 245 774 280 perfectum
790 245 904 278 ingenio.
921 244 1011 270 clabo-

221 291 305 313 ratum
321 286 458 314 industria.
475 285 558 310 afferri
571 288 698 317 oportere,
715 291 792 308 omne
805 290 893 307 meum
905 287 1010 316 tempus

221 324 364 350 amicorum
380 322 543 356 temporibus
559 319 790 346 transmittendum
807 318 907 353 putavi.
932 320 957 344 2,
974 319 1009 344 lta

220 403 300 424 strum
315 405 434 422 canianum
449 394 632 423 defenderent.
649 398 674 418 ct
689 401 765 419 meus
781 392 860 423 labor,
879 393 904 418 in
921 393 1010 427 priva-

221 440 304 460 torum
321 432 445 467 periculis
459 437 528 457 «rante
543 431 697 465 integreque
717 434 851 460 versatus,
871 438 905 456 ex
923 435 1010 456 vestro
1030 456 1032 459 ,

222 472 318 497 iudicio
332 470 446 496 [run-tum
461 474 500 494 est
514 467 711 502 amplissimum
732 471 901 493 consecutus.
944 467 1008 493 Nam
1030 462 1032 503 ς’

219 516 317 542 quium,
343 511 447 541 propter
465 505 617 531 dilationem
639 505 820 535 comitiorum,
846 509 884 530 ter
908 509 1011 539 praetor
1030 510 1032 536 ζ

221 546 321 579 primus
335 544 462 569 centuriis
475 543 578 568 cutictis
593 543 758 568 renuntiatus
776 550 851 571 aum.
875 541 950 568 facile
969 542 1009 567 in·
1030 537 1031 558 i

220 582 321 611 tellexi,
341 580 469 612 Quirites,
489 579 593 615 etquid
607 579 640 605 de
654 588 696 605 me
710 579 878 609 iudicaretis.
900 583 926 605 et
942 578 1009 613 quid

219 619 276 645 :iliis
296 618 518 653 praescriberetis.

219 665 260 682 tue
278 660 378 682 tantum
398 655 444 686 sit,
473 659 602 690 quantum
623 663 668 680 vos
688 654 832 680 honoribus
852 653 1009 680 mandandis

218 701 276 719 esse
288 692 418 721 voluistis.
431 692 498 718 etad
510 692 642 727 agendum
656 691 787 717 facultatis
799 695 910 721 tantum,
923 699 1010 726 quan-

219 736 273 756 tum
289 730 389 756 homini
402 729 520 765 vigilanti
536 738 568 756 ex
584 729 679 755 forensi
695 737 745 755 usu
761 737 841 763 prope
854 728 1008 763 quotidiana

217 767 321 794 dicendi
336 768 487 794 exercitatio
501 767 586 802 potuit
599 766 699 797 afferre,
715 771 783 792 certe
797 770 831 796 et.
847 766 869 792 ai
884 765 949 800 quid
961 774 1009 791 au—

217 805 343 831 ctoritatis
359 805 384 830 in
400 813 442 831 me
455 809 507 834 est.
528 813 557 830 ea
571 803 642 839 apud
656 812 700 830 eos
715 808 785 834 utar,
805 803 852 838 qui
867 811 924 829 eam
940 803 1006 829 mihi

217 842 355 872 dederunt,
372 847 396 868 ct
409 842 432 868 si
446 842 511 876 quid
526 842 604 868 etiarn
618 840 731 867 dicendo
743 841 870 875 consequi
886 849 1005 875 possum,

218 880 250 906 iis
263 879 399 906 ostendam
415 880 597 913 potissimum.
617 879 664 914 qui
679 878 702 904 ei
717 887 825 913 quoque
839 878 876 904 rei
891 877 1006 904 fructum

216 926 265 943 suo
275 917 374 943 iudicio
385 916 556 943 tribuendum
567 925 625 943 esse
636 916 779 942 duxerunt¹
802 917 826 942 3.
842 916 928 950 Atque
940 914 1007 941 illud

217 955 243 980 in
259 954 351 988 primis
367 954 431 980 mihi
449 954 599 980 laetandum
614 954 672 980 iure
685 961 743 979 esse
761 953 851 983 video,
873 952 958 988 quod,
979 953 1006 978 in

218 992 264 1017 hac
279 991 382 1017 insolita
398 992 463 1018 mihi
477 1000 509 1018 cx
525 991 573 1018 hoc
588 991 643 1017 loco
657 991 756 1017 ratione
769 990 890 1020 dicendi,
912 998 1006 1016 caussa

217 1029 276 1055 talis
293 1028 379 1055 oblata
397 1034 450 1059 est,
471 1029 498 1055 in
516 1037 568 1063 qua
587 1029 668 1055 oratio
686 1028 778 1054 deesse
797 1028 896 1054 nemini
912 1027 1004 1062 possit.

212 1065 361 1092 ¹Dicendum
376 1071 416 1092 est
429 1067 499 1092 enim
514 1066 547 1092 de
557 1066 606 1092 Cn.
618 1066 735 1100 Pompeii
750 1065 879 1101 singulari
894 1065 1007 1091 eximia·
1028 1081 1029 1102 3

215 1112 268 1138 que
290 1104 396 1130 virtute.
438 1104 523 1129 Huius
547 1108 634 1129 autem
657 1103 783 1129 orationis
805 1101 944 1128 difficilius
967 1106 1007 1128 est
1027 1111 1029 1121 ¹

215 1141 324 1172 exitum.
341 1149 421 1175 quam
437 1141 597 1176 principium
613 1141 739 1166 invenire.
761 1141 797 1166 Ita
810 1139 875 1166 mihi
887 1148 938 1165 non
953 1143 1005 1165 tam
1026 1149 1035 1174 ῃ

214 1178 298 1213 copia,
314 1186 394 1213 quam
409 1178 504 1204 modus
518 1179 544 1204 in
559 1177 672 1204 dicendo
685 1177 854 1212 quaerendus
868 1182 917 1203 est.

270 1215 301 1241 ll.
318 1216 341 1241 4.
363 1215 448 1250 Atque
463 1220 491 1241 ut
506 1215 566 1241 inde
580 1215 662 1241 oratio
675 1223 732 1241 mea
748 1214 938 1249 proficiscatur,
955 1223 1006 1240 un-

214 1252 247 1278 de
262 1252 324 1278 haec
338 1253 425 1278 omnis
439 1261 530 1279 caussa
546 1252 665 1278 ducitur:
686 1251 787 1278 bellum
802 1260 882 1287 grave
896 1256 921 1278 et
935 1252 1005 1286 peri·
1026 1281 1028 1287 Ι

213 1289 335 1316 culosum
354 1290 448 1316 vestris
468 1289 643 1325 vectigalibus
667 1294 746 1324 atque
769 1289 848 1315 sociis
866 1297 879 1315 a
898 1288 1005 1315 duobus

215 1327 404 1361 potentissimis
419 1327 526 1362 regibus
541 1326 661 1357 infertur,
677 1326 828 1353 Mithridate
842 1331 866 1352 et
880 1326 1002 1361 Tigrane.

213 1373 328 1399 quorum
347 1364 412 1390 alter
431 1364 551 1394 relictus,
576 1363 641 1390 alter
663 1363 816 1395 lacessitus,
839 1364 1004 1390 occasionem

213 1401 264 1427 sibi
283 1401 315 1427 ad
333 1401 512 1436 occupandam
531 1401 621 1427 Asiam
639 1401 753 1427 oblatam
771 1409 830 1427 esse
853 1401 1003 1427 arbitratur.

213 1439 356 1473 Equitibus
366 1439 500 1468 Romanis.
517 1438 712 1465 honestissimis
723 1439 796 1470 viris,
813 1438 960 1465 afferuntur
972 1446 1005 1464 ex

212 1476 273 1502 Asia
287 1475 406 1510 quotidie
426 1475 538 1507 litterae,
559 1484 673 1511 quorum
692 1484 803 1511 magnae
821 1484 863 1502 res
877 1480 1002 1512 aguntur,

213 1513 238 1539 in
254 1513 349 1539 vestris
364 1513 539 1549 vectigalibus
554 1513 708 1539 exercendis
726 1517 882 1548 occupatae;
907 1513 955 1548 qui
971 1512 1004 1539 ad

212 1558 263 1581 me,
279 1559 326 1585 pro
340 1550 544 1581 necessitudine,
561 1559 629 1585 quae
643 1550 710 1577 mihi
721 1555 761 1577 est
770 1559 832 1577 cum
844 1550 890 1577 illo
900 1550 1001 1581 ordine,

211 1596 332 1614 caussam
351 1587 513 1623 reipublicae
531 1587 703 1623 periculaque
721 1596 810 1614 rerum
828 1596 939 1614 suarum
957 1587 1005 1614 de-

212 1624 344 1651 tulerunt:
379 1626 404 1651 5.
424 1625 575 1661 Bithyniae,
595 1633 664 1660 quae
682 1634 754 1652 nunc
767 1629 853 1651 vestra
867 1625 1004 1660 provincia

211 1666 263 1693 est,
284 1662 357 1689 vicos
370 1667 478 1689 exustos
492 1670 550 1689 esse
567 1662 732 1697 complures3
752 1671 865 1698 regnum
879 1662 1004 1688 Ariobar-

212 1699 294 1730 mnis,
310 1699 382 1734 quod
396 1700 539 1726 finitimum
553 1704 593 1726 est
607 1700 703 1726 vestris
717 1699 902 1735 vectigalibus,
919 1703 1002 1725 totum

211 1744 269 1762 esse
283 1737 311 1762 in
326 1737 442 1763 hostium
457 1741 598 1771 potestate3
620 1736 778 1768 Lucullum,
799 1737 903 1772 magnis
922 1736 1002 1762 rebus

211 1774 306 1809 gestiS,
331 1773 364 1800 ab
382 1782 412 1801 eo
430 1774 499 1800 bello
517 1773 666 1807 discedere;
689 1774 752 1800 huic
769 1774 816 1809 qui
834 1774 1000 1805 successerit,

213 1819 263 1837 non
273 1811 337 1837 satis
347 1819 406 1837 esse
417 1816 536 1846 paratum
547 1811 580 1838 ad
590 1815 691 1837 tantum
704 1810 803 1837 bellum
815 1811 1004 1837 administran-

211 1847 290 1874 dum:
312 1856 395 1874 unum
414 1848 446 1876 ab
464 1848 590 1875 omnibus
608 1849 686 1875 sociis
701 1853 725 1874 et
739 1848 845 1874 civibus
858 1848 890 1874 ad
904 1848 932 1874 id
946 1848 1004 1875 bel·
1024 1851 1026 1877 ἶ

212 1885 268 1911 lum
279 1885 463 1919 imperatorem
474 1885 582 1920 deposci
593 1890 672 1921 atque
683 1886 780 1920 expeti,
797 1885 921 1912 eumdem
932 1886 1003 1913 hunc

211 1930 296 1949 unum
310 1922 343 1948 ab
357 1922 479 1949 hostibus
494 1923 585 1954 metui,
601 1927 733 1958 praeterea
748 1923 892 1949 neminem.

266 1961 290 1986 6.
313 1959 411 1986 Caussa
425 1968 493 1995 quae
507 1961 550 1991 sit,
566 1960 676 1993 videtis3
693 1969 772 1991 nunc,
788 1960 855 1995 quid
869 1960 1000 1996 agendum

210 1997 258 2027 sit,
282 1997 455 2023 considerate.
495 1997 613 2023 Primum
632 1997 698 2024 mihi
722 1997 829 2024 videtur
851 1998 884 2024 de
905 2007 1002 2033 genere

211 2034 287 2065 belli,
313 2033 409 2060 deinde
431 2034 463 2060 de
486 2034 682 2070 magnitudine,
712 2039 767 2061 tum
790 2035 823 2061 de
845 2035 1002 2070 imperatore

210 2070 351 2107 deligendo
364 2079 422 2097 esse
436 2071 589 2098 dicendum.
621 2072 713 2098 Genus
727 2077 765 2098 est
781 2071 844 2098 belli
858 2073 999 2104 eiusmodi,

210 2108 282 2143 quod
300 2109 416 2135 maxime
435 2113 536 2136 vestros
556 2109 658 2136 animos
677 2110 791 2136 excitare
806 2114 884 2144 atque
898 2109 1002 2136 inflam-

211 2154 281 2172 mare
299 2144 331 2172 ad
349 2145 526 2181 persequendi
544 2145 664 2173 studium
679 2146 786 2178 debeat,
806 2147 833 2173 in
847 2156 900 2182 quo
915 2148 1002 2184 agitur

209 2181 302 2217 populi
316 2183 426 2209 Romani
440 2182 538 2219 gloria.
553 2192 622 2219 quae
636 2184 713 2211 vobis
727 2193 741 2210 a
755 2184 902 2211 maioribus
915 2193 1001 2220 quum
1023 2193 1025 2219 ¹,

210 2228 305 2256 magna
319 2220 346 2247 in
360 2220 440 2247 rebus
453 2221 592 2253 omnibus,
615 2226 672 2248 tum
690 2230 795 2248 summa
809 2222 837 2248 in
851 2230 878 2248 re
893 2222 1000 2249 militari
1022 2221 1025 2241 ¹

209 2257 303 2284 tradita
320 2262 372 2288 est,
401 2258 488 2294 agitur
505 2258 579 2285 salus
595 2258 728 2286 sociorum
747 2264 826 2294 atque
843 2260 999 2291 amicorum,

210 2303 256 2329 pro
274 2303 326 2330 qua
345 2294 428 2321 multa
447 2296 559 2322 maiores
580 2296 661 2322 vestri
680 2305 774 2332 magna
788 2302 813 2322 et
827 2297 917 2332 gravia
932 2297 1000 2323 bella

208 2337 360 2367 gesserunt.
381 2337 497 2368 aguntur
513 2334 662 2359 certissima
680 2333 772 2368 populi
787 2334 898 2360 Romani
919 2335 998 2361 vecti-

208 2369 276 2404 galia
296 2374 321 2395 et
339 2371 467 2401 maxima,
487 2370 588 2405 quibus
602 2371 708 2397 amissis
723 2376 747 2397 ct
762 2371 834 2406 pacis
848 2377 1000 2398 ornamenta

209 2411 233 2431 et
247 2406 368 2432 subsidia
383 2406 446 2433 belli
461 2408 616 2442 requiretis,
636 2413 754 2444 aguntur
773 2408 839 2435 bona
855 2408 1000 2435 multorum

209 2443 322 2474 civium,
342 2444 443 2478 quibus
457 2449 496 2471 est
509 2453 523 2471 a
537 2445 613 2472 vobis
627 2449 652 2472 et
666 2446 786 2480 ipsorum
800 2450 825 2472 et
838 2446 1001 2480 reipublicae
1022 2444 1024 2472 ἶ

209 2487 302 2506 caussa
315 2481 520 2508 consulendum.
550 2483 593 2509 Ill.
608 2483 634 2509 7.
647 2482 682 2508 Et
694 2483 821 2517 quoniam
835 2491 941 2518 semper
954 2492 1002 2518 ap—
1022 2475 1025 2528 i

211 2520 328 2550 petentes
345 2517 444 2553 gloriae
466 2524 568 2553 praeter
589 2523 688 2546 ceteras
709 2524 803 2555 gentes
825 2525 906 2555 atque
928 2521 1000 2548 avidi
1022 2534 1024 2540 v

211 2553 297 2579 laudis
311 2553 412 2586 fuistis,
433 2555 545 2584 delenda
559 2557 635 2583 vobis
648 2561 690 2584 est
701 2557 748 2583 illa
761 2556 880 2588 macula,
895 2558 1002 2585 Mithri-

210 2589 294 2616 datico
308 2590 378 2618 bello
391 2594 526 2626 superiore
540 2598 673 2629 suscepta,
689 2602 758 2629 quae
771 2594 878 2629 penitus
892 2596 945 2622 iam
959 2595 1002 2622 in-

209 2626 278 2654 sedit
300 2632 379 2663 atque
402 2629 558 2657 inveteravit
581 2632 608 2658 in
630 2631 723 2666 populi
745 2631 854 2657 Romani
878 2633 1000 2661 nornine:

209 2664 280 2698 quod
294 2665 326 2695 is,
342 2666 389 2699 qui
403 2674 456 2693 uno
465 2667 518 2699 die,
534 2672 586 2694 tota
596 2668 666 2698 Asia,
683 2673 720 2694 tot
731 2668 757 2694 in
768 2668 930 2700 civitatibus,
948 2678 1002 2697 uno

210 2702 303 2728 nuntio
322 2706 401 2736 atque
419 2712 471 2730 una
492 2704 638 2732 litterarum
656 2705 849 2740 significatione
863 2707 935 2733 cives
948 2707 1001 2733 Ro-

222 369 306 395 nequ(-
322 360 363 385 lui·-
380 359 451 384 locus
467 367 566 383 viu-uus
582 365 708 391 umquam
724 355 773 381 fuit
787 356 820 381 ab
835 356 880 386 iis,
901 356 947 390 qui
964 364 1010 381 ve·
1031 354 1033 381 ff

560 618 635 643 Nunc
652 625 736 652 quum
756 621 781 642 et
798 617 960 642 auctoritatis
982 617 1008 642 in
1037 638 1039 646 ,

869 175 902 200 Μ.
933 175 962 200 Τ.
994 173 1268 200 CtCssnONts

1062 252 1153 270 munos
1168 243 1298 270 necandos
1313 244 1538 280 trucidandosque
1550 244 1694 276 denotavit,
1709 254 1761 272 non
1773 245 1851 273 modo

1061 281 1148 307 adhuc
1167 289 1277 315 poenam
1297 281 1398 308 nullam
1416 290 1466 308 auo
1482 281 1590 316 dignam
1609 282 1708 309 coelare
1721 284 1848 318 suscepit.

1061 318 1107 344 sed
1122 318 1154 344 ab
1169 318 1214 344 illo
1228 323 1344 352 tempore
1358 327 1456 345 annum
1471 319 1524 345 iam
1538 321 1645 346 tertium
1656 324 1682 346 ct
1693 320 1849 347 vioe-imum

1061 359 1165 390 regnat,
1185 359 1211 381 et
1229 355 1264 381 ita
1282 360 1387 390 regnat,
1408 360 1437 382 ut
1449 364 1479 382 ae
1493 365 1544 383 non
1559 357 1632 383 Ponti
1647 365 1734 392 neque
1747 357 1851 392 Cappa-

1060 392 1150 418 dociae
1166 392 1272 419 latebris
1285 392 1417 419 occultare
1431 393 1504 424 velit,
1519 393 1566 420 aed
1581 402 1715 429 emergere
1724 402 1757 421 ex
1767 395 1852 429 patrio

1061 438 1142 464 regno
1155 434 1234 464 atqioe
1249 430 1275 456 in
1291 431 1387 456 vestris
1401 430 1586 464 vectigatibua.
1603 431 1652 457 boc
1665 436 1717 462 eet,
1733 432 1760 458 in
1774 432 1851 458 Asi-e

1062 467 1120 492 luce
1139 467 1248 493 versari.
1289 468 1314 493 ⁸.
1337 467 1440 494 Etenim
1459 468 1546 494 adbuc
1564 469 1598 494 ita
1617 469 1698 495 ναίὴ
1720 477 1781 495 cum
1805 469 1852 496 illo

1061 512 1121 539 rege
1142 504 1335 530 contenderunt
1357 505 1540 539 imperatores.
1566 510 1595 531 ut
1617 506 1650 532 ab
1672 505 1718 532 itto
1736 507 1851 540 insignia

1062 542 1198 571 victoriae,
1224 550 1274 567 non
1299 542 1433 568 victoriam
1456 547 1625 577 reportarent.
1665 540 1853 578 Triumph‘nvit

1062 579 1090 605 L.
1106 578 1193 610 Sulla;
1215 579 1390 613 triumphavit
1404 579 1433 605 L.
1449 580 1557 606 Murena
1570 580 1603 606 de
1618 580 1781 611 Mithridate.
1797 580 1852 607 duo

1062 615 1197 642 fortissimi
1213 616 1263 642 viri
1277 621 1302 642 et
1315 617 1414 642 summi
1431 617 1614 651 imperatores:
1641 617 1689 643 sed
1707 617 1742 644 ita
1756 618 1852 644 trium-

1060 653 1190 688 pharunt.
1212 658 1240 679 ut
1254 653 1299 680 ille
1313 653 1409 688 pulsus
1422 659 1618 689 superatusque
1631 659 1760 690 regnaret.
1801 655 1852 681 Ve-

1061 696 1208 717 rumtamen
1222 690 1275 717 illis
1287 691 1491 725 imperatoribus
1502 691 1559 718 laus
1568 696 1609 718 eat
1619 691 1767 722 tribuenda.
1778 693 1850 727 quod

1059 733 1184 763 egerunt:
1211 729 1285 754 venia
1304 728 1403 760 danda,
1425 729 1497 764 quod
1511 729 1689 764 reliquerunt:
1714 734 1850 764 propterea

1036 778 1038 788 ι
1059 765 1131 800 quod
1145 765 1178 791 ab
1192 774 1222 791 eo
1236 765 1307 792 bello
1320 765 1422 792 Sullam
1442 767 1468 793 in
1487 766 1586 792 ltaliam
1606 766 1770 801 respublica.
1790 767 1850 793 Mu·

1060 812 1148 829 renam
1175 803 1250 829 Sulla
1276 804 1419 829 revocavit.
1459 804 1502 830 1v.
1524 805 1549 830 9.
1572 804 1737 830 Mithridates
1761 809 1849 831 autem

1058 849 1136 866 omne
1156 840 1290 875 reliquum
1311 845 1416 875 tempus
1440 849 1491 868 non
1513 841 1546 867 ad
1569 841 1731 868 oblivionem
1755 841 1850 868 vetet-ia

1058 877 1131 908 belli.
1139 878 1186 904 sed
1198 878 1231 904 ad
1241 878 1463 912 comparationem
1474 879 1535 905 novi
1544 878 1669 910 contulit;
1681 879 1738 914 qui.
1747 883 1851 913 postea-

1058 924 1139 950 quam
1154 916 1284 942 maximas
1298 915 1463 942 aedificasset
1475 920 1648 952 ornassetque
1661 916 1761 942 classes
1774 924 1852 943 exer-

1058 953 1182 988 citusque
1197 961 1368 988 permagnos,
1383 953 1603 988 quibuscumque
1616 962 1649 980 ex
1662 954 1789 989 gentibus
1803 961 1851 988 po-

1059 990 1162 1021 tuisset,
1177 994 1364 1025 comparasset,
1380 995 1406 1017 et
1419 999 1448 1017 se
1462 991 1628 1025 Bosporanis,
1645 991 1767 1017 finitimis
1779 991 1848 1021 suis,

1059 1027 1159 1054 bellum
1174 1027 1271 1054 inferre
1284 1027 1435 1054 simularet:
1452 1029 1576 1063 usquein
1587 1028 1740 1063 Hispaniam
1752 1027 1850 1064 legatos

1034 1068 1037 1104 j
1058 1073 1087 1091 ac
1102 1064 1200 1091 litteras
1215 1066 1289 1092 misit
1301 1065 1334 1091 ad
1345 1074 1389 1092 eos
1399 1065 1491 1096 duces,
1507 1065 1669 1100 quibuscum
1681 1070 1737 1092 tum
1748 1065 1849 1092 bellum

1057 1102 1226 1138 gerebamus,
1241 1107 1278 1133 ut,
1295 1111 1380 1138 quum
1394 1103 1501 1130 duobus
1515 1104 1541 1129 in
1557 1103 1620 1130 locis
1630 1103 1850 1129 disiunctissimis

1058 1141 1227 1175 maximeque
1240 1139 1354 1166 diversis
1370 1149 1422 1167 uno
1435 1140 1546 1167 consilio
1558 1149 1573 1167 a
1587 1141 1658 1167 binis
1672 1140 1788 1166 hostium
1806 1148 1850 1166 eo-

1057 1177 1109 1211 piis
1124 1177 1224 1203 bellum
1239 1181 1305 1203 terra
1320 1178 1440 1212 marique
1453 1183 1595 1214 gereretur.
1613 1186 1659 1204 vos
1669 1177 1777 1212 ancipiti
1787 1185 1851 1203 oon-

1057 1215 1172 1241 tentione
1186 1215 1299 1241 districti
1313 1214 1346 1241 de
1359 1215 1472 1250 imperio
1484 1215 1656 1241 dimicaretis.
1692 1216 1729 1240 ⁴0.
1744 1213 1796 1241 Sed
1811 1219 1850 1240 ta-

1057 1260 1118 1278 men
1131 1252 1240 1278 alterius
1254 1252 1336 1287 partis
1351 1252 1513 1287 periculum,
1533 1252 1697 1279 Sertorianae
1710 1256 1790 1286 atque
1803 1252 1850 1278 Hi-

1057 1289 1222 1324 spaniensis,
1245 1298 1314 1324 quae
1332 1289 1416 1316 multo
1435 1289 1496 1324 plus
1515 1290 1672 1316 firmamenti
1696 1297 1726 1315 ac
1748 1288 1849 1315 roboris

1057 1326 1179 1357 habebat,
1196 1326 1244 1353 Cn.
1256 1327 1374 1361 Pompeii
1388 1326 1481 1353 divino
1493 1327 1604 1353 consilio
1615 1335 1644 1352 ac
1654 1325 1783 1362 singulari
1795 1326 1850 1352 vir-

1057 1368 1112 1390 tute
1125 1363 1271 1398 depulsum
1285 1368 1337 1390 est:
1353 1365 1380 1390 in
1395 1363 1475 1390 altera
1489 1369 1562 1399 parte
1576 1365 1610 1390 ita
1625 1372 1667 1390 res
1680 1372 1694 1390 a
1708 1364 1738 1390 L.
1750 1362 1850 1390 Lucul-

1057 1401 1090 1432 lo,
1106 1409 1213 1428 summo
1227 1402 1292 1432 viro,
1308 1405 1349 1427 est
1361 1401 1552 1432 administrata,
1569 1406 1599 1427 ut
1612 1401 1686 1427 initia
1700 1400 1746 1427 illa
1759 1408 1848 1427 rerum

1055 1443 1191 1474 gestarum
1209 1447 1305 1475 magna
1323 1443 1403 1474 atque
1420 1438 1552 1474 praeclara
1571 1447 1623 1465 non
1642 1437 1762 1464 felicitati
1779 1438 1847 1468 eius,

1033 1474 1035 1499 J
1056 1476 1103 1502 sed
1118 1477 1223 1507 virtuti,
1245 1476 1308 1502 haec
1322 1480 1410 1502 autem
1424 1481 1550 1506 extrema.
1566 1484 1635 1511 quae
1648 1483 1734 1510 nuper
1746 1474 1850 1502 accide-

1032 1521 1036 1652 ἶ
1056 1518 1126 1545 runt,
1143 1522 1194 1540 non
1208 1513 1311 1548 culpae.
1327 1513 1375 1540 sed
1389 1513 1509 1540 fortunae
1522 1512 1662 1540 tribuenda
1671 1521 1731 1539 esse
1740 1512 1850 1539 videan-

1056 1556 1108 1577 tur.
1149 1550 1202 1577 Sed
1220 1550 1253 1577 de
1272 1550 1384 1577 Lucullo
1401 1551 1487 1577 dicam
1505 1550 1557 1577 alio
1575 1550 1644 1582 loco,
1663 1554 1689 1576 et
1702 1551 1738 1576 ita
1749 1549 1846 1580 dicam,

1055 1588 1181 1621 Quirites,
1197 1592 1227 1614 ut
1238 1596 1325 1623 neque
1335 1596 1396 1614 vera
1408 1587 1466 1615 laus
1477 1589 1501 1614 ei
1511 1587 1626 1615 detracta
1636 1587 1736 1614 actione
1749 1591 1846 1617 nostra.

1032 1653 1034 1664 Ι
1056 1633 1144 1661 neque
1158 1625 1223 1651 falsa
1237 1624 1323 1651 afficta
1337 1633 1396 1651 esse
1410 1625 1541 1651 videatur.
1584 1626 1623 1651 u.
1644 1625 1681 1651 De
1699 1625 1780 1650 vestri
1797 1625 1849 1650 im-

1032 1666 1034 1696 Ι
1055 1663 1122 1698 perii
1140 1662 1269 1698 dignitate
1287 1666 1366 1697 atque
1383 1662 1480 1698 gloria,
1503 1663 1629 1697 quoniam
1647 1662 1670 1688 is
1684 1666 1724 1688 est
1737 1669 1848 1688 exorsus

1032 1715 1033 1719 =
1055 1700 1180 1726 orationis
1198 1708 1285 1730 meae,
1306 1699 1406 1731 videte,
1430 1707 1511 1734 quem
1530 1699 1606 1725 vobis
1623 1699 1743 1725 animum
1761 1699 1849 1725 susci-

1055 1737 1184 1772 piendum
1202 1737 1311 1772 putetis.
1352 1737 1383 1763 V.
1405 1737 1517 1763 Maiores
1535 1737 1616 1763 vestri
1634 1744 1726 1771 saepe.
1747 1744 1849 1762 merca-

1056 1775 1158 1801 toribus
1172 1783 1202 1801 ac
1216 1773 1388 1801 naviculariis
1398 1774 1556 1801 iniuriosius
1568 1774 1692 1804 tractatis,
1708 1772 1778 1799 bella

1024 1807 1034 1870 ἶ,
1055 1816 1162 1838 serunt:
1186 1820 1246 1842 vos,
1275 1815 1313 1838 tot
1330 1812 1431 1838 civium
1448 1811 1627 1837 Romanorum
1651 1810 1772 1837 millibus
1795 1818 1848 1837 uno

1056 1850 1150 1876 nuntio
1163 1853 1242 1884 atque
1256 1857 1310 1875 uno
1324 1853 1441 1883 tempore
1455 1849 1563 1878 necatis,
1579 1856 1634 1883 quo
1643 1847 1750 1874 tandem
1759 1848 1848 1874 animo

1032 1891 1033 1910 1
1055 1895 1114 1913 esse
1127 1886 1249 1913 debetis?
1274 1886 1366 1922 Legati
1379 1885 1452 1921 quod
1465 1890 1539 1912 erant
1553 1885 1678 1920 appellati
1691 1885 1845 1920 superbius.

1055 1923 1211 1950 Corinthum
1227 1928 1314 1958 patres
1328 1923 1424 1954 vestri,
1447 1923 1527 1950 totius
1542 1923 1667 1950 Graeciae
1681 1922 1785 1952 lumen,
1801 1929 1849 1949 ex-

1054 1962 1181 1988 stinctum
1192 1969 1252 1987 esse
1263 1960 1418 1987 voluerunt:
1434 1968 1481 1987 vos
1491 1969 1552 1987 eum
1564 1968 1652 1996 regem
1663 1959 1779 1986 inultum
1789 1967 1848 1985 ωδε

1054 1999 1206 2034 patiemini,
1231 1999 1279 2033 qui
1302 1997 1419 2033 legatum
1441 1997 1535 2033 populi
1552 1997 1662 2024 Romani
1680 1996 1847 2023 consularem

1054 2035 1170 2063 vinculis
1188 2044 1218 2062 ac
1235 2035 1393 2062 verberibus
1411 2040 1490 2070 atque
1507 2035 1579 2061 omni
1598 2033 1732 2069 supplicio
1753 2041 1848 2060 excru-

1054 2074 1152 2100 ciatum
1172 2071 1294 2099 necavit?
1318 2072 1359 2099 Illi
1380 2072 1527 2099 libertatem
1549 2072 1650 2098 civium
1668 2071 1847 2097 Romanorum

1054 2111 1223 2137 imminutam
1243 2119 1294 2136 non
1313 2109 1445 2136 tulerunt:
1469 2118 1516 2136 vos
1535 2110 1616 2135 vitam
1630 2113 1747 2143 ereptam
1761 2107 1848 2143 negli-

1031 2146 1032 2152 ’
1053 2147 1140 2184 getis?
1165 2148 1209 2174 lus
1232 2147 1371 2183 legationis
1394 2147 1476 2173 verbo
1497 2146 1625 2173 w'olatum
1648 2144 1689 2172 illi
1714 2145 1846 2180 persecuti

1053 2190 1129 2212 sunt:
1155 2194 1202 2212 vos
1217 2184 1333 2220 legatum
1348 2183 1422 2211 omni
1435 2183 1570 2219 supplicio
1583 2181 1752 2210 interfectum
1765 2181 1848 2209 relin-

1053 2222 1160 2258 quetis?
1200 2224 1240 2248 ⁴2.
1262 2222 1368 2253 Videte,
1384 2229 1431 2253 ne,
1447 2226 1477 2248 ut
1489 2220 1544 2248 illis
1558 2220 1770 2255 pulcherrimum
1784 2219 1844 2250 fuit.

1053 2265 1153 2287 tantam
1167 2259 1244 2286 vobis
1257 2259 1364 2294 impen'i
1376 2258 1489 2295 gloriam
1503 2258 1618 2288 tradere,
1637 2257 1677 2284 sic
1695 2256 1772 2284 vobis
1789 2261 1848 2283 tur-

1031 2309 1033 2315 ·
1053 2298 1197 2332 pissimum
1212 2297 1255 2327 sit.
1271 2296 1349 2327 illud.
1364 2295 1437 2331 quod
1450 2295 1603 2330 accepistis,
1619 2294 1687 2321 tueri
1700 2299 1726 2320 et
1738 2301 1848 2321 conser-

1053 2343 1114 2361 vare
1133 2343 1185 2361 non
1205 2342 1292 2369 posse.
1332 2333 1422 2366 Quid?
1437 2332 1510 2368 quod
1527 2331 1601 2358 salus
1619 2331 1751 2358 sociorum
1769 2339 1847 2357 sum-

1030 2368 1033 2389 ἶ
1053 2381 1126 2399 mum
1140 2372 1168 2398 in
1183 2371 1332 2406 periculum
1346 2379 1376 2397 ac
1389 2370 1532 2396 discrimen
1542 2373 1659 2399 vocatur,
1675 2377 1729 2403 quo
1739 2367 1844 2394 tandem

1030 2391 1032 2426 Ι
1052 2410 1141 2436 animo
1159 2408 1226 2435 ferre
1243 2407 1365 2434 debetis?
1389 2408 1480 2443 Regno
1492 2406 1623 2441 expulsus
1636 2410 1677 2432 est
1689 2405 1846 2432 Ariobarza-

1053 2455 1100 2473 nes
1113 2455 1169 2477 rex,
1185 2446 1274 2472 socius
1289 2444 1381 2480 populi
1396 2444 1506 2471 Romani
1519 2447 1599 2478 atque
1612 2443 1729 2469 amicus:
1753 2443 1845 2469 immi—

1052 2488 1116 2510 nent
1128 2483 1183 2510 duo
1195 2491 1273 2518 reges
1287 2483 1334 2509 toti
1346 2482 1438 2512 Asiae.
1455 2489 1506 2507 non
1520 2480 1608 2507 solum
1622 2480 1700 2507 vobis
1712 2479 1846 2506 inimicis-

1052 2522 1127 2552 simi,
1148 2520 1196 2547 sed
1209 2521 1289 2546 etiam
1303 2519 1400 2546 vestris
1413 2518 1493 2545 sociis
1507 2522 1587 2553 atque
1600 2517 1707 2547 amicis,
1722 2516 1844 2543 civitates

1052 2562 1140 2585 autem
1163 2566 1269 2588 omnes,
1294 2560 1389 2583 cuncta
1406 2556 1469 2582 Asia
1491 2559 1571 2590 atque
1593 2554 1703 2582 Graecia
1724 2557 1844 2580 vesu-um

1029 2594 1032 2665 Ι
1051 2595 1183 2622 auxilium
1201 2598 1355 2629 exspectare
1372 2596 1479 2628 propter
1496 2591 1609 2628 periculi
1631 2590 1844 2627 magnitudinem

1051 2637 1196 2668 coguntur:
1223 2632 1410 2666 imperatorem
1431 2638 1445 2656 a
1467 2629 1544 2656 vobis
1565 2633 1667 2656 certum
1688 2628 1841 2663 deposcere,

1029 2670 1031 2700 ἶ
1050 2678 1136 2704 quum
1151 2668 1306 2704 praesertim
1321 2677 1368 2694 vos
1382 2667 1464 2694 alium
1479 2666 1616 2698 miseritis,
1631 2674 1720 2701 neque
1733 2664 1840 2696 audent.

1029 2705 1031 2729 ἓ
1051 2715 1138 2741 neque
1157 2706 1183 2732 id
1202 2715 1231 2732 se
1249 2705 1334 2732 facere
1351 2712 1458 2731 summo
1475 2705 1534 2730 sine
1547 2703 1666 2738 periculo
1679 2711 1758 2737 posse
1771 2701 1843 2728 arbi-
