1941 3052
537 130 830 158 PHILIPPICA
863 131 909 157 XI.

60 202 166 232 virtute,
188 202 355 233 auctoritate,
377 202 513 228 nobilitate
528 202 628 228 summi
645 202 709 228 viri:
736 211 851 237 quorum

59 239 167 265 alterius
188 239 241 265 iam
262 244 339 265 notus
356 239 432 265 nobis
444 244 484 265 est
495 240 636 270 exercitus,
654 239 764 265 alterius
776 239 852 265 audi-

59 281 112 302 tus.
152 276 209 302 XII.
227 277 284 302 Non
304 277 387 312 igitur
396 277 495 302 Brutus
510 277 675 311 exspectavit
690 276 793 303 decreta
805 286 852 303 no-

58 318 120 344 stra,
133 322 218 348 quum
230 313 317 340 studia
330 318 428 340 nosset.
469 314 561 349 Neque
572 314 643 340 enim
655 315 732 340 estin
744 315 852 349 provin-

57 351 124 377 ciam
136 359 212 377 suam
225 351 326 378 Cretam
340 351 486 386 profectus:
507 351 535 377 iu
546 351 726 378 Macedoniam
738 351 851 377 alienam

58 388 204 414 advolavit:
236 389 324 414 omnia
345 398 394 414 sua
410 389 523 423 putavit,
541 397 610 424 quae
626 397 672 415 vos
689 394 774 415 vestra
793 397 851 415 esse

58 424 175 451 velletis:
209 425 326 460 legiones
342 427 501 460 conscripsit
515 435 606 457 novas,
620 427 723 461 excepit
735 431 849 452 veteres:

57 463 204 497 equitatum
217 463 249 488 ad
260 472 288 489 se
304 463 416 490 abduxit
427 463 586 494 Dolabellae,
604 468 683 498 atque
699 472 769 492 eum,
784 472 850 489 nou-

57 500 121 526 dum
144 505 215 526 tanto
231 501 373 534 parricidio
391 501 514 532 oblitum,
538 501 640 527 hostem
656 509 704 526 sua
721 501 851 527 sententia

56 537 194 563 iudicavit.
218 539 283 564 Nam
295 538 322 564 ni
334 539 368 564 ita
379 543 458 568 esset,
472 547 525 573 quo
536 538 593 564 iure
604 538 752 572 equitatum
764 546 777 563 a
788 546 851 564 con-

57 574 115 600 sule
135 575 296 602 abduceret?
325 577 367 602 28.
385 575 474 608 Quid‘?
503 575 532 602 C.
546 575 664 606 Cassius,
678 575 734 609 pari
747 576 851 610 magni-

56 612 150 638 tudine
170 613 251 638 animi
273 617 298 639 et
313 613 417 639 consilii
429 613 574 647 praeditus,
593 621 680 638 nonne
691 621 721 638 eo
732 621 764 638 ex
776 612 849 638 Italia

56 649 167 675 consilio
178 650 311 684 profectus
323 655 372 681 est,
380 654 410 676 ut
420 650 572 685 prohiberet
583 649 658 685 Syria
670 649 851 675 Dolabellam?

55 686 113 719 Qua
135 686 212 722 lege‘.>
235 696 289 722 quo
304 687 379 714 iure?
399 688 444 718 Eo,
465 687 537 722 quod
553 687 672 721 Iuppiter
682 687 740 721 ipse
751 687 847 718 sanxit,

56 729 86 750 ut
106 725 202 755 omnia,
220 733 288 759 quae
303 724 465 759 reipublicae
481 724 606 751 salutaria
621 728 718 754 essent,
732 724 849 759 legitima

56 766 82 788 et
100 762 170 788 iusta
190 762 358 788 haberentur.
397 762 445 788 Est
465 762 536 788 enim
552 761 594 787 lex
609 761 675 787 nihil
692 761 778 792 aliud,
797 762 849 787 nisi

56 803 125 825 recta
145 803 170 826 et
190 807 204 825 a
219 800 329 825 numine
344 799 454 826 deorum
470 803 550 825 tracta
565 799 639 829 ratio,
655 799 790 833 imperans
803 799 850 825 ho-

56 841 138 867 nesta,
164 836 308 871 prohibens
327 837 465 863 contraria.

55 873 172 904 Cassius,
195 882 280 908 quum
296 878 335 900 est
350 875 377 900 in
389 873 494 910 Syriam
506 873 649 908 profectus,
663 873 776 899 alienam
788 882 850 908 pro-

55 911 179 941 vinciam,
193 911 215 936 si
224 910 570 947 homineslegibusscriptis
578 915 722 941 uterentur,
739 911 849 937 hisvero

54 948 198 983 oppressis,
211 957 286 974 suam
300 948 357 984 lege
369 954 485 975 naturae.
501 950 542 975 29.
556 948 608 975 Sed
619 953 682 974 utea
689 952 775 974 vestra
782 957 849 983 quo·
870 954 871 957 ’

53 994 106 1020 que
121 986 274 1012 auctoritate
285 985 412 1017 firmetur,
425 995 533 1013 censeo:
555 985 645 1018 Quum
656 986 685 1012 P.
703 985 846 1016 Dolabella,

53 1023 154 1058 quique
161 1023 582 1050 eiuscrudelissimiettaeterrimi
590 1023 714 1050 facinoris
721 1023 846 1053 ministri,
870 1034 871 1038 ¹

53 1061 127 1091 socii,
141 1060 275 1087 adiutores
286 1060 403 1092 fuerunt,
418 1061 506 1088 hostes
517 1060 610 1096 populi
622 1061 733 1087 Romani
745 1070 759 1086 a
771 1069 849 1086 sena-
870 1069 871 1072 ¹

54 1102 81 1124 tu
102 1097 211 1124 iudicati
231 1099 298 1130 sint;
339 1107 479 1134 quumque
499 1104 609 1125 senatus
630 1099 658 1124 P.
684 1098 847 1125 Dolabellam

52 1135 124 1162 hello
139 1136 354 1171 persequendum
369 1137 511 1168 censuerit,
529 1141 558 1162 ut
567 1137 600 1167 is,
618 1137 665 1171 qui
681 1137 770 1163 omnia
784 1135 848 1162 deo-

53 1181 112 1199 rum
133 1172 327 1208 hominumque
347 1175 404 1200 iura
426 1183 507 1205 novo,
530 1173 663 1205 inaudito,
689 1172 847 1208 inexpiabili

53 1210 151 1236 scelere
172 1210 306 1245 polluerit,
325 1211 480 1246 nefarioque
495 1212 595 1246 patriae
606 1220 634 1237 se
646 1211 788 1246 parricidio
799 1210 847 1237 ob-

53 1248 198 1278 strinxerit,
213 1256 310 1283 poenas
321 1248 374 1275 diis
389 1249 600 1284 hominibusque
612 1250 718 1275 meritas
729 1249 847 1274 debitas-

52 1293 106 1320 que
126 1285 272 1320 persolvat:
313 1288 354 1312 30.
386 1287 490 1313 senatui
514 1286 630 1321 placere,
661 1286 690 1313 C.
723 1286 845 1313 Cassium

52 1322 237 1357 proconsulem
259 1324 422 1358 provinciam
443 1324 548 1359 Syriam
568 1324 700 1355 obtinere,
724 1324 775 1355 uti,
798 1323 847 1358 qui

52 1368 110 1386 eam
130 1361 230 1395 optimo
250 1361 308 1387 iure
323 1361 487 1396 provinciam
498 1361 657 1388 obtinuerit:

51 1395 83 1429 Q.
110 1397 206 1424 Marcio
221 1398 315 1433 Crispo
339 1398 505 1434 proconsule,
524 1399 553 1425 L.
580 1398 664 1425 Statio
679 1399 770 1425 Murco
785 1406 846 1432 pro-

51 1434 169 1466 consule,
195 1435 227 1461 A.
257 1436 362 1463 Allieno
382 1436 467 1471 legato
487 1436 619 1462 exercitus
636 1437 763 1471 accipere,
787 1444 845 1461 eos-

51 1480 105 1506 que
118 1473 142 1498 ei
157 1472 271 1499 tradere:
312 1482 429 1508 cumque
444 1474 486 1500 his
501 1473 594 1508 copiis,
613 1478 638 1500 et
652 1474 675 1500 si
691 1482 758 1509 quas
770 1481 847 1508 prae-

51 1514 120 1535 terea
141 1511 280 1544 paraverit,
302 1510 372 1537 bello
393 1511 422 1537 P.
453 1511 615 1538 Dolabellam
637 1516 703 1537 terra
723 1511 845 1545 marique

51 1548 190 1582 persequi:
221 1548 279 1574 eius
291 1548 354 1574 belli
365 1548 476 1584 gerendi
487 1557 589 1579 caussa,
603 1549 704 1584 quibus
716 1549 739 1575 ei
756 1547 845 1574 videa-

50 1588 102 1615 tur,
119 1593 209 1616 naves,
227 1589 330 1616 nautas,
348 1586 498 1620 pecuniam,
515 1590 609 1617 cetera,
622 1595 690 1621 quae
702 1586 734 1613 ad
746 1586 773 1612 id
787 1585 846 1612 bel-

51 1620 105 1647 lum
131 1622 278 1657 gerendum
304 1623 461 1657 pertineant,
488 1628 517 1650 ut
537 1623 686 1658 imperandi
708 1624 734 1650 in
755 1623 841 1659 Syria,

49 1658 120 1690 Asia,
138 1659 269 1694 Bithynia,
287 1660 370 1687 Ponto
385 1661 427 1687 ius
439 1665 649 1696 potestatemque
662 1661 769 1688 habeat:
802 1665 845 1687 ut-

49 1704 110 1731 que,
137 1705 335 1733 quamcumque
361 1698 388 1724 in
404 1699 567 1733 provinciam
581 1699 640 1725 eius
656 1698 719 1725 belli
734 1698 844 1734 gerendi
866 1711 868 1720 ι

49 1741 142 1760 caussa
158 1734 303 1766 advenerit,
321 1735 358 1761 ibi
371 1736 457 1762 maius
468 1736 612 1770 imperium
624 1736 652 1763 C.
675 1736 769 1767 Cassii,
783 1744 845 1771 pro-

48 1771 175 1803 consulis,
193 1772 236 1802 sit,
249 1780 330 1807 quam
342 1773 400 1799 eius
411 1773 469 1804 erit,
482 1774 529 1808 qui
540 1782 598 1800 eam
609 1774 774 1808 provinciam
787 1778 842 1800 tum

49 1808 187 1840 obtinebit,
209 1818 294 1844 quum
315 1810 344 1837 C.
371 1810 480 1837 Cassius
501 1811 643 1845 proconsul
665 1811 691 1838 in
708 1820 765 1838 eam
782 1820 844 1846 pro-

49 1846 164 1872 vinciam
180 1847 296 1874 venerit:
339 1849 379 1874 31.
402 1856 491 1883 regem
513 1849 664 1875 Deiotarum
686 1854 797 1884 patrem,
816 1854 842 1876 et

48 1891 138 1919 regem
152 1884 302 1911 Deiotarum
319 1884 414 1916 filium,
431 1886 463 1916 si,
478 1890 507 1912 ut
518 1886 610 1912 multis
621 1886 700 1913 bellis
711 1895 843 1922 saepenu-

18 1955 20 1958 ἡ
48 1929 121 1947 mero
135 1921 278 1955 imperium
294 1922 386 1957 populi
402 1923 512 1949 Romani
524 1923 649 1954 iuverint,
662 1925 725 1950 item
737 1924 766 1951 C.
780 1924 844 1951 Cas-

48 1958 119 1984 sium
141 1958 326 1992 proconsulem
347 1960 431 1994 copiis
452 1961 509 1986 suis
530 1961 683 1996 opibusque
699 1962 841 1993 iuvissent,

47 1995 152 2021 senatui
178 1995 330 2031 populoque
354 1997 472 2023 Romano
496 2003 601 2033 gratum
627 2006 686 2025 esse
712 1998 840 2026 facturos:

6 2053 8 2056 ,
47 2032 166 2068 itemque
182 2033 205 2059 si
221 2034 300 2060 ceteri
317 2042 401 2069 reges,
415 2035 560 2061 tetrarchae
570 2035 752 2071 dynastaeque
762 2036 842 2063 secis-

47 2074 115 2100 sent,
138 2074 260 2096 senatum
281 2071 466 2106 populumque
485 2072 634 2099 Romanum
654 2081 746 2100 eorum
763 2073 841 2101 officii

47 2115 100 2134 non
112 2107 295 2134 immemorem
307 2107 443 2141 futurum,
476 2110 568 2144 utique
580 2109 608 2136 C.
622 2110 715 2141 Pansa,
730 2111 760 2138 A.
782 2112 842 2138 Ilir-

46 2145 101 2171 tius
117 2144 251 2176 consules,
269 2145 333 2172 alter
344 2146 465 2177 ambove,
478 2147 501 2172 si
513 2147 552 2173 eis
565 2147 708 2178 videbitur,
722 2148 842 2183 republi-

46 2189 76 2208 ca
91 2187 253 2217 recuperata,
270 2182 303 2209 (Ie
320 2184 464 2218 provinciis
479 2184 676 2216 consularibus,
690 2187 838 2221 praetoriis,

47 2219 80 2246 ad
99 2219 171 2246 hunc
190 2219 311 2246 ordinem
333 2221 419 2255 primo
438 2230 546 2256 quoque
568 2226 684 2257 tempore
714 2223 837 2250 reserant.

46 2256 146 2283 Interea
160 2258 312 2292 provinciae
327 2258 360 2284 ab
372 2258 414 2289 iis,
426 2267 439 2284 a
451 2259 551 2293 quibus
562 2259 724 2292 obtinentur,
736 2261 841 2287 obtine-

46 2299 131 2325 antur,
145 2294 232 2329 quoad
243 2295 341 2330 cuique
352 2304 385 2322 ex
395 2296 787 2324 senatusconsultosuccessum
794 2299 838 2325 sit.

101 2331 171 2358 XIII.
194 2334 235 2359 32.
258 2333 310 2359 lloc
326 2333 557 2359 senatusconsulto
578 2333 713 2361 ardentem
736 2335 840 2362 inflam-

46 2368 163 2400 mabitis,
186 2374 212 2396 et
225 2375 357 2396 armatum
373 2370 510 2397 armabitis
525 2370 659 2397 Cassium.
700 2373 752 2399 Nec
767 2373 838 2399 euim

46 2406 166 2433 animum
181 2407 240 2434 eius
256 2408 368 2442 potestis
384 2408 505 2443 ignorare
523 2417 569 2434 nec
584 2409 684 2443 copias.
725 2409 839 2436 Animus

45 2442 70 2469 is
83 2449 132 2475 est,
151 2452 231 2479 quem
250 2444 360 2471 videtis:
391 2445 491 2479 copiae,
508 2454 576 2480 quas
591 2445 714 2476 audistis,
730 2446 803 2473 tortis
813 2452 839 2474 et

45 2481 188 2508 constantis
208 2482 268 2512 viri,
291 2483 348 2517 qui,
367 2491 399 2508 ne
417 2483 478 2508 vivo
488 2482 598 2517 quidem
610 2483 749 2515 Trebonio,
762 2484 839 2511 Dola-

44 2515 129 2544 bellae
144 2517 310 2546 latrocinium
327 2519 352 2546 in
370 2519 475 2555 Syrium
488 2524 623 2554 penetrare
634 2520 752 2547 sivisset.
793 2521 839 2548 Al-

45 2553 142 2586 lienus,
165 2555 303 2583 familiaris
314 2561 340 2583 et
351 2557 516 2584 necessarius
528 2566 613 2588 meua,
628 2562 686 2592 post
701 2559 837 2585 interitum

45 2590 168 2619 Trebonii
188 2593 322 2628 profectus
343 2603 375 2621 ne
390 2594 442 2621 dici
459 2594 568 2629 quidem
584 2603 612 2621 so
630 2595 745 2630 legatum
763 2595 838 2622 Dola-

45 2627 130 2656 bellae
142 2629 220 2657 volet.
259 2630 307 2658 Est
321 2631 352 2664 Q.
365 2631 472 2659 Caecilii
483 2632 570 2660 Bassi.
585 2633 681 2667 privati
692 2632 766 2659 illius
776 2634 836 2668 qui—

44 2663 119 2698 dem,
141 2667 188 2694 sed
210 2666 283 2695 fortis
299 2673 325 2695 et
339 2669 464 2704 praeclari
483 2669 546 2701 viri,
568 2669 694 2696 robustus
714 2675 739 2697 et
756 2671 837 2697 victor

506 836 574 862 Huic
594 836 677 871 igitur
693 836 744 871 legi
760 837 849 870 paruit
871 857 873 874 ,

871 875 872 882 ¹
901 882 1023 900 necesse:
1056 876 1221 909 praesertim,
1238 884 1323 910 quum
1338 880 1426 902 contra
1443 885 1472 901 ac
1487 876 1624 902 Deiotarus
1634 884 1695 902 sen-

699 1369 816 1396 eunlque
831 1369 846 1386 a
868 1367 869 1373 ¹

950 130 1048 158 CAP.
1083 133 1214 158 9-15,
1647 135 1695 160 645

903 203 1044 228 exercitus.
1086 205 1126 229 33.
1157 203 1270 230 Deiotari
1291 204 1374 239 regis,
1396 209 1421 230 et
1441 204 1522 238 patris
1542 208 1567 230 et
1587 203 1643 235 silii,
1671 209 1696 230 et

904 248 1017 274 magnus
1033 245 1058 266 et
1070 245 1158 267 nostro
1170 250 1241 267 more
1256 242 1401 267 instructus
1413 242 1557 273 exercitusg
1590 250 1695 268 summa

903 277 929 302 in
945 276 1000 303 filio
1014 286 1089 311 spes,
1108 287 1212 304 summa
1229 279 1328 313 ingenii
1340 278 1456 309 indoles,
1471 287 1630 313 summaque
1643 280 1696 304 vir—

903 319 956 340 tus.
979 314 1048 346 Quid
1065 315 1097 341 de
1112 320 1185 349 patre
1196 315 1300 341 dicam?
1328 317 1405 342 cuius
1417 316 1600 342 benevolentia
1610 316 1638 342 in
1651 325 1697 351 po-

903 351 998 385 pulum
1015 352 1163 378 Romanum
1178 358 1218 379 est
1233 354 1319 387 ipsius
1331 353 1450 388 aequalis
1462 354 1553 380 aetati:
1585 354 1632 388 qui
1645 362 1696 380 non

902 388 989 414 solum
1011 390 1099 415 socius
1120 391 1309 424 imperatorum
1330 396 1478 417 nostrorum
1495 390 1545 417 fuit
1563 392 1590 417 in
1607 390 1694 421 bellis,

902 435 997 452 verum
1008 427 1086 453 etiam
1098 427 1154 453 dux
1164 428 1299 462 copiarum
1310 437 1430 454 suarum.
1457 428 1528 460 Quae
1540 428 1572 454 de
1583 428 1629 454 illo
1641 429 1697 454 xiro

903 463 986 494 Sulla,
1006 473 1074 498 quae
1090 465 1208 495 Murena,
1226 474 1294 500 quae
1311 465 1450 496 Servilius,
1469 474 1537 500 quae
1553 465 1693 496 Lucullus,

901 509 983 535 quam
1002 506 1101 531 ornate,
1123 511 1204 536 quam
1224 502 1374 533 honorifice,
1391 512 1472 537 quam
1488 504 1603 538 graviter
1618 511 1697 537 saepe

902 538 929 564 in
941 543 1034 565 senatu
1046 539 1283 573 praedicaverunt?
1312 541 1353 566 34.
1375 540 1445 572 Quid
1457 540 1489 566 de
1501 540 1548 567 Cn.
1571 540 1697 575 Pompeio

903 574 1013 610 loquar‘?
1051 577 1099 611 qui
1115 585 1199 602 unum
1215 577 1366 603 Deiotarum
1382 578 1409 603 in
1426 583 1478 604 toto
1493 578 1556 604 orbe
1568 582 1695 604 terrarum

902 621 935 638 ex
952 614 1041 639 auimo
1054 614 1170 640 amicum
1183 622 1297 648 vereque
1310 614 1478 646 benevolum,
1494 624 1577 641 unum
1590 615 1695 641 fidelem

902 650 1001 684 populo
1016 650 1134 677 Romano
1149 651 1285 677 iudicavit.
1326 652 1438 678 Fuimus
1453 653 1633 687 imperatores,
1647 661 1696 687 ego

879 687 881 697 ³
901 692 926 713 et
946 688 980 713 M.
1002 688 1124 719 Bibulus,
1139 689 1165 714 in
1178 689 1336 723 propinquis
1352 690 1526 724 finitimisque
1539 690 1694 724 provinciis.

901 724 941 750 Ab
963 724 1054 751 eodem
1077 734 1138 760 rege
1153 726 1236 752 adiuti
1250 735 1346 752 sumus
1360 731 1384 752 et
1398 727 1517 760 equitatu
1529 732 1554 753 et
1565 727 1696 761 pedestri-

879 779 880 782 «
901 761 953 787 bus
973 763 1067 796 copiis.
1109 762 1237 789 Secutum
1254 768 1294 789 est
1310 764 1359 790 hoc
1375 764 1578 790 acerbissimum
1591 769 1615 790 et
1627 764 1696 790 cata-

901 799 1106 825 mitosissimum
1119 800 1197 826 civile
1209 800 1320 826 bellum.
1364 802 1390 827 ln
1402 810 1455 835 quo
1466 801 1531 836 quid
1544 801 1695 827 faciendum

900 836 1028 868 Deiotaro,
1045 837 1111 872 quid
1132 838 1240 864 omnino
1251 838 1348 864 rectius
1371 838 1458 868 suerit,
1481 838 1568 864 dicere
1589 848 1640 865 non
1656 844 1695 865 est

901 912 944 942 sit,
960 912 1067 938 victoria
1079 912 1142 938 belli
1155 912 1288 939 iudicarit.
1329 912 1387 945 Quo
1398 914 1424 939 in
1436 913 1506 939 bello
1517 914 1539 939 si
1553 912 1603 939 suit
1613 922 1693 944 error,

900 949 1051 975 communis
1063 950 1085 975 ei
1099 949 1149 976 fuit
1160 959 1223 976 cum
1235 955 1342 976 senatu:
1377 951 1418 977 sin
1429 955 1497 976 recta
1509 952 1649 982 sententia,
1664 960 1695 977 ne

903 986 972 1012 victa
984 986 1094 1021 quidem
1111 996 1206 1013 caussa
1219 988 1393 1022 vituperanda
1405 992 1454 1014 est.
1495 988 1535 1014 Ad
1548 988 1595 1014 has
1606 989 1695 1023 copias

900 1023 1025 1050 accedent
1040 1024 1084 1050 alii
1101 1033 1186 1060 reges,
1199 1025 1278 1051 etiam
1289 1025 1408 1052 delectus
1420 1025 1554 1051 accedent.
1590 1027 1630 1052 35.
1644 1027 1696 1052 Ne-

899 1070 952 1096 que
974 1070 1036 1088 vero
1056 1061 1155 1088 classes
1176 1062 1301 1089 deerunt:
1333 1064 1398 1089 tanti
1419 1063 1492 1099 Tyrii
1514 1063 1636 1089 Cassium
1658 1063 1696 1089 sa-

899 1099 981 1130 eiunt,
1006 1099 1069 1125 tanti
1087 1100 1145 1125 eius
1160 1100 1187 1126 in
1199 1099 1275 1136 Syria
1292 1109 1387 1126 nomen
1403 1105 1482 1135 atque
1497 1100 1628 1127 Phoenice
1644 1106 1693 1127 est.

899 1136 968 1162 XIV.
990 1136 1114 1163 Paratum
1135 1137 1214 1163 habet
1226 1138 1421 1172 imperatorem,
1444 1138 1472 1165 C.
1495 1138 1627 1169 Cassium,
1648 1147 1695 1173 pa-

899 1178 951 1200 tres
976 1175 1134 1209 conscripti,
1166 1175 1317 1210 respublica
1342 1180 1431 1202 contra
1457 1175 1628 1206 Dolabellam,
1648 1184 1696 1202 nec

898 1216 1019 1246 paratum
1039 1211 1137 1243 solum,
1155 1212 1202 1238 sed
1219 1214 1333 1247 peritum
1350 1218 1429 1248 atque
1440 1212 1545 1239 fortem.
1586 1213 1695 1249 Magnas

897 1248 943 1274 ille
963 1257 1004 1275 res
1024 1249 1109 1285 gessit
1129 1254 1188 1276 ante
1203 1250 1306 1281 Bibuli,
1329 1251 1429 1277 summi
1451 1251 1514 1281 viri,
1537 1250 1692 1281 adventum,

898 1295 983 1321 quum
996 1287 1153 1313 Parthorum
1166 1287 1348 1314 nobilissimos
1359 1288 1441 1314 duces
1454 1289 1639 1323 maximasque
1651 1297 1696 1315 co-

898 1324 955 1358 pias
967 1323 1045 1354 rudit,
1058 1324 1217 1359 Syriamque
1229 1325 1501 1351 immanil‘arthorum
1514 1326 1615 1360 impetu
1629 1325 1696 1352 libe-

898 1362 974 1387 ravit.
1015 1362 1159 1388 Maximam
1176 1362 1235 1388 eius
1250 1367 1274 1388 et
1286 1362 1449 1398 singularem
1462 1362 1566 1388 laudem
1579 1368 1695 1397 praeter-

898 1399 982 1425 mitto.
1015 1398 1098 1425 Cuius
1111 1399 1181 1425 enim
1194 1399 1354 1434 praedicatio
1366 1400 1484 1427 nondum
1496 1400 1622 1426 omnibus
1633 1409 1695 1435 gra-

898 1441 922 1462 ta
934 1441 987 1467 est,
1006 1436 1073 1462 hanc
1085 1437 1228 1463 memoriae
1240 1437 1343 1471 potius,
1360 1446 1440 1472 quam
1458 1438 1531 1464 vocis
1544 1437 1694 1464 testimonio

897 1482 1097 1500 conservemus.
1143 1475 1184 1500 36.
1211 1474 1407 1506 Animadverti,
1432 1479 1518 1509 patres
1539 1475 1691 1510 conscripti,

897 1511 950 1537 dici
966 1512 1018 1537 iam
1034 1520 1048 1537 a
1064 1511 1242 1546 quibusdam,
1260 1521 1380 1538 exornari
1397 1513 1474 1538 etiam
1492 1513 1605 1538 nimium
1622 1521 1635 1538 a
1652 1520 1694 1538 me

897 1549 1019 1580 Brutum,
1033 1549 1146 1575 nimium
1160 1549 1281 1576 Cassium
1293 1550 1394 1576 ornari:
1411 1549 1502 1576 Cassio
1514 1558 1576 1575 vero
1587 1554 1694 1576 seuten-

897 1587 931 1612 tia
946 1595 1004 1612 mea
1020 1586 1186 1612 dominatum
1203 1591 1228 1613 et
1244 1587 1423 1622 principatum
1444 1587 1510 1613 dari.
1551 1586 1623 1619 Quos
1644 1595 1693 1622 ego

896 1623 978 1650 orno?
1001 1624 1102 1658 Nempe
1117 1632 1175 1654 e05,
1192 1625 1240 1659 qui
1256 1625 1307 1659 ipsi
1322 1629 1386 1651 suut
1400 1629 1551 1651 ornamenta
1564 1623 1694 1659 reipubli-

896 1670 950 1688 cae.
995 1660 1084 1693 Quid‘?
1108 1662 1138 1687 D.
1161 1662 1272 1688 Brutum
1298 1671 1384 1688 nonne
1407 1662 1532 1688 omnibus
1554 1662 1693 1688 sententiis

895 1707 1002 1734 semper
1015 1698 1126 1725 ornavi?
1146 1699 1216 1725 Num
1233 1700 1314 1735 igitur
1328 1698 1542 1734 reprehenditis?
1561 1699 1600 1725 Au
1613 1699 1694 1725 Anto-

895 1737 954 1763 nios
971 1737 1059 1771 potius
1075 1745 1210 1767 ornarem,
1234 1746 1285 1763 uon
1302 1737 1380 1764 modo
1396 1746 1506 1763 suarum
1519 1736 1690 1767 familiarum,

895 1774 942 1800 sed
954 1774 1065 1800 Romani
1081 1774 1197 1800 nominis
1214 1775 1308 1809 probra
1325 1780 1404 1810 atque
1415 1774 1562 1800 dedecora?
1582 1782 1614 1800 an
1625 1774 1693 1800 Cen-

894 1812 1015 1838 sorinum
1026 1820 1127 1843 ornem,
1140 1813 1167 1838 in
1179 1812 1248 1839 bello
1261 1813 1372 1843 hostem,
1381 1813 1407 1838 in
1420 1820 1483 1847 pace
1495 1811 1642 1837 sectorem‘?
1652 1811 1692 1838 Au

894 1854 979 1876 cetera
999 1858 1033 1876 ex
1052 1849 1144 1876 eodem
1168 1849 1304 1876 latrocinio
1319 1849 1456 1885 naufragia
1471 1848 1614 1884 colligam?
1637 1849 1693 1885 Ego

896 1895 958 1913 vero
969 1887 1047 1917 istos,
1061 1887 1120 1918 otii,
1134 1887 1299 1918 concordiae,
1313 1887 1412 1923 legum,
1427 1887 1597 1917 iudiciorum,
1613 1886 1692 1912 liber-

895 1925 955 1951 tatis
971 1925 1108 1955 inimicos,
1128 1929 1229 1951 tantum
1246 1925 1321 1952 abest
1337 1930 1366 1951 ut
1381 1934 1486 1954 ornem,
1510 1929 1538 1950 ut
1554 1923 1624 1950 effici
1641 1933 1692 1950 non

894 1962 991 1997 possit,
1004 1963 1070 1997 quin
1083 1971 1128 1989 eos
1139 1967 1191 1989 tam
1203 1962 1318 1993 oderim,
1331 1971 1412 1997 quam
1425 1961 1618 1996 rempublicam
1630 1961 1692 1987 dili—

893 2008 936 2035 go.
978 2000 1020 2026 37.
1042 2000 1121 2031 Vide,
1145 2000 1246 2035 inquit,
1269 2009 1301 2026 ne
1319 2005 1455 2026 veteranos
1471 1998 1598 2025 offendas.
1640 1999 1692 2024 lloc

893 2038 965 2063 cuim
983 2036 1024 2063 vel
1042 2038 1158 2063 maxime
1169 2037 1292 2064 exaudio.
1333 2037 1390 2073 Ego
1402 2046 1464 2063 vero
1476 2041 1612 2063 veteranos
1624 2036 1690 2062 tueri

893 2074 991 2105 debeo,
1007 2074 1055 2101 sed
1072 2075 1133 2105 hos,
1151 2075 1252 2110 quibus
1264 2075 1364 2101 sanitas
1376 2079 1429 2101 est:
1453 2079 1522 2100 certe
1534 2074 1627 2100 timere
1640 2082 1690 2099 nou

893 2111 986 2138 debeo.
1027 2112 1079 2138 Eos
1091 2117 1242 2143 veteranos,
1265 2113 1311 2147 qui
1325 2121 1371 2147 pro
1383 2111 1519 2147 republica
1530 2120 1602 2137 arma
1614 2119 1691 2145 cepe-

893 2153 955 2175 runt
965 2150 1105 2184 secutique
1117 2149 1372 2180 suntC.Caesarem,
1386 2149 1538 2175 auctoritate
1550 2148 1691 2174 beneficio-

893 2195 952 2212 rum
969 2191 1153 2221 paternorum,
1177 2187 1310 2222 hodieque
1330 2186 1522 2221 rempublicam
1543 2185 1691 2212 defendunt

892 2232 953 2250 cum
966 2232 1062 2259 magno
1074 2223 1201 2258 periculo,
1215 2233 1267 2250 non
1281 2225 1346 2250 tueri
1359 2223 1456 2253 solum,
1470 2222 1606 2249 sedetiam
1617 2231 1690 2248 com-

893 2261 979 2287 modis
995 2269 1093 2296 augere
1109 2261 1202 2287 debeo.
1243 2262 1293 2293 Qui
1306 2266 1394 2287 autem
1406 2261 1562 2296 quiescunt,
1577 2264 1605 2286 ut
1616 2264 1689 2285 sexta

892 2303 918 2324 et
932 2303 1022 2325 octava
1041 2297 1123 2332 legio,
1146 2299 1172 2325 in
1189 2307 1284 2334 magna
1303 2298 1388 2333 gloria
1408 2303 1433 2324 et
1455 2297 1532 2324 laude
1554 2296 1689 2331 ponendos

893 2340 966 2370 puto.
1002 2335 1119 2362 Comites
1133 2344 1194 2361 vero
1206 2335 1322 2365 Antonii,
1336 2336 1392 2370 qui,
1408 2340 1548 2370 postquam
1562 2334 1688 2359 beneficia

892 2373 1012 2399 Caesaris
1022 2373 1209 2403 comederunt,
1222 2372 1359 2399 consulem
1372 2372 1540 2407 designatum
1553 2370 1686 2401 obsident,

892 2410 954 2436 huic
967 2410 1025 2436 urbi
1040 2409 1107 2436 ferro
1119 2410 1229 2445 ignique
1241 2411 1406 2440 minitantur,
1417 2409 1501 2435 Saxae
1513 2417 1541 2434 se
1553 2407 1688 2443 etCupho-

892 2447 917 2473 ui
931 2447 1104 2476 tradiderunt.
1113 2447 1144 2473 ud
1157 2447 1260 2473 fucinus
1272 2447 1450 2482 praedamque
1463 2446 1613 2476 uatis,num
1625 2445 1688 2480 quis

890 2489 938 2515 est,
951 2485 999 2519 qui
1011 2484 1124 2511 tuendos
1137 2484 1229 2519 putet?
1240 2485 1309 2520 Ergo
1319 2489 1364 2510 aut
1376 2484 1436 2510 boui
1449 2488 1520 2513 suut,
1529 2492 1597 2518 quus
1608 2483 1686 2509 etiam

889 2530 995 2552 ornare,
1009 2527 1055 2548 aut
1065 2523 1163 2557 quieti,
1176 2531 1244 2557 quos
1255 2531 1412 2548 conservare
1423 2521 1566 2551 dehemus,
1579 2524 1624 2546 aut
1637 2520 1687 2546 im—

890 2559 940 2593 pii,
963 2568 1078 2594 quorum
1094 2565 1182 2586 contra
1200 2559 1314 2585 furorem
1331 2564 1355 2585 et
1373 2558 1473 2584 bellum
1489 2563 1513 2584 ct
1530 2558 1598 2584 iustu
1614 2566 1685 2583 arma

889 2597 1069 2631 suscepimus.
1115 2597 1170 2623 XV.
1193 2599 1232 2623 38.
1259 2596 1377 2628 Quorum
1399 2597 1480 2632 igitur
1501 2600 1685 2621 veteranorum

889 2634 991 2660 animos
1011 2642 1043 2660 ne
1061 2633 1240 2664 offendamus,
1262 2633 1403 2660 veremur?
1423 2633 1569 2663 Eorumne,
1591 2633 1638 2667 qui
1654 2632 1683 2658 D.

866 2681 869 2694 ι
889 2671 999 2698 Brutum
1021 2671 1160 2698 obsidione
1180 2671 1294 2706 cupiunt
1316 2670 1445 2698 liberare?
1473 2669 1575 2705 quibus
1599 2678 1684 2705 quum
