1941 3052
430 96 482 122 DE
517 94 749 122 ORATORE
784 96 870 121 LIB.

20 167 105 195 seire?
133 167 202 199 Quot
224 167 362 193 historicos
392 167 551 193 nominavit!
583 175 665 201 quam
689 166 810 197 scienter,

19 214 100 240 quam
122 205 228 240 proprie
251 205 284 230 de
302 213 356 230 uno
369 213 477 239 quoque
491 204 572 230 dixit!
606 204 635 230 Id
649 203 810 234 mehercule,

20 243 107 278 inquit
129 242 250 273 Catulus,
273 241 416 273 admirans,
440 241 509 268 illud
527 242 580 267 iam
599 241 689 267 mirari
707 240 810 271 desino,

19 279 91 315 quod
113 280 198 306 multo
220 280 305 314 magis
328 283 387 305 ante
406 279 530 309 mirabar,
551 279 632 309 hunc,
648 286 733 313 quum
749 277 813 303 haec

21 318 140 348 nesciret,
157 317 183 343 in
197 316 310 342 dicendo
324 325 401 350 posse
416 320 528 342 tantum.
548 316 640 350 Atqui,
658 314 758 344 Catule,
771 315 813 340 in-

20 355 78 389 quit
91 354 231 385 Antonius,
253 362 305 380 non
324 362 373 389 ego
386 354 528 380 utilitatem
543 353 660 388 aliquam
675 353 707 378 ad
722 352 813 377 dicen-
834 379 835 382 ,

20 392 84 418 dum
104 400 249 425 aucupans,
271 391 367 417 horum
383 391 464 417 libros
478 396 504 417 et
518 390 660 417 nonnullos
675 389 749 420 alios,
765 389 812 414 sed

19 429 200 455 delectationis
218 437 321 459 caussa,
343 437 428 462 quum
447 433 487 454 est
504 429 598 459 otium,
624 427 711 462 legere
730 426 810 452 soleo.

20 468 60 493 60.
75 465 146 498 Quid
159 465 239 501 ergo?
258 470 306 497 est,
324 465 432 496 fatebor,
446 465 549 500 aliquid
563 470 664 496 tamen,
682 468 812 498 ut,quum

20 504 46 530 in
60 503 115 529 sole
128 503 273 534 ambulem,
283 503 387 529 etiamsi
398 503 477 529 aliam
487 503 520 529 ob
530 510 653 528 caussam
663 500 809 530 ambulem,
834 513 835 521 κ

20 541 74 567 lieri
89 545 182 566 natura
197 545 293 571 tamen,
310 545 339 566 ut
353 540 465 572 colorer,
486 540 533 570 sic,
550 548 635 574 quum
651 538 715 564 istos
730 537 812 563 libros
841 560 842 569 ,

19 578 50 604 ad
69 578 201 604 Misenum
220 577 291 613 (nam
309 578 407 604 Romae
426 577 471 603 vix
490 576 559 610 licet)
577 576 725 602 studiosius
741 575 813 610 lege-
833 577 842 613 ζ

8 616 77 646 rim,
99 616 183 641 sentio
201 616 345 641 orationem
364 623 450 640 meam
468 614 576 640 illorum
591 618 661 639 tactu
676 613 753 647 quasi
768 621 812 637 co-
833 642 841 656 r

19 652 105 679 lorari.
137 652 189 678 Sed
203 661 235 678 ne
250 651 329 678 latius
344 652 393 677 hoc
407 652 483 677 vobis
498 656 586 686 patere
601 651 730 680 videatur,
748 649 812 675 haee

18 689 156 716 dumtaxat
169 690 196 715 in
211 689 318 716 Graecis
332 688 461 724 intelligo,
477 697 546 723 quae
559 689 621 723 ipsi,
635 689 681 723 qui
696 687 812 721 scripse-

17 731 87 758 runt,
104 726 247 753 voluerunt
260 735 273 752 a
288 726 370 761 vulgo
384 726 512 761 intelligi:
537 728 578 752 61.
595 726 621 751 in
636 724 811 760 philosophos
833 730 841 747 Ἃ

18 768 118 791 vestros
132 764 155 790 si
169 763 511 798 quandoincidi,deceptus
522 763 658 789 indicibus
670 762 808 792 librorum,
832 778 833 781 =

832 810 840 826 :¹
862 801 986 831 civitatis,
1012 801 1045 826 de
1069 801 1209 828 hominum
1234 804 1367 829 moribus:

18 802 65 837 qui
81 805 144 828 sunt
162 801 216 827 lere
234 801 356 835 inscripti
374 800 407 827 de
425 801 505 827 rebus
523 801 592 827 notis
607 805 632 826 et
645 799 808 830 illustribus,

18 839 51 865 de
71 839 176 870 virtute,
201 839 234 865 de
256 838 365 869 iustitia,
390 838 423 864 de
442 838 586 868 honestate,
611 837 644 863 de
663 836 808 871 voluptate,

18 876 129 903 verbum
148 884 257 911 prorsus
275 875 380 902 nullum
399 876 534 911 intelligo,
561 876 597 901 ita
611 879 675 901 sunt
689 874 810 909 angustis
832 889 833 905 3

18 918 42 940 et
62 914 176 940 concisis
198 913 426 948 disputationibus
444 913 549 948 illigati.
584 913 676 938 Poetas
689 912 807 941 omnino,

17 951 93 986 quasi
107 950 158 977 alia
172 951 287 986 quadam
304 950 395 985 lingua
411 950 520 982 locutos,
538 959 589 976 non
603 958 683 976 conor
697 949 811 984 attinge-
831 969 833 988 1

17 997 53 1015 re.
88 988 155 1015 Cum
169 988 211 1015 his
226 997 267 1014 me
282 988 321 1023 (ut
334 988 401 1023 dixi)
414 987 525 1018 oblecto,
545 988 592 1023 qui
607 996 649 1013 res
662 991 751 1022 gestas
765 991 811 1012 aut

4 1048 5 1052 ,
17 1026 62 1061 qui
77 1026 206 1052 orationes
224 1026 390 1060 scripserunt
403 1034 466 1051 suas
480 1030 526 1051 aut
539 1027 586 1060 qui
600 1026 636 1051 ita
652 1025 807 1059 loquuntur,

18 1067 46 1090 ut
60 1063 199 1090 videantur
214 1063 332 1090 voluisse
346 1063 431 1094 nobis,
445 1063 492 1097 qui
507 1071 559 1089 non
573 1071 668 1088 sumus
683 1061 811 1087 eruditis-

16 1101 86 1132 simi,
102 1109 161 1127 esse
176 1100 329 1127 familiares.
363 1100 421 1126 XV.
438 1102 478 1127 62.
500 1100 552 1127 Sed
571 1100 636 1126 illuc
651 1099 742 1125 redeo:
764 1099 810 1125 Vi-

0 1138 126 1171 1=detisne,
147 1142 277 1172 quantum
295 1146 396 1164 munus
414 1138 448 1164 sit
462 1138 572 1164 oratoris
586 1136 714 1164 historia?
733 1135 810 1162 Haud

0 1174 3 1204 l
16 1176 78 1206 scio,
95 1184 127 1202 an
141 1175 251 1202 flumine
265 1175 390 1202 orationis
404 1179 430 1201 et
444 1176 569 1201 varietate
583 1175 745 1206 maximum3
763 1182 810 1199 ne-

0 1213 2 1235 Ξ
15 1221 68 1249 que
82 1217 169 1239 tamen
183 1221 241 1239 eam
255 1213 357 1247 reperio
371 1221 486 1248 usquam
497 1214 640 1247 separatim
651 1213 808 1238 instructam

0 1242 150 1277 ³rhet0rum
174 1251 334 1285 praeceptis,
367 1250 417 1276 sita
441 1255 504 1276 sunt
529 1251 600 1276 enim
624 1254 684 1276 ante
705 1248 807 1274 oeulos.
830 1271 831 1275 ,

0 1286 2 1290 ’
16 1288 82 1314 Nam
104 1287 167 1323 quis
189 1288 273 1314 nescit
294 1288 408 1322 primam
432 1296 491 1313 esse
514 1287 639 1314 historiae
659 1287 754 1322 legem,
776 1295 809 1312 ne

14 1325 80 1360 quid
96 1324 155 1351 falsi
169 1324 256 1351 dicere
271 1324 383 1351 audeat‘?
401 1325 498 1351 deinde
513 1333 545 1351 ne
555 1325 622 1360 quid
632 1325 686 1351 veri
699 1332 751 1350 non
761 1332 809 1349 au-

15 1362 91 1389 deat‘?
106 1371 137 1388 ne
147 1371 199 1397 qua
215 1363 333 1397 suspicio
346 1363 445 1398 gratiae
459 1363 494 1388 sit
507 1363 534 1388 in
545 1361 703 1388 scribendo?
714 1370 745 1387 ne
755 1369 808 1395 qua

0 1399 177 1426 simultatis?
208 1402 249 1426 63.
269 1400 338 1426 Haec
355 1400 457 1426 scilicet
477 1399 649 1426 fundamenta
668 1404 728 1425 nota
746 1402 809 1424 sunt

15 1437 149 1464 omnibus.
172 1438 231 1471 Ipsa
245 1442 334 1463 autem
346 1437 527 1464 exaedificatio
541 1437 625 1472 posita
640 1442 679 1463 est
689 1437 716 1462 in
727 1436 807 1462 relius

15 1479 40 1501 et
53 1475 150 1501 verbis.
172 1475 272 1501 Rerum
286 1474 351 1501 ratio
363 1474 484 1501 ordinem
500 1479 648 1509 temporum
663 1473 805 1504 desiderat,

0 1521 2 1524 ’
15 1513 152 1548 regionum
167 1512 386 1546 descriptionem,
406 1512 465 1538 vult
478 1513 567 1543 etiam,
583 1513 710 1547 quoniam
725 1512 752 1537 in
767 1520 809 1537 re·-

15 1549 64 1576 bus
76 1550 179 1585 magnis
194 1550 375 1584 memoriaque
388 1549 478 1585 dignis
492 1549 602 1575 consilia
618 1550 744 1584 primum,
761 1548 808 1574 de-

14 1586 75 1613 inde
89 1591 152 1618 acta,
170 1591 259 1622 postea
273 1591 386 1613 eventus
400 1591 596 1621 exspectantur,
610 1587 678 1613 etde
688 1586 807 1612 consiliis

15 1624 157 1660 significari
170 1624 237 1659 quid
250 1625 363 1659 scriptor
377 1624 477 1658 probet,
493 1629 519 1650 et
529 1625 556 1650 in
571 1624 652 1650 rebus
666 1624 750 1659 gestis
761 1624 804 1649 de-

15 1660 114 1693 clarari,
140 1670 191 1688 non
214 1661 301 1688 solum
324 1662 391 1696 quid
409 1666 498 1688 actum
517 1666 562 1688 aut
580 1662 682 1688 dietum
701 1662 743 1692 sit,
759 1661 807 1687 sed

15 1698 91 1725 etiam
105 1699 251 1734 quomodo;
268 1704 293 1725 et
306 1708 390 1734 quum
406 1699 438 1725 de
452 1704 549 1725 eventu
564 1699 677 1730 dicatur,
687 1703 716 1725 ut
729 1707 808 1725 caus-

15 1744 58 1763 sae
76 1736 242 1771 explicentur
263 1745 356 1763 omnes
376 1737 416 1763 vel
439 1745 518 1763 casus
539 1736 579 1763 vel
598 1737 745 1771 sapientiae
764 1736 805 1762 vel

15 1774 175 1804 temeritatis,
193 1774 386 1809 hominumque
400 1775 521 1809 ipsorum
536 1783 587 1801 non
601 1775 689 1801 solum
704 1782 746 1800 res
759 1783 806 1809 ge—

14 1815 76 1842 stae,
101 1811 148 1837 sed
171 1811 259 1843 etiam,
279 1812 326 1846 qui
343 1812 411 1838 sama
425 1821 455 1838 ac
470 1812 576 1838 nomine
591 1812 729 1842 excellant,
752 1810 804 1848 [de]

14 1848 144 1883 cuiusque
159 1849 211 1875 vita
225 1853 304 1884 atque
319 1853 420 1875 natura.
443 1850 485 1876 64.
501 1849 647 1876 Verborum
662 1854 750 1876 autem
765 1858 807 1875 ra-

15 1885 49 1912 tio
62 1890 87 1912 et
99 1894 185 1922 genus
199 1887 324 1912 orationis
339 1886 429 1913 susum
444 1891 524 1921 atque
538 1891 650 1913 tractum
661 1892 757 1914 etcum
769 1886 807 1913 le-

14 1922 92 1949 nitate
112 1923 227 1958 quadam
247 1923 379 1958 aequabili
399 1924 532 1958 profluens
551 1925 608 1950 sine
623 1924 671 1950 hac
687 1924 805 1951 iudiciali
827 1944 828 1957 ,

13 1961 152 1995 asperitate
166 1965 191 1986 et
204 1961 262 1986 sine
273 1962 463 1987 sententiarum
476 1961 621 1988 sorensium
634 1961 733 1988 aculeis
745 1970 806 1996 per-

12 1996 179 2032 sequendum
194 2002 242 2024 est.
265 1998 363 2024 Harum
379 2003 414 2025 tot
429 2004 616 2033 tantarumque
631 2008 718 2025 rerum
732 1999 806 2025 vide-

13 2033 80 2061 tisne
99 2034 153 2060 ulla
172 2043 230 2061 esse
248 2040 395 2070 praecepta,
416 2045 484 2071 quae
502 2037 529 2063 in
548 2036 650 2063 artibus
669 2037 804 2063 rhetorum
826 2047 828 2067 ς

12 2071 194 2107 reperiantur?

66 2110 94 2135 In
113 2109 205 2135 eodem
224 2108 330 2136 silentio
348 2109 431 2136 multa
450 2110 500 2137 alia
519 2115 651 2137 oratorum
666 2111 751 2137 officia
766 2112 804 2138 ia-

12 2151 132 2177 cuerunt.
152 2146 354 2178 cohortationes,
374 2147 575 2178 consolationes
593 2154 740 2183 praecepta,
758 2149 804 2175 ad·
825 2156 834 2171 ἠ

13 2184 123 2216 monita,
147 2192 216 2219 quae
230 2183 363 2210 tractanda
377 2189 441 2212 sunt
453 2186 541 2212 omnia
555 2185 739 2218 disertissime,
756 2187 803 2213 sed

13 2219 99 2248 locum
117 2230 198 2247 suum
218 2221 245 2247 in
264 2221 319 2247 illis
333 2222 444 2253 artibus,
461 2231 529 2257 quae
544 2223 653 2249 traditae
667 2228 738 2255 sunt,
756 2225 803 2250 ha-

12 2256 74 2284 bent
88 2257 203 2284 nullum.
219 2258 355 2293 65.Atque
369 2260 397 2286 in
411 2259 460 2286 hoc
473 2268 569 2293 genere
583 2260 627 2286 illa
641 2269 750 2296 quoque
763 2267 803 2288 est

13 2294 113 2322 infinita
126 2295 202 2327 silva,
219 2296 291 2330 quod
305 2297 400 2323 oratori
417 2296 537 2332 plerique
551 2298 590 2331 (ut
601 2299 679 2324 etiam
690 2299 802 2326 Crassus

12 2332 134 2368 ostendit)
151 2332 205 2359 duo
222 2342 318 2369 genera
337 2333 369 2360 ad
386 2333 530 2361 dicendum
544 2335 688 2362 dederunt:
717 2345 801 2363 unum

12 2368 45 2395 de
57 2374 126 2396 certa
140 2370 303 2406 definitaque
317 2380 420 2402 caussa,
443 2371 537 2406 quales
552 2377 624 2403 sunt,
645 2382 713 2408 quae
727 2375 754 2400 in
770 2374 802 2400 li·
824 2374 826 2381 '

13 2405 91 2438 tibus,
111 2415 180 2442 quae
198 2407 225 2434 in
243 2408 480 2435 deliberationibus
496 2414 646 2441 versantur;
675 2410 762 2442 addat,
779 2412 801 2438 si

12 2443 73 2478 quis
87 2444 164 2476 volet,
180 2445 259 2471 etiam
275 2445 453 2472 laudationes:
482 2446 603 2476 alterum.
622 2448 695 2482 quod
709 2448 802 2483 appel-

13 2478 66 2507 lant
82 2489 173 2508 omnes
192 2481 245 2508 sere
263 2483 413 2518 scriptores,
434 2483 549 2518 explicat
568 2493 653 2515 nemo,
670 2485 800 2512 infinitam

12 2518 115 2580 generis
136 2519 194 2545 sine
217 2523 334 2554 tempore
357 2525 382 2547 et
403 2521 461 2547 sine
481 2530 592 2556 persona
606 2523 799 2556 quaestionem.

34 2560 64 2581 oc
84 2555 150 2590 quid
172 2560 198 2582 et
218 2561 349 2591 quantum
367 2559 411 2588 sit,
431 2567 517 2593 quum
535 2559 637 2589 dicunt.
653 2559 800 2595 intelligere

13 2589 77 2618 mihi
91 2593 281 2620 nonvidentur.
297 2595 374 2621 66.Si
389 2596 460 2621 enim
475 2601 515 2622 est
528 2597 801 2632 oratoris,quaecum—

12 2634 63 2662 que
76 2637 116 2655 res
134 2630 235 2657 inlinite
255 2632 338 2665 posita
352 2633 395 2663 sit,
416 2634 448 2659 de
462 2642 491 2659 ea
507 2642 584 2668 posse
597 2633 693 2665 dicere,
710 2634 800 2661 dicen-

840 166 843 195 l

841 261 843 284 ι

840 293 843 323 l

907 96 938 122 ll.
973 96 991 122 C
1007 96 1027 122 Α
1043 97 1071 122 P.
1103 99 1131 123 12
1151 113 1186 116 —
1209 99 1249 123 47.
1627 102 1658 125 95

865 166 929 192 dum
948 167 998 192 erit
1016 168 1048 198 ei,
1065 172 1164 202 quanta
1184 168 1219 193 sit
1232 167 1296 193 solis
1311 169 1476 203 magnitudo,
1493 178 1562 204 quae
1576 170 1658 196 forma

865 208 961 235 terrae;
989 204 1022 230 de
1037 205 1238 236 mathematicis,
1255 205 1288 231 de
1302 207 1413 232 musicis
1428 206 1508 232 rebus
1522 216 1574 233 non
1586 213 1659 242 pote-

864 242 898 266 rit
916 242 981 275 quin
999 241 1077 272 dicat,
1098 242 1148 268 hoc
1161 250 1240 268 onere
1253 248 1386 277 suscepto,
1415 252 1546 270 recusare.
1580 246 1660 271 Deni-

864 287 916 312 que
939 279 971 309 ei,
996 280 1043 313 qui
1063 280 1200 313 profitetur
1219 288 1277 305 esse
1295 289 1385 311 suum,
1407 289 1458 307 non
1472 281 1560 307 solum
1575 282 1607 308 de
1621 284 1659 308 eis

864 316 1061 347 controversiis,
1085 325 1155 351 quae
1176 317 1342 351 temporibus
1365 323 1391 344 et
1412 319 1534 352 personis
1557 324 1659 346 notatae

866 358 937 383 sunt,
964 353 1012 379 hoc
1034 358 1074 379 est
1093 354 1126 379 de
1148 355 1275 380 omnibus
1295 354 1455 386 forensibus,
1472 356 1520 382 sed
1534 357 1612 382 etiam
1627 357 1659 382 de

864 398 992 425 generum
1008 391 1119 417 infinitis
1133 393 1337 425 quaestionibus
1351 393 1447 423 dicere,
1457 393 1562 419 nullum
1576 399 1659 428 potest

864 435 922 452 esse
936 436 1022 462 genus
1036 429 1169 459 orationis,
1179 430 1251 463 quod
1262 430 1297 455 sit
1307 435 1458 464 exceptum.
1475 430 1593 457 XV1.67.
1607 431 1659 457 Sed

864 465 886 489 si
902 464 975 490 illam
990 474 1098 500 quoque
1113 471 1213 500 partem
1228 468 1416 501 quaestionum
1427 469 1521 494 oratori
1534 469 1659 494 volumus

864 502 1009 537 adiungere
1028 511 1122 537 vagam
1142 508 1166 529 et
1186 503 1296 530 liberam
1315 510 1339 530 et
1354 504 1404 531 late
1424 510 1567 539 patentem,
1585 511 1613 532 ut
1627 506 1659 532 de

864 539 944 565 rebus
963 539 1040 565 bonis
1058 545 1103 565 aut
1118 540 1204 571 malis,
1221 542 1377 575 expetendis
1391 547 1436 568 aut
1451 542 1594 578 fugiendis,
1611 544 1660 569 ho-

864 577 947 602 nestis
961 581 1006 602 aut
1020 578 1154 611 turpibus,
1171 578 1285 604 utilibus
1300 584 1344 605 aut
1359 580 1510 610 inutilibus,
1527 581 1559 606 de
1575 582 1659 606 virtu—

864 617 897 644 te,
917 614 950 639 de
969 615 1079 645 iustitia,
1100 615 1133 640 de
1151 616 1323 647 continentia,
1344 616 1376 642 de
1389 617 1539 651 prudentia,
1556 619 1588 644 de
1603 627 1659 644 ma-

840 658 841 666 *
862 651 1004 685 gnitudine
1022 652 1113 681 animi,
1135 652 1167 678 de
1182 652 1346 683 liberalitate,
1368 654 1400 679 de
1420 654 1524 688 pietate,
1545 656 1578 681 de
1592 656 1659 681 anii-

862 689 933 718 eitia‚
953 688 986 714 de
1001 688 1061 717 fide,
1078 689 1110 715 de
1124 689 1219 720 officio,
1241 691 1273 716 de
1286 692 1381 717 ceteris
1395 692 1541 718 virtutibus
1556 698 1658 719 contra-

862 726 964 760 riisque
979 727 1052 752 vitiis
1067 726 1211 753 dicendum
1226 729 1320 754 oratori
1336 733 1476 762 putemus:
1493 730 1611 764 itemque
1625 731 1657 755 «le

862 763 1008 797 republica,
1035 763 1067 789 de
1088 765 1209 798 imperio,
1234 765 1267 791 de
1285 774 1312 791 re
1332 765 1449 797 militari,
1470 766 1502 792 de
1517 767 1657 801 disciplina

1403 812 1574 829 assumamus
1601 814 1656 830 euin

862 846 970 873 quoque
984 843 1094 872 partem,
1115 839 1162 865 sed
1176 840 1220 870 ita,
1242 845 1271 866 ut
1284 841 1318 866 sit
1331 841 1531 876 circumscripta
1547 842 1658 868 modicis

862 876 1027 911 regionibus.
1063 878 1103 902 68.
1123 877 1256 911 Equidem
1275 878 1372 909 onmia,
1393 887 1462 913 quae
1480 880 1613 913 pertinent
1626 880 1657 904 ad

862 921 943 938 usum
966 913 1076 944 civium,
1100 923 1200 940 morem
1219 915 1368 945 hominum,
1389 924 1459 950 quae
1477 921 1616 943 versantur
1631 918 1657 942 in

861 950 1056 976 consuetudine
1070 951 1148 983 vitae,
1164 953 1191 978 in
1206 953 1306 978 ratione
1321 953 1493 987 reipublicae,
1511 954 1537 980 in
1553 954 1601 980 hac
1616 964 1658 979 so-

861 988 954 1014 cietate
968 988 1051 1019 civili,
1068 989 1095 1015 in
1110 998 1191 1015 sensu
1202 989 1342 1016 hominum
1357 992 1539 1021 eommuni,in
1554 996 1655 1018 natura.

838 1031 839 1034 ’
860 1025 888 1051 in
912 1026 1040 1056 moribus,
1065 1027 1314 1060 comprehendenda
1337 1036 1395 1053 esse
1418 1029 1513 1054 oratori
1528 1034 1606 1063 puto:
1635 1030 1656 1055 si

861 1063 960 1094 minus,
970 1068 1000 1089 ut
1013 1064 1155 1098 separatim
1166 1064 1198 1090 de
1209 1065 1250 1090 bis
1261 1065 1342 1091 rebus
1353 1065 1575 1100 philosophorum
1586 1075 1657 1092 more

860 1100 1031 1135 respondeat,
1057 1106 1082 1127 at
1105 1106 1182 1132 certe,
1208 1107 1237 1128 ut
1255 1102 1281 1128 in
1300 1111 1393 1129 caussa
1412 1103 1556 1137 prudenter
1575 1105 1657 1138 possit

860 1138 991 1164 intexere:
1017 1138 1091 1164 hisce
1105 1144 1193 1165 autem
1207 1140 1274 1174 ipsis
1288 1140 1321 1166 de
1335 1140 1415 1166 rebus
1431 1145 1460 1166 ut
1473 1141 1508 1166 ita
1523 1141 1654 1176 loquatur,

861 1179 890 1201 ut
905 1176 931 1206 ii,
948 1176 995 1210 qui
1009 1177 1076 1206 iura,
1094 1177 1139 1210 qui
1157 1176 1237 1212 leges,
1254 1178 1301 1212 qui
1316 1179 1437 1204 civitates
1451 1179 1654 1209 constituerunt,

861 1212 941 1239 locuti
960 1217 1032 1244 sunt,
1053 1214 1212 1248 simpliciter
1230 1219 1255 1241 et
1273 1215 1423 1249 splendide,
1445 1216 1502 1241 sine
1521 1216 1575 1242 ulla
1589 1217 1656 1242 serie

860 1250 1072 1285 disputationum
1087 1256 1113 1277 et
1127 1252 1184 1277 sine
1199 1252 1287 1278 ieiuna
1302 1254 1495 1279 concertatione
1503 1254 1653 1279 verborum.

860 1289 901 1313 69.
917 1288 971 1314 Hoc
985 1288 1050 1319 loeo,
1067 1297 1099 1314 ne
1114 1297 1166 1323 qua
1181 1290 1216 1315 sit
1227 1290 1374 1321 admiratio,
1387 1291 1409 1316 si
1421 1295 1458 1317 tot
1469 1295 1655 1326 tantarumque

860 1334 949 1351 rerum
964 1325 1036 1351 nulla
1051 1336 1064 1351 a
1080 1335 1121 1352 me
1135 1332 1273 1361 praecepta
1289 1333 1430 1362 ponentur,
1447 1329 1484 1354 sic
1499 1334 1598 1355 statuo:
1626 1330 1656 1354 Ut

860 1363 887 1388 in
909 1364 1002 1389 ceteris
1026 1363 1137 1395 artibus,
1159 1373 1244 1399 quum
1265 1365 1358 1391 tradita
1377 1366 1431 1391 sint
1444 1366 1578 1400 cuiusque
1592 1367 1655 1392 artis

859 1399 1028 1432 difficillima,
1053 1400 1168 1436 reliqua,
1193 1403 1257 1436 quia
1280 1407 1325 1428 aut
1348 1402 1464 1429 faciliora
1488 1409 1533 1429 aut
1555 1404 1654 1430 similia

859 1437 921 1469 sint,
938 1438 1006 1464 tradi
1021 1447 1072 1464 non
1087 1447 1195 1464 necesse
1209 1448 1281 1471 esse,
1301 1445 1330 1466 ut
1344 1441 1371 1466 in
1386 1441 1553 1475 pictura,qui
1569 1441 1655 1467 hoini-

860 1475 901 1500 nis
916 1475 1031 1509 speciem
1046 1476 1155 1511 pingere
1170 1476 1348 1510 perdidicerit,
1365 1486 1443 1512 posse
1457 1487 1518 1504 eum
1533 1479 1654 1504 cuiusvis

859 1512 901 1538 vel
917 1512 1016 1538 formae
1030 1513 1071 1539 vel
1087 1514 1187 1544 aetatis,
1208 1514 1311 1540 etiamsi
1331 1524 1382 1541 non
1397 1515 1528 1546 didicerit,
1546 1517 1654 1551 pingere

859 1558 946 1584 neque
960 1559 1019 1576 esse
1034 1551 1249 1586 perieulum,qui
1265 1551 1366 1578 leonem
1382 1558 1427 1578 aut
1442 1557 1547 1579 taurum
1563 1555 1655 1589 pingat

859 1588 972 1623 egregie,
982 1596 1014 1613 ne
1029 1588 1099 1613 idem
1114 1589 1141 1614 in
1156 1588 1248 1615 multis
1262 1589 1321 1615 aliis
1336 1590 1559 1624 quadrupedibus
1571 1591 1654 1617 facere

859 1633 911 1651 non
926 1625 1021 1659 possit:
1039 1625 1137 1660 (neque
1151 1630 1191 1651 est
1203 1627 1312 1652 omnino
1322 1637 1364 1652 ars
1378 1627 1440 1658 ulla,
1453 1628 1479 1653 in
1490 1637 1542 1662 qua
1554 1630 1650 1655 omnia.

858 1670 927 1696 quae
942 1662 987 1688 illa
1002 1667 1055 1688 arte
1069 1663 1138 1689 el'lici
1154 1668 1276 1697 possunt,
1293 1673 1306 1690 a
1321 1664 1425 1691 doctore
1441 1666 1590 1697 tradantur,
1607 1667 1652 1691 sed

857 1700 904 1734 qui
920 1699 1067 1734 primarum
1082 1705 1107 1726 et
1120 1705 1252 1727 certarum
1267 1710 1355 1728 rerum
1369 1711 1466 1737 genera
1481 1703 1538 1737 ipsa
1552 1703 1651 1729 didice-

858 1742 928 1768 runt,
946 1737 1048 1772 reliqua
1064 1747 1115 1764 non
1129 1738 1297 1765 incommode
1311 1741 1535 1774 persequunturz)
1559 1741 1600 1766 70.
1617 1742 1650 1766 si-

858 1775 957 1801 militer
975 1775 1087 1801 arbitror
1105 1776 1131 1801 in
1146 1775 1195 1801 hac
1209 1776 1266 1802 sive
1281 1778 1381 1803 ratione
1395 1778 1452 1803 sive
1467 1778 1653 1804 exercitatione

857 1812 973 1843 dicendi,
989 1813 1036 1847 qui
1052 1812 1125 1839 illam
1140 1813 1195 1839 vim
1210 1813 1323 1849 adeptus
1337 1815 1380 1845 sit,
1390 1820 1419 1841 nt
1432 1824 1523 1841 eorum
1541 1821 1650 1842 menti-s.

857 1851 904 1885 qui
924 1854 969 1876 aut
991 1850 1024 1876 de
1043 1850 1180 1884 republica
1198 1856 1244 1877 ant
1260 1851 1293 1877 de
1307 1853 1394 1886 ipsius
1409 1853 1489 1878 rebus
1503 1858 1548 1879 ant
1561 1853 1594 1879 de
1609 1853 1651 1878 iis.

857 1893 948 1914 contra
961 1896 1039 1922 quos,
1057 1892 1102 1914 ant
1117 1897 1163 1922 pro
1176 1889 1278 1923 quibus
1292 1889 1370 1920 dicat,
1387 1899 1448 1915 cum
1464 1890 1553 1924 aliqua
1568 1896 1653 1916 statn-

857 1925 919 1951 endi
942 1929 1071 1960 potestate
1093 1926 1211 1957 audiant,
1236 1926 1269 1952 ad
1287 1935 1368 1953 suum
1387 1927 1527 1954 arbitrium
1547 1937 1652 1954 movere

857 1963 949 1997 possit,
967 1963 1039 1988 hunc
1052 1962 1084 1989 de
1099 1967 1152 1989 toto
1164 1963 1210 1989 illo
1219 1973 1316 1997 genere
1327 1964 1491 1999 reliquarum
1502 1965 1650 1991 orationum

857 2009 908 2026 non
928 2000 989 2034 plus
1008 2001 1194 2035 quaesiturum
1213 2011 1280 2032 esse,
1301 2002 1367 2036 quid
1382 2002 1460 2031 dicat,
1477 2012 1558 2037 quam
1575 2003 1652 2038 Pol)-

856 2037 954 2064 cletum
971 2037 1057 2069 illum,
1077 2046 1162 2072 quum
1180 2039 1319 2065 llerculem
1335 2040 1459 2075 tingebat,
1476 2041 1651 2074 quemadmo-

833 2071 835 2077 ¹
855 2075 920 2101 dum
940 2075 1037 2110 pellem
1052 2080 1097 2101 aut
1112 2075 1223 2111 hydram
1239 2076 1357 2111 lingeret,
1374 2078 1476 2103 etiamsi
1494 2078 1557 2103 liat-‹-
1572 2087 1651 2104 innn-

855 2121 936 2148 quam
951 2113 1092 2147 separatim
1108 2112 1192 2139 faeere
1207 2113 1353 2140 didicisset.

912 2150 991 2176 xvn.
1008 2151 1050 2176 Ἡ.
1071 2150 1138 2176 Tum
1153 2150 1278 2177 Catulus:
1307 2151 1442 2177 Praeclare
1458 2153 1523 2178 milii
1540 2153 1647 2178 videm.

854 2188 961 2218 Antoni,
982 2187 1104 2221 posuisse
1119 2192 1178 2213 ante
1198 2188 1299 2219 oculos,
1315 2189 1381 2224 quid
1396 2189 1498 2215 discere
1520 2195 1650 2224 oporteret

854 2234 926 2255 euni,
941 2225 989 2260 qui
1003 2229 1088 2251 orator
1101 2230 1172 2251 esset
1186 2225 1302 2256 futurus,
1319 2227 1385 2261 quid
1399 2227 1488 2256 etiam,
1508 2228 1531 2252 si
1547 2236 1597 2253 non
1609 2229 1647 2252 ιΙι-

853 2263 972 2292 dieisset,
990 2270 1023 2288 ex
1036 2270 1075 2291 e0,
1091 2262 1164 2297 quod
1178 2262 1326 2293 didicisset,
1342 2272 1488 2289 assumere.
1511 2264 1649 2290 Deduxisti

853 2299 924 2325 enim
949 2304 1032 2325 totuin
1056 2299 1190 2325 bominem
1215 2300 1241 2326 in
1259 2300 1313 2326 duo
1330 2301 1417 2326 solum
1431 2310 1528 2335 genera
1541 2310 1650 2327 cmissa-

854 2345 923 2367 rnm,
932 2341 1016 2362 cetera
1030 2336 1234 2363 innumerabilia
1248 2338 1428 2364 exercitationi
1441 2343 1466 2363 et
1475 2338 1648 2364 similitudini

854 2374 996 2408 reliquisti.
1032 2373 1084 2399 Sed
1104 2374 1200 2404 videto.
1223 2383 1255 2400 ne
1270 2375 1296 2401 in
1310 2375 1369 2401 istis
1383 2375 1490 2400 duobus
1503 2376 1648 2411 generibus

854 2411 937 2446 hydra
953 2411 1001 2436 tibi
1016 2411 1051 2436 sit
1064 2416 1089 2436 et
1103 2410 1195 2445 pellis:
1223 2411 1349 2437 llere-ulos
1363 2417 1452 2438 mitem
1466 2417 1491 2438 ct
1505 2413 1555 2439 aliu
1569 2422 1648 2448 opt-ra

854 2449 950 2474 maiora
975 2456 1007 2473 ne
1027 2448 1052 2473 in
1072 2447 1127 2474 illis
1153 2448 1242 2478 rebus,
1263 2458 1330 2483 qnns
1346 2450 1542 2483 praetermittis,
1568 2451 1648 2476 relin—

852 2491 979 2520 quantur.
1014 2485 1070 2511 Non
1093 2485 1164 2511 enim
1185 2486 1249 2511 milii
1271 2487 1360 2512 minus
1374 2487 1462 2522 operis
1478 2487 1590 2518 videtur,
1615 2490 1647 2514 ‹li-

853 2523 987 2549 universis
1012 2523 1157 2557 generibus
1185 2532 1287 2553 rerum,
1315 2533 1397 2559 quum
1420 2524 1453 2550 ‹le
1477 2525 1646 2560 singulorum

851 2560 964 2591 caussis,
989 2568 1019 2586 ac
1042 2559 1126 2586 inulto
1149 2561 1228 2586 etiam
1253 2561 1340 2587 maius
1362 2562 1394 2588 do
1413 2566 1506 2588 natura
1524 2562 1643 2590 deorum.

851 2606 932 2632 quam
946 2597 980 2623 de
994 2597 1133 2623 hominum
1149 2597 1241 2624 litibus
1255 2598 1352 2625 dicere.
1374 2600 1415 2626 72.
1431 2600 1487 2625 Non
1498 2605 1537 2626 est
1549 2601 1591 2626 ita.
1606 2610 1645 2625 in-

851 2635 910 2669 quit
924 2635 1064 2661 Antonius.
1089 2635 1176 2661 Dicam
1192 2636 1263 2661 enim
1279 2636 1335 2667 tibi.
1349 2637 1451 2666 Catule,
1466 2647 1516 2663 non
1533 2643 1583 2663 tam
1599 2639 1645 2663 ιΙυ-
