1941 3052
234 138 282 160 ’,κὶιι
804 132 857 156 ιιιΐῐ,
893 131 924 156 tt.
957 131 986 156 Τ.

234 208 280 233 rm·-
292 206 356 232 merri
370 206 519 238 ιιεριίιιηιην
531 201 702 235 κηΙΙὴκυνιης.
742 201 818 233 Quod
830 201 864 226 «le
877 201 1029 234 inscriptio-

236 253 267 270 ιιι·
279 243 399 276 ι1ιιιιιϊίε;
415 250 465 266 nou
477 240 579 266 dubito.
589 239 655 272 quin
668 241 786 271 x11·¹!r]xm¹
797 238 906 271 officium
919 238 962 267 sit.
977 238 1029 263 nini

235 280 300 315 quid
315 285 339 305 tu
353 278 438 303 aliud.
455 276 499 301 sed
515 276 652 309 inscriptio
663 275 779 309 plenior,
791 278 820 300 de
831 277 929 307 officiis.
943 279 1030 309 ΙΙρυε-

235 320 315 351 ιμ’»νώ
326 321 412 340 ειιιιι·ιιι
425 313 545 339 ‹tim-runi
559 312 622 338 titio.
665 313 757 338 Visum
774 317 813 338 cst
829 321 879 338 non
893 312 1029 337 nit-mutar.

235 356 259 379 Γ),
285 354 317 378 lto
340 351 444 386 Myrtilo
465 349 594 375 dilucide.
636 351 658 374 ί)
673 349 767 384 quales
784 354 810 375 tu
827 357 934 383 semper
951 349 1028 374 istos!

236 392 306 416 ltaur·
320 390 344 414 iii
358 389 385 414 1),
401 386 529 414 Brututn‘!
541 387 579 412 l)ii
594 387 652 412 istis
663 402 708 412 --.
745 389 769 412 6.
793 386 848 419 lig-<o
861 395 911 416 tue,
925 391 953 412 ut
963 386 1030 412 scri-

236 435 350 462 psi-rum,
366 427 390 451 in
404 425 596 458 Pompeianum
610 433 660 449 non
673 423 775 450 abdidi.
789 424 876 458 primo
888 428 1031 457 tempesta-

235 463 427 498 til›tts,quilitts
439 461 476 487 nil
489 461 595 487 tetrius:
609 461 706 487 deinde
719 460 1031 495 ab()‹·tavianoquotidtc
1052 462 1053 468 ¹

236 501 350 530 litterae,
370 505 398 525 ut
413 499 549 532 negotium
566 499 746 532 susciperem,
763 498 1029 536 Capuangvcnirctn,

236 539 332 565 itt-rum
346 532 540 571 rempublicam
548 544 696 567 servarent,
712 536 821 561 llomam
830 535 922 569 utique
930 535 1029 561 statim.
1060 547 1061 550 ¹

275 592 408 620 Alaea-‘m
420 592 466 628 μέν
481 588 640 625 ἀνήνασθαι,
655 590 742 618 δεῖσαν
756 588 782 617 δ’
796 588 951 624 ὑποδέχθαι.

237 651 260 676 ts
275 654 362 675 tamen
379 649 434 683 egit
448 656 511 674 sane
527 652 648 678 strenue,
669 652 695 674 et
710 648 774 681 agit.
816 647 926 673 nomam
944 647 1033 673 veniet

235 694 297 712 cum
309 694 388 711 manu
402 694 510 720 magna:
524 684 570 710 scd
582 689 621 711 est
633 684 711 719 plane
723 680 799 719 puer.
823 685 898 711 Putat
909 689 1031 710 senatum
1060 687 1061 690 ’

235 724 336 750 statim.
374 722 441 754 Quis
454 722 559 748 venict‘?
569 722 596 748 Si
609 722 720 751 venerit,
733 722 804 756 quis,
819 722 928 748 incertis
940 721 1030 751 rebus,

235 760 349 787 osl'cudet
364 759 528 786 Antonium?
543 759 601 786 Kal.
620 760 674 785 lan.
691 760 741 785 erit
757 759 867 785 sortasse
881 758 1030 793 praesidio:
1060 769 1062 776 ¹

237 803 281 825 aut
292 797 402 832 quidem
415 802 474 823 ante
484 796 694 831 ‹lepugnabitun
721 797 806 822 Puero
820 797 968 831 municipia
981 796 1033 822 mi-

238 845 265 861 rt·
278 835 375 861 favent.
410 835 460 861 lter
471 834 542 860 enini
556 833 656 860 faciens
669 834 695 860 in
707 834 846 860 Samnium
859 834 933 860 venit
943 832 1030 863 Cales.

238 873 335 899 mansit
347 872 439 898 Teani.
480 872 591 897 Miritica
603 871 748 904 ἁπάντῃ-σας
757 875 783 897 et
791 871 946 897 cohortatio.
979 871 1032 896 lloc

233 952 349 986 tucrum.

237 1021 296 1055 rat,)
310 1026 396 1047 tamen
415 1030 469 1046 retu
482 1020 568 1055 pridie
580 1021 642 1046 Idus
655 1019 736 1046 velim
748 1020 884 1046 conficias.
925 1020 1033 1054 Episto-

238 1059 276 1085 las
291 1059 425 1087 Catinam,
449 1058 672 1087 tauromenium,
695 1057 843 1092 Syracusas
863 1056 1033 1083 commodius

238 1097 342 1122 mittere
359 1101 462 1130 potem,
484 1096 507 1121 si
523 1095 646 1121 Valerius
665 1095 797 1129 interpres
817 1094 849 1120 ad
866 1103 908 1120 me
925 1094 1032 1120 nomina
1054 1098 1063 1122 ᾖ
1189 1111 1206 1137 d

611 1131 748 1158 Aliienim
760 1131 912 1157 suntalias:
936 1131 1033 1157 nostri·
1054 1126 1056 1146 ²
1085 1121 1137 1139 ⁰⁰¹¹
1153 1120 1187 1137 ³¹¹
1208 1120 1249 1137 ⁰⁰*

236 1180 289 1205 quc
303 1170 447 1196 fainiliares
460 1169 511 1195 scre
525 1169 667 1195 demortui.
702 1168 813 1194 Publice
825 1173 912 1195 tamen
924 1169 1031 1203 scripsi,
1055 1185 1057 1193 <

236 1134 414 1169 gratiosorum
426 1133 571 1167 scripserit.

236 1209 259 1234 si
277 1209 315 1234 uti
333 1207 412 1233 vellet
429 1207 468 1232 eis
484 1206 619 1232 Valerius:
643 1210 688 1232 aut
704 1206 772 1232 mihi
787 1207 895 1232 nomina
907 1206 1032 1232 mitteret.

237 1249 262 1271 8.
285 1246 320 1271 Dc
333 1244 476 1279 Lepidanis
493 1243 566 1269 scriis
578 1243 676 1269 Balbus
688 1243 720 1269 ad
734 1251 776 1269 me
787 1252 874 1278 usque
886 1243 919 1269 ad
931 1251 968 1269 ιιι.
982 1243 1035 1269 Ka-

238 1282 309 1309 lend.
322 1281 490 1316 Exspectabo
506 1285 565 1307 tuas
580 1280 693 1306 litteras:
712 1280 799 1315 deque
810 1281 937 1315 Torquati
952 1289 1034 1316 nego-

237 1319 299 1346 tiolo
311 1320 441 1345 sciturum
454 1323 528 1353 puto.
559 1317 651 1350 Quinti
665 1317 764 1344 litteras
776 1318 809 1343 ad
821 1322 845 1343 te
855 1318 928 1348 misi,
942 1322 971 1343 ut
981 1318 1035 1343 sci-

238 1367 293 1388 res,
311 1365 392 1392 quam
409 1355 487 1382 valde
501 1364 563 1381 eum
575 1360 687 1386 amaret,
706 1363 788 1390 quem
800 1354 871 1381 dolet
881 1364 895 1381 a
907 1360 931 1381 te
943 1355 1034 1381 minus

237 1395 331 1421 amari.
372 1394 487 1424 Atticae,
506 1393 647 1427 quoniam,
665 1392 739 1427 quod
754 1393 886 1427 optimum
902 1393 928 1418 in
941 1392 1034 1427 pueris

236 1438 285 1463 est,
300 1430 414 1458 liilarula
426 1435 474 1461 est,
491 1430 558 1456 meis
570 1430 661 1456 verbis
673 1430 799 1456 suavium
811 1429 868 1456 des.
911 1429 983 1456 Vale.

290 1501 341 1522 ΧΠ.
371 1501 471 1525 (Antonio,
480 1501 580 1519 Dolabella
591 1508 637 1519 coss.
649 1501 705 1523 710.)

293 1578 382 1618 Oppii
398 1581 541 1617 epistolae,
559 1582 622 1616 quia
638 1582 804 1616 perhumana
818 1587 886 1613 erat,
905 1581 955 1608 tibi
971 1582 1034 1608 misi

237 1620 403 1655 exemplum.

237 1658 387 1694 quidquam
399 1657 603 1691 rescribis,cepi
615 1656 759 1682 consilium
771 1656 958 1682 domesticum.
983 1657 1035 1683 Ita-

237 1705 289 1731 que
306 1704 348 1721 me
360 1694 447 1729 pridie
462 1693 525 1720 Idus
541 1693 654 1720 arbitror
669 1694 767 1720 Romae
783 1693 915 1720 futurum.
955 1693 1034 1720 Com-

238 1733 345 1759 modius
355 1737 395 1758 est
406 1732 507 1761 visum,
522 1730 618 1757 frustra
629 1739 671 1756 me
683 1731 744 1757 istic
756 1739 828 1761 esse,
845 1739 930 1766 quum
942 1731 970 1757 id
982 1739 1034 1757 non

237 1778 346 1797 necesse
358 1773 441 1799 esset,
455 1777 551 1803 quam,
565 1769 588 1794 si
599 1776 668 1802 opus
679 1772 762 1799 esset,
776 1777 828 1794 non
840 1768 948 1794 adesse:
961 1773 987 1794 et
997 1769 1035 1794 si-

238 1807 304 1838 mul,
318 1816 352 1832 ne
364 1805 566 1836 intercluderer,
580 1805 744 1831 metuebam.
780 1804 827 1830 llle
838 1806 909 1831 enim
923 1806 974 1831 iam
987 1805 1036 1831 ad-

238 1849 346 1871 ventare
366 1847 465 1878 potest3
489 1843 538 1868 etsi
558 1843 627 1868 varii
650 1851 772 1868 rumores
791 1842 925 1877 multique
934 1863 940 1873 ‚
966 1851 1034 1877 quos

237 1889 365 1916 cuperem
376 1888 464 1906 veros
497 1878 572 1905 Nihil
584 1884 672 1906 tamen
683 1879 759 1905 certi.
798 1879 855 1914 Ego
867 1888 939 1911 vcro,
953 1879 1035 1914 quid-

237 1918 304 1953 quid
319 1922 367 1948 est,
381 1922 468 1943 tecum
482 1917 584 1950 potius,
597 1925 679 1950 quam
691 1916 775 1942 animi
787 1916 932 1950 pendeam,
948 1925 1034 1951 quum
1064 1938 1065 1941 ,

238 1961 288 1982 ate
304 1955 404 1984 absim,
423 1959 448 1980 et
463 1953 495 1979 de
511 1958 534 1979 te
550 1958 575 1979 et
590 1953 624 1979 de
636 1962 686 1979 me.
726 1953 779 1979 Sed
789 1953 856 1988 quid
868 1953 918 1980 tibi
929 1953 1036 1980 dicam?

237 1994 340 2019 Bonum
356 1992 487 2018 animum.
528 1990 563 2016 De
576 1989 758 2026 ἿΙρακλειδείῳ
769 1991 908 2022 Varronis,
929 1992 1034 2027 negotia

237 2029 318 2057 salsa.
359 2029 400 2055 Me
411 2027 522 2063 quidem
535 2027 603 2054 nihil
615 2036 745 2063 umquam
757 2028 796 2054 sic
807 2027 959 2055 delectavit.
981 2028 1034 2055 Sed

237 2067 312 2098 haec,
326 2071 352 2093 et
361 2066 413 2092 alia
425 2066 524 2091 maiora
535 2072 634 2091 coram.

290 2135 347 2157 ΧΙΙῙ
357 2142 376 2155 u.
405 2137 435 2158 (lu
444 2135 540 2159 Arpinati,
549 2136 640 2156 Antonio,
651 2135 751 2153 nutnbcttn
762 2142 809 2153 coss.
820 2137 876 2157 710.)

425 2173 592 2201 CICERO
621 2173 791 2200 ATTICO
823 2174 850 2200 S.

296 2214 319 2238 t.
335 2207 364 2238 Ο
376 2220 468 2238 casum
480 2211 639 2238 mirificum!
653 2219 689 2237 u.
703 2211 765 2237 Idus
776 2220 863 2246 quum
874 2216 934 2237 ante
947 2211 1033 2237 lucem

237 2250 271 2277 de
283 2249 447 2276 Sinuessano
458 2250 650 2279 surrexissem,
667 2249 858 2284 venissemque
869 2248 991 2275 diluculo
1001 2247 1035 2274 ad
1064 2248 1065 2256 ¹

1064 2295 1065 2316 g
1086 2284 1215 2320 ignorabo
1223 2284 1239 2318 ς)
1251 2292 1284 2309 an
1296 2283 1359 2313 hoc,
1377 2291 1463 2317 quum
1474 2282 1606 2308 Antonius
1616 2281 1729 2307 venerit.

1064 2325 1065 2345 l
1086 2326 1115 2348 ut
1129 2321 1203 2347 aliud
1219 2329 1252 2347 ex
1268 2320 1333 2351 alio,
1354 2320 1423 2346 mihi
1439 2328 1491 2345 non
1506 2324 1547 2345 est
1561 2318 1691 2347 dubium,
1709 2317 1790 2352 quin.
1807 2318 1880 2352 quod

1064 2380 1065 2395 3
1086 2359 1181 2385 Graeci
1191 2361 1324 2392 καθῆκον.
1340 2366 1388 2383 nos
1399 2359 1519 2390 officium.

1064 2398 1065 2403 ¹
1085 2401 1139 2426 tas,
1160 2396 1227 2430 quin
1248 2395 1328 2421 etiam
1349 2395 1377 2421 in
1398 2393 1593 2428 rempublicam
1608 2391 1743 2427 praeclare
1757 2391 1882 2418 caderet?

1064 2430 1065 2445 ³
1086 2441 1173 2459 nonne
1191 2433 1322 2459 dicimus.
1346 2432 1476 2457 consulum
1491 2432 1614 2463 officium,
1631 2434 1736 2455 senatus
1750 2428 1881 2461 officium?

237 2292 346 2322 pontem
358 2287 499 2317 Tirenum,
512 2287 560 2321 qui
571 2290 612 2312 est
622 2286 780 2317 Minturnis,
793 2287 821 2312 in
833 2294 887 2320 quo
897 2285 983 2312 flexus
994 2290 1035 2312 est

237 2324 270 2351 ad
287 2325 337 2350 iter
347 2324 474 2358 Arpinas,
491 2323 600 2350 obviam
616 2323 685 2349 mihi
699 2322 728 2350 fit
742 2323 912 2353 tabellarius,
928 2323 976 2358 qui
991 2331 1034 2348 me

237 2361 348 2388 offendit
363 2360 466 2395 δολιχὸν
476 2360 558 2387 πλόον
570 2361 738 2395 ὁρμαίνοντα,
778 2361 834 2396 Ego
845 2361 944 2389 statim,
957 2359 1031 2390 cedo,

237 2400 363 2433 inquam,
380 2399 404 2424 si
420 2398 487 2433 quid
502 2397 536 2424 ab
547 2398 641 2424 Attico.
680 2397 806 2423 Nondum
823 2397 912 2433 legere
929 2402 1035 2432 potera·—

238 2444 309 2462 mus.
331 2436 399 2461 Nam
410 2440 436 2462 et
447 2435 548 2461 lumina
559 2434 764 2466 dimiseramusg
779 2443 827 2461 nec
838 2435 904 2461 satis
916 2434 1032 2460 lucebat.

238 2472 327 2504 Quum
338 2478 427 2498 autem
440 2472 552 2502 luceret,
570 2477 630 2498 ante
645 2471 744 2506 scripta
760 2471 874 2506 epistola
884 2480 918 2498 ex
928 2471 1034 2497 duabus

239 2510 292 2535 tuis
303 2511 376 2543 prior
391 2510 459 2535 mihi
473 2509 525 2545 legi
536 2514 628 2543 coepta
640 2513 689 2534 est.
730 2508 776 2534 Illa
787 2509 909 2535 omnium
921 2508 1034 2543 quidem

238 2545 449 2581 elegantissima.
471 2547 509 2572 Ne
521 2547 573 2572 sim
584 2545 686 2576 salvus,
700 2545 723 2570 si
735 2545 812 2572 aliter
822 2546 920 2575 scribo,
929 2553 959 2572 ac
969 2553 1035 2571 sen-

239 2583 287 2614 tio,
302 2582 370 2608 nihil
383 2582 436 2618 legi
448 2583 602 2610 humanius.
641 2583 733 2616 Itaque
744 2584 860 2613 veniam,
877 2591 931 2617 quo
942 2590 1030 2612 vocas,

239 2619 317 2645 modo
329 2619 448 2645 adiutore
460 2625 494 2646 te.
534 2619 586 2646 Sed
596 2619 668 2649 ,nihil
681 2624 734 2645 tam
746 2619 954 2655 ἀπροςδιόνυσον
964 2619 1032 2645 mihi

239 2656 326 2690 primo
337 2655 487 2687 videbatur,
496 2665 577 2691 quam
588 2655 622 2682 ad
632 2665 677 2682 eas
689 2655 798 2688 litteras,
807 2657 908 2691 quibus
922 2664 972 2691 ego
982 2664 996 2682 a
1008 2661 1033 2682 te

1050 211 1059 221 u
1080 199 1224 225 consilium
1237 199 1374 234 petieram.
1389 204 1413 225 te
1425 199 1491 225 milii
1504 200 1552 225 ista
1565 200 1721 227 rescribere.

444 1620 480 1645 De
491 1618 590 1649 Ocella,
607 1619 672 1645 dum
684 1624 711 1645 tu
724 1619 888 1654 muginaris,
907 1628 956 1645 nec
966 1619 1034 1645 mihi
1064 1643 1065 1650 ,

1064 1779 1065 1788 l
1087 1763 1171 1789 multa
1187 1763 1267 1789 etiam
1284 1761 1349 1788 salsa
1365 1761 1399 1787 de
1415 1761 1539 1787 Antonio.

1064 1818 1065 1825 ι
1086 1800 1234 1835 scripsisti,
1252 1800 1314 1833 (tres
1329 1799 1401 1825 enim
1417 1805 1572 1832 acceperam
1584 1805 1622 1823 ιιι.
1650 1797 1736 1823 Idusa
1747 1802 1772 1823 te
1782 1797 1883 1831 episto-

1056 1994 1059 2004 ·
1086 1995 1201 2013 nescias.

1064 2039 1065 2044 =
1086 2023 1216 2059 postridie
1226 2023 1345 2049 Puteolis
1357 2023 1454 2048 Romae
1465 2030 1494 2047 se
1507 2021 1575 2047 dixit
1587 2020 1652 2047 sore.
1683 2019 1760 2053 Quod
1772 2028 1814 2046 me
1825 2029 1883 2047 mo-

1022 129 1295 155 ‹llutztttiNtS

1762 201 1785 226 Ξ.
1808 200 1874 226 ¹30oe

1082 237 1129 262 tibi
1141 236 1235 265 altr-ra,
1249 244 1301 271 qua
1314 236 1427 262 hortaris
1438 237 1498 271 παρ’
1512 237 1651 271 ὴνιμιῖηιιι
1666 238 1801 271 Μίμιιγιιι,
1825 239 1873 271 *rj-

1081 285 1132 300 σηιι
1147 274 1189 300 ln?
1210 274 1316 307 Ἰλιιρὶης,
1332 274 1446 308 Appiam
1460 274 1498 298 ln*
1516 274 1627 308 ἀφανιῶ
1640 274 1742 307 flurin.
1784 275 1875 309 ltaque

1081 310 1166 336 codic
1179 311 1264 336 mansi
1278 311 1387 345 Aquini.
1429 310 1579 345 Longulam
1592 320 1656 337 nane
1668 312 1724 341 itt-r,
1741 317 1766 337 ct
1779 312 1822 337 vi·
1835 311 1876 337 in-

1081 353 1155 411 epti'i:
1179 347 1242 374 inde
1257 347 1386 382 postridie
1406 356 1483 373 mane
1503 348 1687 382 proficiscens,
1712 349 1759 375 has
1777 348 1876 375 tutem

1082 385 1122 410 det
1138 386 1158 411 i:
1176 399 1212 404 —

1136 470 1190 491 xm
1202 471 1221 490 t..

1084 505 1118 525 Ιιι·
1128 505 1238 527 initium.)

1142 543 1164 568 t.
1187 541 1197 553 ‘
1211 542 1221 553 ⁸
1237 546 1262 568 et
1276 541 1402 576 quidem,
1421 546 1449 567 ιιι
1464 551 1477 567 a
1498 550 1539 568 mc
1560 541 1723 568 dimitterem
1745 541 1873 568 invitissi-

1251 470 1319 493 tssine
1330 469 1462 495 &tuuf-utut
1473 469 1610 496 uilium-nque
1621 469 1704 490 iudicio
1714 477 1782 491 nune·
1793 470 1873 498 εμίικι.

1060 590 1061 593 ‘
1084 588 1153 609 mus,
1168 578 1287 605 fecerunt
1299 579 1385 605 Erotis
1397 577 1508 605 litterae.
1540 579 1603 605 Rcm
1616 579 1664 605 tibi
1677 579 1738 605 Tiro
1750 579 1876 605 narrabit.

1060 618 1061 639 l
1083 618 1132 647 Tu,
1146 616 1212 651 quid
1226 615 1378 642 faciendum
1391 616 1434 645 sit,
1450 615 1565 642 videbis.
1582 616 1727 645 Praeterea.
1741 616 1878 650 possimne

1085 655 1195 689 propius
1206 653 1345 680 accedere.
1364 653 1444 687 (malo
1459 654 1530 679 enim
1541 662 1600 679 esso
1613 654 1639 680 in
1651 652 1816 682 Tusculano,
1833 658 1878 678 aut

1085 692 1190 726 uspiam
1204 691 1228 717 in
1240 690 1417 725 suburbano.)
1428 699 1460 716 an
1472 691 1552 716 etiam
1565 690 1672 726 longius
1683 689 1878 716 discedendum

1085 734 1174 764 putes,
1193 728 1286 754 crebro
1299 728 1332 754 ad
1345 736 1386 753 nic
1399 727 1479 753 velim
1491 727 1602 753 scribas.
1645 727 1700 754 Erit
1711 732 1800 753 autem
1811 735 1878 761 quo·

1084 766 1158 796 tidie,
1175 767 1218 791 cui
1229 765 1287 792 (tes.
1327 767 1350 791 2.
1370 764 1446 797 Quod
1459 770 1592 800 praeterea
1603 763 1732 794 consulis,
1750 764 1816 799 quid
1829 764 1878 790 tibi

1083 812 1207 830 censeam
1220 802 1390 832 faciundum,
1403 801 1514 828 ditticite
1525 807 1578 832 est,
1594 810 1679 837 quum
1691 801 1787 827 absim.
1828 801 1879 826 Ye-

1060 857 1062 877 i
1084 840 1275 870 rutntanicn,si
1288 848 1364 874 pares
1375 848 1460 874 aeque
1473 840 1540 865 inter
1550 847 1587 866 sc.
1600 838 1810 874 quiescendum.-
1825 838 1876 865 sin.

386 910 395 919 ς
625 909 629 913 ,
647 909 652 913 .
1011 908 1016 912 ,
1060 888 1062 914 .'
1085 877 1164 904 latius
1180 877 1313 908 manabit,
1336 882 1361 903 ct
1376 876 1488 912 quidem
1504 876 1536 902 ad
1554 885 1615 906 nos,
1638 875 1736 902 deinde
1756 883 1879 902 commu·

237 915 265 937 tu
277 909 403 944 putares?
422 908 462 934 Ob
479 908 528 934 hoc
543 918 592 943 ego
607 913 688 934 citius
701 908 819 938 nomam,
836 917 918 943 quam
932 912 1032 934 constt-
1061 919 1062 922 ¹

392 945 478 972 Simul
505 954 534 972 ac
557 946 733 976 constituero,
755 946 882 971 scribam.
923 946 948 971 7.
976 945 1032 971 Etsi
1054 960 1063 976 ι,

237 984 356 1011 nondum
369 983 556 1018 stipulationes
569 983 698 1018 legeram,
716 982 774 1017 (nec
790 983 862 1008 enirn
875 983 940 1009 Eros
950 990 1033 1008 vene-

1084 916 1159 942 niter.

1137 1000 1193 1021 xnt
1205 1008 1223 1020 t.
1251 999 1321 1022 (Hine
1331 1006 1400 1020 naue
1410 998 1520 1026 epi-tntu
1530 998 1618 1019 initium
1629 998 1651 1018 ἰιι
1661 998 1709 1019 emt.
1722 998 1784 1022 ssot.)

1141 1039 1165 1063 t.
1177 1032 1270 1063 Avide
1281 1041 1358 1062 tuum
1369 1035 1514 1062 consilium
1525 1040 1662 1070 exspecto.
1677 1035 1779 1064 Timeo,
1788 1043 1821 1061 ne
1832 1034 1879 1060 ab·

1085 1076 1151 1104 sim.
1174 1083 1260 1109 quum
1274 1073 1368 1100 adesse
1385 1082 1427 1099 me
1442 1073 1477 1099 sit
1494 1073 1646 1099 honestius:
1669 1077 1767 1098 temere
1788 1073 1880 1098 venire

1290 1111 1325 1136 De
1337 1110 1444 1136 Antonii
1462 1110 1604 1136 itineribus
1621 1110 1711 1135 nescio
1725 1108 1792 1144 quid
1803 1109 1881 1135 aliter

1085 1149 1179 1178 audio,
1202 1153 1281 1183 atque
1297 1147 1330 1174 ad
1346 1153 1370 1174 te
1385 1147 1546 1173 scribebam.
1585 1147 1680 1173 Omnia
1697 1147 1779 1181 igitur
1798 1145 1879 1172 velim

1085 1185 1220 1221 explices,
1237 1190 1263 1212 et
1277 1184 1310 1211 ad
1328 1193 1370 1211 me
1385 1190 1455 1210 certa
1467 1184 1564 1210 mittas.
1601 1185 1625 1210 2.
1647 1184 1683 1209 De
1699 1183 1803 1218 reliquo
1813 1183 1880 1218 quid

1087 1224 1135 1250 tibi
1147 1232 1197 1257 ego
1212 1221 1320 1249 dicam‘?
1338 1221 1425 1248 Ardeo
1440 1221 1530 1247 studio
1545 1220 1684 1247 historiae:
1702 1219 1882 1254 (incredibili-

1086 1266 1125 1288 ter
1134 1262 1207 1287 enini
1224 1268 1267 1286 me
1282 1264 1433 1286 commovet
1449 1263 1492 1285 tua
1504 1258 1675 1291 cohortatioz)
1691 1266 1760 1292 quae
1769 1257 1880 1292 quidem

1086 1307 1135 1325 nec
1147 1298 1251 1324 institui
1263 1305 1312 1323 nec
1323 1296 1394 1323 effici
1405 1300 1492 1331 potest
1502 1297 1561 1322 sine
1572 1300 1615 1322 tua
1627 1303 1688 1329 ope.
1723 1294 1817 1321 Coram
1830 1295 1882 1329 igi-

1087 1341 1129 1362 tur
1144 1335 1194 1361 hoc
1209 1334 1322 1369 quidem
1337 1333 1514 1360 conferemus.
1555 1333 1582 1359 In
1594 1333 1743 1367 praesentia
1755 1331 1823 1358 mihi
1836 1340 1882 1357 ve·

1087 1373 1134 1399 tim
1148 1372 1265 1402 scribas,
1283 1371 1385 1406 quibus
1396 1370 1424 1397 C.
1436 1370 1556 1397 Fannius
1567 1370 1600 1396 M.
1613 1370 1641 1396 F.
1655 1369 1781 1396 tribunus
1793 1368 1882 1403 plebis

1087 1410 1177 1436 fuerit.
1217 1408 1316 1436 videor
1331 1408 1398 1434 mihi
1414 1407 1536 1438 audisse,
1554 1407 1583 1433 P.
1595 1406 1733 1433 Africano.
1751 1406 1781 1432 L.
1794 1406 1883 1432 Mum—

1086 1449 1141 1474 mio
1155 1446 1323 1473 censoribus,
1364 1444 1392 1471 Id
1409 1445 1491 1481 igitur
1505 1452 1615 1480 quaero.
1656 1444 1695 1469 Tu
1711 1443 1779 1469 mihi
1799 1442 1832 1469 de
1849 1443 1882 1468 iis

1087 1485 1177 1515 rebus,
1191 1492 1260 1519 quae
1272 1488 1413 1513 novantur,
1425 1483 1516 1509 omnia
1527 1487 1605 1508 certa.
1619 1480 1700 1507 clara.
1735 1489 1772 1506 ιιι.
1795 1480 1834 1506 Id.
1848 1489 1881 1506 ex

1087 1522 1218 1557 Arpinati.

1139 1599 1202 1619 XIV.
1231 1600 1262 1623 (ln
1272 1599 1369 1622 Arpinati.
1378 1599 1470 1618 Aut-nno.
1480 1598 1580 1615 nutaban-
1591 1604 1639 1615 wn.
1650 1599 1705 1618 rto.)

1270 1640 1438 1669 CICERO
1466 1640 1636 1667 ATTICO
1665 1639 1694 1666 S.

1145 1690 1168 1715 I.
1189 1683 1270 1714 Nihil
1282 1692 1337 1714 erat
1348 1686 1437 1722 plane,
1450 1685 1523 1721 quod
1534 1685 1692 1712 scriberem.
1718 1685 1784 1711 Nam
1796 1693 1881 1719 quum

1086 1725 1204 1752 Puteolis
1219 1733 1320 1753 essem,
1340 1723 1462 1759 quotidie
1478 1722 1583 1757 aliquid
1599 1723 1663 1749 novi
1675 1722 1709 1748 de
1723 1721 1879 1750 Octaviano,

1580 1759 1620 1787 Ad
1636 1768 1666 1786 ea
1687 1765 1789 1786 autem.
1813 1768 1882 1794 quac

1087 1836 1232 1871 las,)val‹le
1244 1837 1292 1863 tibi
1304 1836 1442 1862 assentior.
1456 1835 1480 1861 si
1491 1833 1607 1860 multum
1618 1834 1880 1869 possitOctavianus.

1064 1879 1065 1885 ¹
1087 1875 1171 1901 multo
1183 1874 1288 1900 firmius
1299 1878 1355 1900 acta
1367 1873 1474 1899 tvranni
1484 1872 1687 1906 comprobatum
1699 1872 1745 1902 iri,
1760 1879 1842 1906 quam
1854 1873 1881 1898 in

1086 1911 1211 1941 Telluris,
1226 1916 1305 1946 atque
1317 1910 1344 1937 id
1355 1904 1445 1936 contra
1457 1910 1568 1935 Brutum
1581 1908 1648 1935 fore:
1667 1910 1708 1935 sin
1721 1913 1810 1935 autem
1822 1909 1883 1935 vin-

1085 1950 1168 1978 citur,
1183 1948 1260 1975 vides
1272 1947 1468 1975 intolerabilem
1479 1947 1639 1973 Antonium:
1654 1951 1695 1973 ut.
1709 1954 1790 1980 quem
1801 1945 1880 1974 velis.

1241 1987 1266 2012 Εἰ.
1292 1986 1314 2011 Ο
1329 1985 1408 2011 Sestii
1420 1983 1590 2011 tabellarium
1602 1983 1738 2009 hominem
1750 1984 1880 2018 nequam!

1087 2070 1148 2092 nes,
1166 2065 1195 2087 ut
1209 2060 1386 2095 pedetentim,
1405 2059 1550 2085 assentior:
1572 2058 1622 2084 etsi
1633 2057 1710 2084 aliter
1719 2057 1880 2092 cogitabam.

1086 2099 1141 2124 Nec
1156 2106 1199 2124 me
1214 2097 1358 2132 Philippus
1376 2101 1421 2123 aut
1436 2095 1577 2121 Marcellus
1593 2100 1691 2121 movet.
1730 2094 1790 2121 Atia
1809 2096 1880 2121 enim

1086 2144 1179 2162 eorum
1193 2135 1289 2161 oratio:
1308 2139 1346 2164 et,
1363 2134 1451 2160 sinon
1461 2138 1514 2163 est,
1532 2137 1620 2159 tamen
1631 2131 1748 2158 videtur.
1788 2131 1841 2158 Sed
1854 2133 1881 2158 in

1087 2174 1138 2199 isto
1154 2173 1265 2199 iuvene.
1281 2179 1447 2207 quamquam
1463 2170 1547 2196 animi
1563 2170 1642 2200 satis,
1660 2169 1823 2196 auctoritatis
1834 2178 1882 2204 pa—

1086 2218 1147 2236 rum
1158 2214 1208 2236 est.
1233 2210 1332 2235 Tamen
1344 2208 1416 2238 vide,
1429 2208 1452 2233 si
1464 2207 1530 2233 sorte
1541 2207 1568 2233 in
1579 2206 1732 2233 Tusculano
1741 2210 1811 2232 recte
1821 2215 1881 2232 esse

1086 2255 1211 2282 possum,
1228 2246 1291 2272 idne
1306 2245 1406 2272 melius
1421 2245 1469 2275 sit,
1489 2245 1544 2279 (ero
1558 2243 1701 2270 libentius:
1723 2242 1791 2306 nihgl
1807 2245 1880 2306 eqnicriu

1788 2301 1794 2305 .
1816 2289 1849 2306 „e
1873 2301 1878 2309 ,

1558 2355 1587 2382 Id
1602 2360 1691 2381 autem
1699 2374 1705 2384 ,
1720 2353 1787 2389 quid
1798 2355 1881 2381 dubi-

1085 2469 1222 2496 Praeclare
1236 2469 1375 2500 convenit:
1398 2473 1443 2494 aut
1458 2467 1491 2493 da
1507 2466 1615 2492 melius.
1656 2467 1679 2492 4.
1702 2464 1769 2491 Mate
1788 2474 1879 2492 narras

1085 2507 1118 2533 de
1131 2507 1240 2542 Nepotis
1251 2506 1316 2532 tilio.
1342 2505 1425 2532 Valde
1437 2502 1590 2530 mehercule
1601 2511 1718 2531 moveor,
1731 2508 1757 2529 et
1767 2503 1879 2529 moleste

1085 2543 1150 2570 fero.
1191 2545 1345 2570 Nescieram
1356 2542 1466 2569 omnino
1476 2548 1535 2567 esse
1547 2541 1628 2566 istum
1640 2548 1765 2575 puerum.
1799 2540 1879 2567 Cani-

1086 2583 1162 2607 nium
1175 2580 1291 2616 perdidi,
1306 2580 1456 2608 hominem,
1469 2577 1542 2612 quod
1553 2577 1587 2603 ad
1599 2586 1641 2603 me
1653 2578 1759 2608 attinet,
1771 2585 1823 2603 non
1836 2578 1879 2603 in—

1083 2623 1200 2654 gratum.
1241 2616 1449 2645 Athenodorum,
1463 2614 1530 2641 nihil
1541 2620 1594 2641 est.
1607 2614 1680 2649 quod
1693 2614 1810 2646 hortere;
1827 2615 1879 2640 mi-

1083 2655 1118 2681 sit
1129 2655 1201 2681 enim
1212 2655 1278 2681 satis
1289 2653 1391 2680 bellum
1401 2651 1549 2686 ὗπόμνημιι.
1589 2651 1750 2678 Grai-odini.
1766 2659 1876 2685 quaeso,
