1941 3052
224 122 272 146 9815
785 117 840 141 ΗΟ.
873 115 907 141 Μ.
939 115 968 140 'tl

224 190 297 216 dere.

225 236 285 253 mus
296 225 329 251 de
340 225 469 258 gravitate
481 224 618 258 sapientis,
632 233 728 253 errore,
743 223 858 252 levitate,
873 223 1018 248 temeritate

224 263 398 290 disiunctius.

224 337 303 367 culle,
312 336 447 362 concedis.
460 335 535 367 Quod
546 335 674 369 quoniam
686 344 699 360 a
713 340 735 361 te
748 335 884 369 probatur,
898 335 1019 368 sutprae·

225 379 328 409 posu-re
345 378 431 399 tecum
448 382 539 406 agam,
562 381 622 398 mox
639 371 750 398 reseram
766 381 808 397 me
823 371 856 397 ad
875 371 1019 405 ordineni,)

226 412 289 437 imm-
301 411 418 444 primum
430 409 566 436 conclusio
577 418 657 444 quani
675 409 771 435 habeat
783 410 851 438 vim,
867 408 1017 434 considera.

226 448 297 473 xxi.
311 448 338 473 Si
352 447 399 473 ulli
412 448 448 473 rei
459 448 566 481 sapiens
577 447 737 472 assentietur
749 445 1019 480 uniquam,aliquan-

224 485 258 511 do
273 485 353 510 ctiam
369 485 533 519 opinabitur.
575 485 728 518 Numquam
745 489 833 509 autem
848 483 1016 518 opinabitur;

225 521 292 548 nulli
310 522 392 557 igitur
407 523 443 548 rei
460 522 629 547 assentietur.
671 522 743 547 lianc
758 520 958 547 conclusionem
971 521 1020 546 Ar-

224 558 320 585 cesilas
337 559 478 593 probabat:
495 558 669 584 confirmabat
683 559 754 584 enim
771 563 796 584 et
812 559 929 592 primum
941 562 966 583 et
977 566 1020 582 se-

224 596 353 622 cundum.
395 596 544 622 Carneades
561 604 762 630 nonnumquam
779 595 929 621 secundum
953 594 1019 620 illud

224 633 312 663 dabat.
327 634 450 660 assentiri
462 633 616 667 aliquando.
650 634 684 659 lta
696 633 860 667 sequebatur
870 633 949 658 etiam
960 631 1020 666 opi-

226 671 295 696 nari:
308 671 380 705 quod
393 675 419 697 tu
433 680 483 697 non
498 671 548 701 vis,
561 675 586 696 et
597 675 679 700 recte,
697 675 725 696 ut
736 670 803 696 mihi
816 669 926 696 videris.
967 668 1018 695 Sed

226 707 292 733 illud
305 709 436 742 primum,
455 708 617 742 sapientem,
635 708 658 734 si
669 716 829 734 assensurus
840 711 923 737 esset,
939 707 1018 732 etiam

224 746 411 779 opinaturum,
435 745 533 771 salsum
549 753 608 771 esse
623 750 649 771 et
664 745 746 771 Stoici
762 745 869 775 dicunt,
887 749 912 770 ct
927 752 1019 770 eorum

224 782 382 817 astipulator
396 782 553 809 Antiochus.
595 782 674 809 Posse
689 783 760 808 enim
777 790 839 808 eum
862 781 926 807 falsa
943 790 956 806 a
975 789 1020 807 ve-

225 820 262 846 ris
273 824 310 849 et,
324 828 392 854 quae
405 828 456 846 non
469 821 573 854 possint
585 820 700 854 percipi,
715 820 748 845 ab
760 820 807 849 iis,
825 828 893 854 quae
905 819 1017 853 possint.

224 856 402 892 distinguere.
433 859 474 883 (38.
498 857 581 883 Nobis
593 862 681 883 autem
694 858 821 891 primum,
836 857 941 882 etiamsi
953 855 1020 890 quid

225 895 328 929 percipi
340 895 433 929 possit,
447 899 535 920 tamen
548 895 605 929 ipsa
617 894 783 921 consuetudo
794 893 957 919 assentiendi
974 902 1020 927 pe-

225 931 340 958 riculosa
357 940 415 958 esse
433 931 539 958 videtur
553 936 578 958 et
590 931 702 958 lubrica.
742 931 922 963 Quamobrem
934 939 1019 965 quum

225 973 278 994 tum
301 969 427 995 vitiosum
449 977 507 995 esse
528 974 642 999 constet,
665 969 788 995 assentiri
805 968 955 1003 quidquam
975 972 1021 993 aut

226 1005 323 1032 falsum
341 1011 386 1032 aut
403 1007 584 1041 incognitum.-
599 1006 756 1032 sustinenda
774 1011 814 1032 est
830 1005 918 1039 potius
931 1006 1020 1031 omnis

225 1044 358 1073 assensio,
377 1052 409 1069 ne
428 1044 597 1078 praecipitet,
620 1045 643 1070 si
661 1048 758 1070 temere
774 1043 942 1078 processerit.
984 1043 1019 1068 Ita

225 1081 298 1107 enim
310 1081 422 1107 linitima
434 1086 497 1107 suut
509 1081 573 1107 l'alsa
587 1081 768 1115 veris,eaque,
778 1089 846 1115 quae
854 1080 956 1114 percipi
969 1088 1020 1105 non

225 1123 346 1152 possunt,
361 1118 403 1149 iis,
412 1126 481 1152 quae
494 1123 614 1153 possunt,
623 1118 655 1152 (si
668 1118 746 1144 modo
757 1126 786 1143 ea
797 1123 860 1143 sunt
871 1116 1018 1151 quaedam:

226 1156 278 1181 iam
300 1155 372 1181 enim
393 1155 558 1189 videbimus)
581 1160 608 1181 ut
629 1160 680 1181 tam
697 1155 872 1189 praecipitem
888 1155 914 1180 in
932 1154 1021 1180 locum

226 1201 277 1218 non
292 1192 388 1218 debeat
398 1200 425 1219 se
437 1193 545 1227 sapiens
556 1194 731 1219 committere.
758 1192 806 1218 Sin
817 1197 916 1222 autem,
933 1192 1022 1218 omni—

226 1238 259 1256 no
271 1229 338 1255 nihil
351 1238 423 1260 esse,
438 1229 511 1264 quod
523 1230 626 1264 percipi
638 1230 736 1264 possit,
753 1238 766 1255 a
779 1237 820 1255 mc
832 1237 974 1263 sumpsero
985 1233 1019 1259 et,

225 1266 297 1301 quod
310 1271 337 1293 tu
349 1266 416 1292 mihi
429 1266 490 1298 das,
505 1275 645 1301 accepero,
658 1268 807 1301 sapientem
819 1266 888 1292 nihil
899 1267 1018 1301 opinari,

225 1303 348 1340 effectum
360 1303 427 1330 illud
439 1305 497 1335 crit,
511 1305 660 1339 sapientem
672 1312 800 1330 assensus
811 1312 904 1330 omnes
915 1303 1022 1330 cohibi-

225 1346 330 1367 turum:
349 1346 377 1367 ut
388 1340 537 1367 videndum
549 1341 598 1368 tibi
609 1342 657 1372 sit,
676 1341 738 1368 idne
751 1341 842 1372 malis,
856 1350 903 1371 an,
917 1340 1022 1375 aliquid

224 1378 397 1413 opinaturum
409 1386 468 1405 esse
479 1380 637 1413 sapientem.
672 1379 813 1408 Neutrum,
830 1379 947 1413 inquies,
961 1378 1023 1404 illo-

225 1424 294 1442 rum.
321 1416 444 1442 Nitamur
455 1416 547 1451 igitur,
561 1415 628 1442 nihil
640 1424 719 1450 posse
730 1416 843 1451 percipi.
869 1416 977 1442 Etenim
988 1415 1022 1442 de

224 1462 254 1480 eo
265 1453 352 1479 omnis
364 1457 404 1479 est
413 1454 603 1480 controversia.

280 1490 366 1516 XXII.
388 1492 430 1517 69.
452 1490 505 1517 Sed
526 1491 602 1525 prius
622 1499 707 1525 pauca
727 1499 790 1516 cum
805 1489 950 1516 Antiocho:
973 1491 1021 1524 qui

225 1527 290 1553 haec
307 1528 379 1562 ipsa,
401 1537 471 1562 quae
489 1537 503 1554 a
519 1536 561 1554 me
578 1527 773 1559 defenduntur,
798 1532 824 1554 et
838 1527 935 1554 didicit
949 1527 1022 1562 apud

439 263 481 287 07.
503 261 573 292 Quid
593 261 674 293 igitur
690 260 782 294 loquar
793 260 826 285 dc
839 261 962 285 firmitate
975 268 1018 284 sa-
1040 268 1042 273 ’

225 301 341 335 pii-ntis?
361 308 441 333 quem
458 298 567 333 quidem
585 297 652 324 nihil
668 298 772 331 opinari
785 302 812 323 tu
824 305 945 331 quoque,
966 297 1018 322 Lu-
1048 299 1049 326 ζ

999 114 1252 141 CICERONIS

339 188 411 214 Nihil
427 193 467 214 est
477 188 548 213 enim
561 187 594 212 ab
605 195 635 211 ea
649 187 822 220 rogitatione,
840 194 922 220 quani
936 184 1019 211 habe·
1039 184 1042 209 Ι
1070 194 1152 211 aiinos
1165 187 1307 216 tenuisset,
1323 187 1476 221 Zenonique
1487 188 1614 223 magistro
1624 186 1796 217 credidisset.
1815 187 1862 214 bo·

1071 227 1176 248 nestum
1191 224 1263 258 quod
1280 229 1364 254 esset,
1383 223 1408 250 id
1425 224 1524 250 bonum
1544 224 1630 251 wluin
1647 234 1718 254 esse;
1742 233 1774 251 an
1790 224 1862 259 quod

1071 264 1160 321 postea
1171 259 1401 291 defensitavisset,
1419 261 1521 288 bonesti
1535 262 1611 288 inane
1623 271 1718 288 nomen
1730 271 1802 291 esse,
1818 271 1864 288 vo-

1083 298 1544 330 optateniessesummumbonum:
1557 300 1649 333 quiex
1663 299 1864 325 illios-commu-

1048 367 1049 370 *
1072 339 1122 360 tata
1133 336 1264 361 sententia
1276 335 1371 361 docere
1383 334 1472 364 vellet.
1489 335 1556 361 nihil
1570 337 1603 362 ita
1614 337 1714 371 signari
1729 337 1753 362 in
1766 336 1864 362 animis

1048 389 1049 402 2
1072 372 1169 398 nostris
1184 382 1196 397 a
1215 381 1276 398 vcro
1292 380 1384 406 posse,
1406 372 1478 407 quod
1493 381 1544 399 non
1560 373 1652 399 (ulem
1666 373 1744 399 modo
1755 374 1839 408 possit
1851 382 1864 399 a

1048 409 1049 416 ¹
1073 408 1151 434 salso:
1169 410 1191 435 in
1207 411 1323 438 curavit,
1341 409 1412 444 quod
1425 415 1613 443 argumentum
1625 418 1658 437 ex
1671 411 1796 446 Diom'sio
1808 411 1865 444 ipse

1071 448 1242 480 sumpsisset,
1255 455 1288 472 ex
1299 455 1330 472 eo
1341 447 1421 472 ceteri
1433 452 1579 473 sumerent.
1615 447 1666 473 Sed
1678 456 1740 473 cum
1753 447 1802 473 hoc
1813 447 1866 473 alio

1072 483 1128 508 loco
1140 484 1229 518 plura:
1245 492 1315 509 nunc
1327 483 1359 509 ad
1371 492 1410 513 ca,
1427 492 1495 518 quae
1507 493 1520 509 a
1533 489 1566 513 te,
1577 483 1696 511 Luculle.
1709 484 1779 510 dicta
1792 489 1864 510 sunt.

1128 521 1223 547 xxm.
1239 522 1281 547 72.
1299 521 1330 547 Et
1342 521 1468 555 primum,
1485 521 1556 556 quod
1570 522 1646 547 initio
1656 521 1759 551 dixisti,
1774 521 1866 547 videa—

1073 567 1146 587 mus,
1164 558 1242 593 quale
1254 559 1302 584 sit:
1320 558 1446 584 similiter
1457 568 1470 584 a
1482 559 1560 584 nobis
1571 559 1604 584 de
1615 559 1734 593 antiquis
1746 558 1866 592 philoso-

1073 596 1133 631 pliis
1147 596 1361 624 commemorari,
1377 600 1456 630 atque
1468 596 1589 622 seditiosi
1601 595 1717 621 solerent
1727 595 1812 621 claros
1824 596 1865 621 vi—

1072 643 1122 668 ros,
1132 633 1178 658 sed
1191 638 1277 659 tamen
1291 632 1433 667 populares
1444 632 1550 667 aliquos
1561 634 1708 659 nominare.
1728 632 1768 658 Illi
1780 640 1865 667 quum

1071 680 1112 696 res
1124 680 1174 696 non
1189 671 1271 696 bonas
1283 670 1650 700 tractent,simut-simorum
1664 669 1749 696 videri
1763 670 1864 696 volunt.

1048 709 1050 744 ζ
1072 709 1124 734 Nos
1135 713 1222 734 autem
1235 716 1264 733 ea
1279 707 1397 733 dicimus
1413 707 1490 733 nobis
1507 707 1606 736 videri,
1623 716 1692 742 quae
1709 707 1866 741 vosmetipsi

1071 745 1251 771 nobilissimis
1267 744 1437 779 philosophis
1453 744 1586 779 placuisse
1598 744 1755 770 conceditis.
1796 745 1867 770 Ana-

1073 792 1184 817 xagoras
1196 783 1286 808 nivem
1299 783 1403 816 nigram
1414 781 1484 809 dixit
1495 791 1564 808 esse.
1605 782 1698 808 Ferres
1710 790 1765 811 me.
1782 782 1806 807 si
1817 790 1866 817 ego

1073 820 1142 846 idem
1155 819 1291 845 dicerent?
1310 820 1360 849 Tu,
1375 828 1406 845 ne
1418 820 1441 845 si
1451 819 1603 846 dubitarem
1615 819 1736 854 quidem.
1761 819 1793 845 At
1803 819 1866 853 quis

1071 862 1111 883 cst
1128 857 1189 883 hic‘?
1209 865 1273 882 num
1292 855 1444 891 sophistes?
1463 858 1502 883 sic
1517 857 1588 882 enim
1610 856 1815 891 appellabantur
1836 856 1865 886 ii,

1071 895 1119 929 qui
1130 894 1316 920 ostentationis
1332 898 1377 920 aut
1391 899 1520 928 quaestus
1531 902 1625 921 caussa
1637 893 1868 928 philosophaban-

1073 937 1127 958 tur:
1148 932 1264 957 maxima
1281 930 1331 957 l'uit
1346 936 1371 957 et
1386 932 1526 965 gravitatis
1537 936 1563 957 et
1575 931 1676 966 ingenii
1687 931 1782 965 gloria.
1822 931 1865 956 73.

1072 968 1143 1000 Quid
1151 968 1282 1003 loquarde
1290 968 1455 994 Democrito?
1465 977 1546 1003 quent
1557 977 1619 994 cum
1631 976 1662 994 eo
1672 967 1792 994 conterre
1804 976 1867 1002 pos-

1072 1015 1168 1032 sumus
1180 1015 1230 1032 non
1244 1006 1322 1031 modo
1334 1006 1434 1040 ingenii
1448 1005 1643 1041 magnitudine,
1659 1005 1705 1031 sed
1717 1005 1796 1030 etiam
1809 1005 1868 1030 ani-

1074 1043 1134 1069 mi?
1142 1044 1189 1077 qui
1207 1044 1240 1069 ita
1255 1044 1290 1069 sit
1301 1051 1383 1069 ausus
1393 1043 1491 1073 ordiri,
1515 1043 1582 1069 llaec
1599 1042 1693 1077 loquor
1708 1042 1741 1068 de
1758 1042 1869 1067 univer—

1072 1081 1120 1106 sis.
1162 1080 1234 1106 Nihil
1255 1080 1369 1114 excipit.
1392 1080 1425 1106 de
1445 1089 1499 1114 quo
1520 1089 1570 1106 non
1593 1080 1756 1114 profiteatur.
1795 1078 1867 1110 Quid

1072 1118 1144 1143 enim
1159 1126 1219 1143 esse
1235 1122 1321 1151 potest
1336 1121 1409 1143 exn-a
1427 1116 1570 1143 universa?
1584 1118 1647 1151 quis
1661 1117 1732 1142 hunc
1748 1116 1868 1151 philoso-

1074 1155 1157 1189 phum
1171 1163 1220 1181 non
1233 1155 1371 1188 anteponit
1381 1154 1516 1184 Cleanthi,
1532 1154 1685 1189 Chrysippo
1700 1154 1867 1189 reliquisque

1073 1192 1208 1218 inferioris
1223 1188 1334 1218 aetatis?
1348 1192 1396 1226 qui
1413 1192 1480 1217 mihi
1495 1200 1557 1218 cum
1575 1191 1620 1217 illo
1635 1190 1737 1219 collati,
1757 1192 1868 1226 quintae

1073 1229 1168 1256 classis
1184 1229 1320 1255 videntur.
1361 1229 1448 1263 Atque
1464 1229 1487 1254 is
1499 1237 1550 1255 non
1563 1228 1612 1254 boc
1623 1228 1702 1258 dicit,
1720 1227 1792 1263 quod
1808 1236 1866 1258 nos,

1051 1268 1052 1299 i
1073 1267 1120 1301 qui
1134 1267 1190 1292 veri
1202 1274 1260 1292 esse
1272 1265 1376 1301 aliquid
1389 1274 1440 1292 non
1453 1274 1597 1301 negamus,
1614 1266 1717 1300 percipi
1731 1273 1810 1300 posse
1821 1273 1869 1291 ne-

1044 1306 1052 1327 ‘l
1072 1312 1182 1340 gamus:
1201 1303 1246 1329 ille
1262 1312 1356 1329 verum
1371 1303 1449 1338 plane
1461 1308 1540 1339 negat
1550 1311 1623 1329 esse:
1647 1307 1744 1329 sensus
1755 1301 1867 1337 quidem

1044 1344 1052 1350 ”
1074 1351 1125 1368 non
1141 1341 1270 1368 obscuros
1285 1340 1365 1371 dicit,
1382 1340 1430 1366 sed
1441 1340 1453 1353 ’
1465 1340 1659 1367 tenebricosos:
1676 1341 1726 1374 (sic
1736 1341 1808 1366 enim
1820 1347 1870 1374 ap-

225 1565 365 1591 Philonem
377 1569 430 1591 tam
443 1565 503 1596 diu,
518 1569 547 1592 ut
557 1570 701 1596 constaret,
719 1565 823 1592 diutius
833 1565 962 1591 didicisse
975 1573 1022 1590 nc—
1044 1567 1045 1581 ³

226 1602 340 1633 minem,
357 1607 382 1629 et
397 1603 507 1637 scripsit
520 1602 554 1628 de
570 1603 612 1628 his
624 1603 705 1629 rebus
716 1603 886 1633 acutissime,
908 1607 935 1628 et
949 1602 1021 1628 idem

226 1639 291 1665 haec
307 1648 359 1666 non
375 1640 463 1666 acrius
479 1640 616 1666 accusavit
630 1641 657 1666 in
672 1644 823 1670 senectute,
845 1648 928 1674 quam
944 1644 1020 1666 antea

225 1676 442 1703 defensitaverat.
469 1678 600 1709 Quamvis
610 1677 694 1712 igitur
706 1676 787 1703 fuerit
797 1682 901 1707 acutus,
915 1681 944 1703 ut
954 1676 1018 1703 suit:

226 1719 313 1740 tamen
338 1715 516 1741 inconstantia
542 1714 645 1741 levatur
666 1715 820 1740 auctoritas.
859 1714 928 1746 Quis
948 1715 1022 1740 enim

226 1751 276 1777 iste
296 1751 355 1777 dies
376 1751 509 1783 illuxerit,
533 1760 646 1786 quaero,
668 1752 717 1786 qui
732 1751 773 1778 illi
787 1751 935 1778 ostenderit
949 1759 1018 1781 eam,

226 1797 307 1823 quam
320 1788 418 1815 multos
428 1797 511 1815 annos
523 1797 581 1815 esse
594 1789 782 1824 negitavisset,
795 1789 853 1814 veri
864 1793 889 1814 et
900 1787 961 1814 falsi
973 1797 1022 1814 no-

227 1830 290 1852 tam.
322 1826 510 1861 »Excogitavit
520 1826 624 1861 aliquid
633 1836 637 1852 :
646 1837 658 1851 u
678 1825 772 1852 eadem
782 1825 857 1856 dicit,
869 1834 938 1860 quae
950 1825 1022 1852 Stoi—

226 1863 264 1888 ci:
283 1863 433 1897 »poenituit
447 1872 509 1889 eum
524 1863 568 1889 illa
579 1864 707 1889 sensisse.
716 1874 727 1888 ι(
765 1862 820 1889 Cur
830 1871 882 1889 non
894 1871 923 1888 se
934 1867 1022 1889 trans-

227 1899 288 1925 tulit
299 1900 332 1925 ad
343 1899 418 1930 alios,
436 1905 461 1926 et
473 1901 590 1926 maxime
600 1900 633 1926 ad
645 1899 763 1926 Stoicos?
772 1900 872 1926 Eorum
883 1900 955 1925 enim
967 1904 1022 1925 erat

226 1937 333 1971 propria
350 1938 399 1963 ista
414 1936 558 1963 dissensio.

227 1973 345 2000 nitebat?
359 1973 449 2005 Quid?
464 1973 596 2000 Dardani?
609 1975 657 2008 qui
669 1979 743 2000 erant
754 1974 866 2000 Athenis
877 1979 934 2000 tum
946 1974 1022 2008 prin-

225 2011 300 2045 cipes
312 2011 472 2037 Stoicorum.
507 2012 660 2046 Numquam
672 2020 686 2037 a
698 2011 809 2039 Philone
819 2011 954 2042 discessit,
968 2011 1021 2037 nisi

227 2053 400 2082 posteaquam
414 2049 470 2082 ipse
482 2049 578 2083 coepit,
591 2049 638 2083 qui
651 2057 679 2074 se
691 2048 822 2079 audirent,
837 2049 945 2075 habere.
977 2049 1019 2074 70.

227 2085 301 2111 Unde
313 2090 402 2111 autem
413 2086 503 2112 subito
515 2091 592 2112 vetus
603 2086 747 2112 Academia
758 2091 879 2112 revocata
890 2085 948 2112 est‘?
968 2086 1022 2111 No—

227 2123 308 2149 minis
319 2122 478 2158 dignitatem
491 2123 607 2154 videtur,
619 2132 704 2157 quum
716 2132 730 2149 a
742 2132 768 2149 re
781 2124 838 2158 ipsa
848 2123 1018 2153 descisceret,

227 2160 340 2186 retinere
351 2159 484 2193 voluisse3
502 2160 574 2195 quod
585 2166 668 2191 erant,
681 2161 730 2195 qui
742 2160 820 2186 illum
831 2160 931 2196 gloriae
941 2169 1022 2187 caus-

226 2206 255 2223 sa
267 2196 384 2224 tacerent
394 2205 510 2231 sperare,
523 2198 602 2224 ctiam
617 2197 681 2228 fore,
695 2202 723 2224 ut
734 2198 762 2228 ii,
775 2199 823 2232 qui
834 2206 863 2224 se
874 2206 1022 2232 sequeren—

226 2239 282 2265 tur,
300 2234 436 2261 Antiochii
452 2240 617 2261 vocarentur.
659 2235 726 2261 Mihi
742 2240 830 2261 autem
846 2236 933 2270 magis
944 2235 1022 2261 vide-

227 2277 269 2297 tur
283 2280 334 2297 non
350 2272 470 2306 potuisse
481 2273 613 2298 sustinere
624 2281 785 2298 concursum
796 2273 918 2298 omnium
932 2272 1022 2307 philo-

1074 1379 1155 1414 pellat
1165 1387 1211 1405 eos
1225 1379 1263 1409 is,
1280 1378 1328 1413 qui
1341 1378 1412 1404 hunc
1424 1379 1541 1404 maxime
1555 1382 1595 1404 est
1605 1377 1766 1407 admiratus,
1783 1376 1869 1403 Chius

1074 1416 1240 1443 Metrodorus
1251 1416 1328 1442 initio
1340 1415 1416 1446 libri,
1438 1416 1486 1450 qui
1497 1420 1537 1442 est
1547 1415 1580 1441 de
1590 1420 1684 1441 natura
1693 1416 1711 1449 :)
1727 1415 1810 1448 λέςο,
1827 1414 1870 1440 in-

1073 1455 1145 1489 quit,
1157 1456 1224 1480 scire
1234 1462 1292 1483 nos,
1303 1455 1447 1479 sciamusne
1457 1454 1568 1486 aliquid,
1579 1461 1614 1478 an
1625 1454 1689 1478 nihi!
1698 1454 1824 1478 sciamus.-
1839 1460 1870 1477 ne

1074 1495 1100 1517 id
1112 1495 1193 1524 ipsum
1208 1493 1309 1524 quidem
1324 1493 1434 1519 nescire,
1449 1495 1495 1516 aut
1509 1492 1590 1516 scire:
1610 1498 1655 1515 nee
1670 1492 1784 1519 omnino,
1804 1491 1870 1514 sitne

1073 1531 1186 1562 aliquid.
1203 1537 1237 1554 an
1248 1529 1312 1553 nihil
1321 1530 1364 1553 sit.
1404 1528 1446 1554 74.
1468 1528 1567 1554 Furere
1579 1527 1628 1553 tibi
1640 1525 1816 1561 Empedocles
1827 1526 1870 1552 vi-

1073 1566 1165 1592 detur:
1183 1570 1209 1592 at
1224 1565 1292 1591 mihi
1307 1564 1500 1600 dignissimum
1516 1564 1597 1590 rebus
1608 1565 1656 1594 iis,
1673 1563 1706 1590 de
1717 1563 1819 1598 quibus
1830 1561 1870 1589 lo-

1073 1604 1180 1638 quitur,
1203 1611 1299 1629 sonum
1316 1601 1438 1628 sundere.
1478 1602 1549 1628 Num
1565 1610 1628 1637 ergo
1644 1602 1666 1627 is
1681 1605 1805 1627 excaecat
1820 1608 1869 1626 nos

1074 1645 1119 1666 aut
1133 1640 1209 1666 orbat
1224 1638 1366 1669 sensibus,
1383 1640 1407 1664 si
1423 1647 1517 1673 parum
1533 1647 1658 1674 magnam
1672 1639 1728 1664 vim
1739 1637 1868 1664 censetin

1073 1678 1108 1709 iis
1119 1685 1178 1703 esse
1189 1676 1273 1707 adea,
1289 1684 1358 1710 quae
1369 1676 1421 1702 sub
1431 1684 1477 1702 eos
1487 1676 1608 1702 subiecta
1620 1680 1692 1705 sunt,
1706 1673 1870 1700 iudicanda?

1044 1721 1052 1736 Η
1073 1713 1259 1744 Parmenides,
1282 1713 1477 1747 Xenophanes,
1500 1713 1591 1738 minus
1607 1712 1686 1738 bonis
1702 1719 1868 1746 quamquam

598 1936 687 1969 Quid‘?
707 1945 768 1962 eum
787 1937 939 1963 Mnesarchi
957 1945 1022 1971 poe-
1043 1951 1044 1955 =

226 2309 383 2343 sophorum.
413 2309 519 2336 Etenim
530 2309 563 2335 de
575 2310 670 2336 ceteris
681 2315 743 2336 sunt
755 2310 823 2335 inter
833 2309 893 2336 illos
905 2308 1021 2335 nonnul·
1042 2333 1043 2337 ,

228 2346 249 2371 la
261 2347 428 2372 communia:
446 2346 510 2372 haec
521 2346 742 2373 Academicorum
758 2351 798 2372 est
813 2355 866 2372 una
877 2347 1017 2376 sententia,

226 2392 307 2417 quam
322 2383 488 2418 reliquorum
500 2383 723 2418 philosophorum
736 2392 814 2410 nemo
824 2384 928 2418 probet.
968 2384 1021 2410 Ita-

226 2429 278 2453 que
294 2421 384 2446 cessit.
425 2421 458 2447 Et
472 2426 501 2447 ut
516 2421 549 2451 ii,
566 2421 614 2455 qui
630 2421 682 2447 sub
696 2421 779 2447 Novis
790 2420 801 2433 *
812 2421 897 2447 solem
912 2429 964 2447 non
980 2420 1020 2446 fe-

228 2461 300 2482 runt:
315 2458 378 2483 item
391 2457 444 2488 ille,
457 2467 542 2492 quum
554 2463 699 2488 aestuaret,
713 2463 833 2484 veterum
842 2479 848 2488 ‚
863 2463 892 2484 ut
901 2458 1021 2484 Maenia—

228 2502 321 2519 norum
330 2515 335 2524 ,
349 2495 387 2520 sic
398 2495 619 2521 Academicorum
632 2495 755 2521 umbram
766 2500 875 2521 secutus
885 2499 935 2521 est.
975 2496 1004 2520 Ἠ
1012 2515 1017 2520 .

226 2530 338 2564 Quoquo
349 2531 451 2558 solebat
463 2533 500 2558 uti
512 2536 669 2567 argumento
680 2537 746 2562 tum,
754 2540 839 2566 quum
850 2533 876 2558 ei
886 2531 1017 2566 placebat,

227 2566 294 2592 nihil
310 2575 388 2600 posse
405 2569 520 2603 percipi,
542 2578 628 2603 quum
643 2574 796 2603 quaereret,
813 2569 958 2604 Dionysius
974 2568 1019 2595 ille

227 2603 392 2629 Heracleotes
414 2610 502 2631 utrum
521 2605 769 2640 comprehendisset
787 2611 858 2632 certa
879 2605 924 2632 itta
947 2611 1017 2636 uota,

227 2649 279 2674 qua
296 2641 419 2667 assentiri
434 2641 524 2668 dicitis
538 2640 672 2678 oportere,
695 2642 811 2674 illudne,
832 2643 905 2678 quod
920 2642 1020 2670 multos

1050 1737 1052 1787 l
1074 1751 1208 1781 versibus,
1217 1750 1358 1776 sedtameu
1370 1749 1424 1776 illis
1436 1750 1561 1776 versibus
1574 1750 1711 1784 increpant
1722 1757 1814 1775 eorum
1826 1757 1870 1775 ar-

1073 1789 1234 1823 rogantiam,
1253 1787 1332 1822 quasi
1344 1788 1417 1818 irati,
1435 1787 1497 1822 qui,
1515 1795 1600 1821 quum
1616 1787 1680 1812 sciri
1693 1785 1760 1812 nibil
1772 1786 1867 1820 possit,

1073 1825 1188 1852 audeant
1203 1833 1232 1851 se
1247 1825 1316 1851 scire
1331 1824 1430 1851 dicere.
1470 1824 1503 1851 Et
1518 1824 1552 1850 ab
1568 1824 1611 1850 his
1625 1824 1716 1850 aiebas
1727 1831 1869 1849 removen-

1072 1863 1138 1889 dum
1150 1862 1284 1889 Socratem
1295 1866 1320 1887 et
1330 1861 1476 1888 Platonem.
1514 1860 1587 1888 Cur‘?
1597 1861 1636 1887 An
1648 1861 1682 1886 de
1693 1860 1757 1886 ullis
1768 1860 1868 1886 certius

1073 1908 1183 1934 possum
1199 1898 1306 1925 dicere?
1320 1899 1428 1925 Vixisse
1442 1907 1504 1925 cum
1516 1899 1559 1925 his
1569 1898 1697 1933 equidem
1709 1897 1815 1924 videor:
1833 1897 1869 1924 ita

1073 1937 1151 1963 multi
1162 1945 1300 1963 sermones
1311 1937 1452 1971 perscripti
1464 1941 1536 1967 sunt,
1549 1944 1563 1962 e
1574 1935 1676 1971 quibus
1687 1935 1804 1961 dubitari
1815 1943 1867 1960 non

1072 1975 1170 2009 possit,
1187 1974 1253 2009 quin
1265 1974 1366 1999 Socrati
1381 1972 1449 1999 nibil
1463 1974 1498 2000 sit
1509 1973 1599 1999 visum
1610 1973 1674 1999 sciri
1685 1981 1773 2007 posse.
1812 1971 1869 1998 Βι-

1072 2012 1143 2046 cepit
1154 2020 1237 2037 unuin
1250 2016 1362 2041 tautum,
1378 2011 1447 2037 scire
1458 2018 1496 2041 se,
1511 2010 1580 2036 nihil
1592 2018 1621 2036 se
1632 2011 1714 2036 scire:
1729 2008 1797 2035 nihil
1809 2017 1869 2035 am-

1073 2049 1155 2083 plius.
1196 2048 1268 2080 Quid
1283 2048 1371 2074 dicam
1385 2048 1419 2074 de
1429 2047 1555 2074 Platone?
1569 2048 1617 2082 qui
1627 2052 1698 2073 certe
1709 2051 1762 2073 tam
1774 2045 1868 2072 multis

1073 2086 1150 2112 libris
1163 2086 1212 2112 hoc
1223 2091 1380 2120 persecutus
1392 2094 1444 2111 non
1454 2090 1534 2116 esset,
1547 2085 1599 2111 uisi
1612 2084 1790 2119 probavisset.
1811 2083 1867 2110 Iro—

1073 2124 1144 2150 niam
1155 2124 1227 2149 enim
1239 2123 1359 2153 alterius,
1376 2128 1532 2157 perpetuam
1544 2122 1715 2157 praesertim,
1731 2119 1804 2147 nulla
1815 2119 1867 2146 suit

1073 2161 1138 2187 ratio
1159 2160 1296 2195 persequi.
1335 2160 1433 2186 XXIV.
1453 2161 1496 2186 75.
1517 2159 1651 2186 ‚videorne
1671 2158 1734 2188 tibi,
1760 2165 1812 2184 non
1838 2162 1868 2183 ut

1071 2196 1245 2228 Saturninus,
1269 2198 1406 2223 nominare
1426 2197 1505 2224 modo
1525 2196 1645 2222 illustres
1660 2195 1796 2223 homines,
1817 2193 1866 2220 sed

1072 2236 1151 2261 ctiam
1163 2235 1262 2261 imitari
1278 2243 1442 2269 numquam,
1459 2234 1513 2261 nisi
1527 2233 1644 2263 clarum,
1661 2232 1715 2259 nisi
1729 2230 1867 2258 nobilem?

1071 2272 1153 2307 Atqui
1165 2272 1296 2298 habebam
1309 2272 1434 2298 molestos
1445 2271 1536 2302 vobis,
1553 2270 1602 2297 sed
1615 2271 1748 2299 minutos,
1765 2268 1866 2303 Stilpo-

1072 2318 1146 2339 nem,
1160 2309 1318 2339 Diodorum,
1335 2308 1494 2340 Alexinum3
1512 2316 1627 2343 quorum
1637 2310 1701 2333 sunt
1712 2310 1829 2332 contorta
1839 2311 1866 2332 et

1071 2346 1190 2372 aculeata
1201 2346 1334 2381 quaedam
1345 2346 1520 2380 sophismata.
1558 2345 1602 2371 Sic
1612 2344 1684 2370 enim
1695 2342 1868 2377 appellantur

1049 2397 1050 2414 χ
1072 2383 1179 2409 fallaces
1203 2382 1450 2410 conclusiunculae.
1490 2381 1543 2409 Sed
1567 2380 1636 2416 quid
1659 2389 1704 2406 eos
1727 2379 1862 2415 colligam,

1041 2421 1050 2456 s}
1070 2429 1156 2455 quum
1167 2420 1280 2447 habeam
1291 2420 1484 2455 Chrvsippum,
1498 2419 1545 2454 qui
1557 2418 1652 2444 fulcire
1662 2422 1771 2452 putatur
1781 2417 1866 2452 porti-

1048 2463 1050 2492 ξ
1070 2467 1132 2484 cum
1138 2457 1306 2484 Stoicorum?
1315 2451 1401 2489 Qiiam
1412 2456 1496 2483 multa
1506 2456 1552 2482 ille
1561 2459 1651 2482 eontra
1662 2462 1767 2483 sensus,
1781 2462 1864 2489 quam

1049 2503 1050 2506 ¹
1071 2495 1154 2521 multa
1165 2500 1255 2521 contra
1265 2496 1364 2525 omnia,
1380 2503 1449 2529 quae
1460 2495 1488 2520 in
1498 2491 1693 2519 consuetudine
1705 2490 1862 2526 probantur.

1070 2533 1103 2558 At
1117 2532 1242 2558 dissolvit
1258 2532 1339 2558 idem.
1380 2530 1448 2558 Mihi
1461 2530 1572 2565 quidem
1589 2537 1640 2555 non
1652 2528 1769 2554 videtur.
1809 2527 1863 2554 Sed

1049 2574 1051 2602 ξ
1071 2569 1225 2595 dissolverit
1235 2577 1312 2595 sane:
1326 2574 1396 2595 certe
1407 2573 1460 2595 tam
1471 2566 1554 2593 multa
1565 2574 1617 2592 non
1623 2565 1785 2601 collegisset,
1793 2573 1863 2600 quae

1072 2615 1119 2632 nos
1131 2606 1252 2632 fallerent
1262 2605 1450 2640 probabilitate
1462 2612 1567 2639 magna,
1575 2603 1628 2629 nisi
1640 2602 1752 2632 videret,
1765 2602 1808 2628 his
1819 2610 1863 2628 re-

1049 2658 1051 2663 ·
1070 2644 1130 2670 sisti
1142 2652 1193 2669 non
1209 2642 1288 2669 facile
1297 2650 1387 2677 posse.
1427 2642 1469 2668 76.
1489 2639 1580 2674 Quid?
1595 2640 1724 2676 Cyrenaei
1736 2638 1862 2683 videntur
