1941 3052
354 137 686 165 EPISTOLARUM
715 138 768 165 AD
801 139 1008 166 ATTICUM
1041 139 1164 166 LIB.I.

105 210 214 238 Ἓσπετε
224 210 269 236 νῦν
279 219 332 244 μοι,
344 211 463 240 Μοῦσαι,
474 224 511 228 -

108 247 200 277 ὅππως
214 246 244 280 δὴ
255 248 358 282 πρῶτον
369 248 422 282 πῦρ
433 246 536 281 ἔμπεσε.

53 285 128 312 Nosti
144 284 270 315 Calvum,
291 291 325 309 ex
340 283 504 309 Nanneianis
520 283 611 315 illum,
628 283 707 310 illum
726 283 847 310 laudato—

53 331 110 349 rem
125 330 230 352 meum,
246 320 279 347 de
294 321 373 347 cuius
388 321 506 347 oratione
521 329 583 356 erga
599 330 641 347 me
656 321 802 348 honorifica
813 321 846 347 ad

53 364 79 387 te
93 359 264 393 scripseram.
303 357 389 384 Biduo
404 366 452 392 per
467 366 551 384 unum
567 367 686 390 servum,
704 363 802 385 etcum
814 366 847 384 ex

53 396 210 432 gladiatorio
226 394 418 426 ludo,confeeit
432 399 516 422 totum
532 396 683 431 negotium;
707 396 848 422 arcessivit

53 434 87 460 ad
101 442 139 465 se,
161 433 297 468 promisit,
320 433 484 464 intercessit,
502 432 586 459 dedit.
626 433 681 459 Iam
695 441 758 459 vero
772 432 796 468 (o
808 432 847 458 dii

52 471 129 498 boni!
156 479 212 497 rem
226 469 385 505 perditaml)
404 470 484 496 etiam
499 474 590 496 noctes
603 475 736 497 certarum
749 469 848 496 mulie-

52 517 122 538 rum,
136 512 215 542 atque
229 506 846 534 adolescentulorumnobiliumintroductiones

52 545 191 572 nonnullis
202 544 341 571 iudicibus
352 553 400 579 pro
410 544 542 570 mercedis
548 544 657 571 cumulo
665 544 782 571 fuerunt.
797 544 844 574 Ita,

52 589 159 609 summo
174 582 297 608 discessu
312 581 453 613 bonorum,
471 581 550 616 pleno
561 581 617 608 foro
627 590 776 613 servorum,
788 588 846 606 xxv

52 620 157 647 iudices
170 620 204 646 ita
216 619 297 646 fortes
308 623 396 645 tamen
408 618 525 650 fuerunt,
538 623 576 650 ut,
593 627 699 645 summo
709 619 846 653 proposito

52 656 182 692 periculo,
200 656 243 683 vel
258 657 345 692 perire
357 656 509 687 maluerint,
525 665 607 691 quam
618 655 729 691 perdere
739 656 843 687 omnia;

51 703 121 721 mn
136 694 253 725 fuerunt,
269 702 337 729 quos
348 693 432 720 fames
444 694 539 729 magis,
553 702 635 728 quam
647 693 716 719 fama
727 701 846 719 commo-

52 732 130 759 verit.
179 731 299 764 Quorum
319 730 430 758 Catulus
449 739 535 765 quum
556 730 670 757 vidisset
688 730 843 765 quemdam,

51 769 123 802 Quid
143 777 199 800 vos,
222 769 323 804 inquit,
341 768 508 803 praesidium
524 776 538 794 a
557 768 634 794 nobis
650 766 846 802 postulabatis?

51 815 94 837 an,
107 814 139 833 ne
151 807 256 832 nummi
267 805 344 832 vobis
356 806 532 840 eriperentur,
540 804 694 831 timebatis?
713 807 737 831 6.
746 805 843 835 Habes,

50 848 81 871 ut
90 843 252 870 brevissime
263 843 347 878 potui,
360 851 447 878 genus
459 842 554 868 iudicii
565 846 591 869 et
601 851 724 868 caussam
735 842 845 869 absolu-

51 881 141 909 tionis.
181 880 293 912 Quaeris
309 879 446 914 deincePS,
464 880 511 914 qui
527 888 599 906 nunc
610 880 645 906 sit
655 884 740 906 status
754 888 844 906 rerum

51 922 77 945 et
86 919 133 953 qui
143 926 230 944 meus.
255 916 432 952 Reipublicae
441 921 540 943 statum
551 916 639 948 illurn,
653 926 734 952 quem
746 922 773 943 tu
786 925 845 943 meo

50 955 172 986 consilio,
189 963 239 991 ego
249 954 343 982 divino
353 954 540 981 confirmatum
550 954 688 989 putabam,
702 955 749 989 qui
761 954 845 980 hono-

51 1002 110 1020 rum
129 993 251 1020 omnium
271 992 459 1019 coniunctione
479 996 505 1018 et
519 993 674 1018 auctoritate
689 991 844 1018 consulatus

51 1031 104 1058 mei
111 1030 180 1057 fixus
187 1034 212 1056 et
218 1029 345 1056 fundatus
352 1029 503 1060 videbatur,
512 1029 565 1056 nisi
571 1030 673 1064 quinos
679 1029 746 1055 deus
754 1037 845 1064 respe-

51 1067 257 1102 xerit,elapsum
264 1069 394 1094 scitoesse
401 1066 433 1093 de
440 1067 566 1093 manibus
573 1075 626 1093 uno
634 1066 803 1099 hociudicim
821 1067 845 1092 si

50 1105 182 1132 iudicium
199 1110 247 1137 est,
264 1105 373 1141 triginta
389 1104 512 1130 homines
528 1104 622 1139 populi
637 1105 750 1130 Romani
762 1103 845 1130 levis-

50 1143 133 1170 simos
148 1151 178 1169 ac
194 1143 385 1178 nequissimos,
403 1141 554 1168 nummulis
569 1142 695 1176 acceptis,
709 1142 752 1168 ius
764 1150 793 1167 ac
805 1140 844 1167 fas

49 1189 128 1207 omne
144 1179 243 1211 delere,
256 1185 290 1212 et,
304 1179 376 1215 quod
390 1187 483 1205 omnes
495 1187 546 1205 non
561 1178 640 1205 modo
652 1179 783 1210 homines,
798 1187 845 1205 ve-

49 1226 110 1244 rum
126 1218 206 1245 etiam
221 1217 339 1253 pecudes
354 1216 455 1243 factum
470 1224 529 1242 esse
540 1217 633 1248 sciant,
652 1216 680 1242 id
694 1216 805 1242 Talnam
820 1220 845 1242 et

49 1255 174 1282 Plautum
185 1260 210 1282 et
220 1255 366 1291 Spongiam
377 1258 508 1281 etceteras
516 1253 843 1288 huiusmodiquisquilias

49 1297 178 1324 statuere,
205 1301 354 1328 numquam
373 1300 433 1318 esse
458 1291 568 1318 factumi
617 1293 642 1319 7.
674 1291 727 1319 Sed
744 1295 841 1322 tamen,

49 1335 78 1357 ut
89 1334 113 1356 te
125 1330 158 1356 de
170 1330 308 1364 republica
319 1328 449 1360 consoler.
458 1338 510 1356 non
522 1330 566 1361 ita,
579 1334 609 1356 ut
620 1327 840 1364 speraruntmali‚

49 1371 121 1394 tanto
140 1368 265 1402 imposito
281 1366 446 1402 reipublicae
469 1366 593 1398 vulnere,
616 1367 711 1394 alacris
727 1367 843 1394 exsultat

49 1405 207 1439 improbitas
228 1405 256 1431 in
276 1405 398 1431 victoria.
439 1405 505 1430 Nam
524 1404 603 1438 plane
617 1405 653 1431 ita
669 1409 840 1439 putaverunt,

48 1449 133 1476 quum
159 1441 267 1477 religio,
294 1450 379 1477 quum
404 1441 548 1476 pudicitia,
574 1450 659 1476 quum
680 1442 842 1468 iudiciorum

49 1479 129 1510 fides,
152 1487 238 1514 quum
253 1484 362 1506 senatus
378 1479 519 1506 auctoritas
534 1479 710 1510 concidisset,
728 1479 796 1511 sore,
814 1484 843 1506 ut

49 1520 137 1551 aperte
149 1517 247 1543 victrix
258 1517 377 1551 nequitia
388 1525 418 1543 ac
429 1515 513 1542 libido
522 1524 622 1551 poenas
628 1517 661 1542 ab
667 1517 768 1551 optimo
775 1526 843 1552 quo—

48 1562 100 1589 que
121 1558 222 1588 peteret
239 1554 283 1580 sui
298 1554 410 1585 doloris,
427 1562 509 1588 quem
525 1554 727 1588 improbissimo
742 1555 842 1589 cuique

48 1592 183 1618 inusserat
201 1592 330 1618 severitas
345 1591 500 1618 consulatus
512 1592 575 1617 mei.
602 1593 626 1618 8.
638 1591 712 1618 Idem
724 1600 773 1627 ego
785 1592 839 1623 ille,

47 1628 109 1663 (non
121 1629 193 1655 enim
205 1629 273 1655 mihi
285 1628 378 1655 videor
390 1628 657 1664 insolentergloriari,
666 1638 751 1664 quum
759 1629 841 1655 deme

47 1665 119 1700 apud
134 1669 159 1692 te
175 1665 278 1701 loquor,
296 1667 324 1693 in
338 1674 368 1693 ea
379 1666 537 1701 praesertim
547 1666 669 1701 epistola,
686 1675 768 1701 quam
781 1666 841 1693 nolo

47 1703 107 1730 aliis
128 1702 206 1739 legi:)
226 1703 308 1736 idem,
321 1704 442 1739 inquam,
460 1711 510 1739 ego
525 1704 644 1730 recreavi
659 1703 771 1730 afflictos
783 1704 842 1730 ani-

46 1749 104 1767 mos
120 1740 260 1772 bonorum,
277 1749 363 1768 unum
374 1749 511 1776 quemque
521 1741 692 1773 confirmans,
704 1742 838 1775 excitam,

46 1777 210 1805 insectandis
233 1787 296 1805 vero
315 1779 539 1815 exagitandisque
560 1779 721 1805 nummariis
741 1779 842 1805 iudici-

47 1814 112 1847 bus,
136 1823 244 1842 omnem
263 1816 391 1842 omnibus
406 1816 536 1842 studiosis
552 1824 582 1842 ac
598 1815 749 1843 fautoribus
765 1816 840 1842 illius

45 1852 173 1879 victoriae
187 1853 337 1890 παῤῥησιάν
351 1854 453 1888 eripui3
476 1853 601 1880 Pisonem
615 1853 753 1880 consulem
766 1853 840 1880 nulla

45 1889 74 1916 in
94 1898 122 1915 ro
142 1890 288 1916 consistere
310 1898 440 1926 umquam
455 1899 517 1917 sum
535 1899 645 1926 passus;
677 1891 839 1926 desponsam

46 1926 151 1953 homini
171 1927 224 1953 iam
245 1926 351 1962 Syriam
371 1927 473 1961 ademi;
499 1933 623 1955 senatum
643 1928 677 1954 ad
697 1929 839 1963 pristinam

45 1972 123 1990 suam
141 1964 309 1991 severitatem
325 1966 449 1991 revocavi
465 1970 544 2000 atque
558 1966 694 1993 abiectum
708 1967 837 1993 excitavi:

45 1999 171 2028 Clodium
186 2006 353 2035 praesentem
369 2001 437 2038 fregi
452 2002 480 2029 in
496 2007 603 2035 senatu,
621 2011 707 2038 quum
721 2005 839 2030 oratione

45 2042 183 2073 perpetua,
197 2038 354 2073 plenissima
365 2039 512 2075 gravitatis,
522 2044 579 2066 tum
591 2039 760 2067 altercatione
766 2042 840 2068 eius-

45 2075 128 2107 modi,
146 2083 180 2102 ex
195 2083 247 2110 qua
265 2075 326 2103 licet
336 2084 421 2111 pauca
432 2076 569 2112 degustes
610 2078 678 2104 Nam
688 2082 774 2105 cetera
787 2087 839 2106 non

45 2117 158 2148 possunt
170 2112 268 2139 habore
279 2121 366 2148 neque
382 2114 438 2140 vim
450 2122 537 2149 neque
548 2119 726 2147 venustatem,
740 2121 840 2143 remoto

46 2149 91 2177 illo
111 2149 201 2176 studio
215 2151 406 2182 contentionis,
429 2159 511 2186 quem
525 2150 616 2188 ἀγῶνα
628 2161 675 2179 vos
687 2153 838 2188 appellatis.

45 2187 70 2213 9.
87 2187 164 2218 Nam,
181 2191 211 2214 ut
226 2185 295 2214 Idib.
312 2188 375 2214 Maii
388 2188 415 2214 in
426 2193 549 2215 senatum
560 2190 748 2219 convenimus,
762 2200 840 2226 roga-

44 2227 88 2251 tus
107 2232 157 2260 ego
172 2225 341 2256 sententiam,
359 2225 442 2252 multa
457 2225 515 2252 dixi
526 2225 559 2253 de
570 2235 677 2254 summa
688 2228 836 2263 republica,

45 2265 124 2296 atque
140 2261 185 2287 ille
202 2261 275 2288 loeus
287 2262 414 2289 inductus
426 2271 440 2288 a
455 2271 498 2289 me
509 2263 706 2291 estdivinitus:
730 2274 771 2297 ne,
785 2275 838 2292 una

44 2297 123 2334 plaga
139 2303 255 2334 accepta,
273 2304 362 2334 patres
377 2300 522 2334 conscripti
534 2301 713 2333 conciderent,
727 2311 759 2329 ne
771 2302 839 2329 deli-

44 2339 146 2362 cerent:
169 2335 270 2363 vulnus
291 2345 350 2363 esse
365 2337 509 2368 eiusmodi,
527 2338 600 2372 quod
615 2339 684 2365 mihi
696 2348 744 2366 nec
755 2340 839 2366 dissi-

45 2371 217 2405 mulandum,
241 2382 289 2400 nec
304 2374 549 2408 pertimescendum
566 2375 715 2403 videretur:
742 2386 775 2403 ne
793 2382 838 2404 aut

44 2410 187 2437 metuendo
198 2411 380 2446 ignavissimi,
389 2416 434 2438 aut
445 2411 592 2447 ignorando
603 2412 758 2440 stultissimi
766 2414 838 2441 iudi-

43 2453 177 2474 caremur:
209 2448 252 2474 bis
268 2448 421 2475 absolutum
435 2457 494 2475 esse
511 2449 664 2481 Lentulum,
688 2450 730 2477 bis
745 2451 838 2478 Cutili-

44 2491 119 2511 nam:
141 2484 213 2511 hunc
224 2487 331 2512 tortium
344 2487 395 2512 iam
407 2495 466 2512 esse
477 2495 491 2512 n
503 2486 641 2513 iudicibus
653 2487 679 2513 in
688 2488 838 2523 rempubli—

43 2527 102 2547 cam
122 2521 286 2550 immissum.
327 2524 415 2555 Erras,
431 2523 521 2550 Clodi:
544 2532 595 2550 non
609 2528 633 2550 te
645 2524 749 2551 iudices
761 2525 834 2557 Urbi,

43 2556 92 2584 sed
107 2559 206 2585 carceri
217 2565 396 2592 reservarunt,
414 2569 502 2596 neque
517 2565 541 2587 to
553 2561 665 2587 retinere
679 2562 705 2588 in
716 2563 833 2594 civitate,

44 2593 92 2620 sed
111 2595 206 2622 exsilio
221 2597 327 2631 privare
343 2597 495 2625 voluerunt.
535 2598 729 2630 Quamobrem,
747 2605 835 2634 putres

44 2632 197 2666 conscripti,
214 2634 309 2670 erigite
323 2636 441 2667 animos,
460 2636 569 2662 retinete
586 2640 701 2662 vestrum
717 2636 835 2673 ‹lignita-

0 2666 3 2701 Ι
43 2671 106 2696 tem.
146 2669 233 2698 Manet
252 2671 299 2699 illa
319 2673 347 2701 in
368 2672 508 2710 republica
529 2672 660 2701 bonorum
676 2675 832 2708 consensio,

1198 140 1259 166 ΕΡ.
1284 142 1322 167 15,
1348 142 1387 167 16.
1641 145 1685 169 321

898 208 973 235 dolor
993 211 1105 237 accessit
1124 210 1203 237 bonis
1219 211 1298 242 viris,
1320 212 1406 238 virtus
1418 220 1470 238 non
1482 216 1522 238 est
1533 211 1688 245 imminuta;

898 246 966 272 nihil
987 252 1028 273 est
1043 247 1135 274 damni
1151 247 1250 274 sactum
1261 249 1338 274 novi:
1361 248 1417 279 sed,
1433 249 1506 283 quod
1517 254 1580 279 erat,
1596 250 1691 276 inven-

898 288 955 310 turn
971 289 1019 310 est.
1060 286 1088 311 In
1105 285 1186 311 unius
1198 285 1316 311 hominis
1328 285 1426 320 perditi
1438 286 1538 312 iudicio
1549 286 1641 321 plures
1654 288 1692 312 si-

898 320 976 346 miles
988 322 1084 356 reperti
1096 326 1168 348 sunt.
1211 324 1250 348 40.
1267 323 1319 348 Sed
1331 323 1398 357 quid
1410 323 1477 358 ago‘?
1500 332 1583 357 paene
1595 325 1692 350 oratio-

898 366 959 383 nem
980 359 1007 384 in
1028 359 1169 393 epistolam
1185 359 1293 386 inclusi.
1334 360 1422 386 Redeo
1438 360 1470 386 ad
1482 360 1689 387 altercationem.

897 395 988 430 Surgit
998 395 1151 429 pulchellus
1162 405 1243 431 puer:
1265 397 1359 423 obiicit
1370 397 1445 427 mihi,
1456 407 1492 423 me
1501 399 1691 432 aslssaiassms-

897 441 932 458 se.
944 447 981 451 —
992 433 1115 459 Falsum:
1142 433 1189 459 sed
1205 438 1293 460 tamen
1309 434 1375 468 quid
1388 434 1454 460 hoc‘?
1481 434 1575 461 Simile
1587 440 1635 466 est,
1650 437 1692 462 in-

898 477 988 503 quam,
1011 471 1090 504 quasi
1106 470 1179 496 dicas
1195 471 1222 497 in
1239 476 1329 505 operto
1341 470 1435 498 fuisse.
1449 487 1486 491 —
1503 473 1578 504 Quid,
1592 473 1689 507 inquit,

898 508 1261 541 lzominiAv-pinaticmnaquis
1267 508 1408 534 calilisP—
1416 509 1505 540 Narra,
1515 510 1635 544 inquam,
1645 518 1692 544 pa-

898 547 973 569 trono
983 548 1036 575 tuo,
1050 545 1098 579 qui
1109 545 1245 579 Arpinatis
1252 554 1335 580 aquas
1346 547 1514 581 concupivit:
1538 548 1607 573 nosti
1619 548 1690 573 enim

898 581 1040 607 Marianas.
1055 597 1092 601 —-
1099 582 1242 615 Quousque,
1252 583 1349 617 inquit,
1358 585 1423 609 huuc
1430 584 1643 617 reycmseremus‘?
1653 599 1689 603 —

896 618 996 653 Regem
1012 618 1141 653 appellaS,
1166 619 1286 653 inquam,
1304 629 1389 654 quum
1403 621 1460 647 Rex
1475 622 1514 647 tui
1528 622 1690 648 mentionem

897 655 1000 681 nullam
1021 655 1130 682 fecerit?
1143 672 1179 675 —
1190 656 1247 691 (Ille
1261 662 1350 683 autem
1363 658 1442 693 Regis
1458 658 1632 685 hereditatem
1643 667 1691 693 spe

897 692 1057 727 devorarat.)
1071 708 1107 712 —
1123 694 1242 724 Domum,
1260 695 1361 728 inquit,
1379 698 1469 721 emisti.
1481 711 1517 714 —
1533 696 1635 726 l‘otes*,
1649 696 1691 722 in-

896 738 987 764 quam,
1005 730 1103 761 dicere,
1122 730 1224 757 iudices
1247 731 1401 758 emisti‘?—-
1413 733 1522 763 lavante,
1536 734 1631 768 inquit,
1646 735 1692 759 tibi

896 776 946 792 non
966 770 1135 794 crediderunt.
1150 783 1187 787 —-
1207 768 1274 794 Mihi
1291 777 1362 799 vero,
1381 769 1502 804 inquam,
1518 778 1575 796 xxv
1588 770 1690 796 iudices

896 804 1081 837 crediderunt,
1112 813 1192 836 XXM,
1215 806 1343 840 quoniam
1363 814 1489 832 nummos
1505 812 1564 833 ante
1580 816 1690 842 aecepe-

896 846 966 872 runt,
985 842 1035 868 tibi
1046 842 1114 867 nihil
1129 842 1310 869 crediderunt.
1332 844 1437 879 Magnis
1448 843 1611 871 clamoribus
1623 844 1691 871 affli-

896 883 954 905 ctus
975 879 1105 905 conticuit
1125 884 1150 905 et
1164 880 1291 906 concidit.
1334 882 1373 906 Μ.
1395 882 1490 907 Noster
1505 886 1593 908 autem
1606 887 1690 908 status

896 921 936 942 est
956 916 1013 942 hic:
1041 916 1113 951 apud
1130 917 1214 943 bonos
1230 917 1313 943 iidem
1329 926 1437 949 sumus,
1456 927 1525 953 quos
1540 919 1688 954 reliquisti:

896 953 968 988 apud
988 953 1095 980 sordem
1115 954 1194 980 Urbis
1216 959 1241 981 et
1264 954 1365 981 faecem
1383 955 1467 982 multo
1489 956 1586 982 melius
1608 965 1689 987 nunc,

896 999 978 1025 quam
1001 990 1147 1026 reliquisti.
1187 992 1254 1018 Nam
1271 997 1296 1019 et
1312 992 1380 1019 illud
1396 993 1474 1019 nobis
1486 1002 1538 1020 non
1550 994 1634 1024 obest,
1649 995 1690 1020 vi-

896 1028 954 1054 deri
970 1033 1090 1054 nostrum
1107 1030 1292 1055 testimonium
1307 1039 1358 1056 non
1371 1030 1499 1057 valuisse.
1540 1032 1640 1058 Missus
1652 1037 1692 1057 est

896 1066 1008 1101 sanguis
1020 1066 1139 1092 invidiae
1151 1067 1209 1092 sine
1220 1067 1323 1100 dolore,
1347 1072 1426 1102 atque
1438 1069 1518 1094 etiam
1531 1068 1580 1095 hoc
1592 1069 1688 1104 magiS,

896 1103 968 1138 quod
979 1112 1072 1130 omnes
1084 1103 1125 1130 illi
1136 1103 1253 1130 fautores
1264 1104 1448 1141 illiusllagitii,
1458 1114 1513 1132 rem
1520 1106 1689 1133 manifestam

897 1140 971 1167 illam
986 1140 1153 1175 redemptam
1164 1150 1222 1167 esse
1234 1150 1247 1167 a
1262 1142 1401 1169 iudicibus
1413 1143 1585 1170 confitentur:
1599 1159 1635 1163 —
1647 1152 1690 1169 ac-

895 1178 975 1210 cedit,
993 1178 1066 1213 quod
1082 1178 1128 1205 illa
1143 1179 1307 1205 concionalis
1323 1180 1420 1206 hirudo
1432 1182 1537 1212 aerarii,
1551 1182 1648 1207 misera
1661 1190 1690 1207 ac

895 1216 985 1242 ieiuna
1009 1215 1162 1250 plebecula,
1181 1225 1223 1243 me
1239 1217 1272 1243 ab
1288 1217 1336 1244 hoc
1347 1218 1443 1253 Magno
1457 1218 1536 1244 unice
1548 1218 1626 1254 diligi
1639 1227 1690 1253 pu-

895 1257 944 1280 tat:
976 1258 1002 1279 et
1018 1253 1127 1279 hercule
1142 1253 1226 1280 multa
1241 1259 1266 1281 et
1285 1255 1402 1281 iucunda
1417 1255 1611 1282 consuetudine
1626 1264 1689 1282 con-

895 1291 980 1317 iuncti
992 1291 1060 1317 inter
1071 1299 1119 1317 nos
1130 1300 1235 1322 sumus,
1249 1300 1336 1327 usque
1347 1301 1386 1323 eo,
1400 1297 1430 1319 ut
1441 1294 1524 1319 nostri
1536 1294 1579 1320 isti
1591 1294 1690 1320 comis-

894 1332 994 1354 satores
1006 1329 1207 1359 coniurationis,
1221 1329 1356 1356 barbatuli
1368 1330 1490 1360 iuvenes
1504 1330 1582 1356 illum
1594 1331 1620 1357 in
1633 1339 1689 1357 ser-

894 1365 1021 1392 monibus
1044 1365 1163 1391 Cnaeum
1184 1366 1338 1393 Ciceronem
1360 1367 1504 1402 appellent.
1554 1369 1645 1402 ltaque
1664 1373 1690 1394 et

895 1403 966 1430 ludis
988 1409 1013 1431 et
1027 1403 1223 1440 gladiatoribus
1234 1404 1370 1431 mirandas
1382 1406 1554 1441 ἐπισημασίας
1565 1406 1622 1432 sine
1634 1404 1689 1432 ulla

894 1443 1036 1476 pastoricia
1049 1442 1136 1469 listula
1149 1442 1348 1469 auferebamus.
1391 1445 1430 1469 ⁴2.
1455 1444 1530 1469 Nune
1542 1449 1581 1470 est
1592 1452 1689 1478 exspe-

893 1480 972 1506 ctatio
994 1480 1088 1515 ingens
1109 1481 1292 1511 comitiorum,
1316 1481 1343 1506 in
1364 1489 1432 1515 quae
1447 1481 1575 1507 omnibus
1596 1482 1689 1508 invitis

894 1517 978 1544 trudit
997 1522 1086 1543 noster
1100 1518 1214 1553 Magnus
1230 1518 1293 1544 Auli
1310 1518 1406 1549 tilium,
1424 1523 1503 1553 atque
1520 1519 1546 1544 in
1559 1527 1688 1553 conoque

893 1555 1057 1585 auctoritate,
1076 1563 1163 1589 neque
1177 1555 1262 1590 gratia
1279 1560 1389 1591 pugnat,
1407 1556 1454 1581 sed
1470 1555 1572 1590 quibus
1584 1556 1688 1591 Philip-

892 1601 944 1627 pus
966 1593 1056 1619 omnia
1071 1592 1179 1619 castella
1195 1593 1345 1628 expugnari
1361 1602 1440 1627 posse
1451 1592 1566 1624 dicebat,
1581 1594 1607 1620 in
1619 1602 1689 1628 quae

893 1629 972 1657 modo
982 1629 1082 1656 asellus
1092 1634 1206 1656 onustus
1217 1639 1282 1657 auro
1293 1636 1383 1665 posset
1394 1630 1548 1657 ascendere.
1588 1631 1688 1657 Consul

893 1672 982 1694 autem
1002 1667 1061 1698 ille,
1079 1668 1227 1694 Doterionis
1248 1667 1387 1694 histrionis
1403 1667 1516 1699 similis,
1534 1669 1689 1703 suscepisse

893 1705 1031 1741 negotium
1051 1704 1164 1735 dicitur,
1188 1709 1213 1731 et
1232 1704 1304 1731 domi
1320 1705 1454 1732 divisores
1470 1705 1581 1732 habere:
1615 1706 1687 1740 quod

892 1751 942 1778 ego
958 1751 1009 1769 non
1025 1742 1114 1769 credo.
1155 1741 1208 1768 Sed
1224 1747 1333 1769 senatus
1348 1742 1469 1769 consulta
1485 1742 1539 1769 duo
1551 1744 1603 1769 iam
1621 1743 1686 1770 saeta

892 1784 968 1812 sunt,
991 1779 1093 1811 odiosa,
1106 1779 1178 1814 quod
1190 1781 1216 1806 in
1224 1779 1362 1807 consulem
1370 1780 1436 1807 lacta
1444 1785 1580 1815 putantur,
1589 1781 1687 1807 Catone

891 1822 918 1844 et
932 1818 1047 1844 Domitio
1062 1817 1226 1852 postulante;
1260 1826 1359 1848 unum,
1383 1822 1411 1844 ut
1426 1818 1497 1852 apud
1515 1819 1686 1853 magistratus

892 1855 994 1890 inquiri
1016 1855 1120 1887 liceret}
1148 1854 1687 1886 alterum,cuiusmodidivisoreshabe-

892 1897 950 1920 rent
960 1892 1091 1919 adversus
1103 1892 1308 1927 rempublicam.
1343 1894 1381 1919 ⁴3.
1404 1893 1489 1919 Lurco
1500 1897 1588 1919 autem
1601 1893 1687 1919 tribu-

892 1939 943 1957 nus
954 1930 1052 1965 plebis,
1065 1930 1112 1965 qui
1125 1931 1311 1965 magistratum
1323 1930 1404 1956 simul
1416 1939 1477 1956 cum
1491 1930 1547 1965 lege
1559 1930 1633 1956 Aelia
1646 1931 1686 1956 in—

893 1968 936 1999 iit,
963 1967 1068 1994 solutus
1089 1972 1129 1994 est
1144 1967 1219 1993 Aelia
1235 1972 1260 1994 et
1276 1968 1360 1998 Fulia,
1383 1972 1412 1994 ut
1433 1967 1517 2003 legem
1534 1967 1566 1993 de
1582 1968 1685 1994 ambitu

892 2004 983 2038 serret;
1017 2013 1099 2040 quam
1116 2004 1160 2031 ille
1177 2004 1246 2031 bono
1261 2005 1383 2039 auspicio
1398 2004 1511 2031 claudus
1532 2005 1610 2031 homo
1626 2014 1686 2040 pro-

891 2042 1034 2078 mulgavit.
1070 2043 1106 2068 lta
1118 2043 1225 2068 comitia
1238 2043 1264 2068 in
1279 2047 1338 2068 ante
1350 2042 1422 2068 diem
1436 2051 1471 2069 vi.
1485 2041 1544 2068 Kal.
1557 2042 1630 2068 Sext.
1644 2042 1686 2068 ‹li-

892 2079 942 2106 lata
963 2084 1035 2106 sunt.
1077 2080 1145 2106 Novi
1162 2084 1202 2106 est
1218 2080 1244 2106 in
1258 2079 1315 2115 lege
1329 2080 1391 2109 hoe,
1406 2085 1447 2111 ut,
1460 2080 1508 2114 qui
1521 2088 1646 2106 nummos
1660 2081 1685 2106 in

891 2117 979 2143 tribus
999 2117 1187 2151 pronuntiarit,
1210 2117 1234 2143 si
1250 2125 1302 2143 non
1315 2116 1432 2147 dederit,
1447 2117 1558 2151 impune
1570 2118 1619 2144 sit:
1643 2118 1685 2143 sin

890 2153 1004 2185 dederit,
1027 2158 1064 2183 ut,
1090 2153 1179 2188 quoad
1196 2154 1277 2185 vivut,
1295 2154 1413 2188 singulis
1426 2154 1552 2180 tribubus
1565 2155 1628 2180 ll-s'
1644 2162 1685 2179 ιἰ.)

890 2200 932 2217 cm
953 2199 994 2217 (Ἰ.)
1015 2190 1120 2218 debeat.
1162 2191 1222 2217 Dixi
1244 2191 1312 2217 hanc
1335 2191 1419 2225 legem
1442 2191 1470 2217 P.
1490 2190 1614 2217 Clodium
1632 2192 1684 2216 iam

890 2232 950 2254 ante
961 2236 1097 2260 servasse,
1121 2228 1293 2262 pronuntiare
1304 2229 1376 2254 enim
1388 2227 1497 2254 solitum
1509 2237 1581 2258 esse,
1596 2234 1619 2254 et
1633 2236 1683 2254 non

890 2265 963 2291 dare.
1004 2265 1057 2291 Sed
1074 2265 1141 2291 heus
1158 2265 1197 2291 tu!
1222 2265 1343 2295 videsne,
1360 2264 1530 2291 consulatum
1548 2265 1624 2291 illum
1638 2274 1684 2290 no-

890 2307 985 2333 strum,
1007 2310 1089 2336 quem
1111 2302 1192 2328 Curio
1207 2307 1283 2328 antea
1298 2301 1454 2329 ἀποθέωσιν
1471 2302 1590 2331 vocabat,
1604 2303 1626 2327 si
1641 2302 1684 2328 hic

867 2354 868 2359 =
891 2339 976 2366 sactus
990 2340 1054 2369 erit,
1078 2338 1147 2365 fama
1165 2340 1248 2364 immn
1267 2338 1405 2365 futurum?
1424 2347 1521 2373 quare,
1539 2344 1566 2364 ut
1578 2340 1682 2373 opinor,

889 2377 1089 2411 ‹prlocutpnu‘oiu
1110 2376 1137 2402 id
1157 2375 1230 2411 quod
1254 2381 1281 2402 tu
1303 2375 1381 2405 savis,
1404 2381 1428 2403 et
1450 2376 1513 2402 istos
1528 2376 1684 2402 consulatus

890 2423 941 2440 non
961 2412 1035 2440 ssocei
1058 2413 1169 2439 sueteon.
1213 2414 1251 2439 tt.
1272 2413 1349 2445 Quod
1371 2412 1404 2439 ad
1425 2421 1466 2439 me
1480 2413 1593 2441 scribis,
1616 2418 1639 2439 te
1657 2414 1682 2439 in

889 2452 980 2477 Asiam
1001 2451 1127 2477 statuis-si·
1144 2459 1194 2476 non
1213 2451 1262 2479 ire;
1290 2450 1417 2484 equidem
1434 2449 1552 2479 mallem,
1571 2455 1597 2476 ut
1615 2451 1680 2477 ires:

888 2497 918 2514 uc
931 2496 1032 2518 vereor,
1047 2496 1078 2514 ne
1090 2487 1157 2522 quid
1170 2488 1196 2514 in
1210 2488 1257 2514 istu
1271 2497 1297 2513 re
1310 2488 1400 2513 minus
1411 2487 1550 2513 commode
1563 2487 1616 2513 liat.
1629 2487 1682 2513 Sed

889 2531 975 2552 [lunen
1001 2534 1052 2551 non
1078 2533 1188 2559 possum
1214 2524 1408 2559 reprehemlere
1429 2524 1574 2550 consilium
1595 2530 1680 2555 tuum,

888 2563 1044 2597 pracsertim
1061 2571 1146 2597 quum
1159 2567 1264 2597 egomet
1277 2563 1301 2588 in
1315 2562 1480 2596 provinciam
1494 2570 1545 2588 non
1556 2562 1608 2587 sim
1620 2570 1682 2596 pro-

888 2599 983 2626 sectus,
1027 2600 1066 2626 ⁴5.
1092 2599 1301 2635 Epigrummutis
1323 2599 1389 2628 tuis.
1413 2599 1524 2634 quaein
1542 2599 1682 2625 Amaltheo

887 2637 1011 2672 posuisti,
1024 2637 1140 2663 contenti
1152 2637 1262 2667 erimus,
1277 2637 1433 2671 praesertim
1447 2645 1531 2671 quum
1544 2635 1681 2662 etChilius

887 2683 935 2701 nos
955 2673 1108 2710 reliquerit,
1126 2679 1152 2702 et
1167 2673 1278 2700 Archias
1294 2673 1362 2701 nihil
1374 2673 1407 2701 dc
1419 2682 1461 2701 me
1472 2674 1624 2709 scripserim
1651 2681 1680 2701 ac
