1941 3052
247 98 295 121 firm
799 94 841 118 71.
878 93 911 118 Μ.
947 93 975 118 Τ.

249 174 327 194 ximo,
342 165 373 190 ιΙι·
387 166 420 193 vi,
434 164 465 190 de
479 165 614 198 aruspicii-⁴,
629 163 660 188 de
673 163 812 188 donatione
827 171 977 195 regnorum.
1011 166 1035 188 8,

249 203 337 236 Neque
357 212 416 226 ιιϊιι
433 202 479 226 lim-
496 203 520 227 iu
537 209 630 225 «natissa
647 200 737 228 modu,
761 200 806 225 scd
823 204 972 225 constanter
986 208 1014 224 at:
1026 200 1036 210 ⁴

247 249 325 273 siu-pe
338 239 362 264 iu
375 243 476 263 ιιι-ιιιιιιι4

245 276 410 304 consulibus,
426 273 596 308 NouisApril.
611 274 675 299 milii
689 278 846 299 estat-natus
857 282 992 303 assensus,
1010 278 1038 299 ut

245 314 278 338 ‹h-
291 313 499 345 agi-otlauipano,
513 310 642 345 frequenti
656 315 757 340 senatu,
767 310 858 336 idibus
870 311 945 336 Maiis
957 310 1037 336 reser-

246 354 326 375 retur.

247 387 353 415 vadere,
371 390 415 411 aut
432 385 515 419 magis
529 384 650 410 oblivisci
664 389 812 419 temporum
826 393 944 411 meorum
954 405 959 415 ‚
982 394 1037 411 me-

246 424 355 449 iuinisso
367 422 518 448 actionum?
538 422 590 447 llac
601 431 613 447 a
627 430 668 448 me
679 423 808 448 sententia
819 422 903 452 dicta,
923 431 1036 457 magnus

244 461 392 486 animorum
415 458 499 485 sactus
514 463 554 485 est
569 463 671 489 motus,
693 468 777 494 qutun
794 468 899 490 corum,
922 468 1035 494 quorum
1064 483 1065 491 ,

1057 163 1060 200 l

517 239 586 269 Quin
599 237 691 266 ctiam,
711 237 861 263 Marcellino
877 241 902 262 et
915 236 1038 271 l'liilippo
1058 243 1059 271 ζ

368 349 435 374 Num
454 349 525 382 potui
543 348 627 381 magis
645 348 670 373 in
685 356 771 373 arcem
789 347 862 374 illius
876 356 984 373 caussae
997 348 1037 374 in-
1058 357 1066 369 ι

1057 404 1065 428 Ι,

243 498 367 531 oportuit,
382 501 437 522 tuni
452 496 556 522 illorum
568 497 660 526 ctiam.
674 505 788 531 quorum
801 505 948 531 numquam
960 501 1037 531 puta-

244 543 309 560 ratu.

244 573 307 598 tiam
321 570 399 601 tacto.
414 571 570 605 Pompeius,
584 579 668 605 quum
681 571 746 597 mibi
759 571 824 597 nibil
837 570 997 598 ostendisset
1007 580 1035 596 se

350 535 374 559 9.
398 534 462 559 Nam
480 533 528 559 boc
542 533 775 560 senatusconsulto
791 534 816 560 in
833 542 918 560 meam
930 539 1037 560 senten·
1056 536 1059 544 ¹

1056 551 1059 573 l

1056 589 1059 612 ί

243 617 301 635 esse
315 608 459 638 offensum,
483 609 508 634 in
525 607 674 634 Sardiniam
691 613 716 634 ct
731 609 756 634 in
773 608 888 635 Africam
903 608 1036 643 profectus
1056 615 1058 625 ³

243 651 291 675 est,
305 654 388 680 eoque
401 646 492 671 itincre
504 646 600 671 Lucam
612 645 644 671 ad
656 646 794 672 Caesarem
808 646 887 672 venit.
916 646 952 672 lbi
965 645 1036 672 mul-

244 688 266 708 ta
287 682 319 708 dc
341 690 397 708 mea
413 683 543 709 sententia
558 687 670 717 questus
684 687 724 709 est
740 683 847 713 Caesar,
870 683 972 718 quippe
987 683 1034 718 qui

242 721 320 746 etiam
329 720 598 746 ltavennaeCrassum
610 724 670 746 ante
682 720 802 751 vidisset,
816 720 848 746 ab
860 729 944 755 eoque
955 721 980 746 in
994 729 1035 746 me

241 762 312 783 esset
324 758 458 783 incensus.
491 757 558 783 Sane
570 756 680 783 moleste
692 758 845 792 Pompeium
859 757 884 783 id
897 757 962 783 t’erre
972 766 1035 783 con—-

242 795 335 824 stabat,
349 794 420 829 quod
432 803 489 830 ego,
502 803 587 829 quum
599 794 733 821 audissem
745 804 777 821 ex
789 794 862 825 aliis,
877 795 991 820 maxime
1002 803 1035 821 ex

242 840 301 858 meo
318 831 395 857 fratre
410 832 531 867 cognovi.
572 832 657 863 Quem
673 840 758 867 quum
779 833 805 858 in
821 832 941 858 Sardinia
959 833 1035 858 Pom-

242 869 318 904 peius
331 869 422 903 paucis
435 873 493 903 post
503 869 608 899 diebus,
620 878 700 903 <piam
714 870 782 895 Luca
793 869 959 899 discesserat.
973 878 1035 895 con-

242 907 372 932 venisset:
391 906 439 937 Tc,
453 907 553 941 inquit,
567 907 656 940 ipsum
668 907 761 941 cupio:
780 907 845 932 nibil
857 907 1034 941 opportunius

208 967 212 974 ,
241 944 326 978 potuit
342 943 473 969 accidere:
497 944 546 969 nisi
562 952 623 969 cum
637 944 722 970 Marco
734 944 810 970 fratre
821 944 963 977 diligenter
973 952 1036 979 ege-

240 981 277 1006 ris
287 1001 291 1011 ,
303 980 508 1015 dependendum
522 980 567 1007 tibi
580 985 627 1011 est,
641 981 711 1015 quod
724 981 790 1007 milii
803 990 850 1015 pro
862 981 907 1008 illo
918 990 1034 1016 spopon-

240 1017 314 1044 disti.
353 1017 422 1049 Quid
435 1017 536 1044 multa‘?
558 1023 670 1052 questus
682 1023 721 1045 est
732 1020 861 1054 graviter:
883 1027 930 1044 sua
943 1019 1034 1044 merita

240 1056 470 1081 commemoravit:
494 1055 558 1090 quid
573 1056 670 1090 egisset
681 1057 838 1090 saepissime
849 1055 882 1082 de
893 1057 958 1082 actis
970 1056 1035 1082 Cae—

239 1093 307 1118 saris
318 1101 379 1118 cum
392 1093 449 1127 ipso
461 1100 519 1119 meo
531 1092 617 1123 fratre,
635 1093 756 1128 quidque
769 1093 820 1119 sibi
832 1093 855 1119 is
866 1092 899 1119 de
910 1102 952 1119 me
963 1101 1032 1119 ree&

240 1130 337 1163 pisset,
352 1130 377 1155 in
391 1130 544 1156 memoriam
557 1129 671 1165 redegit:
690 1138 785 1165 seque,
799 1139 867 1165 quae
879 1130 911 1156 de
923 1138 980 1156 mea
991 1139 1034 1156 sa-

240 1167 294 1192 lute
309 1167 420 1201 egisset,
438 1167 571 1193 voluntate
586 1167 705 1194 Caesaris
719 1168 819 1203 egisse,
836 1168 926 1202 ipsum
942 1176 1032 1194 meum

240 1203 345 1230 fratrem
367 1208 476 1230 testatus
497 1209 549 1236 est;
576 1205 654 1231 cuius
679 1213 802 1231 caussam
823 1204 1033 1240 dignitatemque

239 1241 305 1267 milii
322 1245 351 1267 ut
365 1241 575 1272 commendaret,
593 1242 707 1277 rogavit,
728 1246 757 1268 ut
773 1251 829 1268 eam
848 1250 879 1268 ne
893 1250 1033 1277 oppugna-

238 1286 303 1308 rem,
317 1279 340 1303 si
353 1278 450 1304 nollem
461 1283 507 1304 aut
519 1287 569 1304 non
581 1287 687 1313 possem
701 1280 777 1306 tueri.
810 1281 850 1305 ⁴0.
869 1280 936 1305 llaec
946 1288 1032 1314 quum

238 1314 270 1341 ad
283 1323 324 1341 me
336 1315 413 1341 frater
424 1315 619 1350 pertulisset,et
628 1325 712 1351 quum
723 1321 783 1343 ante
795 1321 882 1343 tamen
889 1317 1032 1351 Pompeius

238 1352 270 1378 ad
283 1361 323 1378 me
335 1361 396 1378 eum
408 1353 539 1379 mandatis
550 1353 699 1380 Vibullium
712 1354 843 1385 misisset,
858 1358 886 1380 ut
897 1355 1032 1389 integrum

237 1389 303 1415 mihi
319 1389 352 1416 de
367 1398 460 1416 caussa
477 1390 610 1425 Campana
630 1390 663 1417 ad
683 1399 764 1418 suum
780 1391 895 1418 reditum
913 1400 1033 1418 reserva-

237 1435 306 1452 rem:
323 1426 419 1463 collegi
431 1427 488 1462 ipse
500 1436 550 1458 me,
564 1432 589 1454 et
599 1436 661 1454 cum
672 1428 730 1463 ipsa
741 1429 818 1464 quasi
831 1428 967 1464 republica
978 1428 1033 1455 col-

238 1463 341 1490 locutus
352 1473 423 1495 sum,
432 1469 461 1491 ut
472 1464 547 1496 mihi,
556 1469 609 1491 tam
624 1465 705 1492 multa
717 1474 764 1501 pro
775 1474 804 1492 se
815 1474 942 1501 perpesso
952 1471 1032 1501 atque

236 1500 387 1535 perfuncto,
405 1501 573 1533 concederet,
592 1507 620 1529 ut
635 1502 753 1529 osticium
768 1511 857 1529 meum
873 1512 1033 1530 memorem·

236 1546 288 1573 que
308 1539 336 1564 in
357 1539 424 1565 bene
445 1540 552 1566 meritos
572 1540 693 1566 animum
715 1540 850 1575 iidemque
870 1539 958 1567 fratris
979 1541 1031 1567 mei

236 1579 408 1609 praestarem,
423 1585 551 1611 eumque,
565 1585 646 1611 quem
658 1577 758 1604 bonum
769 1578 855 1604 civem
867 1586 973 1612 semper
985 1578 1032 1604 ha-

236 1613 352 1643 buisset,
371 1613 470 1640 bonum
484 1614 570 1640 virum
582 1622 641 1641 esse
651 1619 793 1649 pateretur.
834 1615 862 1641 ln
874 1614 928 1641 illis
942 1619 1030 1642 autem

235 1650 302 1675 meis
314 1650 462 1677 actionibus
469 1651 793 1686 sententiisqueomnibus
799 1660 867 1686 quae
874 1652 1030 1687 Pompeium

237 1686 395 1713 videbantur
410 1687 554 1719 offendere.
575 1693 707 1715 certorum
723 1689 873 1720 hominum,
894 1698 963 1724 quos
978 1690 1030 1716 iam

235 1723 317 1750 debes
337 1725 481 1758 suspicari,
504 1733 640 1752 sermones
661 1725 842 1752 referebantur
857 1725 890 1752 ad
905 1734 960 1758 me;
983 1727 1030 1761 qui

235 1769 320 1796 quum
337 1761 381 1787 illa
397 1762 526 1788 sentirent
540 1763 566 1788 in
584 1763 734 1797 republica,
756 1771 825 1798 quae
843 1771 893 1799 ego
907 1763 1027 1799 agebam,

235 1806 394 1833 semperque
406 1799 566 1831 sensissent,
581 1808 622 1826 me
635 1804 721 1826 tamen
733 1809 785 1826 non
795 1800 1030 1827 satisfacerel‘om-

235 1835 295 1870 peio
305 1836 497 1871 Caesaremque
508 1837 726 1863 inimicissimum
739 1837 806 1863 mibi
818 1837 948 1868 futurum,
963 1847 1030 1874 gau-

234 1872 297 1898 dere
308 1881 336 1898 se
347 1872 461 1900 aiebant.
501 1873 564 1900 Erat
576 1873 624 1900 hoc
636 1874 702 1900 mibi
714 1874 874 1901 dolendum:
886 1874 934 1901 sed
945 1875 1030 1902 multo

234 1909 303 1935 illud
319 1910 417 1945 magis,
440 1910 512 1945 quod
527 1911 667 1937 inimicum
684 1920 787 1942 meum,
806 1911 907 1947 (meum
923 1912 1030 1939 autem‘?

234 1947 318 1973 immo
329 1955 390 1973 vero
403 1947 506 1983 legum,
518 1947 693 1979 iudiciorum,
706 1949 762 1979 otii,
777 1950 885 1983 patriae,
899 1949 1028 1976 bonorum

234 1983 377 2018 omnium‚)
396 1984 434 2010 sic
448 1985 682 2019 amplexabantur,
703 1986 742 2012 sic
758 1986 785 2012 in
801 1987 925 2013 manibus
948 1987 1029 2014 liabe-

234 2021 306 2051 bant,
319 2021 358 2047 sic
370 2021 501 2052 fovebant,
514 2023 552 2048 sic
563 2031 606 2048 me
617 2027 754 2057 praesente
765 2023 962 2054 osculabantur,
977 2033 1027 2051 non
1049 2042 1050 2058 ,

234 2057 273 2084 illi
293 2057 402 2092 quidem
424 2063 453 2085 ut
469 2059 534 2085 milii
549 2060 716 2086 stomachum
734 2060 860 2092 facerent,
882 2070 963 2096 quem
979 2070 1028 2098 ego

234 2094 355 2121 funditus
368 2095 484 2130 perdidi,
498 2096 546 2123 sed
556 2102 638 2127 certe,
652 2102 681 2123 ut
692 2097 776 2124 facere
787 2106 816 2124 se
827 2098 1026 2125 arbitrarentur.

233 2132 280 2158 Hic
292 2140 350 2168 ego,
364 2137 494 2167 quantum
507 2134 624 2161 humano
635 2134 746 2161 consilio
757 2134 860 2162 efficere
875 2136 962 2170 potui,
976 2137 1028 2163 cir-

233 2171 395 2204 cumspectis
406 2170 485 2197 rebus
496 2172 562 2197 meis
573 2172 698 2198 omnibus
710 2172 912 2208 rationibusque
923 2173 1029 2200 subdu-

232 2207 295 2237 ctis,
318 2216 452 2234 summam
473 2207 523 2234 feci
542 2209 732 2244 cogitationum
754 2218 873 2236 mearum
894 2211 1024 2241 omnium,

232 2252 313 2279 quam
326 2245 383 2275 tibi,
397 2245 419 2271 si
431 2250 530 2279 potero,
544 2246 658 2273 breviter
669 2255 810 2281 exponam.

289 2283 328 2307 Η.
350 2282 407 2317 Ego
421 2283 445 2308 si
455 2283 489 2308 ab
501 2283 630 2318 improbis
642 2288 667 2310 et
678 2283 789 2318 perditis
800 2284 906 2311 civibus
917 2293 1027 2320 rempu-

232 2318 328 2344 blicam
345 2319 425 2345 teneri
444 2319 575 2352 viderem,
593 2321 662 2347 sicut
677 2326 703 2347 et
716 2322 783 2348 meis
798 2322 962 2357 temporibus
974 2323 1027 2349 sci-

232 2364 301 2386 mus,
315 2360 340 2382 et
352 2357 487 2383 nonnullis
498 2357 558 2384 aliis
569 2358 697 2384 accidisse
708 2359 869 2394 accepimus,
884 2368 936 2386 non
948 2360 1026 2386 modo
1046 2370 1048 2376 ·

232 2393 370 2426 praemiis,
387 2403 456 2429 quae
466 2395 537 2429 apud
550 2404 591 2421 me
603 2395 744 2422 minimum
757 2396 858 2426 valent,
876 2397 923 2423 sed
934 2405 968 2423 ne
979 2405 1026 2431 pe-

232 2429 324 2456 riculis
335 2431 444 2465 quidem
455 2432 612 2467 compulsus
623 2433 695 2463 ullis,
703 2433 804 2467 quibus
816 2438 904 2460 tamen
915 2443 1026 2461 moven-

233 2470 275 2491 tur
285 2467 362 2492 etiam
376 2467 512 2495 fortissimi
524 2469 582 2500 viri,
596 2469 629 2496 ad
639 2478 730 2496 eorum
741 2478 864 2496 caussam
876 2479 918 2497 me
929 2471 1026 2498 adiun-

232 2511 331 2537 gerem,
349 2512 380 2530 ne
391 2505 414 2530 si
425 2514 531 2532 summa
541 2506 652 2541 quidem
663 2515 755 2533 eorum
766 2507 793 2532 in
805 2516 847 2533 me
859 2509 952 2534 merita
962 2517 1026 2535 eon-

233 2543 339 2580 starent.
383 2540 471 2572 Quum
492 2547 580 2570 autem
603 2544 631 2570 iu
651 2543 788 2578 republica
810 2544 857 2570 Cu.
880 2545 1024 2580 Pompeius

233 2584 356 2611 princeps
372 2582 453 2609 esset,
472 2580 512 2605 vir
527 2581 563 2611 is,
580 2582 628 2615 qui
644 2581 711 2607 hanc
723 2581 865 2615 potentiam
877 2587 902 2608 et
911 2582 1023 2618 gloriam

233 2614 356 2640 maximis
372 2614 398 2641 iu
415 2616 607 2651 rempublicam
619 2618 721 2645 meritis
732 2619 1024 2655 praestantissimisque

1010 92 1284 118 ‹lint-:ttoxts

1090 163 1169 189 rebus
1180 164 1262 196 gostis
1274 168 1343 189 esset
1353 168 1525 194 consecutus,
1542 165 1673 199 cuiusque
1685 173 1734 198 cuo
1744 165 1881 197 dignitatis

1065 215 1067 219 ι
1089 201 1121 225 ab
1132 200 1307 226 adolescentia
1321 199 1416 229 [autor.
1441 202 1466 227 in
1478 206 1598 235 praetura
1610 207 1696 227 autem
1709 207 1733 227 ct
1746 202 1771 228 in
1783 210 1881 227 ‹wint-u-

1091 237 1142 262 latu
1155 237 1258 263 adiutor
1269 238 1347 263 etiarn
1359 238 1534 264 exstitissem:
1557 247 1696 273 quumque
1710 239 1778 265 idem
1791 244 1881 265 aucto-

1089 275 1163 300 ritate
1175 279 1199 300 et
1212 275 1340 300 sententia
1353 283 1398 308 per
1408 284 1449 305 ite,
1465 275 1584 301 consiliis
1596 281 1620 301 et
1632 277 1727 301 studiis
1740 282 1826 302 ter-uui
1840 284 1882 302 tue

1058 306 1059 316 ¹
1089 311 1236 337 adiuvisset
1247 320 1390 346 meumque
1403 312 1541 338 inimicum
1555 321 1637 338 unum
1650 314 1675 339 in
1687 314 1793 339 civitate
1801 314 1882 339 hube-

1089 354 1126 374 ret
1141 349 1295 374 inimicum:
1319 357 1369 375 non
1387 349 1476 383 putavi
1495 348 1591 375 fatuam
1608 350 1798 377 inconst-num.-
1814 350 1880 376 nubi

1089 385 1338 420 pertimescendam,
1363 386 1385 412 si
1397 386 1559 421 quibusdam
1572 387 1598 413 in
1609 389 1748 413 sententiis
1759 387 1879 422 paullum

1089 432 1130 449 me
1147 423 1330 449 immutassem
1347 432 1487 458 meamque
1500 423 1662 450 voluntatem
1674 424 1705 450 ad
1718 433 1816 450 summi
1831 424 1880 450 viri

1087 460 1120 485 de
1132 469 1226 496 meque
1238 461 1336 495 optime
1348 461 1433 486 meriti
1445 460 1600 494 dignitatem
1613 469 1806 495 aggregassem.
1840 464 1880 487 ⁴2.

1089 498 1115 524 ln
1133 498 1180 523 hac
1197 498 1327 524 sententia
1342 497 1558 532 complectendus
1574 503 1629 524 erat
1645 498 1710 524 mibi
1727 499 1834 528 Caesar,
1852 503 1883 525 ut

1089 535 1176 565 vides,
1200 536 1226 561 in
1242 535 1381 561 coniuncta
1398 539 1527 561 etcaussa
1539 540 1563 561 et
1574 535 1712 569 dignitate.
1754 535 1800 561 llic
1811 535 1881 561 mul-

1056 578 1058 587 ⁴
1088 577 1143 598 tum
1156 572 1239 598 valuit
1250 581 1333 606 quum
1348 576 1422 598 vetus
1434 573 1562 601 amicitia.
1579 581 1659 607 quarn
1672 577 1698 598 tu
1712 581 1762 598 uon
1775 574 1881 607 ignoras

1088 610 1153 636 milii
1170 614 1195 636 et
1209 611 1240 641 Q.
1255 609 1325 635 fratri
1343 618 1404 636 cum
1416 610 1525 636 Caesare
1542 609 1637 639 fuisse,
1659 615 1715 635 tuin
1729 609 1881 636 humanitas

1087 647 1145 673 eius
1161 656 1190 672 ac
1207 646 1363 677 liberalitas,
1386 646 1459 673 brevi
1476 652 1593 682 tempore
1608 651 1633 673 et
1646 646 1738 673 litteris
1750 651 1774 672 et
1785 646 1881 673 officiis

1087 689 1222 719 perspecta
1245 684 1320 710 nobis
1341 689 1367 710 et
1385 685 1500 719 cognita.
1546 684 1719 710 Vehementer
1738 684 1817 710 etiam
1838 692 1880 710 res

1087 722 1143 756 ipsa
1156 721 1261 756 publica
1275 730 1316 747 me
1328 722 1418 751 movit,
1427 730 1495 756 ‹ruae
1507 721 1572 747 mibi
1586 721 1725 747 videbatur
1735 722 1880 747 contentio-

1087 767 1156 788 nem,
1170 759 1322 793 praesertim
1336 759 1460 784 maximis
1472 759 1551 784 rebus
1563 768 1575 783 a
1588 759 1697 784 Caesare
1708 758 1804 794 gestis.
1817 767 1880 784 cum

1086 796 1141 822 illis
1153 797 1217 822 viris
1230 796 1297 822 nolle
1310 796 1364 822 lieri
1377 801 1410 826 et,
1428 805 1459 822 ne
1472 796 1552 825 lieret,
1567 795 1736 822 veliementer
1747 804 1878 822 recusare.

1086 834 1251 859 Gravissimc
1263 838 1349 859 autem
1359 842 1399 859 me
1411 834 1436 859 in
1450 834 1516 859 banc
1528 838 1642 859 mentem
1655 833 1761 867 impulit
1771 833 1880 859 etP0m—

1087 871 1138 905 peii
1150 870 1228 900 tides.
1241 879 1322 905 quam
1335 870 1367 896 de
1379 879 1420 896 me
1432 871 1535 896 Caesari
1547 870 1666 900 dederat,
1680 875 1705 896 et
1717 870 1803 896 {ratris
1815 871 1877 901 mei,

1086 916 1166 942 quam
1180 908 1312 942 Pompeio.
1352 908 1433 934 Erant
1449 912 1579 942 praeterea
1593 908 1656 933 baec
1667 907 1880 933 animadverten-

1086 944 1118 971 da
1131 945 1156 971 in
1168 945 1273 971 civitate
1282 966 1287 974 ,
1300 953 1368 980 quae
1380 950 1441 971 sunt
1453 945 1523 979 apud
1537 945 1670 971 Platonem
1682 950 1801 971 nostrum
1813 945 1880 971 scri-

1086 986 1129 1017 pta
1144 982 1289 1008 divinitus:
1311 982 1409 1014 Quales
1430 983 1457 1008 in
1474 982 1610 1017 republica
1630 983 1764 1016 principes
1779 987 1877 1012 essent,

1086 1019 1150 1046 tales
1167 1020 1283 1054 reliquos
1299 1019 1383 1046 solere
1399 1028 1458 1045 esse
1473 1020 1556 1045 cives.
1596 1019 1728 1045 Tenebam
1742 1020 1876 1049 memoria.

1086 1057 1162 1083 nobis
1173 1057 1341 1087 consulibus,
1355 1065 1383 1083 ea
1396 1056 1567 1083 fundamenta
1579 1057 1644 1082 iacta
1657 1065 1690 1082 ex
1701 1056 1827 1082 Kalendis
1839 1057 1880 1082 ta-

1086 1094 1186 1120 nuariis
1197 1094 1370 1120 confirmandi
1382 1098 1503 1125 senatus,
1517 1099 1544 1119 ut
1556 1094 1688 1120 neminem
1701 1094 1790 1119 mirari
1802 1102 1878 1128 opor-

1085 1136 1162 1161 teret,
1178 1132 1260 1158 Nonis
1272 1131 1462 1158 Decembribus
1478 1135 1579 1157 tantum
1596 1130 1637 1157 vel
1653 1131 1734 1157 animi
1751 1130 1834 1157 fuisse
1850 1132 1876 1158 in

1084 1169 1130 1195 illo
1150 1169 1242 1195 ordine
1264 1168 1304 1195 vel
1329 1169 1501 1195 auctoritatis
1542 1167 1670 1203 idemque
1694 1169 1875 1199 memineram,

1085 1206 1161 1232 nobis
1177 1206 1288 1241 privatis
1304 1214 1390 1241 usque
1405 1205 1437 1232 ad
1449 1206 1586 1232 Caesarem
1602 1210 1628 1231 et
1640 1205 1766 1231 Bibulum
1781 1214 1879 1232 consu-

1085 1243 1136 1274 les,
1152 1252 1237 1278 quum
1253 1243 1399 1270 sententiae
1415 1248 1519 1269 nostrae
1530 1251 1657 1278 magnum
1669 1243 1696 1268 in
1706 1248 1799 1269 senatu
1811 1251 1879 1277 pon—

1083 1280 1134 1307 dus
1159 1281 1298 1311 haberent,
1326 1289 1410 1307 unum
1436 1280 1489 1307 sere
1512 1288 1622 1306 sensum
1645 1279 1728 1306 tuisse
1748 1280 1877 1306 bonorum

1082 1318 1214 1345 omnium.
1257 1319 1295 1344 ta.
1313 1318 1414 1349 Postea,
1427 1326 1512 1353 quum
1525 1322 1552 1343 tu
1564 1317 1719 1352 Hispaniam
1729 1317 1877 1344 citeriorem

1082 1363 1143 1382 cum
1157 1356 1269 1390 imperio
1278 1355 1424 1386 obtineres,
1439 1363 1525 1390 neque
1536 1353 1686 1389 respublica
1695 1354 1819 1381 consules
1831 1354 1878 1381 ha-

1083 1392 1164 1423 beret.
1177 1392 1224 1419 sed
1236 1397 1393 1419 mercatores
1404 1392 1600 1427 provinciarum
1612 1396 1637 1418 et
1648 1391 1810 1418 seditionum
1821 1400 1878 1418 ser—

1084 1439 1130 1457 vos
1151 1439 1181 1456 ac
1201 1430 1352 1461 ministros,
1372 1430 1434 1456 iecit
1453 1429 1564 1464 quidam
1584 1437 1662 1455 casus
1675 1433 1756 1464 caput
1775 1437 1874 1460 meum,

1082 1467 1159 1502 quasi
1174 1467 1327 1494 certaminis
1341 1467 1477 1498 caussa,in
1492 1466 1606 1493 mediam
1616 1467 1810 1493 contentionem
1820 1466 1878 1492 dis-

1082 1505 1289 1540 sensionemque
1300 1504 1418 1531 civilem.
1453 1503 1511 1536 Quo
1521 1504 1548 1530 in
1560 1503 1714 1530 discrimine
1723 1512 1809 1539 quum
1826 1504 1878 1529 mi-

1083 1541 1154 1568 rifica
1174 1546 1296 1573 senatus.
1319 1541 1484 1568 incredibilis
1504 1540 1593 1567 ltaliae
1613 1541 1706 1571 totius,
1731 1540 1876 1577 singularis

1082 1579 1202 1606 omnium
1219 1579 1349 1605 bonorum
1364 1579 1504 1605 consensio
1513 1578 1539 1604 in
1552 1586 1595 1604 me
1605 1577 1704 1604 tuendo
1714 1579 1874 1604 exstitisset:

1083 1625 1134 1642 non
1145 1615 1240 1647 dicam,
1258 1615 1324 1651 quid
1335 1615 1473 1642 acciderit:
1486 1614 1642 1649 (multorum
1657 1620 1697 1641 est
1711 1615 1782 1641 enim
1793 1619 1819 1641 et
1831 1624 1877 1641 va-

1082 1654 1119 1680 ria
1133 1652 1235 1688 culpa):
1258 1657 1359 1679 tantum
1371 1652 1458 1678 dicam
1473 1652 1562 1683 brevi,
1579 1660 1630 1678 non
1642 1651 1708 1678 mihi
1719 1653 1875 1682 exercitum,

1081 1690 1129 1717 sed
1143 1690 1226 1717 duces
1245 1689 1375 1716 defuisse.
1415 1690 1444 1716 ln
1458 1697 1525 1724 quo,
1548 1689 1644 1715 utiam
1659 1689 1730 1715 sitin
1741 1689 1774 1715 iis
1785 1689 1874 1724 culpa,

1080 1728 1128 1762 qui
1140 1736 1182 1754 me
1194 1736 1245 1754 non
1256 1727 1445 1758 desenderunt;
1463 1735 1515 1753 non
1525 1726 1612 1752 minor
1622 1727 1699 1752 estin
1711 1726 1744 1752 iis
1752 1747 1758 1758 ,
1774 1727 1822 1761 qui
1834 1735 1876 1753 re-

1082 1764 1232 1800 liquerunt:
1250 1769 1288 1795 et,
1301 1765 1324 1790 si
1336 1763 1478 1790 accusandi
1490 1768 1562 1794 sunt,
1575 1764 1598 1789 si
1609 1763 1657 1798 qui
1669 1764 1873 1797 pertimuerunt,

1081 1803 1166 1837 magis
1181 1803 1259 1828 etiam
1277 1800 1501 1836 reprehendendi,
1517 1801 1541 1827 si
1556 1800 1604 1836 qui
1615 1809 1644 1827 se
1659 1801 1752 1827 timere
1763 1800 1876 1827 simula-

1081 1844 1151 1865 runt.
1178 1839 1248 1866 Illud
1259 1838 1370 1874 quidem
1381 1842 1451 1865 certe
1462 1842 1583 1864 nostrum
1593 1836 1736 1864 consilium
1748 1838 1807 1864 iure
1817 1837 1873 1864 lau·

1079 1876 1198 1902 dandum
1210 1881 1258 1907 est,
1271 1876 1319 1911 qui
1330 1884 1403 1902 meos
1413 1875 1496 1905 cives,
1504 1880 1529 1901 et
1539 1883 1553 1901 a
1565 1883 1607 1901 me
1617 1879 1786 1902 conservatos
1796 1879 1823 1901 et
1832 1883 1875 1902 me

1080 1922 1185 1940 servare
1200 1914 1352 1948 cupientes,
1375 1912 1502 1948 spoliatos
1516 1911 1647 1943 ducibus,
1665 1912 1752 1938 servis
1767 1913 1875 1939 armatis

1079 1950 1296 1977 obiicinoluerim
1303 1950 1484 1985 declararique
1496 1948 1644 1979 maluerim,
1653 1954 1751 1985 quanta
1763 1950 1804 1976 vis
1815 1958 1874 1976 esse

1080 1989 1211 2022 potuisset
1225 1988 1253 2014 in
1267 1996 1400 2014 consensu
1415 1987 1560 2017 honorum,
1582 1987 1604 2012 si
1620 1986 1654 2012 iis
1669 1995 1717 2021 pro
1732 1995 1774 2013 me
1789 1991 1874 2013 stante

1080 2033 1199 2061 pugnare
1210 2025 1343 2056 licuisset,
1356 2033 1442 2060 quum
1454 2023 1581 2050 afflictum
1593 2024 1706 2050 excitare
1712 2024 1872 2058 potuissent.

1079 2062 1198 2095 Quorum
1218 2062 1328 2098 quidem
1349 2062 1468 2088 animum
1488 2066 1516 2088 tu
1532 2069 1583 2088 non
1599 2061 1758 2096 perspexisti
1774 2060 1871 2091 solum.

1078 2108 1164 2135 quum
1179 2099 1213 2126 de
1229 2108 1271 2126 me
1287 2107 1392 2135 ageres,
1413 2099 1461 2125 sed
1477 2099 1557 2125 etiam
1572 2098 1733 2124 confirmasti
1745 2102 1824 2132 atque
1834 2102 1874 2124 te-

1080 2137 1173 2163 nuisti.
1206 2138 1245 2163 tt.
1266 2136 1323 2169 Qua
1335 2137 1362 2163 in
1373 2144 1467 2163 caussa
1478 2136 1539 2171 (non
1551 2135 1629 2162 modo
1641 2143 1692 2162 non
1702 2135 1812 2171 negabo.
1825 2134 1873 2161 sed

1048 2170 1050 2176 ’
1078 2175 1159 2201 etiam
1177 2182 1284 2209 semper
1303 2179 1329 2200 et
1347 2174 1494 2200 meminero
1512 2177 1538 2199 et
1562 2172 1720 2207 praedicabo
1741 2171 1874 2207 libenter,)

1079 2220 1145 2238 usus
1161 2219 1189 2238 es
1204 2211 1368 2246 quibusdam
1381 2210 1556 2237 nobilissimis
1567 2209 1735 2239 hominibus,
1759 2208 1874 2236 fortiori-

1078 2249 1129 2275 bus
1143 2249 1171 2275 in
1187 2257 1230 2274 me
1241 2248 1419 2279 restituendo.
1441 2256 1523 2282 quam
1535 2246 1639 2273 fuerant
1649 2246 1730 2272 iidem
1742 2245 1769 2272 in
1781 2250 1873 2272 tenen-

1077 2286 1124 2312 do:
1146 2294 1199 2321 qua
1211 2286 1238 2312 in
1249 2286 1379 2312 sententia
1391 2285 1414 2311 si
1427 2289 1547 2311 constare
1556 2283 1718 2313 voluissent.
1735 2291 1813 2309 suam
1823 2291 1872 2309 au·-

1076 2323 1222 2350 ctoritatem
1238 2322 1319 2349 simul
1334 2331 1395 2349 cum
1406 2321 1491 2348 salute
1502 2329 1560 2348 mea
1571 2325 1780 2355 recuperassent.
1820 2320 1872 2346 Re»

1076 2361 1172 2386 creatis
1181 2361 1252 2386 enim
1264 2360 1342 2386 bonis
1353 2359 1418 2386 viris
1428 2358 1568 2385 consulatu
1580 2362 1638 2387 tuo,
1651 2362 1676 2383 et
1685 2357 1872 2384 constantissi-

1077 2398 1128 2424 mis
1144 2402 1225 2432 atque
1234 2398 1344 2432 optimis
1355 2396 1504 2423 actionibus
1516 2395 1570 2422 tuis
1581 2394 1715 2424 excitatis.
1729 2394 1778 2421 Cn.
1791 2395 1871 2420 Pom-

1076 2435 1136 2469 peio
1155 2435 1310 2469 praesertim
1329 2433 1364 2460 ad
1382 2441 1503 2460 caussam
1524 2431 1661 2458 adiuncto:
1683 2440 1769 2466 quum
1789 2432 1870 2458 etiam

1076 2472 1180 2503 Caesar,
1194 2472 1274 2498 rebus
1286 2472 1411 2498 maximis
1421 2470 1518 2506 gestis,
1531 2467 1716 2504 singularibus
1725 2473 1833 2495 ornatus
1843 2473 1870 2495 et

1076 2509 1152 2535 novis
1167 2509 1315 2536 honoribus
1329 2517 1358 2535 ac
1373 2507 1480 2534 iudiciis
1495 2510 1617 2536 senatus,
1639 2505 1672 2532 ad
1686 2506 1868 2532 auctoritatem

1075 2546 1134 2572 eius
1143 2545 1244 2573 ordinis
1257 2545 1458 2581 adiungeretur;
1476 2542 1544 2570 nulli
1555 2543 1676 2577 improbo
1686 2543 1739 2570 civi
1751 2543 1824 2570 locus
1835 2542 1868 2569 ad

1075 2582 1268 2618 rempublicam
1284 2581 1434 2609 violandam
1449 2589 1508 2607 esse
1523 2581 1662 2615 potuisset.
1703 2581 1744 2606 ⁴5.
1766 2579 1819 2606 Sed
1828 2585 1868 2606 at-

1074 2620 1162 2652 tende,
1175 2628 1288 2655 quaeso,
1303 2628 1372 2655 quae
1382 2619 1435 2645 sint
1445 2621 1597 2645 consecuta.
1637 2617 1756 2644 Primum
1767 2616 1814 2644 itte
1825 2616 1868 2644 fur
