1941 3052
365 137 697 165 EPISTOLARUM
726 137 782 163 AD
810 135 841 168 Q.

59 210 193 238 stissimae
208 213 234 235 et
249 208 382 235 maximae
398 209 550 235 societates:
568 208 641 243 quod
655 207 767 242 quidem
783 206 851 233 mihi

59 248 159 275 idcirco
171 246 317 273 iucundius
328 250 376 277 est,
390 245 462 280 quod
475 245 545 271 idem
558 245 659 272 faciunt
670 245 774 272 Graeci.
795 243 852 270 Dif-

59 284 128 311 ficile
139 288 179 310 est
190 288 288 314 autem,
301 291 340 314 ea,
353 291 422 318 quae
433 282 595 314 commodis,
608 282 722 309 utilitate
734 286 759 308 et
770 290 851 316 prope

59 326 152 349 natura
162 321 269 347 diversa
280 325 351 351 sunt,
365 320 500 346 voluntate
512 321 685 355 coniungere.
706 320 739 345 At
749 328 779 345 ea
790 319 853 353 qui-

59 359 133 390 dem,
149 367 218 393 quae
230 366 310 392 supra
322 358 420 392 scripta
431 362 507 388 sunt,
526 366 578 383 non
594 362 623 383 ut
636 362 660 383 te
672 357 850 386 instituerem,

59 396 164 431 scripsi,
173 395 270 430 (neque
280 395 351 421 enim
361 394 504 429 prudentia
515 399 558 420 tua
570 396 732 429 cuiusquam
744 401 853 428 praece-

59 438 102 469 pta
122 432 278 467 desiderat.)
298 432 345 458 sed
366 441 408 458 me
428 432 456 458 in
477 431 620 457 scribendo
635 431 853 457 commemoratio

59 476 119 498 tuae
130 470 238 497 virtutis
249 469 406 496 delectavit:
419 477 585 503 quamquam
597 469 624 494 in
637 468 680 494 his
693 468 788 494 litteris
796 467 853 493 lon—

58 509 117 543 gior
126 507 166 534 fui
174 528 180 538 ,
198 515 280 541 quam
291 511 337 533 aut
348 506 459 537 vellem,
477 510 523 532 aut
533 515 614 540 quam
627 514 668 531 me
680 505 774 540 putavi
786 504 851 530 sore.

59 545 130 571 XIII.
143 545 185 571 37.
207 545 296 571 Unum
308 548 356 574 est.
370 543 440 578 quod
455 543 504 570 tibi
516 552 565 578 ego
576 543 730 577 praecipere
742 551 793 568 non
805 541 853 567 de-

58 583 159 613 sinam,
178 590 265 616 neque
281 586 306 608 te
321 581 407 616 patiar
417 580 558 615 (quantum
571 581 598 606 in
610 588 651 605 me
662 580 720 614 erit)
732 588 793 605 cum
805 587 853 604 ex-

57 620 180 654 ceptione
196 618 310 645 laudari.
350 618 449 644 Omnes
465 618 551 648 enim,
570 618 617 652 qui
632 617 712 643 istinc
728 616 849 646 veniunt,

57 658 94 684 ita
105 657 139 683 de
151 661 195 683 tua
207 656 318 687 virtute,
335 655 500 690 integritate,
514 654 678 680 humanitate
690 661 853 680 commemo-

58 698 130 725 rant,
146 698 177 721 ut
191 694 219 720 in
230 693 283 720 tuis
294 692 410 719 summis
422 691 548 718 laudibus
560 692 696 725 excipiant
706 699 788 716 unam
800 690 853 716 ira-

58 731 195 758 cundiam.
235 730 312 762 Quod
328 730 425 756 vitium
441 738 526 764 quum
542 729 569 754 in
585 729 634 754 hac
648 729 751 762 privata
763 727 853 762 quoti-

58 769 192 804 dianaque
203 768 258 794 vita
270 766 337 793 levis
348 775 407 793 esse
423 766 507 793 animi
523 771 602 801 atque
618 765 718 791 infirmi
734 765 850 795 videtur,

58 811 115 839 tum
131 814 194 832 vero
209 803 279 831 nihil
294 808 335 831 est
349 808 403 830 tam
417 803 549 834 deforme,
571 811 653 837 quam
669 802 702 828 ad
713 810 852 828 summum

59 843 203 878 imperium
214 842 294 868 etiam
305 841 477 868 acerbitatem
488 845 597 866 naturae
609 840 765 875 adiungere.
781 839 853 871 Qua-

59 889 85 907 re
97 879 165 906 illud
175 888 227 906 non
239 879 401 913 suscipiam,
414 883 456 909 ut,
470 886 538 912 quae
550 877 582 903 de
594 877 733 903 iracundia
744 877 798 903 dici
810 885 853 902 so-

59 917 137 944 lenta
149 917 313 943 doctissimis
324 915 495 946 hominibus,
517 924 546 941 ea
563 915 613 941 tibi
625 924 696 941 nunc
708 922 850 949 exponam,

58 963 143 990 quum
163 959 189 981 et
208 954 291 980 nimis
311 953 408 989 longus
423 961 482 979 esse
498 952 594 983 nolim,
617 957 642 978 et
657 961 691 978 ex
706 951 852 978 multorum

58 992 165 1026 seriptis
181 1000 211 1017 ea
227 990 304 1017 facile
319 991 408 1025 possis
424 998 597 1025 cognoscere3
620 989 702 1020 illud,
725 989 797 1024 quod
814 992 854 1014 est

58 1029 185 1064 epistolae
201 1029 353 1063 proprium,
372 1032 401 1054 ut
416 1028 453 1058 is,
471 1027 504 1053 ad
519 1036 601 1062 quem
615 1027 758 1057 scribitur,
775 1026 807 1052 de
820 1026 853 1051 iis

58 1067 149 1098 rebus,
162 1075 230 1101 quas
243 1067 354 1101 ignorat,
363 1065 459 1091 certior
470 1063 798 1099 fiat,praetermittendum
810 1072 854 1089 es-

58 1112 87 1131 se
97 1112 150 1130 non
161 1108 235 1138 puto,
269 1105 311 1130 38.
332 1103 376 1129 Sic
387 1102 419 1129 ad
433 1111 481 1128 nos
491 1111 585 1128 omnes
598 1101 651 1128 fere
663 1101 797 1131 deferunt,
811 1101 853 1127 ni-

59 1141 111 1173 hil,
128 1150 214 1176 quum
231 1140 301 1167 absit
316 1139 468 1171 iracundia,
487 1144 510 1166 te
528 1139 584 1166 fieri
598 1148 677 1174 posse
689 1139 851 1165 iucundius:

58 1179 106 1205 sed
117 1187 202 1214 quum
218 1182 242 1204 te
257 1178 371 1204 alicuius
383 1177 541 1212 improbitas
552 1177 769 1212 perversitasque
780 1185 854 1203 com-

58 1217 186 1247 moverit,
202 1216 241 1242 sic
253 1220 276 1242 te
288 1215 377 1242 animo
389 1215 508 1246 incitari,
526 1219 556 1241 ut
566 1215 599 1241 ab
611 1215 738 1241 omnibus
750 1219 795 1241 tua
806 1214 855 1240 de-

58 1253 192 1280 sideretur
207 1253 371 1279 humanitas.
410 1252 497 1284 Quare
513 1253 641 1286 quoniam
657 1253 685 1278 in
701 1261 759 1278 eam
775 1253 855 1278 ratio-

59 1299 121 1318 nem
142 1291 212 1317 vitae
232 1298 280 1316 nos
301 1298 352 1316 non
374 1294 427 1316 tam
443 1289 578 1323 cupiditas
594 1289 726 1324 quaedam
742 1289 853 1325 gloriae,

59 1337 141 1363 quam
152 1336 194 1354 res
204 1328 263 1362 ipsa
274 1335 304 1353 ac
315 1327 419 1353 fortuna
431 1326 553 1358 deduxit,
567 1331 595 1353 ut
605 1327 788 1362 sempiternus
799 1335 856 1353 ser-

60 1374 103 1392 mo
115 1365 256 1391 hominum
266 1364 299 1390 de
311 1364 388 1390 nobis
403 1363 511 1390 futurus
525 1365 573 1397 sit3
591 1373 750 1396 caveamus,
768 1373 856 1399 quan-

60 1408 116 1430 tum
128 1402 233 1429 efficere
245 1406 270 1428 et
281 1402 410 1436 consequi
422 1410 581 1436 possumus,
600 1406 672 1428 utne
683 1402 756 1437 quod
768 1403 794 1428 in
808 1410 856 1428 no—

59 1440 102 1467 bis
118 1441 224 1475 insigne
240 1440 338 1466 vitium
359 1438 443 1465 fuisse
463 1438 578 1465 dicatur.
619 1440 712 1474 Neque
735 1448 785 1475 ego
807 1440 855 1465 hoc

60 1486 132 1504 nunc
147 1476 292 1508 contendo,
309 1476 382 1511 quod
398 1476 509 1502 sortasse
524 1485 610 1511 quum
626 1477 653 1503 in
665 1478 738 1503 omni
750 1482 853 1507 natura,

60 1520 117 1542 tum
129 1515 181 1541 iam
194 1515 221 1541 in
233 1518 321 1540 nostra
332 1518 415 1540 aetate
427 1513 539 1540 difficile
550 1518 603 1545 est,
620 1519 722 1540 mutare
734 1515 855 1541 animum

59 1557 93 1584 et,
102 1553 126 1578 si
136 1552 203 1587 quid
215 1556 254 1578 est
265 1551 373 1586 penitus
384 1551 496 1577 insitum
508 1551 639 1583 moribus,
648 1551 675 1578 id
681 1552 772 1579 subito
783 1552 856 1578 evel-

61 1589 128 1616 lere:
141 1589 189 1616 sed
201 1593 224 1616 te
236 1588 305 1615 illud
316 1588 455 1620 admoneo,
470 1593 507 1619 ut,
520 1589 543 1614 si
556 1589 605 1615 hoc
616 1589 695 1623 plane
707 1590 791 1616 vitare
804 1598 855 1615 non

60 1631 144 1662 potes,
152 1626 224 1661 quod
232 1630 443 1661 anteoccupatur
453 1626 561 1652 animus
573 1626 606 1652 ab
617 1627 766 1658 iracundia,
774 1635 855 1662 quam

60 1664 200 1699 providere
212 1664 278 1690 ratio
289 1664 385 1699 potuit,
394 1672 426 1689 ne
437 1668 622 1698 occuparetur,
636 1669 665 1690 ut
676 1669 700 1691 te
711 1670 771 1691 ante
783 1673 856 1691 com-

59 1709 151 1736 pareS,
173 1700 350 1736 quotidieque
366 1700 507 1732 meditere,
530 1701 711 1728 resistendum
727 1711 786 1728 esse
803 1703 856 1728 ira-

60 1738 187 1772 cundiae;
206 1747 347 1774 quumque
357 1747 387 1764 ea
399 1739 516 1764 maxime
528 1739 649 1765 animum
662 1744 780 1770 moveat,
799 1744 855 1766 tum

60 1776 110 1803 tibi
125 1784 184 1802 esse
198 1775 407 1812 diligentissime
424 1776 544 1811 linguam
560 1777 763 1803 continendam:
787 1786 855 1811 quae

60 1813 171 1848 quidem
183 1813 250 1840 mihi
263 1814 348 1840 virtus
355 1813 765 1846 noninterdumminorvidetur,
774 1823 855 1849 quam

60 1851 169 1878 omnino
181 1859 232 1877 non
242 1851 332 1877 irasci.
367 1851 434 1876 Nam
447 1850 514 1876 illud
527 1860 578 1877 non
589 1851 676 1877 solum
688 1857 728 1878 est
738 1853 857 1888 gravita-

60 1888 109 1920 tis,
132 1887 179 1914 sed
195 1896 399 1923 nonnumquam
415 1888 495 1914 etiam
515 1887 697 1916 lentitudinis:
723 1889 856 1916 moderari

62 1933 124 1952 vero
135 1929 161 1952 et
171 1925 260 1951 animo
270 1929 296 1951 et
305 1925 431 1956 orationi,
449 1934 533 1960 quum
546 1926 584 1951 sis
601 1926 698 1957 iratus,
715 1931 761 1953 aut
775 1928 855 1954 etiam

60 1967 147 1989 tacere
162 1966 188 1989 et
198 1967 287 1989 tenere
298 1963 326 1989 in
338 1971 386 1988 sua
397 1967 525 1996 potestate
537 1967 639 1989 motum
651 1964 734 1990 animi
746 1968 771 1990 et
781 1964 857 1991 dolo-

61 2008 130 2031 rem,
148 1999 198 2025 etsi
215 2008 266 2026 non
278 2004 319 2026 est
332 1999 463 2034 perfectae
475 2000 634 2034 sapientiae,
655 2005 741 2027 tamen
753 2006 793 2028 est
805 2010 856 2028 non

60 2037 204 2063 mediocris
215 2037 328 2072 ingenii.
368 2038 409 2063 39.
430 2036 517 2071 Atque
529 2037 555 2063 in
569 2037 617 2063 hoc
628 2046 725 2072 genere
737 2038 821 2065 multo
833 2043 856 2065 te

60 2082 119 2100 esse
131 2074 183 2100 iam
195 2073 404 2100 commodiorem
417 2074 604 2108 mitioremque
617 2076 750 2102 nuntiant.
789 2075 857 2102 Nul-

61 2110 101 2138 lae
110 2116 171 2138 tuae
182 2111 397 2138 vehementiores
408 2111 491 2137 animi
502 2112 702 2143 concitationes,
716 2112 788 2139 nulla
800 2122 858 2139 ma—

62 2147 157 2175 ledicta
167 2148 200 2175 ad
213 2158 274 2179 nos,
293 2148 382 2175 nullae.
396 2148 574 2175 contumeliae
585 2149 769 2183 perferuntur:
787 2159 858 2185 quae

61 2194 145 2221 quum
163 2186 309 2213 abhorrent
323 2195 337 2212 a
355 2185 463 2217 titteris,
481 2186 515 2212 ab
527 2186 706 2218 humanitate,
725 2193 781 2214 tum
795 2196 856 2214 vero

61 2223 190 2250 contraria
202 2228 265 2250 sunt
277 2224 390 2258 imperio
401 2232 431 2249 ac
441 2223 576 2258 dignitati.
613 2224 679 2250 Nam
691 2225 714 2250 si
727 2225 857 2259 implaca-

62 2259 129 2287 biles
141 2260 296 2287 iracundiae
307 2262 374 2292 sint,
387 2269 493 2287 summa
504 2265 544 2287 est
555 2261 699 2288 acerbitas:
712 2263 755 2288 sin
767 2267 857 2289 autem

62 2297 225 2329 exorabiles,
243 2307 349 2324 summa
367 2298 474 2324 levitas:
492 2306 561 2332 quae
577 2303 664 2325 tamen
678 2299 756 2334 (utin
768 2299 857 2334 malis)

63 2335 198 2362 acerbitati
214 2335 398 2370 anteponenda
415 2339 464 2362 est.
506 2335 574 2362 xlv.
597 2337 638 2362 40.
660 2336 713 2362 Sed
728 2338 856 2371 quoniam

62 2372 166 2406 primus
179 2381 267 2399 annus
279 2373 373 2399 habuit
383 2373 416 2399 de
429 2373 477 2398 hac
489 2372 696 2407 reprehensione
707 2373 856 2408 plurimum
879 2371 880 2389 ³

62 2410 206 2441 sermonis,
222 2410 302 2437 credo
314 2415 466 2445 propterea,
484 2410 556 2444 quod
572 2410 621 2436 tibi
634 2410 772 2437 hominnm
785 2412 858 2437 iniu-

63 2445 131 2478 riae,
148 2446 220 2481 quod
235 2448 375 2478 avaritiae,
393 2447 465 2482 quod
482 2447 622 2474 insolentia
638 2453 741 2482 praeter
752 2449 858 2483 opinio-

64 2490 125 2509 nem
143 2484 282 2511 accidebat
296 2490 322 2511 et
346 2485 522 2511 intolerabilis
542 2484 697 2517 videbatur,
719 2485 856 2511 secundus

63 2524 151 2547 autem
167 2521 251 2548 multo
267 2522 364 2553 lenior,
389 2522 462 2557 quod
477 2527 503 2548 et
518 2522 684 2548 consuetudo
704 2527 729 2548 et
752 2523 817 2549 ratio
832 2527 858 2549 et

64 2555 103 2620 im
112 2565 161 2593 ego
172 2558 294 2594 arbitror)
310 2568 384 2586 meae
399 2568 507 2595 qnoque
525 2559 624 2585 litterae
636 2564 659 2586 te
671 2560 856 2594 patientiorem

75 2595 247 2630 enioremque
267 2596 399 2624 fecerunt:
425 2597 518 2624 tertius
537 2605 624 2622 annus
646 2598 680 2623 ita
700 2605 759 2623 esse
778 2597 858 2624 debet

65 2631 234 2663 emendatus,
257 2638 287 2661 ut
306 2643 338 2661 ne
357 2635 497 2661 minimam
512 2633 623 2669 quidem
640 2642 695 2660 rem
710 2635 856 2669 quisquam

67 2669 150 2702 possit
159 2668 242 2696 ullam
253 2671 458 2706 reprehendere.
501 2673 540 2698 tt.
564 2671 600 2697 Ac
612 2672 664 2697 iam
677 2671 725 2698 hoc
738 2671 793 2698 loco
805 2680 856 2698 non

876 135 1095 162 FRATREM
1125 135 1247 161 LIB.I.
1279 135 1386 161 Epa.
1646 136 1694 160 799

873 214 882 228 't
903 207 1049 233 hortatione
1061 215 1148 241 neque
1162 206 1324 241 praeceptis,
1342 205 1388 231 sed
1403 205 1530 240 precibus
1542 210 1629 231 tecum
1644 205 1697 231 sra-

874 241 882 277 '¹,
903 245 985 270 ternis
997 253 1059 279 ago:
1074 248 1157 270 totum
1170 248 1197 270 ut
1208 244 1338 273 animum,
1351 252 1442 269 curam
1455 243 1697 278 cogitationemque

881 281 882 284 ’
903 286 975 307 tuam
995 290 1078 315 ponas
1098 282 1125 307 in
1145 281 1266 307 omnium
1293 280 1370 306 laude
1392 280 1512 314 undique
1534 280 1694 315 colligenda.

903 318 979 350 Quod
995 319 1018 344 si
1034 319 1061 344 in
1077 318 1205 345 mediocri
1221 323 1290 344 statu
1306 318 1438 344 sermonis
1449 326 1479 343 ac
1490 317 1697 352 praedicationis

903 361 1007 381 nostrae
1020 365 1061 381 res
1072 361 1174 382 essent:
1189 355 1256 381 nihil
1269 355 1316 381 abs
1328 360 1352 381 te
1364 355 1505 385 eximium,
1514 354 1582 380 nihil
1594 360 1698 389 praeter

904 393 1017 418 aliorum
1042 393 1265 419 consuetudinem
1291 392 1480 427 postularetur.
1521 393 1599 418 Nunc
1624 401 1695 422 vero,

904 435 1010 464 propter
1020 439 1112 456 earum
1124 439 1222 460 rerum,
1232 431 1258 456 in
1270 430 1371 464 quibus
1384 430 1480 455 versati
1492 438 1597 460 sumus,
1606 429 1698 464 splen-

903 467 995 493 dorem
1017 472 1042 493 et
1062 467 1290 502 magnitudinem,
1313 467 1365 493 nisi
1387 476 1522 492 summam
1542 466 1649 492 laudem
1665 475 1698 493 ex

904 505 953 530 ista
966 505 1104 538 provincia
1115 505 1300 535 assequimur,
1317 505 1364 530 vix
1376 504 1500 530 videmur
1510 512 1645 530 summam
1657 505 1699 530 vi-

903 542 1097 575 tuperationem
1117 550 1195 576 posse
1214 542 1308 568 vitare.
1348 542 1385 567 Ea
1402 546 1489 567 nostra
1509 542 1574 567 ratio
1594 546 1647 572 est,
1670 546 1700 567 ut

902 587 996 604 omnes
1008 579 1071 604 boni
1083 588 1168 614 quum
1181 579 1299 609 faveant,
1316 583 1373 604 tum
1385 579 1464 604 etiam
1477 587 1490 604 a
1502 578 1580 604 nobis
1591 587 1698 605 omnem

904 615 1073 651 diligentiam
1094 617 1277 650 virtutemque
1297 620 1322 642 et
1342 616 1477 650 postulent
1491 621 1517 642 et
1532 620 1696 651 exspectent,

903 662 996 679 omnes
1008 658 1096 679 autem
1110 654 1225 688 improbi
1240 653 1322 687 (quod
1334 662 1395 679 cum
1408 653 1450 679 his
1463 653 1565 679 bellum
1577 654 1699 687 suscepi-

904 699 965 716 mus
975 691 1179 725 sempiternum)
1187 690 1228 716 vel
1240 691 1351 716 minima
1364 699 1390 716 re
1401 691 1433 716 ad
1446 690 1700 725 reprehendendum

903 729 1020 753 contenti
1035 736 1094 753 esse
1116 728 1266 753 videantur.
1308 729 1348 753 4¹22.
1370 727 1457 759 Quare
1477 729 1605 762 quoniam
1627 729 1700 754 eius-

904 764 976 790 modi
994 765 1126 791 theatrum
1144 766 1196 791 tuis
1211 765 1358 790 virtutibus
1370 770 1409 790 est
1421 765 1513 790 datum
1523 786 1528 796 ‚
1546 765 1700 791 celebritate

905 801 1125 833 refertissimum,
1153 801 1339 837 magnitudine
1360 802 1574 836 amplissimum,
1598 803 1701 828 iudicio

904 839 1134 870 eruditissimum,
1154 844 1247 865 natura
1263 844 1352 865 autem
1365 840 1399 865 ita
1411 848 1552 870 resonans,
1572 844 1599 866 ut
1614 848 1700 874 usque

904 877 1015 902 Romam
1031 876 1241 912 significationes
1259 885 1391 911 vocesque
1412 876 1573 903 referantur:
1591 881 1701 903 conten-

904 914 947 945 de,
961 922 1075 948 quaeso,
1088 919 1167 949 atque
1179 914 1301 944 elabora,
1315 922 1368 940 non
1381 913 1460 940 modo
1472 914 1554 940 uthis
1566 914 1648 940 rebus
1659 913 1702 940 di-

904 960 975 987 gnus
990 951 1087 982 fuisse,
1111 951 1158 977 sed
1174 952 1254 977 etiam
1271 956 1299 977 ut
1315 951 1359 977 illa
1374 952 1463 977 omnia
1476 952 1528 977 tuis
1541 952 1644 978 artibus
1655 959 1702 977 su-

905 997 1012 1023 perasse
1024 989 1142 1015 videare.
1175 989 1232 1015 XV.
1251 990 1290 1015 43.
1304 989 1336 1014 Et
1346 989 1474 1023 quoniam
1487 989 1554 1015 mihi
1566 998 1645 1015 casus
1656 997 1702 1015 ur-

905 1026 1003 1052 banam
1023 1027 1051 1052 in
1072 1026 1275 1062 magistratibus
1294 1026 1553 1053 administrationem
1570 1026 1703 1061 reipubli-

904 1072 964 1095 cae,
983 1064 1032 1090 tibi
1047 1064 1240 1098 provincialem
1257 1064 1343 1096 dedit;
1368 1069 1393 1090 et
1410 1065 1433 1090 si
1450 1072 1508 1090 mea
1524 1073 1585 1098 pars
1600 1064 1702 1090 nemini

905 1101 985 1133 cedit,
1000 1101 1052 1131 fac,
1069 1106 1097 1128 ut
1108 1106 1152 1128 tua
1163 1106 1264 1128 ceteros
1277 1102 1375 1127 vincat.
1416 1101 1502 1127 Simul
1514 1106 1539 1128 et
1551 1101 1619 1127 illud
1629 1102 1704 1136 cogi-

906 1144 944 1170 ta,
962 1148 1010 1166 nos
1022 1148 1073 1166 non
1085 1140 1118 1166 de
1129 1139 1233 1174 reliqua
1245 1144 1270 1166 et
1284 1144 1388 1173 sperata
1404 1139 1487 1175 gloria
1504 1140 1556 1165 iam
1573 1139 1700 1169 laborare,

906 1177 953 1203 sed
964 1177 996 1203 de
1008 1182 1082 1211 parta
1093 1177 1233 1203 dimicare.
1274 1176 1346 1209 Quae
1363 1176 1474 1211 quidem
1491 1186 1543 1203 non
1556 1182 1608 1203 tam
1620 1184 1704 1210 expe-

906 1214 985 1241 tenda
997 1215 1075 1241 nobis
1088 1214 1151 1246 fuit,
1169 1224 1250 1249 qnam
1265 1214 1364 1241 tuenda
1376 1219 1424 1240 est.
1459 1214 1496 1240 Ac
1508 1215 1531 1241 si
1543 1214 1611 1240 mihi
1623 1213 1704 1248 quid-

905 1261 988 1287 quam
1000 1257 1070 1279 esset
1081 1252 1129 1278 abs
1141 1258 1164 1279 te
1176 1257 1339 1287 separatum,
1355 1252 1423 1278 nihil
1438 1251 1555 1286 amplius
1566 1252 1704 1278 desidera-

906 1299 963 1316 rem
978 1290 1027 1316 hoc
1041 1294 1125 1321 statu,
1143 1290 1191 1324 qui
1208 1290 1274 1315 mihi
1292 1290 1344 1315 iam
1360 1294 1451 1323 partus
1463 1294 1512 1315 est.
1553 1290 1630 1315 Nunc
1642 1296 1704 1315 vero

907 1336 949 1354 res
959 1328 999 1353 sic
1010 1336 1069 1353 sese
1081 1327 1170 1358 habet,
1184 1332 1226 1358 ut,
1241 1327 1293 1353 nisi
1305 1327 1394 1352 omnia
1408 1331 1451 1352 tua
1464 1326 1530 1352 sacta
1542 1331 1621 1361 atque
1633 1326 1703 1352 dicta

908 1365 1004 1391 nostris
1017 1365 1097 1391 rebus
1114 1365 1193 1391 istinc
1209 1364 1400 1399 respondeant,
1417 1372 1466 1399 ego
1483 1372 1524 1390 me
1541 1365 1608 1390 meis
1624 1364 1704 1390 tantis

908 1402 1046 1429 laboribus
1070 1403 1204 1436 tantisque
1228 1401 1371 1436 periculis,
1395 1410 1510 1436 quorum
1532 1406 1560 1428 tu
1581 1402 1704 1427 omnium

907 1440 1041 1474 particeps
1059 1439 1147 1470 fuisti,
1166 1439 1234 1465 nihil
1249 1444 1423 1465 consecutum
1435 1443 1538 1473 putem.
1578 1438 1654 1470 Quod
1669 1438 1702 1467 si,

908 1482 937 1504 ut
948 1477 1148 1511 amplissimum
1161 1485 1256 1503 nomen
1269 1484 1504 1511 consequeremur.
1519 1485 1589 1502 unus
1602 1481 1705 1510 praeter

907 1519 1008 1541 ceteros
1020 1514 1163 1540 adiuvisti:
1177 1519 1247 1540 certe
1261 1514 1341 1544 idem,
1359 1518 1387 1539 ut
1399 1513 1425 1539 id
1438 1514 1610 1543 retineamus,
1629 1521 1705 1547 prae·

908 1557 946 1578 ter
957 1557 1058 1578 ceteros
1070 1551 1231 1578 elaborabis.
1258 1552 1315 1577 Non
1327 1556 1367 1577 cst
1379 1551 1427 1576 tibi
1441 1551 1482 1576 liis
1494 1551 1559 1577 solis
1574 1550 1704 1577 utendum

907 1589 1155 1616 existimationibus
1167 1598 1196 1615 ac
1207 1589 1325 1619 iudiciis,
1335 1589 1382 1623 qui
1393 1597 1464 1614 nunc
1471 1593 1542 1619 sunt,
1553 1588 1703 1618 hominum,

908 1627 955 1653 sed
968 1627 1001 1653 iis
1013 1627 1103 1657 ctiam,
1115 1627 1163 1661 qui
1175 1626 1257 1652 futuri
1269 1631 1344 1652 sunt:
1359 1634 1524 1660 quamquam
1537 1625 1644 1652 illorum
1656 1626 1706 1651 erit

909 1665 999 1691 verius
1011 1664 1153 1695 iudicium,
1169 1664 1360 1690 obtrectatione
1371 1668 1395 1689 et
1409 1663 1594 1689 malevolentia
1609 1663 1706 1689 libcra-

908 1706 976 1728 tum.
1018 1703 1058 1728 44.
1080 1702 1200 1736 Denique
1213 1701 1280 1727 illud
1293 1702 1372 1726 etiam
1385 1701 1468 1726 debes
1477 1701 1602 1735 cogitare,
1618 1710 1668 1727 non
1682 1705 1705 1726 to

909 1739 957 1766 tibi
970 1738 1019 1765 soli
1034 1739 1147 1774 gloriam
1164 1747 1306 1773 quaerere:
1324 1738 1395 1772 quod
1413 1739 1435 1763 si
1451 1743 1534 1769 esset,
1553 1743 1704 1764 tamennon

908 1776 1074 1812 negligeres,
1090 1777 1248 1811 praesertim
1259 1784 1344 1810 quum
1357 1775 1534 1810 amplissimis
1547 1784 1706 1802 monumen-

908 1815 942 1840 tis
954 1822 1109 1841 consecrare
1126 1814 1259 1840 voluisses
1276 1814 1432 1839 memoriam
1451 1813 1567 1839 nominis
1584 1813 1636 1839 tui:
1659 1812 1706 1838 sed

908 1860 936 1878 ea
959 1851 1008 1878 tibi
1024 1856 1064 1878 est
1079 1851 1302 1878 communicanda
1318 1859 1438 1880 mecum.
1463 1850 1598 1884 prodenda
1614 1850 1706 1876 liberis

908 1889 1016 1916 nostris.
1038 1890 1066 1915 ln
1077 1898 1130 1924 qna
1142 1889 1293 1915 cavendum
1305 1893 1356 1919 est,
1368 1897 1409 1918 ne,
1423 1888 1446 1913 si
1459 1888 1637 1923 negligentior
1649 1887 1707 1913 sue—

908 1927 954 1957 ris,
969 1935 1020 1953 non
1032 1926 1120 1952 solum
1132 1927 1182 1953 tibi
1194 1934 1289 1961 parum
1300 1925 1484 1955 consuluisse,
1501 1925 1548 1950 sed
1560 1926 1640 1951 etiam
1653 1925 1706 1951 tuis

908 1964 1040 1990 invidisse
1054 1964 1180 1990 videaris.
1222 1964 1292 1990 xvi,
1315 1965 1356 1989 45.
1379 1963 1465 1997 Atque
1483 1963 1546 1988 haec
1559 1971 1610 1989 non
1623 1971 1654 1989 eo
1664 1962 1707 1988 di-

908 2006 1020 2032 cuntur,
1043 2006 1072 2028 ut
1088 2006 1112 2027 te
1128 2001 1211 2028 oratio
1228 2009 1285 2027 mea
1302 2000 1480 2026 dormientem
1496 2001 1641 2029 excitasse,
1659 1999 1706 2026 sed

909 2039 1008 2073 potius.
1022 2043 1051 2065 ut
1061 2043 1212 2065 currentem
1225 2039 1350 2064 incitasse
1363 2037 1495 2064 videatur.
1531 2038 1622 2064 Facies
1634 2038 1706 2063 enim

909 2080 1046 2110 perpetuo.
1069 2084 1139 2110 quae
1160 2076 1262 2106 fecisti,
1286 2080 1315 2102 ut
1334 2084 1428 2102 omnes
1443 2075 1604 2109 nequitatem
1622 2080 1704 2103 tuam,

909 2114 1126 2147 temperantiam,
1154 2113 1324 2139 severitatem
1350 2113 1585 2147 integritatemque
1614 2111 1706 2138 landa-

909 2155 976 2176 rent.
1017 2150 1068 2176 Sed
1091 2159 1132 2176 me
1154 2150 1286 2185 quaedum
1306 2155 1389 2179 tenet,
1413 2155 1520 2184 propter
1540 2149 1705 2184 singularem

909 2196 1036 2217 amorem,
1050 2188 1153 2213 inlinita
1167 2188 1191 2213 in
1207 2192 1229 2213 te
1242 2187 1357 2214 aviditas
1368 2187 1482 2221 gloriae:
1496 2196 1660 2221 (piatiiqnnm
1675 2186 1706 2212 il-

910 2224 955 2250 lud
972 2225 1111 2254 existimo,
1129 2233 1214 2259 quum
1232 2225 1283 2250 iam
1300 2224 1348 2250 tihi
1365 2224 1441 2254 ‚ts-ia,
1458 2224 1527 2250 sient
1545 2225 1591 2250 uni
1607 2225 1706 2258 cuique

909 2271 957 2288 suu
969 2261 1076 2291 domus,
1089 2267 1148 2287 nota
1160 2270 1218 2287 esse
1230 2261 1429 2295 del»eat‚qunm
1442 2261 1474 2286 ad
1487 2266 1559 2287 tuam
1571 2270 1705 2287 smnmam

909 2298 1079 2333 prudentium
1093 2303 1181 2324 tantus
1193 2307 1259 2324 usus
1271 2298 1421 2328 accesserit,
1435 2298 1502 2324 nihil
1514 2298 1660 2332 csse,qnml
1673 2298 1705 2323 ad

910 2336 1016 2362 laudem
1029 2336 1146 2365 attineat.
1162 2335 1234 2370 quod
1248 2345 1298 2361 non
1312 2340 1338 2361 tu
1350 2335 1450 2369 optime
1462 2336 1609 2369 perspicias
1621 2341 1644 2361 et
1658 2335 1706 2361 tihi

909 2383 960 2400 non
971 2374 1030 2399 sine
1041 2373 1203 2407 cuiusquam
1217 2372 1363 2399 hortatione
1377 2373 1402 2398 in
1415 2377 1530 2398 mentem
1545 2374 1703 2407 veniatque-

909 2411 985 2437 tidie.
1013 2410 1066 2436 Sed
1078 2419 1137 2445 ego.
1151 2411 1208 2445 qni,
1222 2419 1307 2444 quum
1321 2414 1364 2435 tua
1378 2409 1445 2443 lego.
1460 2414 1483 2435 te
1496 2409 1598 2439 audire,
1612 2411 1704 2444 etqui,

909 2456 994 2482 quum
1008 2447 1040 2473 ad
1053 2452 1076 2473 tc
1089 2447 1177 2473 scribo
1186 2468 1191 2477 ,
1206 2452 1292 2473 tecum
1307 2447 1379 2481 loqui
1393 2446 1498 2475 videor.
1516 2447 1614 2473 ideirco
1626 2452 1650 2473 et
1663 2452 1705 2473 tua

911 2485 1067 2520 longissima
1083 2493 1191 2519 quaque
1206 2485 1317 2519 epistola
1330 2484 1448 2510 maxime
1459 2483 1589 2515 delector,
1607 2489 1632 2511 et
1649 2485 1706 2519 ipse

910 2523 936 2548 in
949 2521 1091 2548 scribendo
1107 2531 1186 2556 saepe
1201 2531 1263 2548 suni
1280 2522 1391 2555 longior.
1433 2522 1473 2547 Mi.
1497 2521 1564 2547 illud
1577 2526 1600 2547 te
1612 2522 1644 2548 ad
1658 2531 1705 2548 ex-

887 2577 889 2595 «,
910 2564 1024 2585 tremum
1037 2564 1061 2585 et
1072 2568 1117 2585 oro
1128 2564 1153 2585 et
1166 2559 1266 2588 hortor,
1286 2565 1312 2586 ut
1322 2556 1332 2589 ζ
1347 2564 1481 2592 tamquam
1499 2564 1591 2593 poetae
1606 2559 1667 2586 boni
1680 2565 1706 2586 et

909 2601 1010 2623 actores
1023 2596 1148 2623 industrii
1160 2596 1301 2626 salmasii·
1314 2602 1340 2626 tu
1354 2597 1379 2622 in
1391 2601 1509 2622 extrema
1521 2602 1594 2630 parte
1605 2602 1631 2623 ct
1641 2606 1705 2623 con-

908 2633 1029 2660 clusione
1041 2635 1162 2660 muneris
1173 2643 1203 2659 ae
1214 2634 1313 2667 negotii
1326 2635 1364 2660 tui
1376 2633 1604 2668 diligentissimus
1615 2635 1662 2665 sis,
1677 2639 1705 2660 nt

887 2662 889 2705 ¹,
910 2671 953 2697 hic
965 2671 1058 2698 tertius
1070 2680 1157 2698 annus
1169 2672 1275 2706 imperii
1289 2672 1340 2701 tui,
1359 2676 1495 2706 tamquam
1511 2673 1604 2698 tertius
1618 2677 1702 2698 aetus.
