1941 3052
427 141 474 167 IN
505 141 707 168 VERREM

87 215 157 238 ratae
175 210 309 237 Siciliensi
327 210 449 237 Phaselis
472 211 533 238 fuit.
573 212 631 238 Huc
652 213 741 239 omnia
759 211 881 247 undique

86 248 306 283 deportabantur3
331 248 402 282 apud
416 248 482 274 istos
496 249 731 284 relinquebantur:
751 249 824 284 quod
838 257 882 275 ce-

88 284 135 312 lari
153 293 221 320 opus
240 289 307 316 erat,
331 285 467 312 habebant
484 287 632 321 sepositum
650 295 680 313 ac
698 287 878 313 reconditum:

87 331 134 358 per
147 323 227 353 istos,
247 331 316 357 quae
331 322 448 353 volebat,
470 323 497 349 in
516 332 611 350 navem
625 323 694 350 clam
708 323 879 358 imponenda,

87 359 190 387 occulte
211 359 372 394 exportanda
395 360 518 386 curabat:
543 361 632 386 navim
655 361 772 395 denique
795 361 882 386 maxi-

87 405 168 428 mam,
183 405 266 431 quam
280 401 403 423 onustam
418 397 497 423 furtis
511 398 539 424 in
553 397 655 424 Italiam
669 399 794 429 mitteret,
809 397 882 432 apud

86 434 153 461 istos
167 433 316 460 faciendam
331 434 577 470 aedificandamque
591 435 704 461 curavit.
746 436 794 461 Pro
808 435 882 461 hisce

87 471 168 498 rebus
188 472 289 498 vacatio
302 471 362 498 data
376 476 417 498 est
430 472 462 497 ab
477 472 528 498 isto
541 477 681 506 sumptus,
703 472 814 503 laboris,
831 472 882 497 mi-

87 508 173 540 litiae,
194 517 283 535 rerum
302 509 419 544 denique
437 510 568 535 omnium.
609 510 658 535 Per
672 509 817 535 triennium
831 508 881 535 soli

87 554 140 572 non
154 546 233 572 modo
246 547 274 572 in
289 546 393 577 Sicilia,
414 555 522 577 verum,
543 551 573 572 ut
586 547 677 580 opinio
690 554 749 572 mea
763 545 822 577 sert,
839 545 881 571 his

86 583 197 618 quidem
207 584 383 618 temporibus,
400 584 427 610 in
437 584 509 610 omni
520 584 583 610 orbe
594 588 723 609 terrarum
736 583 822 613 vacui,
835 591 883 608 ex-

87 624 184 655 pertes,
201 620 281 647 soluti
297 629 327 647 ac
342 620 418 647 liberi
433 620 541 647 fuerunt
554 621 587 646 ab
601 621 674 647 omni
688 625 808 655 sumptu,
825 628 883 646 mo—

88 658 173 688 lestia,
189 667 310 684 munere.
344 659 386 685 24.
401 659 468 684 Hinc
482 658 528 684 illa
541 658 637 684 Verrea
652 662 712 683 nata
726 661 803 683 sunt:
820 656 883 682 binc

86 695 115 721 in
125 696 279 721 convivium
291 695 353 722 Sex.
366 695 517 722 Cominium
528 695 646 729 protrahi
656 695 744 725 iussit,
760 695 787 720 in
801 702 882 729 quem

87 732 221 768 scyphum
235 732 268 759 de
282 741 363 759 manu
377 733 461 758 iacere
475 736 585 758 conatus
603 736 657 758 est:
681 740 763 767 quem
782 731 882 757 obtorta

86 769 150 805 gula
168 770 201 796 de
219 770 343 796 convivio
360 770 388 796 in
402 769 509 796 vincula
523 774 603 804 atque
616 770 644 795 in
659 769 781 795 tenebras
795 768 882 803 abripi

86 807 176 833 iussit.
198 807 265 833 Hinc
278 806 324 833 illa
337 816 412 838 crux,
428 807 456 833 in
470 815 552 841 quam
566 807 654 833 civem
668 807 818 833 Romanum
832 806 882 831 iste

87 844 180 870 multis
194 844 407 879 inspectantibus
421 844 546 871 sustulit:
573 853 655 879 quam
674 852 726 870 non
745 852 828 870 ausus
842 847 883 869 est

87 889 202 915 usquam
220 881 350 917 defigere⁷
376 882 429 908 nisi
443 881 515 916 apud
529 890 587 912 eos,
613 882 778 916 quibuscum
793 880 881 907 omnia

86 918 186 945 scelera
200 927 248 945 sua
267 927 297 945 ac
316 918 452 946 latrocinia
469 919 704 945 communicasset.
745 918 791 944 XI.
812 918 882 944 Lau-

86 955 179 982 datum
193 956 273 982 etiam
287 964 335 982 vos
349 965 514 992 quemquam
528 957 619 983 venire
629 955 753 982 audetis?
765 955 822 988 Qua
833 964 882 981 au-

86 992 223 1020 ctoritate?
244 998 348 1025 utrum,
373 1002 455 1028 quam
478 993 550 1028 apud
567 994 730 1020 senatorium
748 993 879 1023 ordinem,

86 1039 119 1057 an
137 1039 218 1066 quam
237 1031 308 1066 apud
326 1031 457 1066 populum
475 1031 626 1058 Romanum
645 1031 742 1057 habere
760 1029 882 1056 debetis?

85 1069 128 1095 25.
147 1068 255 1103 Ecquae
268 1069 363 1095 civitas
381 1073 434 1100 est,
455 1078 507 1095 non
526 1069 605 1095 modo
622 1069 650 1095 in
668 1068 815 1104 provinciis
834 1076 882 1093 no-

86 1106 158 1136 stris,
175 1114 267 1132 verum
282 1106 310 1132 in
321 1105 424 1132 ultimis
435 1106 598 1137 nationibus,
611 1110 657 1132 aut
666 1111 719 1132 tam
732 1110 826 1140 potens
836 1109 882 1131 aut

85 1147 140 1169 tam
159 1142 242 1169 libera
260 1147 306 1170 aut
324 1143 404 1170 etiam
422 1148 476 1170 tam
494 1144 621 1170 immanis
640 1152 669 1170 ac
683 1144 809 1175 barbara,
835 1151 882 1169 rex

85 1180 203 1216 denique
216 1181 309 1216 ecquis
323 1185 372 1213 est,
388 1182 436 1216 qui
450 1185 598 1208 senatorem
613 1181 706 1216 populi
720 1180 832 1207 Romani
842 1184 882 1206 te-

85 1221 127 1244 cto
141 1226 170 1244 ac
183 1217 262 1245 domo
276 1227 328 1245 non
342 1218 455 1245 invitet?
476 1219 524 1254 qui
542 1219 626 1245 honos
645 1227 697 1245 non
716 1218 818 1245 homini
837 1225 882 1244 so-

87 1254 143 1281 lum
158 1255 279 1287 habetur,
294 1255 342 1282 sed
356 1257 474 1291 primum
489 1256 588 1291 populo
602 1257 729 1287 Romano,
744 1256 823 1282 cuius
835 1255 882 1281 be-

86 1292 180 1319 neficio
195 1301 242 1319 nos
256 1293 283 1319 in
297 1293 370 1320 hunc
383 1294 503 1320 ordinem
518 1294 651 1324 venimus.
668 1293 765 1320 deinde
779 1292 881 1319 ordinis

85 1330 247 1361 auctoritati,
263 1339 332 1365 quae
346 1331 398 1357 nisi
412 1331 503 1366 gravis
517 1332 566 1357 erit
580 1331 652 1366 apud
666 1331 752 1357 socios
767 1334 794 1357 et
808 1334 883 1356 exte·

86 1376 128 1394 ras
144 1368 272 1399 nationes,
290 1368 336 1394 ubi
349 1368 399 1394 erit
412 1369 519 1403 imperii
531 1377 628 1395 nomen
640 1373 666 1395 et
675 1367 812 1404 dignitas?
825 1367 882 1393 Ma-

86 1405 193 1431 mertini
213 1413 255 1431 me
273 1405 381 1440 publice
400 1414 452 1432 non
471 1406 632 1432 invitarunt:
653 1415 696 1432 me
710 1414 795 1440 quum
810 1404 879 1435 dico,

87 1441 145 1468 leve
162 1446 216 1469 est:
240 1447 389 1469 senatorem
407 1443 500 1478 populi
515 1443 627 1469 Romani
645 1444 669 1469 si
683 1451 735 1469 non
750 1443 882 1469 invitave-

85 1483 157 1510 runt,
173 1480 300 1507 honorem
315 1480 436 1506 debitum
451 1480 624 1507 detraxerunt
638 1489 689 1507 non
705 1480 817 1511 homini,
833 1478 881 1505 sed

84 1517 182 1544 ordini.
220 1518 287 1544 Nam
302 1518 355 1552 ipsi
369 1517 457 1544 Tullio
471 1518 577 1553 patebat
590 1518 686 1544 domus
702 1517 882 1552 locupletissi-

85 1563 128 1581 ma
141 1559 167 1581 et
180 1554 347 1589 amplissima
361 1555 410 1582 Cn.
423 1555 543 1590 Pompeii
556 1555 692 1582 Basilisci:
707 1564 770 1590 quo,
787 1555 882 1582 etiam-

84 1592 108 1618 si
126 1596 197 1618 esset
215 1592 344 1618 invitatus
363 1601 377 1618 a
396 1593 486 1624 vobis,
507 1597 595 1619 tamen
610 1593 778 1619 devertisset.
818 1592 882 1618 Erat

84 1629 163 1656 etiam
178 1629 398 1661 Percenniorum,
423 1630 472 1665 qui
490 1639 562 1656 nunc
580 1630 644 1656 item
662 1630 782 1665 Pompeii
805 1633 878 1660 sunt,

83 1666 180 1693 domus
199 1666 403 1694 honestissima:
423 1676 478 1702 quo
491 1668 521 1694 L.
537 1667 618 1694 frater
635 1676 712 1694 meus
727 1675 832 1693 summa
847 1666 880 1692 il-

84 1703 170 1731 lorum
190 1704 326 1731 voluntate
343 1704 466 1731 devertit.
507 1705 618 1732 Senator
639 1705 733 1740 populi
757 1704 877 1735 Romani,

83 1741 156 1777 quod
170 1742 197 1768 in
212 1742 288 1768 vobis
303 1741 366 1774 fuit,
385 1743 413 1768 in
432 1746 521 1769 vestro
538 1743 637 1778 oppido
650 1743 732 1769 iacuit
746 1747 771 1768 et
785 1750 880 1777 perno-

83 1779 164 1806 ctavit
182 1779 209 1806 in
228 1779 346 1814 publico.
387 1779 466 1806 Nulla
485 1780 535 1807 hoc
557 1780 652 1807 civitas
676 1788 806 1815 umquam
828 1779 879 1805 alia

83 1817 227 1843 commisit.
267 1817 391 1844 Amicum
410 1818 481 1844 enirn
499 1822 621 1845 nostrum
639 1818 667 1844 in
686 1817 817 1843 iudicium
832 1825 880 1843 vo-

83 1853 172 1880 cabas.
212 1854 265 1886 Tu,
281 1854 347 1890 quid
361 1863 411 1891 ego
423 1855 550 1890 privatim
564 1856 664 1891 negotii
677 1863 767 1890 geram
776 1875 782 1886 ,
798 1855 880 1881 inter-

83 1891 221 1926 pretabere
235 1891 421 1919 imminuendo
435 1893 534 1919 honore
548 1892 698 1919 senatorio?
717 1894 759 1920 26.
780 1892 879 1919 Verum

83 1928 149 1955 haec
163 1933 219 1955 tum
233 1937 392 1964 queremur.
413 1930 437 1956 si
451 1930 518 1964 quid
531 1930 565 1956 de
579 1930 656 1957 vobis
670 1939 718 1965 per
731 1938 793 1956 eum
807 1929 880 1956 ordi-

82 1973 144 1992 nem
157 1970 260 2002 agetur,
275 1967 323 2001 qui
337 1966 401 1993 ordo
414 1975 428 1993 a
443 1967 519 1993 vobis
533 1967 621 1994 adhuc
635 1967 700 1994 solis
710 1971 879 2002 contemptus

82 2007 132 2030 est.
166 2004 195 2030 ln
209 2003 303 2038 populi
318 2004 428 2030 Romani
442 2004 553 2039 quidem
571 2008 744 2040 conspectum
762 2013 818 2040 quo
835 2012 879 2031 ore

82 2047 130 2067 vos
144 2040 337 2067 commisistis?
350 2049 399 2067 nec
412 2042 488 2076 prius
502 2041 576 2068 illam
587 2051 703 2073 crucem,
719 2050 788 2077 quae
798 2042 878 2068 etiam

82 2085 154 2104 nunc
167 2077 236 2104 civis
249 2077 361 2104 Romani
375 2079 507 2114 sanguine
521 2079 664 2111 redundat,
685 2087 755 2114 quae
773 2079 825 2106 fixa
839 2083 879 2105 est

81 2114 115 2141 ad
133 2118 239 2149 portum
258 2115 408 2150 urbemque
426 2120 556 2148 vestram,
582 2116 727 2143 revellistis
746 2125 833 2152 neque
851 2116 878 2142 in

81 2151 245 2187 profundum
264 2152 399 2179 abiecistis
419 2152 562 2188 locumque
574 2154 652 2180 illum
666 2162 772 2180 omnem
787 2154 880 2188 expia-

81 2189 141 2218 stis,
157 2197 238 2224 quam
252 2190 363 2216 Romam
377 2194 458 2225 atque
471 2191 499 2217 in
514 2191 608 2218 horum
619 2195 781 2218 conventum
792 2192 879 2218 adire-

80 2225 135 2253 tis?
147 2227 175 2253 ln
186 2227 404 2254 Mamertinorum
419 2227 476 2254 solo
487 2227 618 2255 foederato
629 2233 708 2264 atque
719 2233 811 2264 pacato
822 2237 879 2255 mo—

81 2268 240 2291 numentum
259 2265 338 2291 istius
356 2265 524 2292 crudelitatis
541 2266 718 2292 constitutum
737 2270 787 2293 est.
828 2267 878 2293 Ve-

81 2304 170 2328 strane
185 2301 249 2328 urbs
263 2301 345 2328 electa
359 2307 408 2333 est,
425 2302 457 2328 ad
471 2311 552 2338 quam
567 2311 652 2338 quum
667 2303 770 2330 adirent
783 2305 878 2330 9111111-

81 2337 130 2370 lia,
154 2347 260 2365 crucem
279 2339 347 2366 civis
367 2340 478 2366 Romani
498 2340 588 2374 prius,
611 2349 693 2375 quam
711 2349 876 2376 quemquam

80 2375 196 2402 amicum
215 2376 308 2411 populi
322 2377 433 2403 Romani
452 2376 592 2404 viderent?
616 2386 697 2413 quam
717 2387 764 2404 vos
778 2379 877 2413 Rhegi—

80 2413 136 2444 nis,
156 2421 272 2448 quorum
290 2414 391 2441 civitati
411 2415 551 2445 invidetis,
572 2416 635 2441 item
654 2415 748 2441 incolis
768 2417 874 2445 vestris,

80 2449 187 2477 civibus
201 2451 341 2483 Romanis,
366 2452 505 2478 ostendere
519 2451 624 2482 soletis,
650 2461 704 2487 quo
718 2453 809 2479 minus
822 2453 875 2479 sihi

79 2492 203 2524 arrogent
216 2489 363 2523 minusque
378 2497 425 2515 vos
440 2489 597 2524 despiciant,
614 2497 699 2524 quum
715 2489 823 2516 videant
833 2490 876 2516 ius

79 2524 195 2551 civitatis
209 2525 256 2552 illo
269 2525 403 2561 supplicio
417 2535 477 2552 esse
491 2531 645 2553 mactatum.
686 2526 744 2552 xn.
760 2528 802 2553 27.
828 2527 877 2553 Vc—

79 2569 139 2588 rum
158 2561 223 2589 haec
240 2563 339 2589 emisse
356 2567 382 2589 te
399 2563 478 2590 dicis.
519 2563 608 2596 Quid?
630 2563 674 2589 illa
693 2563 804 2590 Attalica
823 2568 875 2590 tota

80 2597 171 2625 Sicilia
185 2600 320 2626 nominata
334 2601 367 2626 ab
382 2600 474 2627 eodem
490 2601 554 2627 IIeio
568 2601 773 2636 peripetasmata
788 2609 876 2627 emere

79 2635 180 2663 oblitus
194 2636 241 2663 es‘?
254 2637 342 2664 Licuit
355 2638 448 2664 eodem
463 2638 550 2669 modo,
568 2643 595 2664 ut
610 2639 696 2673 signu.
718 2638 788 2670 Quid
803 2638 874 2665 enim

79 2676 169 2700 actum
187 2673 246 2701 est?
269 2673 310 2701 An
330 2674 424 2702 litteris
439 2675 600 2711 pepercisti?
626 2676 723 2702 Verum
740 2675 874 2702 1101111119111

738 141 1222 168 ACT.11.L113.IV.CAP.

1257 144 1270 167 8
1292 157 1327 161 -—
1350 144 1390 168 13.
1681 144 1729 169 313

933 216 1065 237 amentem
1080 212 1130 239 hoc
1144 211 1225 247 fugit:
1242 213 1332 238 minus
1346 212 1447 238 clarum
1463 212 1567 247 putavit
1577 212 1640 243 sore,
1657 213 1730 247 quod

933 249 966 274 de
988 250 1113 280 armario,
1139 258 1220 284 quam
1240 250 1311 284 quod
1330 249 1362 275 de
1380 250 1495 276 sacrario
1513 254 1584 276 esset
1598 250 1728 276 ablatum.

933 286 967 312 At
983 294 1038 320 quo
1055 287 1134 313 modo
1152 286 1280 313 abstulit?
1298 287 1355 313 Non
1374 295 1486 321 possum
1504 287 1591 313 dicere
1610 286 1727 322 planius,

933 331 1014 357 quam
1029 323 1087 357 ipse
1101 324 1173 358 apud
1188 333 1234 350 vos
1249 324 1318 350 dixit
1332 325 1423 350 Heius.
1445 323 1534 356 Quum
1549 325 1727 360 quaesissem,

934 360 1067 395 numquid
1081 361 1154 387 aliud
1169 360 1201 386 de
1215 361 1294 387 bonis
1308 361 1367 387 eius
1381 362 1548 396 pervenisset
1561 361 1595 387 ad
1609 362 1728 393 Verrem,

933 397 1072 431 respondit
1086 398 1167 424 istum
1183 398 1215 424 ad
1229 406 1258 424 se
1272 399 1392 429 misisse,
1413 403 1443 424 ut
1456 399 1509 425 sibi
1523 399 1639 425 mitteret
1653 399 1731 435 Agri-

932 439 1043 469 gentum
1067 435 1280 469 peripetasmata.
1321 435 1462 468 Quaesivi,
1483 444 1516 462 an
1535 437 1668 463 misisset:
1689 444 1732 462 re-

933 472 1041 505 spondit
1056 472 1096 503 id,
1116 472 1188 507 quod
1204 481 1313 498 necesse
1326 477 1393 504 erat,
1414 473 1516 499 scilicet
1535 473 1604 500 dicto
1618 473 1731 500 audien-

934 513 986 534 tem
1002 508 1087 535 fuisse
1101 510 1228 544 praetori;
1244 510 1361 536 misisse.
1383 511 1493 546 Rogavi,
1510 511 1731 545 pervenissentne

933 546 1124 581 Agrigentum:
1145 547 1214 573 dixit
1232 548 1398 582 pervenisse.
1438 547 1578 580 Quaesivi,
1599 548 1731 583 quemad-

934 583 1043 609 modum
1058 584 1243 610 revertissent:
1264 585 1371 620 negavit
1389 584 1478 611 adhuc
1491 586 1643 612 revertisse.
1684 586 1729 612 Ri-

933 628 981 646 sus
1005 620 1097 655 populi
1119 625 1199 656 atque
1223 621 1432 648 admurmuratio
1450 623 1570 649 omnium
1590 622 1656 649 sacta
1679 628 1728 649 est.

933 659 975 683 28.
990 658 1038 683 Hic
1049 658 1098 683 tibi
1108 658 1135 684 in
1147 663 1262 684 mentem
1279 668 1330 685 non
1346 660 1419 686 venit
1432 660 1533 691 iubere,
1551 664 1579 686 ut
1590 660 1653 686 haec
1663 669 1730 695 quo-

934 703 986 728 que
1004 694 1114 721 referret
1134 695 1190 721 H-S
1209 704 1236 721 w
1254 696 1377 722 millibus
1396 705 1420 723 13
1439 706 1467 723 se
1486 697 1535 723 tibi
1558 697 1730 723 vendidisse?

934 731 1062 762 Metuisti,
1080 741 1112 758 ne
1126 741 1170 758 aes
1185 732 1303 759 alienum
1317 734 1366 759 tibi
1376 739 1514 764 cresceret,
1532 735 1554 760 si
1565 734 1620 761 H-S
1632 734 1730 761 9111111-

935 768 1006 794 libus
1021 777 1045 795 10
1060 769 1109 795 tibi
1123 774 1274 796 constarent
1287 779 1326 801 ea,
1343 779 1412 805 quae
1426 775 1455 797 tu
1470 771 1546 797 facile
1560 780 1653 806 posses
1664 781 1730 798 ven-

934 805 996 832 dere
1010 805 1066 832 H-S
1081 815 1111 832 cc
1126 807 1267 833 millibus?
1293 808 1354 834 Fuit
1368 809 1441 839 tanti,
1458 808 1525 834 mihi
1539 809 1630 835 crede:
1648 809 1730 835 habe·

933 851 976 869 res
989 843 1062 878 quod
1076 843 1248 871 defenderes:
1264 853 1343 872 nemo
1356 850 1503 880 quaereret,
1519 847 1612 880 quanti
1627 846 1672 872 illa
1687 855 1729 872 res

933 885 1018 907 esset:
1047 881 1070 907 si
1088 881 1168 908 modo
1185 886 1211 908 te
1229 891 1324 916 posses
1342 882 1436 909 docere
1455 883 1565 914 emisse,
1591 883 1667 910 facile
1685 885 1729 910 cui

934 917 1016 944 velles
1031 922 1104 944 tuam
1119 927 1242 945 caussam
1256 924 1282 946 et
1292 919 1390 946 sactum
1402 920 1542 955 probares:
1558 929 1630 946 nunc
1640 920 1672 946 de
1682 929 1730 956 pe-

932 956 1113 990 ripetasmatis
1127 957 1354 991 quemadmodum
1369 962 1394 984 te
1407 958 1548 993 expedias,
1568 966 1621 984 non
1635 958 1728 984 habes.

932 994 975 1019 29.
991 993 1080 1025 Quid?
1093 1002 1107 1019 a
1121 994 1264 1021 Philarcho
1274 995 1457 1030 Centuripino,
1474 995 1582 1022 homine
1597 995 1729 1030 locuplete

932 1039 962 1056 ac
984 1031 1081 1062 nobili,
1106 1031 1229 1066 phaleras
1253 1032 1433 1067 pulcherrime
1452 1032 1546 1064 factas,
1571 1041 1640 1067 quae
1659 1033 1729 1068 regis

932 1068 1053 1095 Hieronis
1068 1068 1153 1095 fuisse
1168 1069 1302 1101 dicuntur,
1319 1075 1409 1096 utrum
1422 1070 1528 1097 tandem
1539 1070 1683 1101 abstulisti,
1696 1079 1729 1096 an

933 1105 1041 1131 emisti?
1062 1107 1091 1132 In
1105 1106 1196 1133 Sicilia
1210 1107 1320 1142 quidem
1335 1116 1419 1143 quum
1435 1116 1532 1139 essem,
1549 1108 1588 1134 sic
1601 1116 1615 1134 a
1631 1108 1730 1134 Centu-

932 1143 1038 1177 ripinis,
1055 1143 1093 1169 sic
1107 1152 1121 1169 a
1135 1145 1230 1171 ceteris
1244 1144 1400 1177 audiebam:
1417 1145 1479 1180 (non
1490 1146 1561 1171 enim
1576 1154 1670 1180 parum
1686 1153 1728 1171 res

933 1186 988 1207 erat
1001 1180 1098 1215 claraz)
1116 1185 1168 1207 tam
1184 1186 1208 1208 te
1222 1182 1270 1208 has
1286 1182 1408 1217 phaleras
1423 1192 1437 1208 a
1451 1182 1592 1209 Philarcho
1606 1182 1729 1209 Centuri—

933 1219 996 1253 pino
1010 1218 1156 1245 abstulisse
1170 1219 1305 1251 dicebant,
1322 1229 1403 1255 quam
1418 1220 1484 1246 alias
1499 1220 1562 1246 item
1578 1220 1681 1246 nobiles
1695 1220 1729 1246 ab

932 1256 1020 1282 Aristo
1034 1256 1233 1288 Panormitano,
1253 1266 1335 1292 quam
1350 1258 1440 1284 tertias
1454 1266 1467 1284 a
1482 1257 1608 1292 Cratippo
1622 1257 1729 1293 Tynda-

932 1293 1027 1319 ritano.
1067 1294 1173 1320 Etenim
1193 1295 1216 1321 si
1236 1294 1394 1321 Philarchus
1414 1295 1592 1326 vendidisset,
1618 1304 1669 1321 11011
1693 1295 1726 1325 91,

932 1335 1105 1366 posteaquam
1118 1340 1179 1358 reus
1191 1331 1276 1358 factus
1287 1341 1324 1363 95,
1334 1332 1533 1359 redditurumte
1545 1333 1726 1367 promisisses.

932 1368 1008 1400 Quod
1022 1369 1085 1403 quia
1101 1369 1193 1395 vidisti
1207 1369 1298 1404 plures
1312 1371 1394 1401 scire,
1410 1370 1546 1405 cogitasti,
1564 1370 1586 1396 si
1601 1371 1624 1396 91
1639 1369 1729 1396 reddi-

932 1405 1033 1437 disses,
1049 1410 1075 1431 te
1089 1407 1179 1433 minus
1194 1407 1364 1438 habiturum,
1386 1415 1440 1433 rem
1456 1407 1633 1434 nihilominus
1648 1412 1729 1433 testa-

933 1447 985 1469 tam
1006 1443 1137 1470 suturam:
1159 1453 1211 1470 non
1230 1444 1380 1471 reddidisti.
1422 1445 1493 1471 Dixit
1507 1444 1665 1471 Philarchus
1680 1452 1727 1479 pro

933 1481 1096 1512 testimonio,
1113 1489 1154 1512 se,
1170 1482 1243 1516 quod
1258 1487 1347 1508 nosset
1361 1487 1438 1508 tuum
1453 1483 1534 1508 istum
1549 1482 1682 1511 morbum,
1700 1487 1728 1507 ut

932 1518 1010 1544 amici
1035 1518 1073 1544 tui
1097 1518 1246 1553 appellant,
1274 1520 1383 1554 cupisse
1403 1524 1427 1546 te
1445 1518 1529 1546 celare
1548 1519 1580 1544 de
1595 1518 1725 1554 phaleris:

932 1564 1017 1590 quum
1032 1555 1080 1581 abs
1095 1560 1119 1582 te
1133 1556 1284 1591 appellatus
1302 1562 1385 1588 esset,
1407 1565 1518 1592 negasse
1537 1556 1633 1582 habere
1652 1564 1724 1582 sese:

931 1593 1003 1628 apud
1022 1593 1104 1619 alium
1123 1602 1231 1628 quoque
1250 1603 1294 1620 eas
1313 1594 1440 1620 habuisse
1457 1594 1606 1628 depositas,
1628 1602 1660 1620 ne
1675 1601 1727 1628 qua

931 1631 1129 1657 invenirentur:
1147 1636 1219 1657 tuam
1234 1636 1331 1657 tantam
1349 1631 1432 1658 fuisse
1446 1631 1626 1666 sagacitatem,
1643 1636 1671 1657 ut
1683 1639 1727 1656 eas

932 1677 978 1703 per
993 1667 1070 1694 illum
1085 1669 1175 1703 ipsum
1191 1669 1345 1704 inspiceres,
1362 1669 1409 1695 ubi
1420 1674 1493 1695 erant
1504 1669 1652 1703 depositae:
1670 1673 1727 1694 tum

931 1714 960 1731 se
974 1705 1173 1740 deprehensum
1188 1714 1286 1741 negare
1301 1715 1352 1733 non
1368 1707 1500 1741 potuisse:
1517 1706 1552 1732 ita
1567 1706 1600 1732 ab
1613 1714 1642 1732 sc
1656 1705 1728 1732 invi-

931 1747 957 1769 to
970 1743 1094 1778 phaleras
1108 1743 1209 1769 ablatas
1222 1744 1315 1779 gratis.

986 1780 1055 1807 XIII.
1068 1782 1109 1807 30.
1126 1782 1188 1811 Iam,
1207 1786 1235 1807 ut
1250 1781 1313 1807 haec
1328 1782 1416 1808 omnia
1430 1781 1546 1816 reperire
1560 1789 1589 1807 ac
1604 1789 1726 1816 perscru-

931 1818 979 1844 tari
994 1818 1091 1845 solitus
1105 1818 1153 1850 sit,
1174 1818 1291 1850 iudices,
1313 1824 1352 1845 est
1367 1827 1460 1853 operae
1480 1819 1608 1853 pretium,
1630 1827 1727 1853 cogno·

930 1864 1013 1882 scere.
1036 1856 1176 1891 Cibyratae
1191 1861 1254 1882 sunt
1268 1855 1361 1882 fratres
1375 1856 1500 1891 quidam,
1517 1856 1687 1890 Tlepolemus
1702 1861 1727 1882 et

930 1894 1021 1920 Hiero:
1041 1901 1157 1928 quorum
1172 1893 1284 1920 alterum
1300 1894 1398 1929 tingere
1411 1894 1505 1928 opinor
1519 1902 1532 1919 e
1545 1902 1603 1919 cera
1618 1893 1725 1919 solitum

930 1938 1003 1962 csse,
1020 1930 1132 1957 alterum
1147 1939 1206 1957 esse
1221 1931 1358 1966 pictorem.
1399 1932 1482 1957 Hosce
1496 1932 1589 1966 opinor
1603 1931 1724 1966 Cibyrae.

930 1977 1015 2003 quum
1035 1968 1062 1995 in
1081 1969 1264 2003 suspicionem
1283 1969 1421 1995 venissent
1439 1969 1498 1995 suis
1511 1968 1618 1994 civibus
1635 1968 1725 1994 sanum

930 2005 1065 2041 expilasse
1080 2005 1226 2041 Apollinis,
1247 2006 1346 2032 veritos
1365 2014 1476 2041 poenam
1495 2006 1589 2032 iudicii
1603 2015 1632 2031 119
1649 2005 1724 2041 legis.

930 2043 1009 2069 domo
1024 2042 1186 2079 profugisse.
1208 2043 1285 2076 Quod
1297 2044 1404 2070 Verrem
1420 2043 1524 2070 artificii
1539 2043 1580 2069 sui
1595 2043 1725 2077 cupidum

929 2085 1108 2116 cognoverant
1122 2085 1187 2112 tum,
1203 2089 1289 2116 quum
1305 2081 1367 2112 istc,
1383 2080 1410 2107 id
1424 2080 1496 2116 quod
1510 2089 1543 2107 ex
1557 2080 1671 2106 testibus
1685 2080 1726 2106 di-

929 2118 1048 2149 dicistis.
1069 2118 1195 2153 Cibyram
1213 2127 1275 2145 911111
1290 2118 1418 2144 inanibus
1432 2118 1593 2154 syngraphis
1608 2123 1723 2146 venerat,

929 2155 1008 2182 domo
1023 2154 1205 2190 perfugientes
1219 2155 1252 2182 ad
1266 2164 1328 2181 eum
1343 2164 1372 2181 se
1386 2155 1503 2186 exsules,
1519 2164 1605 2190 quum
1621 2156 1669 2181 istc
1684 2164 1726 2180 95-

929 2197 970 2218 set
988 2193 1014 2219 in
1029 2193 1105 2223 Asin,
1125 2192 1305 2219 contulerunt.
1347 2193 1444 2219 llabuit
1462 2201 1554 2219 secum
1573 2192 1665 2218 905111)
1681 2192 1726 2217 illo

930 2234 1056 2264 tempore,
1073 2235 1098 2256 et
1111 2230 1138 2256 111
1155 2230 1294 2264 legationis
1309 2230 1415 2265 praedis
1429 2235 1509 2265 atquc
1521 2229 1724 2256 1111115111111111111

929 2266 1036 2293 illorum
1050 2275 1128 2302 opera
1143 2267 1308 2302 consilioque
1323 2276 1389 2293 usus
1403 2272 1452 2293 est.
1494 2269 1534 2293 31.
1552 2267 1581 2292 111
1597 2272 1659 2293 sunt
1674 2266 1723 2296 illi,

928 2304 1030 2339 quibus
1045 2304 1072 2330 111
1087 2304 1186 2330 tabulis
1201 2304 1290 2330 retulit
1300 2313 1360 2330 sese
1369 2304 1401 2336 Q.
1413 2304 1513 2330 Tadius
1527 2304 1634 2330 dedisse
1649 2304 1724 2329 iussu

929 2342 1007 2367 istius
1021 2341 1130 2367 Graccis
1149 2341 1306 2376 pictoribus.
1348 2342 1399 2367 Eos
1419 2342 1470 2367 111111
1486 2341 1552 2367 119119
1566 2341 1685 2375 cognitos
1700 2346 1726 2367 et

929 2387 955 2404 rc
975 2379 1098 2412 probatos
1117 2387 1208 2404 59911111
1228 2379 1254 2404 111
1274 2378 1392 2404 Siciliam
1412 2378 1499 2404 duxit.
1539 2378 1597 2410 Quo
1620 2383 1725 2412 11051911-

927 2424 1009 2450 111111111
1025 2420 1163 2446 venerunt,
1180 2415 1332 2442 mirandum
1347 2416 1373 2442 111
1389 2415 1508 2447 modum,
1524 2416 1612 2449 (canes
1623 2416 1725 2442 venati-

928 2462 972 2478 cos
986 2452 1109 2486 diceros.)
1124 2453 1158 2478 1111
1172 2452 1351 2479 odorabantur
1361 2453 1449 2479 011111111
1460 2457 1485 2478 91
1496 2453 1721 2487 pervestigabant,

929 2494 969 2520 ut.
999 2490 1044 2515 ubi
1071 2490 1193 2524 quidque
1216 2494 1298 2519 esset,
1327 2489 1416 2524 aliqua
1440 2490 1538 2516 ratione
1562 2490 1722 2516 invenirent.

928 2526 1008 2553 Aliud
1023 2527 1184 2558 minitando,
1200 2527 1273 2553 aliud
1288 2527 1450 2562 pollicendo,
1471 2527 1544 2553 aliud
1559 2536 1605 2562 per
1619 2536 1720 2556 servos,

927 2563 999 2590 uliud
1015 2572 1061 2598 [191-
1077 2564 1183 2595 liberos,
1199 2573 1246 2600 [191-
1260 2565 1376 2590 amicum
1391 2564 1473 2594 aliud,
1490 2564 1563 2591 11111111
1575 2573 1621 2599 per
1633 2565 1723 2591 inimi·

927 2609 988 2627 911111
1004 2601 1185 2628 inveniebant.
1226 2601 1364 2636 Quidquid
1380 2601 1434 2628 illis
1449 2601 1592 2636 placuerat,
1609 2602 1723 2637 perdon-

926 2637 991 2664 dum
1006 2643 1071 2665 erat.
1109 2639 1181 2665 Nihil
1197 2638 1269 2665 11111111
1283 2639 1418 2673 optabant,
1434 2647 1548 2674 quorum
1564 2639 1722 2674 poscebatur

926 2680 1081 2711 argentum,
1107 2676 1159 2703 nisi
1179 2681 1207 2703 ut
1222 2676 1327 2703 llicroni
1346 2681 1372 2703 et
1385 2676 1540 2712 Tlepolemo
1557 2677 1718 2712 displiceret.

1482 2725 1514 2749 80
