1941 3052
435 139 480 164 IN
515 139 715 165 VERREM
747 138 901 166 ACT.II.
938 140 1398 167 LlB.1v.CAP.37-43‚
1693 144 1738 169 324

100 211 219 235 stituant.
241 208 293 235 Vix
306 212 361 234 erat
374 208 424 236 hoc
437 208 516 243 plane
530 209 700 244 imperatum,
716 217 802 244 quum
817 209 894 235 illum

100 245 244 280 spoliatum
262 246 444 281 stipatumque
463 246 600 273 lictoribus
616 247 733 273 videres:
762 255 854 272 omnes
868 246 895 272 id

101 282 156 309 fore
169 283 311 317 putabant,
332 287 361 309 ut
376 284 456 310 miser
470 288 549 318 atque
564 284 690 310 innocens
705 284 789 319 virgis
802 283 897 310 caede-

100 324 186 347 retur:
211 319 305 346 fefellit
318 320 382 346 haec
397 321 518 347 homines
531 322 632 355 opinio.
672 322 761 357 Virgis
775 322 824 347 iste
837 329 897 347 cae-

100 357 174 384 deret
191 358 249 384 sine
267 366 361 383 caussa
379 359 481 384 socium
501 358 593 393 populi
607 359 717 385 Romani
736 363 815 393 atque
830 359 897 384 ami-

100 393 182 421 cum‘?
195 395 252 421 Non
267 403 353 429 usque
367 404 397 421 eo
411 396 562 430 improbus:
580 404 631 422 non
645 397 734 422 omnia
748 400 812 422 sunt
825 396 852 421 in
866 404 897 421 eo

101 440 155 458 uno
169 432 247 458 vitia:
264 441 412 467 numquam
428 432 478 459 fuit
492 433 618 459 crudelis.
642 433 746 459 Leniter
760 433 896 459 hominem

101 469 298 504 clementerque
312 471 423 505 accepit.
462 471 607 505 Equestres
620 475 684 496 sunt
698 470 786 496 medio
799 471 827 496 in
841 469 896 496 foro

102 506 287 533 Marcellorum
306 511 421 538 statuae,
447 508 526 534 sicuti
551 507 604 534 sere
627 508 720 533 ceteris
744 508 772 533 in
789 507 896 541 oppidis

102 543 223 570 Siciliae:
248 553 281 570 ex
299 545 399 579 quibus
413 546 463 571 iste
477 545 506 572 C.
522 544 639 571 Marcelli
653 549 768 570 statuam
786 544 894 579 delegit,

102 582 181 607 cuius
194 581 281 608 officia
295 582 322 608 in
336 582 409 608 illam
423 583 557 608 civitatem
576 586 711 616 totamque
731 581 895 616 provinciam

102 619 284 645 recentissima
298 624 372 646 erant
385 624 410 646 et
423 620 548 646 maxima.
588 620 618 645 In
632 627 661 645 ea
676 618 832 653 Sopatrum,
849 618 898 644 ho-

103 657 203 682 minem
217 665 302 691 quum
316 656 388 683 domi
403 657 532 687 nobilem,
549 661 605 682 tum
619 665 726 682 summo
740 656 895 691 magistratu

103 693 261 728 praeditum,
278 693 417 720 divaricari
431 703 460 720 ac
474 694 584 729 deligari
599 693 682 720 iubet.
707 694 748 719 87.
764 692 822 725 Quo
836 701 897 719 cru-

102 731 173 757 ciatu
187 731 222 757 sit
235 731 352 762 affectus,
369 732 459 757 venire
473 732 500 758 in
514 735 630 757 mentem
641 739 749 757 necesse
761 734 800 756 est
809 731 897 756 omni-

103 768 168 799 bus,
184 776 270 803 quum
284 772 354 794 esset
367 769 472 795 vinctus
487 768 576 795 nudus
590 769 617 794 in
631 776 703 799 aere,
722 768 749 794 in
763 768 852 798 imbri,
869 768 896 793 in

103 804 209 841 frigore.
249 806 342 840 Neque
356 810 442 832 tamen
458 806 518 832 sinis
533 806 595 832 huic
608 806 722 832 iniuriae
733 805 897 831 crudelitati-

102 851 155 878 que
169 842 260 873 fiebat,
280 842 363 869 donec
377 843 494 878 populus
508 847 587 878 atque
601 843 726 869 universa
741 842 894 874 multitudo,

103 880 236 906 atrocitate
250 880 287 906 rei
301 880 536 916 misericordiaque
550 885 690 911 commota,
707 884 828 906 senatum
843 879 898 905 cla-

103 925 175 943 more
188 918 282 952 coegit,
301 922 329 943 ut
343 918 366 944 ei
380 918 555 944 simulacrum
570 918 638 944 illud
648 918 772 944 Mercurii
788 917 898 952 pollice-

102 959 184 981 retur.
225 954 392 987 Clamabant,
418 955 485 987 fore,
510 960 540 982 ut
562 956 613 990 ipsi
632 964 660 981 se
678 955 716 981 dii
735 954 898 981 immortales

102 991 308 1019 ulciscerentur:
336 992 472 1019 hominem
499 994 598 1020 interea
622 993 708 1028 perire
729 993 898 1018 innocentem

103 1037 154 1056 uon
168 1033 297 1064 oportere.
319 1030 387 1056 Tum
403 1030 529 1066 frequens
542 1035 651 1057 senatus
665 1030 698 1056 ad
712 1030 794 1056 istum
809 1030 895 1056 venit:

102 1066 243 1102 pollicetur
255 1067 374 1103 signum.
404 1069 441 1094 Ita
456 1068 566 1103 Sopater
579 1068 612 1094 de
626 1072 711 1094 statua
725 1067 753 1094 C.
768 1067 895 1098 Marcelli,

102 1112 188 1139 quum
210 1105 263 1131 iam
286 1113 369 1140 paene
391 1106 567 1141 obriguisset,
595 1107 642 1132 vix
665 1106 744 1131 vivus
767 1104 896 1130 aufertur.

102 1142 160 1168 Non
177 1150 289 1177 possum
307 1142 436 1178 disposite
458 1144 541 1170 istum
564 1151 701 1174 accusare,
727 1143 750 1168 si
774 1143 895 1177 cupiam:

101 1187 170 1214 opus
188 1184 228 1206 est
246 1188 298 1206 non
316 1180 404 1207 solum
423 1181 542 1217 ingenio,
568 1189 663 1207 verum
686 1180 765 1206 etiam
788 1179 898 1205 artificio

102 1216 218 1251 quodam
236 1217 377 1253 singulari.
416 1219 485 1245 XLI.
508 1220 549 1245 88.
571 1218 660 1245 Unum
680 1217 729 1244 hoc
742 1217 843 1243 crimen
858 1217 898 1243 vi-

102 1254 180 1281 detur
197 1263 269 1286 esse,
295 1259 320 1282 et
338 1264 352 1282 a
370 1264 412 1282 me
431 1265 478 1291 pro
497 1265 551 1282 uno
571 1256 691 1290 ponitur,
716 1254 749 1281 de
767 1255 898 1281 Mercurio

102 1291 294 1327 Tyndaritano:
323 1292 398 1327 plura
417 1298 488 1320 sunt.
530 1293 582 1320 Sed
600 1302 630 1319 ea
644 1301 698 1328 quo
712 1296 788 1327 pacto
801 1292 899 1318 distin-

101 1337 184 1364 guere
202 1337 231 1355 ac
249 1338 370 1364 separare
388 1331 502 1365 possim,
523 1331 622 1357 nescio.
662 1330 709 1356 Est
724 1330 897 1364 pecuniarum

101 1370 253 1401 captarum,
277 1367 350 1402 quod
371 1368 480 1403 signum
500 1377 515 1394 a
532 1367 612 1394 sociis
635 1367 763 1402 pecuniae
786 1375 898 1402 magnae

102 1403 222 1430 sustulit.
263 1404 310 1430 Est
323 1405 477 1440 peculatus,
497 1406 569 1440 quod
584 1405 724 1440 publicum
739 1404 832 1439 populi
847 1404 898 1430 Ro-

102 1442 175 1467 mani
193 1442 316 1477 signum,
339 1442 373 1478 de
390 1443 485 1477 praeda
505 1443 623 1470 hostium
641 1447 762 1476 captum,
780 1442 897 1476 positum

101 1479 269 1513 imperatoris
293 1480 374 1506 nostri
401 1481 520 1511 nomine,
550 1489 601 1506 non
628 1479 761 1506 dubitavit
783 1478 897 1505 auferre.

101 1516 149 1542 Est
163 1516 322 1548 maiestatis,
338 1517 410 1552 quod
425 1518 530 1553 imperii
545 1518 626 1544 nostri
640 1517 739 1553 gloriae
753 1524 898 1551 rerumque

101 1558 236 1589 gestarum
252 1559 422 1581 monumenta
436 1560 554 1582 evertere
567 1559 647 1589 atque
661 1558 794 1589 asportare
815 1562 897 1580 ausus

101 1595 150 1617 est.
190 1591 238 1617 Est
251 1591 372 1624 sceleris,
388 1592 461 1627 quod
475 1592 616 1628 religiones
631 1592 762 1618 maximas
777 1590 895 1617 violavit.

100 1628 148 1654 Est
165 1628 342 1661 crudelitatis,
367 1629 439 1664 quod
458 1631 485 1656 in
503 1629 639 1656 hominem
663 1630 843 1659 innocentem,
870 1629 897 1655 in

101 1666 205 1692 socium
219 1670 339 1693 nostrum
354 1671 433 1702 atque
447 1667 577 1698 amicum,
599 1675 699 1693 novum
718 1670 743 1692 et
761 1665 897 1701 singulare

100 1702 228 1738 supplicii
241 1712 328 1739 genus
342 1705 512 1740 excogitavit.
552 1706 594 1731 89.
609 1704 680 1731 Illud
695 1712 756 1730 vero
770 1703 837 1738 quid
850 1704 894 1734 sit,

100 1740 154 1767 iam
167 1748 221 1767 non
234 1749 303 1776 queo
317 1741 418 1768 dicere:
438 1751 492 1777 quo
506 1743 613 1769 nomine
627 1741 774 1776 appellem,
796 1741 894 1772 nescio,

100 1777 174 1813 quod
186 1778 214 1804 in
228 1778 257 1805 C.
272 1779 389 1806 Marcelli
403 1784 499 1806 statua.
534 1780 605 1812 Quid
618 1783 659 1806 est
673 1778 740 1805 boc?
754 1779 897 1804 Patronus-

101 1823 134 1841 ne
147 1815 220 1850 quod
233 1815 306 1842 erat?
327 1816 398 1849 Quid
413 1816 489 1844 tum?
509 1816 568 1849 Quo
581 1817 608 1844 id
622 1816 740 1851 spectat?
758 1816 852 1843 Utrum
866 1824 895 1842 ea

101 1860 143 1879 res
157 1852 191 1879 ad
203 1861 295 1888 opem,
316 1863 348 1880 an
363 1854 395 1880 ad
409 1854 586 1881 calamitatem
600 1854 739 1881 clientium
754 1858 834 1888 atque
848 1853 896 1880 ho-

100 1890 202 1925 spitum
216 1890 304 1917 valere
317 1891 449 1918 debebat?
474 1901 507 1918 an
521 1896 550 1918 ut
565 1892 613 1918 boe
627 1892 789 1922 ostenderes,
806 1895 894 1917 eontra

100 1927 156 1953 vim
175 1931 248 1954 tuam
262 1928 289 1954 in
304 1929 421 1963 patronis
436 1929 563 1964 praesidii
577 1929 644 1956 nihil
659 1928 736 1955 esse‘?
761 1928 828 1961 Quis
847 1928 896 1955 hoc

101 1972 154 1991 non
167 1964 336 2000 intelligeret,
352 1966 380 1992 in
394 1967 510 2001 improbi
525 1967 671 2001 praesentis
685 1967 799 2001 imperio
813 1966 896 1992 maio-

100 2010 156 2028 rem
170 2010 230 2028 esse
243 2003 312 2034 vim,
333 2011 414 2038 quam
429 2004 456 2030 in
472 2004 601 2030 bonorum
616 2004 768 2030 absentium
784 2004 897 2038 patroci-

101 2037 163 2065 nio?
184 2038 224 2065 An
243 2048 306 2066 vero
323 2048 356 2067 ex
375 2040 424 2067 hoc
443 2040 488 2067 illa
507 2045 551 2067 tua
569 2041 714 2077 singularis
729 2041 896 2077 signilicatur

99 2075 252 2108 insolentia,
267 2077 403 2112 superbia,
418 2078 603 2104 contumacia?
620 2079 757 2105 detrahere
772 2078 895 2105 videlicet

100 2112 204 2149 aliquid
218 2118 243 2140 te
256 2113 289 2140 de
303 2114 480 2149 amplitudine
494 2116 678 2142 Marcellorum
694 2116 804 2151 putasti.
845 2116 896 2142 Ita-

99 2159 154 2186 que
167 2159 239 2177 nunc
252 2150 404 2178 Siculorum
419 2153 535 2179 Marcelli
551 2162 602 2180 non
617 2158 680 2180 sunt
695 2154 810 2188 patroni:
832 2153 896 2180 Ver-

100 2196 142 2215 res
155 2189 183 2215 in
197 2196 288 2215 eorum
306 2188 392 2216 locum
407 2190 570 2217 substitutus
584 2195 632 2217 est.
673 2192 714 2217 90.
730 2190 815 2223 Quam
830 2191 857 2217 in
872 2196 896 2217 te

100 2230 199 2252 tantam
213 2226 339 2252 virtutem
353 2235 412 2253 esse
426 2231 472 2253 aut
485 2227 511 2254 di
534 2228 642 2254 nitatem
657 2229 799 2255 arbitratus
813 2237 850 2259 ee,
867 2234 896 2255 ut

99 2270 222 2289 conarere
245 2263 396 2290 clientelam
420 2269 473 2291 tam
497 2265 514 2291 il
529 2269 642 2297 ustrem,
668 2270 720 2292 tam
739 2266 895 2301 splendidae

100 2301 261 2335 provinciae,
279 2301 416 2328 traducere
430 2302 462 2328 ad
477 2306 513 2331 te,
531 2302 635 2329 auferre
649 2312 662 2330 a
676 2304 833 2330 certissimis
848 2312 895 2330 an-

101 2337 318 2373 tiquissimisque
332 2339 468 2373 patronis?
493 2340 533 2366 Tu
548 2340 598 2366 ista
616 2340 743 2372 suiltitia,
764 2342 892 2376 nequitia,

99 2375 193 2401 inertia
207 2384 259 2402 non
274 2376 353 2403 modo
366 2377 446 2403 totius
461 2377 576 2408 Siciliae,
592 2377 639 2404 sed
650 2378 730 2404 unius
743 2379 894 2405 tenuissimi

99 2411 183 2439 Siculi
197 2412 347 2440 clientelam
362 2415 430 2440 tueri
446 2414 536 2449 potes?
550 2415 608 2441 Tibi
622 2415 738 2441 Marcelli
750 2420 836 2442 statua
848 2425 896 2451 pro

87 2449 221 2484 ¹patibulo
234 2451 261 2477 in
275 2450 385 2478 clientes
396 2452 581 2478 Marcellorum
598 2452 665 2478 suit?
679 2456 706 2478 tu
718 2461 751 2479 ex
762 2453 836 2479 illius
848 2455 895 2479 lio-

100 2494 162 2513 nore
176 2487 210 2513 in·
218 2496 262 2514 eos
277 2488 363 2523 ipsos,
384 2490 430 2524 qui
447 2489 572 2516 bonorem
588 2489 626 2515 illi
643 2489 803 2521 habuerant,
828 2499 894 2525 sup-

100 2522 178 2558 plicia
192 2525 357 2559 quaerebas?
371 2526 441 2558 Quid
456 2526 565 2561 postea?
577 2527 643 2561 quid
659 2527 764 2553 tandem
777 2528 829 2554 tuis
841 2533 894 2554 sta-

99 2560 154 2587 tuis
168 2560 222 2588 fore
235 2562 415 2590 arbitrabare?
431 2564 472 2590 An
488 2572 550 2590 vero
563 2564 598 2594 id.
615 2564 687 2599 quod
701 2564 814 2591 accidit?
828 2566 893 2592 Nam

99 2597 272 2634 Tyndaritani
286 2604 400 2627 statuam
420 2602 512 2633 istius,
532 2610 613 2636 quam
632 2602 685 2628 sibi
704 2607 812 2636 propter
826 2603 895 2629 Mar-

98 2634 180 2662 cellos
198 2635 289 2663 altiore
307 2638 386 2664 etiam
405 2638 462 2665 basi
482 2639 544 2674 poni
560 2639 685 2669 iusserat,
706 2639 891 2671 deturbarunt,

99 2672 213 2700 simulac
225 2682 382 2702 successum
395 2676 440 2703 isti
454 2676 606 2703 audierunt.
637 2676 716 2703 XLll.
733 2677 809 2704 Dedit
822 2686 894 2704 nune

948 211 1032 245 igitur
1050 210 1098 236 tibi
1114 210 1218 237 fortuna
1233 211 1385 238 Siculorum
1400 212 1429 238 C.
1446 211 1601 238 Marcellum
1616 212 1741 242 iudicem,

949 252 990 278 ut,
1010 248 1088 273 cuius
1108 248 1141 274 ad
1154 253 1269 274 statuam
1285 248 1368 275 Siculi
1383 254 1408 275 te
1422 254 1541 284 praetore
1555 249 1741 285 alligabantur,

949 285 1007 311 eius
1023 285 1144 320 religioni
1159 290 1184 311 te
1203 286 1328 312 eumdem
1347 287 1467 312 vinctum
1486 287 1679 321 astrictumque
1698 288 1745 313 de-

948 322 1083 348 deremus.
1124 324 1165 348 9⁴.
1190 322 1227 349 Ac
1242 324 1341 357 primo,
1358 324 1473 354 iudices,
1490 323 1540 349 hoc
1554 324 1662 359 signum
1676 325 1746 350 Mer-

949 360 1016 385 curii
1035 360 1140 386 dieebat
1154 360 1203 386 iste
1218 360 1413 396 Tyndaritanos
1428 361 1463 387 M.
1479 361 1603 387 Marcello
1618 361 1681 387 huic
1694 362 1746 387 Ae-

949 406 1057 423 sermno
1071 397 1240 429 vendidisse,
1257 402 1336 433 atque
1351 398 1399 424 hoc
1413 407 1462 424 sua
1476 407 1569 424 caussa
1584 399 1665 424 etiam
1677 399 1747 425 Mar-

948 434 1047 460 cellum
1066 435 1158 469 ipsum
1177 436 1301 469 sperabat
1323 444 1382 461 esse
1404 435 1554 462 dicturum:
1582 436 1655 470 quod
1678 436 1746 462 mihi

950 480 1098 506 numquam
1113 472 1262 498 verisimile
1274 473 1363 498 visum
1375 477 1423 504 est,
1440 472 1637 499 adolescentem
1650 473 1696 499 illo
1709 473 1747 499 lo-

949 518 979 534 co
997 514 1103 540 natum,
1129 514 1272 544 patronum
1291 510 1410 541 Siciliae,
1436 519 1534 537 nomen
1553 519 1634 536 suum
1653 511 1697 536 isti
1713 510 1746 537 ad

949 546 1115 572 tralationem
1135 547 1257 573 criminis
1277 547 1519 574 commodaturum.
1556 548 1746 574 Verumtamen

950 584 984 609 ita
1001 592 1042 609 res
1058 584 1125 609 mibi
1141 588 1192 610 tota
1207 585 1315 618 provisa
1329 589 1408 619 atque
1427 589 1566 620 praecauta
1585 590 1638 616 est,
1660 590 1701 616 ut,
1723 586 1746 611 si

950 621 1067 647 maxime
1085 626 1157 647 esset
1174 622 1316 652 inventus,
1340 623 1387 656 qui
1406 623 1434 648 in
1453 631 1482 648 se
1505 623 1642 657 suscipere
1666 624 1746 649 istius

918 689 919 694 Ἰ
949 658 1056 692 culpam
1075 659 1231 693 crimenque
1249 664 1370 693 cuperet:
1397 664 1484 686 tamen
1499 661 1522 686 is
1537 660 1663 694 proficere
1677 660 1746 686 nihil

950 700 1049 730 posset.
1072 696 1124 721 Eos
1139 697 1211 722 enim
1226 696 1325 722 deduxi
1341 700 1421 722 testes
1436 701 1461 723 et
1475 706 1519 722 eas
1536 697 1636 723 litteras
1650 697 1747 732 depor-

950 733 1017 763 tavi,
1038 737 1067 758 ut
1084 733 1117 759 de
1135 734 1215 759 istius
1235 733 1302 759 facto
1321 734 1435 760 dubium
1454 743 1513 760 esse
1528 735 1629 760 nemini
1644 739 1744 769 posset.

949 770 1123 796 92.Publicae
1136 770 1237 796 litterae
1248 775 1320 802 sunt,
1333 771 1501 806 deportatum
1513 780 1572 797 esse
1584 772 1746 798 Mercurium

950 808 1100 834 Messanam
1112 812 1223 843 sumptu
1235 808 1356 843 publico:
1373 809 1474 839 dicunt,
1490 809 1598 843 quanti:
1615 809 1747 843 praefuis-

949 853 978 871 se
993 845 1056 871 huic
1070 846 1176 881 negotio
1194 845 1303 880 publice
1322 845 1438 881 legatum
1454 846 1570 872 Poleam.
1611 846 1700 878 Quid?
1722 848 1746 872 is

950 882 997 908 ubi
1022 882 1079 909 est?
1103 884 1209 909 Praesto
1231 888 1285 909 est:
1311 884 1387 910 testis
1411 888 1461 909 est.
1502 884 1626 919 Proagori
1642 883 1746 918 Sopatri

950 921 1038 946 iussu.
1078 919 1145 952 Quis
1159 925 1200 947 est
1214 920 1276 946 hic‘?
1297 921 1345 955 qui
1364 921 1397 947 ad
1416 925 1531 947 statuam
1550 921 1676 947 astrictus
1695 926 1744 947 est.

949 957 1039 989 Quid?
1062 958 1085 983 is
1104 958 1151 984 ubi
1171 958 1228 984 est‘?
1254 959 1341 984 Testis
1360 964 1413 985 est:
1440 958 1548 984 vidistis
1567 958 1703 984 bominem
1722 963 1747 984 et

950 994 1031 1021 verba
1045 995 1104 1021 eius
1118 995 1242 1022 audistis.
1264 995 1469 1022 Demoliendum
1483 996 1586 1022 curavit
1597 996 1746 1022 Demetrius

950 1033 1184 1068 gymnasiarchus,
1201 1033 1273 1068 quod
1287 1034 1311 1059 is
1325 1034 1349 1059 ei
1365 1034 1421 1060 loco
1435 1037 1562 1068 praeerat.
1596 1033 1684 1065 Quid‘?
1698 1033 1747 1060 hoc

951 1079 998 1096 nos
1013 1069 1148 1096 dicimus?
1173 1071 1259 1097 Immo
1272 1080 1335 1097 vero
1349 1072 1407 1106 ipse
1421 1079 1563 1106 praesens:
1584 1071 1682 1097 Romae
1696 1080 1747 1097 nu-

950 1116 997 1142 per
1011 1108 1094 1134 istum
1108 1108 1200 1143 ipsum
1214 1117 1274 1134 esse
1288 1108 1453 1143 pollicitum,
1469 1117 1529 1134 sese
1543 1108 1571 1134 id
1585 1109 1693 1144 signum
1710 1108 1747 1134 le—

949 1146 1019 1181 gatis
1033 1154 1093 1171 esse
1111 1145 1294 1177 redditurum,
1315 1146 1337 1172 si
1352 1146 1411 1172 eius
1426 1147 1463 1172 rei
1478 1146 1627 1172 testificatio
1643 1146 1747 1172 tollere-

951 1187 994 1209 tur
1007 1187 1170 1218 cautumque
1185 1188 1268 1214 esset,
1289 1192 1334 1210 eos
1355 1184 1538 1210 testimonium
1557 1192 1609 1209 non
1628 1192 1687 1209 esse
1706 1184 1747 1209 di-

950 1225 1049 1247 cturos.
1090 1221 1163 1247 Dixit
1181 1221 1230 1247 hoc
1248 1221 1320 1256 apud
1344 1230 1391 1248 vos
1410 1222 1542 1255 Zosippus
1561 1225 1587 1246 et
1605 1221 1743 1251 Ismenias,

950 1258 1074 1284 homines
1097 1258 1263 1285 nobilissimi
1286 1262 1312 1285 et
1333 1259 1470 1293 principes
1493 1258 1687 1294 Tyndaritanae
1709 1259 1747 1284 ci—

950 1296 1051 1322 vitatis.

1006 1333 1098 1359 XLIII.
1110 1335 1151 1360 93.
1167 1332 1257 1366 Quid?
1270 1333 1408 1369 Agrigenti
1420 1342 1506 1360 nonne
1516 1332 1637 1359 eiusdem
1649 1333 1676 1358 P.
1689 1332 1747 1359 Sci-

950 1371 1038 1405 pionis
1061 1376 1280 1402 monumentum,
1310 1371 1419 1406 signum
1442 1370 1573 1405 Apollinis
1597 1370 1747 1404 pulcherri-

951 1416 1035 1438 mum,
1051 1409 1130 1434 cuius
1144 1409 1171 1435 in
1186 1408 1285 1434 semine
1300 1408 1424 1434 litterulis
1435 1408 1546 1434 minutis
1557 1408 1689 1443 argenteis
1700 1416 1747 1433 no-

951 1454 1011 1471 men
1027 1445 1144 1481 Myronis
1164 1450 1218 1471 erat
1236 1446 1409 1480 inscriptum⁷
1426 1454 1458 1472 cx
1473 1445 1625 1479 Aesculapii
1640 1444 1746 1480 religio-

950 1483 1058 1509 sissimo
1081 1483 1141 1509 fano
1158 1482 1312 1509 sustulisti?
1337 1482 1413 1514 Quod
1432 1483 1494 1513 iste,
1518 1482 1634 1513 iudices,
1660 1491 1745 1516 quum

950 1519 1018 1546 clam
1033 1519 1148 1551 fecisset,
1165 1529 1250 1555 quum
1265 1520 1297 1546 ad
1312 1529 1393 1546 suum
1407 1520 1496 1546 scelus
1511 1520 1577 1545 illud
1591 1519 1746 1554 furtumque

951 1557 1082 1584 nel'arium
1107 1558 1238 1593 quosdam
1262 1558 1384 1584 homines
1408 1557 1543 1592 improbos
1566 1557 1649 1582 duces
1667 1562 1746 1591 atque

950 1595 1084 1621 adiutores
1103 1595 1284 1625 adhibuisset,
1311 1595 1482 1621 vehementer
1503 1599 1633 1620 commota
1652 1595 1746 1620 civitas

950 1637 999 1658 est.
1034 1633 1092 1659 Uno
1109 1633 1257 1667 eodemque
1272 1637 1389 1667 tempore
1404 1632 1570 1667 Agrigentini
1586 1632 1744 1657 beneficium

949 1669 1076 1700 Africani,
1094 1670 1249 1705 religionem
1264 1670 1446 1700 domesticam,
1463 1674 1648 1695 ornamentum
1660 1669 1743 1699 urbis,

950 1707 1081 1734 indicium
1104 1708 1243 1738 victoriae,
1269 1707 1453 1733 testimonium
1473 1707 1606 1733 societatis
1626 1707 1746 1741 require—

950 1745 1022 1771 bant.
1063 1746 1155 1780 Itaque
1173 1745 1206 1771 ab
1225 1744 1293 1776 illis,
1319 1745 1366 1780 qui
1385 1745 1521 1779 principes
1540 1745 1566 1770 in
1587 1753 1616 1769 ea
1640 1744 1746 1770 civitate

948 1787 1035 1813 erant,
1058 1783 1220 1817 praecipitur
1237 1786 1263 1808 et
1277 1782 1413 1817 negotium
1428 1782 1506 1808 datur
1519 1781 1707 1816 quaestoribus
1721 1787 1746 1807 et

949 1819 1097 1851 aedilibus,
1118 1824 1146 1846 ut
1165 1824 1243 1846 noctu
1264 1820 1371 1855 vigilias
1385 1823 1492 1855 agerent
1506 1819 1538 1845 ad
1553 1819 1631 1844 aedes
1646 1827 1743 1845 sacras.

948 1857 1052 1884 Etenim
1068 1858 1117 1884 iste
1127 1857 1264 1893 Agrigenti
1275 1857 1362 1892 (credo
1377 1861 1483 1891 propter
1498 1856 1699 1882 multitudinem
1714 1856 1746 1882 il-

949 1894 1034 1921 lorum
1050 1895 1190 1921 hominum
1205 1899 1284 1929 atque
1299 1895 1435 1925 virtutem,
1451 1898 1477 1920 et
1486 1894 1558 1929 quod
1569 1894 1641 1920 cives
1650 1894 1746 1920 Roma-

948 1933 988 1964 ni,
1010 1932 1060 1959 viri
1080 1932 1160 1959 lortes
1178 1941 1208 1958 ac
1226 1932 1328 1958 strenui
1343 1936 1368 1958 ct
1383 1932 1496 1962 honesti,
1518 1931 1643 1966 permulti
1658 1932 1685 1957 in
1699 1930 1746 1957 illo

947 1970 1046 2005 oppido
1063 1970 1284 1996 coniunctissimo
1303 1970 1392 1996 animo
1405 1978 1466 1995 cum
1482 1969 1548 2003 ipsis
1563 1968 1745 2004 Agrigentinis

950 2008 1046 2034 vivunt
1059 2016 1089 2034 ac
1103 2007 1282 2043 negotiantur)
1299 2016 1351 2033 non
1365 2006 1480 2033 audebat
1494 2006 1580 2041 palam
1596 2006 1687 2032 tollere
1701 2011 1746 2031 aut

948 2053 1069 2079 poscere,
1089 2054 1158 2080 quae
1173 2044 1322 2079 placebant.
1363 2045 1404 2071 94.
1425 2044 1546 2070 Herculis
1561 2043 1690 2078 templum
1706 2048 1746 2069 est

947 2082 1019 2117 apud
1038 2082 1226 2118 Agrigentinos
1245 2090 1297 2108 non
1318 2081 1394 2116 longe
1412 2090 1425 2107 a
1445 2081 1513 2111 soro,
1539 2089 1602 2107 sane
1622 2085 1744 2107 sanctum

948 2120 1019 2154 apud
1034 2120 1094 2146 illos
1109 2124 1134 2146 et
1148 2119 1316 2155 religiosum.
1343 2119 1380 2145 Ibi
1396 2124 1482 2145 estex
1497 2127 1554 2145 aere
1568 2118 1744 2144 simulacrum

948 2158 1034 2192 ipsius
1046 2157 1177 2187 llerculis,
1193 2166 1247 2192 quo
1259 2165 1310 2183 non
1323 2156 1399 2183 l'acile
1413 2156 1562 2191 quidquam
1577 2156 1690 2181 dixerim
1703 2164 1744 2181 me

948 2194 1048 2220 vidisse
1068 2194 1222 2229 pulchrius,
1243 2195 1358 2229 (tametsi
1378 2203 1428 2220 non
1445 2198 1496 2219 tam
1513 2193 1628 2219 multum
1644 2193 1670 2218 in
1686 2193 1744 2218 istis

948 2232 1028 2258 rebus
1043 2231 1172 2266 intelligo,
1186 2240 1271 2266 ,quam
1287 2231 1370 2257 multa
1386 2231 1463 2266 vidi.)
1478 2239 1563 2265 usquc
1575 2239 1613 2260 eo,
1631 2230 1741 2258 iudices.

949 2274 977 2295 ut
991 2269 1087 2295 rictum
1102 2269 1162 2294 eius
1176 2278 1205 2295 ac
1219 2273 1340 2294 mentum
1361 2268 1450 2302 paullo
1468 2269 1504 2294 sit
1522 2268 1651 2297 attritius,
1672 2267 1743 2301 quod

947 2307 974 2332 in
990 2306 1114 2340 precibus
1129 2310 1155 2332 ct
1168 2306 1392 2341 gratulationibus
1407 2314 1457 2331 non
1472 2305 1560 2330 solum
1576 2304 1602 2330 id
1614 2305 1741 2333 venerari,

948 2352 1041 2369 verum
1056 2344 1135 2369 etiam
1150 2343 1264 2369 osculari
1275 2342 1369 2369 solent.
1392 2342 1432 2368 Ad
1445 2343 1492 2368 hoc
1504 2341 1644 2376 templum,
1658 2349 1742 2376 quum

946 2385 1017 2406 esset
1035 2381 1085 2406 iste
1103 2380 1253 2415 Agrigenti,
1274 2380 1341 2406 duce
1356 2379 1524 2405 Timarchide
1543 2383 1650 2413 repente
1669 2384 1743 2404 nocte

947 2418 1106 2452 intempesta
1124 2425 1262 2443 servorum
1281 2422 1441 2443 armatorum
1462 2417 1489 2442 lit
1502 2425 1650 2442 concursus
1664 2420 1743 2451 atque

947 2455 1074 2489 impetus.
1109 2454 1215 2480 Clamor
1229 2463 1242 2480 a
1258 2454 1387 2489 vigilibus
1403 2453 1510 2488 iainque
1523 2453 1682 2479 custodibus
1694 2453 1743 2479 tol-

950 2492 1021 2518 litur.
1056 2492 1107 2524 Qui
1123 2492 1209 2526 primo
1222 2500 1307 2526 quum
1322 2491 1452 2517 obsistere
1466 2500 1495 2517 ac
1509 2490 1651 2517 defendere
1664 2499 1742 2517 cona-

946 2534 1050 2559 rentur,
1072 2529 1140 2555 male
1160 2529 1267 2555 mulcati
1286 2528 1369 2555 clavis
1383 2537 1413 2554 ac
1428 2528 1546 2554 fustibus
1560 2527 1739 2562 repelluntur:

946 2571 1035 2601 postea
1049 2566 1188 2593 convulsis
1199 2566 1334 2601 repagulis
1345 2565 1512 2600 effractisque
1524 2565 1609 2591 valvis
1619 2565 1741 2591 demoliri

945 2605 1054 2639 signum
1069 2613 1098 2630 ac
1114 2604 1235 2630 vectibus
1251 2603 1407 2629 labefactare
1421 2607 1558 2629 conantur.
1594 2604 1694 2629 Interea
1709 2611 1742 2628 ex

944 2641 1059 2667 clamore
1078 2640 1147 2667 sama
1163 2646 1213 2667 tota
1230 2641 1295 2667 urbe
1311 2641 1488 2674 percrebruit,
1509 2640 1657 2675 expugnari
1676 2640 1740 2666 deos

945 2679 1043 2713 patrios
1062 2688 1113 2706 non
1133 2679 1250 2705 hostium
1269 2678 1385 2704 adventu
1404 2686 1452 2704 uec
1469 2678 1577 2712 opinato
1596 2686 1681 2712 neque
1701 2687 1741 2703 re-

1503 2728 1534 2750 tt
