1941 3052
231 142 277 167 15:15
801 140 842 164 37.
879 139 913 163 M.
948 138 978 163 ‘1'.

229 216 274 238 tat.
297 212 335 237 Tu
347 212 476 237 actionvm
490 211 616 239 instituis,
631 209 675 235 ille
687 209 770 235 aciem
783 209 900 234 imin-uit.
927 208 965 234 Tu
977 216 1021 232 ea-

230 258 288 278 ves,
307 248 387 274 notui
400 247 576 277 minutiores,
600 247 658 275 ille.
677 255 708 272 nc
725 246 804 271 urlws
821 250 866 271 aut
881 250 965 271 castra
977 253 1021 270 ea-

229 287 344 320 pinntur.
387 285 431 311 llle
444 284 620 313 teris-tctscit,
640 288 667 309 ut
680 284 796 308 hostium
808 283 912 316 copiae,
931 286 973 312 tu,
993 286 1021 308 ut

228 333 312 357 aquae
325 322 431 356 pluviae
443 327 593 347 arn-eantur:
609 320 652 346 ille
664 321 823 346 exercitatus
835 324 875 345 est
887 321 912 345 in
925 327 1020 353 propa—

227 360 323 393 gandi>
335 359 448 388 tinibus.
464 364 490 384 tu
504 359 528 384 in
542 357 678 390 regendis:
692 366 720 382 ac
732 356 1019 390 nimirum(dicendum
1050 382 1051 386 ,

227 402 267 423 ωε
279 398 357 424 ι·ιιίιιι,
371 396 442 430 quod
455 395 608 429 sentio.)r1·i
622 395 744 420 militaris
757 395 841 420 virtus
854 398 967 428 praestat
977 402 1021 419 ce·
1044 400 1045 404 ¹

228 434 290 460 teris
302 433 437 458 omnibus.
470 432 504 457 X.
521 432 588 457 llaec
601 441 695 457 nomen
708 431 807 466 populo
818 432 942 461 Romano.
957 431 1021 457 llaec

228 471 290 496 1ιιιίι·
308 471 366 495 ιιι-Ιιι
382 474 513 495 aeternam
528 468 639 503 gloriam
653 469 767 503 peperit:
792 468 855 494 llaec
865 469 956 494 orbem
970 473 1022 494 ter·
1044 477 1045 481 ¹

228 517 314 533 iun-uin
328 515 417 541 part-re
429 507 491 532 liuic
502 507 614 540 imperio
625 507 723 541 coegit:
737 515 830 531 omnes
842 506 957 532 urbanae
969 514 1019 536 res,

227 545 314 570 omnia
332 544 394 569 liaeo
411 548 498 570 nostra
515 543 647 578 praeclara
664 543 766 574 studia,
786 548 811 569 ct
828 543 891 569 haec
908 543 1020 569 sorensis

230 583 285 607 laus
298 586 322 607 ct
334 581 464 607 industria
473 602 478 612 ,
498 580 578 607 latent
593 581 618 607 in
631 580 711 606 tutela
723 589 752 606 ac
765 580 898 615 praesidio
909 580 1021 606 bellicae
1043 586 1045 610 j

228 620 342 644 virtutis.
385 618 471 644 Simul
492 623 571 653 atque
587 618 718 653 increpuit
737 618 857 653 suspicio
877 617 1018 649 tumultus,

226 661 295 682 artes
308 656 378 682 illico
391 660 494 682 nostrae
505 656 694 682 conticescunt.

281 696 323 720 23.
346 694 377 719 Et
392 693 518 728 quoniam
536 693 601 719 milii
618 693 716 719 videris
733 693 810 719 istam
827 693 967 718 scientiam
979 693 1021 718 iu-

228 732 264 757 ris
281 736 416 765 tamquam
434 730 542 757 liliolam
558 730 672 757 oseulari
690 735 775 761 tuam,
794 739 845 756 non
861 731 944 764 putian-
956 735 980 756 te
993 730 1019 756 in

227 773 297 795 tanto
308 777 394 794 errore
406 768 518 798 versari,
537 772 565 794 ut
577 768 648 794 istud
661 768 750 794 nescio
763 767 843 802 quid,
860 767 932 803 quod
950 772 1021 793 tanto

225 815 303 840 opere
329 805 460 835 didicisti,
490 805 654 840 praeclarum
679 805 782 840 aliquid
803 813 861 831 esse
882 805 1018 831 arbitrere.

225 843 293 870 Aliis
305 852 354 876 ego
367 847 389 869 te
402 843 560 873 virtutibus.
573 843 762 873 continentiae¹
776 842 928 878 gravitatiS,
942 842 1021 868 iusti-

225 881 289 911 tiae,
303 880 377 910 lidei.
391 881 486 906 ceteris
498 881 636 911 omnibus¹
650 880 790 907 consulatu
801 884 827 906 et
837 880 909 906 omni
922 880 1020 906 honore

225 927 331 952 semper
342 918 533 953 dignissimum
545 918 672 944 iudicavi.
713 917 790 950 Quod
805 917 915 952 quidem
929 917 970 943 ius
982 917 1020 943 ci-

209 955 278 981 ·vile
288 955 420 986 didicisti,
434 964 485 981 non
497 955 597 986 dicam,
610 964 716 989 operam
729 955 879 990 perdidisti,
893 954 938 980 sed
953 953 1019 980 illud

225 992 321 1023 dicam,
338 992 439 1018 nullam
451 1001 510 1019 esse
522 993 547 1019 in
559 992 603 1019 illa
615 992 758 1027 disciplina
770 993 900 1018 munitam
912 992 944 1018 ad
957 1000 1020 1018 con-

225 1030 343 1056 sulatum
356 1030 436 1056 viam.
472 1029 571 1056 Omnes
583 1030 654 1056 enim
666 1034 744 1060 artes,
757 1038 826 1064 quae
838 1030 914 1055 nobis
926 1029 1018 1063 populi

224 1068 335 1094 Romani
348 1067 435 1094 studia
446 1067 601 1098 conciliant,
619 1072 644 1094 et
658 1067 842 1093 admirabilem
861 1067 1018 1100 dignitatem

224 1110 249 1131 et
261 1109 408 1140 pergratam
420 1105 561 1131 utilitatem
573 1105 670 1131 debent
682 1105 788 1131 habere.
823 1104 869 1130 Xl.
884 1105 924 1130 2¹».
938 1103 1020 1130 Sum-
1040 1109 1042 1142 ζ

224 1151 266 1168 ma
277 1142 395 1178 dignitas
407 1142 482 1168 estin
499 1143 545 1173 iis,
562 1143 610 1177 qui
626 1142 734 1168 militari
751 1141 828 1168 laude
839 1141 1016 1168 antecellunt:
1041 1158 1042 1162 =

223 1180 312 1206 onmia
324 1180 406 1210 enim,
417 1188 486 1214 quae
497 1183 560 1206 sunt
571 1180 598 1206 in
610 1180 722 1214 imperio
732 1184 757 1205 et
769 1180 795 1205 in
807 1183 877 1205 statu
888 1179 1016 1209 civitatis,

223 1217 257 1243 ab
269 1217 301 1243 iis
313 1216 421 1243 defendi
431 1221 456 1243 et
468 1216 566 1243 firmari
578 1221 719 1252 putantur;
733 1225 839 1243 summa
852 1216 931 1242 etiam
944 1215 1019 1242 utili-
1040 1239 1043 1248 ,

223 1259 277 1280 tas:
295 1254 430 1289 siquidem
447 1263 538 1281 eorum
554 1254 665 1281 consilio
676 1259 701 1280 et
712 1253 830 1289 periculo
841 1262 927 1289 quum
938 1262 1020 1288 repu-
1040 1251 1042 1275 ἶ

223 1291 304 1322 blica.
334 1296 390 1318 tum
414 1292 494 1318 etiam
519 1292 616 1318 nostris
638 1292 718 1318 rebus
739 1291 840 1326 perfrui
861 1299 1017 1326 possumus.
1040 1303 1042 1309 ι

224 1329 320 1356 Gravis
332 1329 410 1355 etiam
422 1328 468 1355 illa
480 1334 520 1355 est
531 1334 556 1355 et
567 1329 644 1364 plena
658 1329 797 1365 dignitatis
812 1328 918 1355 dicendi
935 1328 1020 1355 sacul-

223 1371 271 1397 tas,
280 1375 348 1401 quae
359 1375 439 1401 saepe
450 1366 535 1392 valuit
546 1367 573 1393 in
584 1366 694 1393 consule
704 1366 857 1402 deligendo,
866 1374 945 1401 posse
955 1374 1020 1392 con·
1042 1378 1043 1381 ¹

222 1404 284 1430 silio
295 1408 374 1438 atque
384 1404 502 1430 oratione
513 1408 538 1430 et
549 1409 657 1430 senatus
669 1408 694 1430 et
705 1403 798 1439 populi
810 1407 836 1430 et
846 1412 952 1434 eorum,
971 1404 1019 1438 qui

223 1450 265 1467 res
286 1441 418 1473 iudicant,
441 1445 544 1467 mentes
560 1449 724 1476 permovere.
755 1441 898 1474 Quaeritur
913 1440 1017 1472 consul,

221 1479 268 1513 qui
285 1479 398 1505 dicendo
413 1487 615 1514 nonnumquam
631 1479 790 1514 comprimat
806 1478 964 1505 tribunicios
976 1477 1021 1504 fu-

221 1525 307 1547 rores,
325 1516 373 1551 qui
384 1517 545 1543 concitatum
559 1515 690 1551 populum
706 1515 805 1547 flectat,
821 1516 870 1551 qui
886 1516 1019 1552 largitioni

221 1554 336 1580 resistat.
378 1554 435 1580 Non
447 1554 560 1585 mirum,
572 1555 596 1580 si
607 1554 641 1580 ob
653 1554 721 1580 hanc
732 1553 885 1580 facultatem
896 1553 1019 1580 homines

221 1600 301 1625 saepe
316 1592 395 1617 etiam
412 1599 464 1617 non
481 1591 584 1618 nobiles
598 1591 768 1618 consulatum
783 1591 919 1618 consecuti
939 1595 1017 1617 sunt:

222 1629 378 1663 praesertim
399 1637 484 1664 quum
506 1629 571 1655 haec
590 1629 683 1655 eadem
703 1637 745 1655 res
761 1628 893 1663 plurimas
907 1629 1017 1664 gratias,

221 1666 391 1692 firmissimas
402 1666 542 1697 amicitias,
556 1666 672 1692 maxima
683 1666 772 1692 studia
783 1666 882 1700 pariat:
903 1674 1019 1700 quorum

222 1703 250 1729 in
261 1703 311 1729 isto
323 1707 411 1730 vestro
421 1703 540 1734 artificio,
553 1703 665 1738 Sulpici,
679 1703 746 1729 nihil
758 1707 808 1729 est.
839 1704 882 1729 25.
897 1703 1018 1729 Primum

221 1740 338 1775 dignitas
353 1740 381 1767 in
397 1745 450 1766 tam
466 1741 540 1767 tenui
555 1741 665 1767 scientia
680 1749 750 1775 quae
765 1744 852 1775 potest
871 1739 948 1766 esse‘?
967 1741 1019 1767 Res

222 1778 293 1804 euim
309 1782 373 1804 sunt
388 1785 498 1812 parvae,
515 1786 597 1812 prope
612 1779 640 1804 in
651 1777 768 1813 singulis
780 1777 875 1804 litteris
887 1782 967 1813 atque
977 1778 1020 1804 in-

221 1815 453 1849 terpunctionibus
467 1815 608 1841 verborum
619 1819 772 1850 occupatae.
793 1814 902 1846 Deinde,
915 1815 1019 1841 etiamsi

221 1852 288 1886 quid
305 1851 376 1886 apud
393 1852 505 1878 maiores
521 1856 624 1878 nostros
641 1852 728 1879 suitin
740 1853 792 1879 isto
802 1852 893 1878 studio
903 1852 1020 1878 admira-

221 1889 315 1920 tionis,
331 1889 370 1919 id,
384 1890 528 1916 enuntiatis
540 1890 636 1916 vestris
647 1890 797 1926 mysteriis.
810 1894 895 1916 totum
905 1894 946 1916 est
956 1898 1020 1916 con-

222 1931 354 1961 temptum
365 1931 391 1953 et
401 1926 545 1953 abiectum.
585 1927 677 1953 Posset
688 1927 731 1963 agi
743 1926 816 1963 lege,
831 1935 927 1958 necne,
941 1927 1018 1963 pauci

221 1963 357 1999 quondam
373 1964 508 1990 sciebant:
531 1963 612 1990 fastos
628 1965 700 1991 enim
716 1964 799 2000 vulgo
810 1972 861 1991 non
873 1964 1017 1991 habebant.

221 2002 303 2028 Erant
313 2002 340 2028 in
352 2010 447 2037 magna
460 2002 584 2037 potentia,
597 2002 645 2037 qui
656 2001 879 2028 consulebantur:
893 2010 907 2028 a
917 2002 1019 2037 quibus

221 2040 301 2065 etiam
313 2038 379 2069 dies,
394 2043 530 2074 tamquam
542 2048 555 2065 a
567 2038 717 2070 Chaldaeis,
731 2040 900 2074 petebantur.
922 2041 1019 2067 Inven-
1041 2041 1043 2061 1»

221 2081 265 2102 tus
277 2080 317 2102 est
326 2076 414 2102 scriba
424 2076 535 2112 quidam
547 2076 596 2103 Cn.
609 2076 732 2108 Flavius,
747 2077 794 2112 qui
805 2078 943 2104 cornicum
954 2086 1019 2104 ocu-
1041 2097 1043 2103 .

222 2113 261 2140 los
271 2113 423 2144 confixerit,
436 2118 462 2140 et
473 2113 590 2150 singulis
601 2113 698 2141 diebus
709 2114 867 2141 ediscendus
878 2114 959 2141 fastos
970 2123 1020 2150 po—

220 2150 286 2186 pulo
297 2151 478 2186 proposuerit,
495 2156 520 2178 et
535 2151 569 2177 ab
584 2152 651 2186 ipsis
665 2152 750 2178 cautis
762 2152 963 2179 iuris-consultis
975 2161 1019 2178 eo-

221 2197 281 2214 rum
302 2189 460 2223 sapientiam
480 2188 640 2223 compilarit.
680 2189 772 2224 Itaque
792 2190 852 2216 irati
871 2189 920 2220 illi,
945 2190 1019 2225 quod

221 2230 284 2252 sunt
295 2226 386 2257 veriti,
404 2234 450 2256 ne,
467 2225 572 2252 dierum
587 2227 687 2253 ratione
698 2226 854 2263 pervulgata
865 2231 891 2254 et
900 2228 1016 2263 cognita,

221 2264 279 2289 sine
289 2272 337 2289 sua
348 2271 427 2298 opera
441 2262 497 2299 lege
509 2268 599 2298 posset
609 2264 665 2300 agi,
682 2268 756 2290 notas
767 2264 899 2299 quasdam
909 2273 1019 2300 compo-

221 2305 341 2332 suerunt,
357 2305 385 2327 ut
396 2301 522 2327 omnibus
534 2301 561 2327 in
573 2301 654 2327 rebus
667 2301 720 2336 ipsi
732 2302 898 2328 interessent.

277 2337 335 2364 x11.
347 2339 386 2364 26.
398 2337 488 2370 Quum
499 2338 549 2364 hoc
561 2338 616 2365 fieri
627 2338 777 2365 bellissime
788 2343 892 2374 posset:
905 2339 1017 2366 Fundus

222 2374 338 2401 Sabinus
350 2384 426 2402 meus
437 2379 490 2402 est:
503 2376 587 2402 immo
598 2384 688 2402 meus:
700 2376 798 2402 deinde
810 2376 956 2409 iudicium;
969 2385 1018 2403 no-

222 2411 338 2439 luerunt.
373 2422 497 2444 rusnus,
514 2413 616 2448 inquit,
631 2422 681 2444 Qui
695 2422 745 2440 εει·
759 2423 787 2440 ιιι
800 2423 888 2445 nono,
904 2423 953 2445 Qui
967 2423 1018 2440 sa-

222 2458 306 2475 nixus
321 2458 463 2476 vocnun.
495 2449 564 2476 Satis
576 2450 697 2477 verbose.
729 2450 812 2483 Cedo,
830 2451 897 2486 quid
908 2450 1017 2486 postea?

222 2494 280 2512 num
295 2495 350 2513 neo
364 2496 398 2513 ex
412 2496 480 2513 ιυιιε
495 2497 654 2518 omninum
667 2496 749 2514 mauu
764 2497 832 2514 esse
846 2497 904 2515 Αιο.
945 2487 1016 2521 Quid

222 2522 298 2548 tum‘?
323 2532 392 2549 anE
415 2533 454 2549 11³1
477 2533 532 2550 neo
554 2534 587 2551 τε
606 2533 641 2551 ex
659 2534 727 2551 mne
747 2534 825 2552 nAnu
843 2534 1016 2552 const-:arun

223 2568 304 2586 voco.
337 2559 407 2591 Quid
423 2561 485 2587 huic
497 2566 549 2587 tam
562 2561 708 2596 loquaciter
718 2561 834 2597 litigioso
845 2562 1017 2597 responderet

221 2595 276 2627 ille,
290 2596 360 2622 unde
372 2597 518 2631 petebatur,
531 2607 583 2625 non
595 2599 719 2625 habebat.
745 2599 851 2626 Transit
862 2599 934 2626 idem
944 2600 1017 2626 iure-

221 2633 370 2664 consultus,
385 2634 594 2662 tibicinisLatini
606 2636 699 2662 modo:
712 2645 787 2662 usne
801 2646 835 2663 ru
848 2646 899 2668 us,
915 2637 1013 2672 inquit,

222 2679 257 2697 ex
275 2679 343 2697 ιιιιιε
362 2680 439 2698 usse
457 2681 628 2699 consen-run
646 2682 783 2705 vocasn,
811 2683 879 2700 isus
898 2683 938 2700 nu
961 2683 1016 2700 sco

1013 137 1289 163 ‹ltili-:ttoxts

1071 217 1103 234 τκ
1119 216 1242 234 nevoco.
1282 207 1387 234 Praetor
1403 209 1499 234 interea
1518 217 1551 235 ne
1565 207 1708 243 pulchrum
1719 216 1748 233 se
1762 216 1793 234 ac
1804 208 1866 234 hea-

1073 249 1128 270 tum
1146 249 1250 279 putaret
1265 249 1344 279 atque
1354 245 1457 280 aliquid
1469 246 1526 280 ipse
1537 255 1584 271 uua
1596 251 1689 281 sponte
1702 245 1864 280 loqueretm,

1072 283 1094 308 ei
1106 290 1214 316 quoque
1224 290 1330 308 carmen
1346 283 1523 316 comfmitum
1539 288 1591 313 est.
1614 292 1699 318 quum
1715 283 1808 309 ceu-ris
1825 291 1866 309 re-

1073 319 1123 345 bus
1135 318 1297 348 absurdum.
1316 324 1372 345 tum
1386 320 1484 346 veroin
1497 320 1556 346 illo:
1581 330 1643 346 stis
1657 329 1801 350 trusum:
1816 329 1866 346 n:-

1074 365 1275 386 rrzusrinues.
1293 365 1512 383 vunnu-u·
1526 367 1567 384 ιιι
1579 367 1609 383 ιιι
1626 367 1695 384 viu
1710 366 1867 384 nit-⁴0:1³1-

1073 403 1104 419 n:
1121 403 1201 419 vnn.
1243 394 1350 419 Praesto
1361 393 1451 419 aderat
1462 395 1569 428 sapiens
1581 394 1638 425 ille,
1655 396 1702 429 qui
1716 395 1782 421 inire
1795 395 1866 421 viam

1072 430 1190 456 doceret:
1213 439 1320 456 ιικιιιτκ
1336 440 1416 457 viu.
1447 431 1547 457 Eodem
1557 431 1625 457 «tuce
1638 432 1767 458 redibant.
1799 432 1867 458 llaec

1073 469 1124 494 iam
1138 473 1193 494 tum
1206 468 1277 502 apud
1289 468 1349 494 illos
1360 468 1483 494 barbatos
1495 468 1620 498 ridicula,
1633 469 1724 500 credo.
1738 469 1867 495 videban-

1074 510 1129 531 tur:
1148 505 1283 536 homines,
1299 514 1384 540 quum
1399 511 1468 532 recte
1478 511 1558 541 atque
1569 506 1595 532 in
1607 506 1663 532 loco
1673 507 1864 535 constitissent.

1072 543 1159 569 iuberi
1171 543 1253 573 abire,
1268 548 1305 573 ut,
1319 543 1390 569 unde
1400 543 1628 573 abissent.codem
1640 544 1729 570 statim
1740 544 1864 570 redirent.

1073 580 1170 606 lisdem
1183 581 1290 615 ineptiis
1305 579 1391 606 fucata
1407 586 1470 607 sunt
1486 580 1530 607 illa
1545 581 1647 611 omnia.
1664 590 1779 611 ocaxoo
1792 590 1823 607 τι
1839 590 1866 607 tx

1073 626 1142 643 inni:
1161 627 1328 649 cussmcm3
1349 623 1375 644 et
1390 618 1466 644 haec:
1488 627 1541 644 sen
1559 627 1633 644 ,is-xz
1651 627 1684 644 τυ
1700 627 1791 648 uicis.
1810 627 1866 649 oua

1073 664 1107 681 nx
1121 664 1230 681 cni-sn
1250 654 1481 682 visnicavznrs‘?
1499 664 1568 690 quae
1582 655 1648 681 dum
1663 660 1738 681 erant
1753 655 1864 685 occulta.

1073 693 1222 718 necessario
1233 693 1266 718 ab
1277 693 1324 722 eis.
1338 694 1385 727 qui
1397 701 1426 718 ea
1439 693 1575 723 tenebant,
1590 692 1761 728 petebantur:
1775 698 1865 727 postea

1073 738 1135 756 vero
1150 730 1304 765 pervulgata
1321 735 1401 764 atque
1416 731 1442 756 in
1459 731 1584 756 manibus
1600 731 1692 757 iactata
1704 734 1729 756 et
1741 739 1864 760 excussa,

1072 767 1228 793 inanissima
1246 767 1402 802 prudentiae
1418 773 1519 802 reperta
1531 773 1606 798 sunt,
1630 767 1731 794 fraudis
1742 772 1831 794 autem
1841 772 1867 794 et

1071 804 1199 831 stultitiae
1211 804 1377 839 plenissima.
1408 806 1450 831 27.
1473 806 1537 831 Nam
1549 814 1634 840 quum
1647 805 1778 840 permulta
1791 813 1867 839 prae-

1071 841 1141 867 clare
1153 841 1258 876 leg-ribus
1270 847 1359 868 essent
1370 843 1560 873 constituta,ea
1573 842 1814 869 iureconsultorum
1825 843 1866 868 in-

1042 886 1043 891 *
1071 880 1158 914 geniis
1170 876 1296 915 pleraque
1307 885 1429 914 corrupta
1440 889 1470 906 ac
1480 880 1622 915 depravata
1633 885 1706 906 sunt.
1740 879 1865 906 Mulieres

1071 925 1164 943 omnes
1180 922 1286 952 propter
1301 918 1480 944 infirmitatem
1495 917 1600 944 consilii
1617 918 1729 943 maiores
1749 917 1776 943 in
1797 921 1866 943 tuto-

1072 962 1130 980 rum
1148 959 1275 988 potestate
1290 963 1348 981 esse
1369 954 1523 981 voluerunt·
1547 955 1575 981 hi
1591 955 1751 981 invenerunt
1769 962 1866 989 genera

1048 994 1049 1013 1
1071 996 1198 1022 tutorum,
1211 1000 1280 1027 quae
1291 997 1418 1026 potestate
1430 992 1573 1019 mulierum
1585 992 1793 1018 continerentur.
1820 991 1868 1018 Sa-

1040 2065 1043 2089 l

1070 1037 1112 1054 cra
1134 1029 1241 1055 interire
1261 1029 1301 1056 illi
1322 1029 1478 1056 noluerunt:
1502 1029 1596 1056 horum
1618 1030 1726 1065 ingenio
1740 1037 1818 1055 senes
1833 1028 1866 1055 ad

1070 1067 1250 1101 coemptiones
1279 1066 1427 1097 faciendas,
1463 1066 1701 1094 interimendorum
1730 1075 1867 1093 sacrorum

1070 1112 1178 1135 caussa,
1195 1105 1292 1138 reperti
1303 1109 1376 1131 sunt.
1417 1105 1446 1131 In
1457 1105 1531 1131 omni
1542 1104 1659 1140 denique
1670 1105 1728 1130 iure
1738 1103 1813 1131 civiti
1822 1112 1868 1130 ae-

1070 1141 1199 1176 quitatem
1212 1141 1391 1176 reliquerunt.
1405 1142 1485 1168 verba
1497 1143 1554 1177 ipsa
1567 1146 1722 1168 tenuerunt:
1745 1146 1788 1171 ut,
1802 1141 1867 1176 quja

1070 1179 1098 1204 in
1109 1178 1226 1205 alicuius
1238 1179 1328 1210 libris,
1345 1179 1462 1214 exempli
1473 1187 1583 1210 caussa,
1601 1179 1627 1206 id
1644 1188 1740 1206 nomen
1756 1179 1867 1205 invene-

1071 1220 1141 1246 rant.
1164 1221 1305 1251 putarunt,
1327 1225 1420 1243 omnes
1432 1216 1572 1247 mulieres,
1593 1225 1662 1251 quae
1672 1217 1866 1251 coemptionem

1071 1252 1194 1284 facerent.
1209 1253 1285 1280 Caias
1296 1254 1394 1280 vocari.
1420 1255 1474 1280 Iam
1486 1254 1554 1280 illud
1566 1254 1633 1280 mihi
1644 1253 1755 1289 quidem
1767 1254 1866 1280 mirum

1071 1290 1155 1317 videri
1167 1290 1248 1322 solet,
1264 1296 1301 1318 tot
1311 1291 1446 1322 homines,
1465 1296 1517 1317 tam
1530 1292 1697 1325 ingeniosos,
1714 1299 1762 1326 per
1772 1295 1809 1318 tot
1819 1299 1867 1317 an-

1071 1336 1119 1354 nos
1130 1329 1210 1355 etiam
1222 1337 1293 1355 nunc
1304 1333 1420 1355 statuere
1431 1337 1482 1355 non
1494 1329 1622 1363 potuisse.
1631 1333 1722 1355 utrum
1733 1327 1804 1355 diem
1815 1332 1868 1354 ter—

1071 1366 1139 1392 tium
1151 1374 1183 1392 an
1199 1366 1390 1401 perendinum,
1413 1366 1531 1392 iudicem
1546 1374 1579 1392 an
1594 1366 1739 1397 arbitrum,
1762 1374 1818 1392 rem
1833 1373 1867 1392 an

1072 1402 1145 1429 litem
1156 1403 1209 1430 dici
1220 1408 1360 1438 oporteret.
1383 1403 1453 1430 Xlss.
1466 1405 1507 1430 28.
1521 1404 1612 1439 ltaque
1622 1404 1662 1439 (ut
1673 1403 1740 1438 dixi)
1749 1403 1868 1439 dignitas

1070 1441 1098 1467 in
1110 1441 1160 1467 ista
1171 1441 1281 1468 scientia
1292 1441 1440 1468 consularis
1453 1449 1600 1476 numquam
1613 1440 1676 1473 suit,
1692 1449 1761 1476 quae
1772 1445 1824 1467 tota
1833 1448 1867 1467 ex

1071 1478 1152 1505 rebus
1173 1478 1242 1505 fictis
1261 1479 1506 1514 commentitiisque
1525 1483 1670 1505 constaret:
1690 1479 1790 1514 gratiae
1805 1486 1868 1504 vero

1071 1515 1156 1542 multo
1167 1516 1246 1542 etiam
1258 1517 1384 1543 minores.
1425 1515 1502 1549 Quod
1512 1517 1584 1542 enim
1595 1516 1721 1542 omnibus
1736 1520 1820 1551 patet,
1841 1520 1869 1542 et

1071 1561 1156 1588 aeque
1168 1558 1322 1588 promptum
1333 1558 1373 1580 est
1385 1553 1452 1580 mihi
1465 1558 1492 1580 et
1506 1553 1660 1580 adversario
1674 1561 1747 1584 meo,
1765 1553 1793 1580 id
1807 1561 1868 1579 esse

1070 1595 1176 1626 gratum
1187 1590 1262 1618 nullo
1273 1595 1349 1626 pacto
1359 1596 1456 1626 potest.
1486 1591 1580 1626 ltaque
1590 1599 1642 1618 non
1655 1590 1734 1618 modo
1744 1589 1866 1617 beneficii

1049 1626 1050 1630 ¹
1070 1627 1217 1654 collocandi
1233 1637 1323 1663 spem,
1348 1628 1395 1654 sed
1411 1629 1491 1654 etiam
1507 1627 1589 1659 illud,
1610 1627 1683 1664 quod
1698 1627 1866 1663 aliquamdiu

1071 1663 1131 1695 fuit.
1145 1674 1231 1692 nicer
1245 1674 1429 1697 consumens,
1442 1666 1495 1692 iam
1507 1665 1672 1700 perdidistis.
1694 1665 1808 1700 Sapiens
1819 1673 1866 1691 ex—

1070 1702 1183 1729 istimari
1195 1710 1273 1729 nemo
1283 1707 1371 1738 potest
1381 1703 1408 1729 in
1422 1711 1452 1729 ea
1467 1702 1609 1738 prudentia
1617 1723 1623 1734 ,
1641 1711 1710 1738 quae
1721 1710 1808 1738 neque
1819 1710 1867 1729 ex-

1071 1743 1108 1766 tra
1125 1740 1236 1766 Romam
1252 1749 1382 1775 usquam,
1407 1748 1493 1775 neque
1510 1740 1619 1771 Romae,
1642 1740 1723 1766 rebus
1743 1739 1864 1775 prolatis,

1069 1777 1220 1812 quidquam
1239 1777 1319 1804 valet.
1359 1778 1464 1804 Peritus
1482 1777 1542 1804 ideo
1563 1777 1654 1804 haberi
1676 1786 1754 1804 nemo
1768 1782 1864 1812 potest,

1070 1815 1142 1849 quod
1152 1815 1179 1841 in
1191 1823 1235 1846 eo,
1252 1815 1325 1850 quod
1340 1815 1429 1842 sciunt
1442 1823 1549 1845 omnes.
1568 1814 1642 1841 nullo
1658 1814 1737 1841 modo
1752 1819 1867 1849 possunt

1048 1850 1050 1854 ’
1070 1853 1140 1879 inter
1150 1861 1179 1878 se
1189 1852 1350 1887 discrepare.
1366 1852 1489 1878 Difficilis
1500 1857 1589 1878 autem
1601 1861 1643 1878 res
1653 1851 1713 1878 ideo
1723 1860 1776 1878 non
1788 1856 1866 1887 puta-

1070 1895 1122 1920 tur,
1135 1889 1208 1925 quod
1218 1894 1244 1916 et
1254 1890 1395 1925 perpaucis
1406 1894 1432 1916 et
1442 1890 1553 1916 minime
1563 1889 1686 1916 obscuris
1697 1888 1792 1916 litteris
1802 1897 1866 1916 cou-

1071 1928 1178 1954 tinetur.
1201 1928 1302 1962 ltaque,
1315 1927 1338 1953 si
1349 1927 1425 1958 mihi,
1434 1926 1536 1953 homini
1548 1927 1718 1953 vehementer
1727 1931 1864 1961 occupato,

1070 1964 1239 1991 stomachum
1250 1965 1401 1995 moveritis,
1418 1964 1507 1991 triduo
1520 1972 1563 1990 me
1572 1963 1796 1991 iurisconsultum
1806 1971 1866 1990 esse

1070 2002 1222 2037 profitebor.
1262 2002 1368 2028 Etenim
1379 2010 1448 2037 quae
1459 2001 1492 2028 de
1507 2002 1607 2036 scripto
1620 2006 1749 2038 aguntur.
1766 2001 1865 2036 scripta

1070 2045 1134 2066 sunt
1143 2040 1242 2066 omnia:
1255 2047 1343 2075 neque
1354 2044 1441 2066 tamen
1451 2039 1601 2074 quidquam
1612 2043 1666 2065 tam
1676 2043 1789 2074 anguste
1798 2038 1866 2065 scri-

1069 2082 1147 2112 ptum
1161 2081 1214 2108 est,
1235 2085 1290 2112 quo
1305 2085 1354 2113 ego
1370 2085 1421 2103 non
1437 2077 1552 2112 possim,
1573 2085 1630 2107 Qua
1643 2085 1678 2102 nr
1692 2085 1727 2102 ιιΒ
1740 2084 1863 2107 miron,

1069 2114 1177 2141 addere.
1217 2114 1290 2147 Quae
1305 2114 1485 2141 consuluntur
1499 2118 1602 2145 autem,
1619 2114 1732 2140 minimo
1746 2112 1865 2148 periculo

1069 2151 1274 2187 respondentur.
1305 2151 1335 2178 Si
1345 2151 1382 2183 id,
1395 2151 1468 2187 quod
1478 2155 1587 2186 oportet,
1600 2150 1779 2186 responderis,
1791 2149 1864 2176 idem

1069 2189 1177 2216 videare
1188 2188 1374 2224 respondisse,
1390 2188 1464 2224 quod
1475 2188 1601 2215 Servius:
1618 2188 1661 2214 sin
1674 2187 1763 2218 aliter,
1783 2187 1864 2213 etiam

1069 2231 1271 2253 controversum
1281 2227 1322 2253 ius
1337 2234 1416 2253 nosse
1426 2230 1452 2252 et
1463 2230 1573 2252 tractare
1582 2225 1698 2252 videare.
1738 2225 1781 2251 29.
1792 2223 1865 2256 Qua-

1069 2268 1177 2299 propter
1191 2272 1243 2291 non
1258 2263 1347 2290 solum
1361 2263 1408 2290 illa
1421 2262 1505 2299 gloria
1520 2262 1643 2289 militaris
1655 2261 1751 2288 vestris
1761 2261 1865 2288 formu-

1070 2301 1102 2327 lis
1113 2306 1193 2337 atque
1203 2301 1354 2328 actionibus
1364 2300 1549 2335 anteponenda
1559 2304 1613 2330 est,
1626 2307 1720 2325 verum
1731 2299 1810 2325 etiam
1821 2297 1864 2325 di-

1068 2338 1146 2365 cendi
1161 2338 1328 2365 consuetudo
1339 2337 1416 2374 longe
1427 2342 1452 2364 et
1463 2337 1580 2364 multum
1590 2336 1637 2363 isti
1648 2340 1751 2363 vestrae
1762 2336 1864 2363 exerci—

1068 2377 1161 2402 tationi
1175 2376 1208 2402 ad
1224 2376 1349 2402 honorem
1365 2374 1514 2402 antecellet.
1553 2375 1644 2409 ltaque
1659 2373 1727 2400 mihi
1737 2373 1864 2400 videntur

1068 2413 1190 2448 plerique
1201 2414 1278 2440 initio
1289 2412 1375 2439 muln
1385 2412 1435 2439 hoc
1446 2411 1587 2438 maluisse:
1603 2415 1671 2445 post,
1684 2419 1770 2446 quum
1780 2410 1809 2437 id
1819 2419 1864 2437 as-

1067 2451 1146 2486 sequi
1158 2459 1210 2477 non
1221 2451 1385 2486 potuissent,
1401 2450 1472 2476 istuc
1487 2448 1658 2483 potissimum
1673 2452 1738 2474 sunt
1747 2447 1861 2482 delapsi.

1067 2488 1101 2515 Ut
1111 2488 1187 2514 aiunt
1196 2489 1224 2514 in
1236 2487 1345 2515 Graecis
1355 2485 1501 2513 artificibus
1508 2506 1515 2517 ,
1532 2494 1577 2512 eos
1587 2484 1715 2512 auloedos
1725 2493 1798 2516 esse,
1813 2485 1862 2520 qui

1066 2525 1212 2552 citharoedi
1224 2525 1281 2551 fieri
1291 2533 1343 2551 non
1354 2523 1501 2559 potuerint:
1522 2523 1561 2549 sic
1571 2521 1715 2549 nonnullos
1725 2521 1860 2553 videmus.

1066 2563 1114 2597 qui
1125 2567 1241 2589 oratores
1252 2561 1364 2588 evadere
1375 2569 1426 2587 non
1437 2564 1595 2595 potuerunt.
1613 2568 1658 2586 eos
1673 2559 1708 2586 ad
1721 2559 1789 2586 iuris
1803 2563 1862 2586 stu-

1066 2599 1143 2626 dium
1163 2599 1299 2626 devenire.
1339 2598 1452 2634 Magnus
1467 2597 1575 2624 dicendi
1591 2597 1677 2627 labor,
1698 2605 1794 2632 magua
1807 2604 1860 2627 res,

1067 2645 1163 2673 magna
1173 2636 1301 2672 dignitas,
1313 2643 1418 2662 summa
1429 2639 1518 2661 autem
1528 2635 1622 2670 gratia.
1643 2634 1750 2660 Etenim
1759 2642 1774 2659 a
1785 2633 1861 2660 vobis

1066 2674 1210 2701 salubritas
1221 2672 1367 2708 quaedam:
1387 2671 1475 2703 abiis,
1487 2672 1536 2707 qui
1545 2671 1647 2704 dicunt,
1660 2670 1735 2698 salus
1745 2671 1804 2706 ipsa
1813 2678 1862 2706 pe-
