1941 3052
231 137 293 162 tuas,

227 206 495 242 perturluitionesque
512 204 665 238 proclivior.
706 205 863 231 lnvetcratio
874 209 978 235 autem,
995 209 1023 231 ut
1042 211 1043 226 1

229 246 254 270 in
267 243 437 277 corporibus,
455 243 562 276 aegrius
574 241 732 276 depellitur,
748 251 829 276 quain
842 241 1019 276 perturbati03

227 282 362 314 citiusque·
378 280 532 312 repentinus
547 278 685 304 oculorum
703 283 791 304 tumor
805 283 927 310 sanatur,
940 287 1021 313 quam

227 318 354 344 diuturna
368 315 500 350 lippitudo
511 315 665 349 depellitur.

285 354 429 379 xxxvtu.
452 355 493 378 ⁸2.
515 352 565 378 Sed
582 353 686 385 cognua
704 353 755 378 iam
770 361 866 379 caussa
882 353 1023 388 perturba-

229 393 339 419 tionum,
349 399 416 424 qutw
427 398 520 415 omncs
531 390 654 416 oriuntur
664 398 697 415 ex
711 390 819 416 iudiciis
829 391 986 425 opinionum
998 396 1023 417 et

230 427 420 456 voluntatibus,
430 428 463 452 sit
477 428 527 452 iuni
541 427 932 461 liuiusdispntationismodus.
950 429 1022 454 Scire

228 470 316 491 nutem
329 474 375 490 nos
386 469 495 498 oportet,
509 465 632 498 cognitis,
646 464 733 498 quoad
747 469 859 499 possunt
869 465 903 490 ab
915 465 1022 491 bomine

227 502 350 537 cog-'nosci
361 522 366 531 ,
381 501 509 527 lmnorum
522 501 689 527 etmalorum
702 501 811 532 linibnffi
829 502 896 528 nibil
908 511 921 528 a
935 502 1023 537 philo-

227 540 320 574 sophia
333 547 410 573 posse
422 543 468 564 ant
479 539 565 564 maius
577 543 622 564 aut
635 539 728 564 utilius
739 539 839 573 optari,
852 548 933 574 quam
947 540 1020 569 hace,

226 586 295 611 quae
312 585 325 601 a
343 575 420 601 nobis
441 575 490 601 hoc
509 576 653 610 quatriduo
673 575 808 610 disputata
827 582 899 603 sunt.
941 578 1022 603 Morte

227 615 298 640 enim
311 617 461 647 vontempta
473 617 498 639 et
508 612 598 639 dolore
610 613 641 638 ad
654 613 809 647 patiendum
823 613 917 644 levato,
926 614 1024 640 adiun-

228 652 318 677 ximus
334 649 498 676 sedationem
515 650 705 685 aegritudinis:
728 659 781 685 qua
799 651 903 677 nullum
919 652 1021 678 homini

228 687 327 714 malum
341 688 428 713 maius
441 691 491 713 cst,

532 688 588 713 Etsi
603 688 674 714 enim
687 688 775 714 omnis
787 689 871 714 animi
883 689 1023 723 perturba·
1043 720 1045 722 v

227 726 263 752 tio
278 725 369 760 gravis
384 729 423 750 est
439 733 486 750 nec
503 724 618 751 multum
634 725 722 752 differt
737 725 770 752 ab
785 727 915 756 amentia,
933 731 1021 752 tamen
1043 751 1044 755 ,

228 762 283 799 [ita]
302 767 417 792 eeteros,
434 770 519 796 quum
535 767 598 788 sunt
614 763 639 788 in
656 762 744 797 aliqua
762 763 962 798 perturbatione
977 769 1022 790 aut

229 805 315 826 metus
327 804 372 825 aut
384 798 498 825 laetitiae
510 804 555 825 aut
565 799 730 834 cupiditatiS,
747 805 893 826 commotos
906 800 984 827 modo
997 806 1023 827 et

227 836 396 872 perturbatos
406 835 495 862 dicere
505 836 637 863 solemus:
655 842 682 863 at
691 846 744 868 eos,
761 838 849 872 quise
859 838 1022 873 aegritudini

226 873 398 903 dediderunt,
413 873 533 904 miseros,
547 873 672 904 amietos,
688 883 871 905 aerumnosos,
884 875 1023 902 calamito-

226 920 280 937 sos:

227 949 327 985 ratione
339 948 520 982 propositum,
537 953 565 974 ut
575 949 718 982 separatim
730 949 762 975 ‹te
774 949 942 985 aegritudine
953 955 977 976 et
989 949 1022 975 de

226 986 321 1012 ceteris
333 985 580 1020 perturbationibus
591 986 804 1021 disputaremus:
820 988 845 1012 in
857 995 886 1012 ca
899 992 938 1013 est
948 988 1020 1013 enim

227 1022 286 1049 l'ons
303 1023 472 1048 miseriarum
488 1028 514 1049 et
527 1028 616 1057 caput.

228 1060 363 1095 liquorum
383 1060 466 1085 animi
488 1060 641 1086 morborum
663 1069 715 1086 una
735 1062 838 1087 sanatio
854 1066 906 1091 est,
929 1070 1022 1088 omnes

225 1096 378 1132 opinabiles
389 1105 448 1122 esse
459 1102 485 1123 et
497 1097 674 1127 voluntarios,
688 1106 717 1123 ea
730 1107 811 1133 reque
822 1099 936 1133 suscipi,
949 1099 1021 1134 qnod

226 1135 262 1161 ita
275 1139 376 1160 rectum
387 1142 446 1160 esse
458 1134 590 1160 videatur.
632 1136 707 1161 llunc
718 1143 847 1163 errorem.
861 1137 939 1170 quasi
951 1136 1023 1162 radi-

226 1180 283 1198 cem
297 1171 427 1197 inalorum
439 1172 570 1202 omnium,
579 1172 702 1206 stirpitus
709 1172 880 1207 philosophia
894 1181 923 1199 se
934 1179 1023 1199 extra-

225 1213 328 1235 cturam
343 1208 495 1243 pollicetur.
536 1210 577 1235 84.
600 1210 698 1235 Demus
714 1210 797 1245 igitur
808 1219 856 1236 nos
868 1210 932 1236 huic
943 1219 1023 1237 exco-

227 1246 332 1276 lendos,
349 1246 536 1280 patiamurque
548 1254 596 1272 nos
607 1247 706 1272 sanari.
747 1247 793 1273 llis
805 1248 878 1273 enim
890 1247 968 1274 malis
980 1249 1023 1274 in-

225 1283 392 1313 sidentibus,
409 1291 460 1309 non
474 1283 552 1309 modo
563 1283 648 1315 beati,
665 1283 713 1310 sed
725 1293 758 1310 ne
769 1285 827 1310 sani
839 1285 951 1319 quidem
963 1294 1022 1312 esse

225 1329 380 1355 possumus.
421 1321 474 1346 Aut
498 1320 580 1356 igitur
600 1329 730 1356 negemus
750 1322 901 1357 quidquam
921 1323 1022 1349 ratione

224 1358 333 1388 eontici,
347 1365 432 1392 quum
444 1362 533 1384 contra
546 1358 614 1384 nihil
625 1359 683 1384 sine
695 1359 796 1385 ratione
808 1364 878 1386 recte
890 1359 947 1386 fieri
958 1368 1023 1395 pos-

224 1395 272 1421 sit:
287 1399 340 1425 aut,
349 1403 433 1429 quum
442 1395 613 1429 philosophia
620 1404 654 1422 ex
665 1397 798 1422 rationum
810 1396 1023 1424 collationecon-

223 1437 283 1462 stet,
292 1432 324 1458 ab
336 1440 375 1462 ea,
389 1432 412 1457 si
424 1437 450 1458 et
461 1432 524 1459 boni
535 1437 561 1458 et
571 1432 641 1459 beati
654 1433 780 1460 volumus
792 1442 860 1466 esse,
872 1435 961 1461 omnia
974 1435 1023 1461 ad-

224 1469 343 1496 iumenta
355 1474 380 1496 et
390 1469 491 1496 auxilia
504 1474 627 1504 petamus
639 1470 707 1497 bene
719 1471 849 1506 beateque
861 1472 983 1498 vivendi.

522 1623 720 1635 2——-0=0-—

594 1786 650 1812 ⁴20.

378 1847 551 1877 LIBER
591 1849 863 1883 QUINTUS.

277 1971 354 1992 ARG.
371 1973 418 1993 Hoc
428 1973 486 1994 libro
497 1974 570 2000 quinti
580 1974 626 1995 diei
635 1975 758 2002 disputatio
769 1975 908 2000 continetur.
923 1983 966 2002 qua
975 1976 1021 1997 m'r—

224 2009 297 2027 entem
310 2008 341 2027 nd
354 2007 417 2028 beate
427 2008 547 2030 vivendum
559 2016 581 2030 se
591 2009 641 2037 ipra
653 2013 783 2031 contentum
794 2017 839 2031 esse
849 2011 1020 2031 ‹tenuatim-atur.

223 2041 255 2061 Ae
265 2041 335 2068 primu
347 2042 432 2068 quidem
444 2043 648 2065 mathematicorum
660 2052 719 2066 more
729 2045 806 2066 Cicero
818 2052 846 2066 ex
856 2045 894 2069 iis,
905 2052 960 2072 quae
971 2050 1022 2066 ante

223 2075 337 2103 disputato
348 2081 418 2102 erant,
431 2079 526 2100 brevitet·
536 2079 624 2100 conticit
633 2079 664 2104 id,
676 2080 732 2106 quotl
744 2080 870 2106 quaeritur,
880 2081 960 2101 deinde
969 2088 1021 2101 veru

223 2111 250 2131 ad
265 2111 445 2139 philosophorum
461 2114 546 2134 modum
560 2114 593 2134 ita
607 2115 634 2135 de
649 2114 688 2135 hac
699 2115 830 2142 quaestione
840 2115 951 2143 disputat,
967 2119 1021 2136 tam·
1050 2130 1051 2134 ,

223 2153 285 2173 «inani
297 2147 450 2174 superioribus
460 2148 538 2169 tliehua
549 2149 581 2169 nit
592 2153 651 2170 euet
661 2149 794 2177 disputando
805 2151 937 2171 confectum.
964 2151 1021 2172 Nam

222 2181 293 2208 primo
307 2183 417 2207 ostendit,
433 2183 452 2204 si
467 2183 556 2211 sapiens
571 2185 672 2206 omnibus
688 2185 895 2212 perturbationibus
910 2185 968 2205 liber
982 2185 1020 2210 sit,

222 2223 266 2236 nun
276 2223 342 2244 posse
353 2224 396 2238 nun
407 2218 491 2239 beatum
503 2219 625 2246 sapientem
637 2220 810 2247 eaae,quod,qui
820 2220 844 2240 in
853 2220 884 2240 iis
894 2220 948 2245 sint,
955 2220 1020 2241 mise-

222 2251 241 2271 ri
253 2251 299 2272 nint
311 2253 446 2274 necessario.
470 2256 555 2279 Quare,
572 2262 637 2282 quum
651 2255 723 2276 virtus
733 2262 746 2275 a
755 2255 962 2282 perturbationibus
973 2255 1021 2276 aula

222 2285 315 2312 liberet,
329 2288 433 2309 virtutem
449 2289 575 2310 necessario
590 2289 659 2310 solam
671 2290 758 2311 beatum
768 2289 878 2311 huminem
889 2290 984 2311 efficere.
1001 2297 1019 2311 c.

223 2323 231 2340 1
241 2323 281 2342 -ὃ,
311 2322 336 2342 ln
351 2330 393 2349 qno
405 2323 546 2350 reprehendit
555 2328 650 2345 veterem
662 2325 841 2346 Academicorum
852 2329 875 2346 et
883 2325 1021 2352 Peripateti-

222 2362 295 2376 corum
306 2356 486 2383 incnnnantiam,
498 2359 536 2385 qui
546 2367 611 2386 quum
622 2359 666 2380 tria
676 2367 756 2385 genera
764 2361 870 2381 bonorum
882 2360 973 2385 faciant,
984 2367 1020 2381 ιο-

222 2389 264 2411 lam
275 2394 346 2412 tannen
357 2392 460 2414 virtutem
471 2393 545 2414 dicant
556 2394 665 2418 sufficere,
677 2394 720 2415 etsi
730 2402 773 2415 non
784 2395 810 2415 ad
821 2395 1019 2420 beatissimam,ta-

222 2431 270 2445 nien
278 2426 304 2445 ad
315 2427 398 2447 beatam
410 2428 485 2449 witam.
497 2436 515 2449 c.
527 2431 553 2449 ·t-
562 2431 593 2449 ta.
626 2429 714 2450 Deinde
729 2429 805 2450 multis
820 2434 865 2450 mm
875 2429 1019 2455 argumentis,

223 2461 266 2479 tum
278 2460 386 2488 exemplis
397 2462 507 2484 hominurn
519 2467 540 2484 et
550 2463 680 2484 vitiosorum
693 2467 714 2484 et
724 2464 815 2485 n‘rtutis
826 2465 1019 2486 taudeillustrium

222 2492 369 2519 ‹leni-instrat,
385 2496 487 2517 virtutem
499 2497 586 2518 efficere
597 2498 705 2518 hominem
716 2505 759 2519 non
770 2499 840 2520 solum
850 2501 950 2525 beatum,
961 2500 1019 2527 quod

223 2526 253 2547 sit
262 2528 346 2549 Stoicis
362 2537 408 2550 cum
424 2532 556 2552 Academiae
569 2533 651 2553 ueteris
666 2533 807 2561 pbilosophis
824 2538 846 2555 et
859 2535 1019 2562 Peripateticis

222 2568 345 2587 corni-nune,
361 2565 398 2584 sed
414 2565 479 2586 etiam
494 2567 529 2587 vel
543 2567 566 2587 in
582 2567 682 2588 cruciatu
692 2571 714 2588 et
724 2569 840 2589 tormentis
850 2569 1018 2594 beatissimnm3

223 2596 279 2621 quud
289 2601 365 2618 contra
375 2599 448 2620 dicant
459 2601 572 2622 Platonici
582 2607 603 2622 et
614 2602 772 2629 Peripatetici,
788 2604 827 2630 qui
838 2604 922 2625 virtute
932 2605 1018 2631 quidem

224 2631 306 2651 beatam
323 2632 388 2653 iitam
405 2640 454 2654 esse
464 2636 652 2661 contendantsaed
663 2637 792 2659 accessione
803 2639 908 2659 bonorum
918 2639 1019 2665 corporis

222 2669 243 2684 et
254 2665 355 2687 furtunae
365 2668 413 2688 ueri
424 2669 580 2692 beatissimam.
592 2680 609 2692 c.
618 2675 643 2693 Η
650 2675 697 2694 -28,
714 2673 830 2694 Postremo
841 2673 961 2695 subiicitur
970 2673 1019 2695 lon-

657 1023 708 1049 Sed
720 1029 746 1050 et
756 1024 934 1059 aegritudinis
944 1029 969 1051 et
981 1034 1023 1050 re·
1043 1049 1045 1064 Ι

362 135 395 160 Μ.
419 135 527 161 Ἰ“1”1,Ι.ΙΙ
549 134 725 161 ‹itui-:tumis
744 134 838 160 TUSC.
861 133 1092 161 tht'tJTATtox.
1116 134 1177 160 ΜΒ.
1201 134 1244 160 lV.
1266 134 1340 161 CAl'.
1362 136 1403 160 ³8.
1435 135 1497 161 tut.
1521 135 1548 161 V.
1569 135 1642 161 mv.
1669 138 1690 161 l.
1713 139 1733 162 2.

1074 209 1099 226 χι
1117 202 1254 229 disput-tiu,
1274 209 1329 230 qna,
1344 202 1411 224 tutilo
1425 210 1438 224 a
1451 203 1575 225 platan-tet·
1590 208 1611 225 tt
1627 203 1785 232 Peripatetici·
1800 204 1867 229 fatto,

1074 237 1206 260 ostenditur.
1215 237 1331 264 quum-nto,
1342 241 1365 258 ut
1375 241 1496 259 ceterorum
1507 239 1610 264 anain..
1622 239 1654 260 lta
1665 239 1687 260 ia
1698 239 1776 267 pri-t·
1787 239 1866 267 Epim-

1074 279 1158 292 reururn
1173 272 1200 292 de
1214 273 1256 292 tine
1271 273 1375 292 bunuorum
1387 272 1510 295 sententiae
1519 278 1688 296 tuuc-tancu-
1697 279 1768 303 putet,
1779 274 1867 302 eapien-

1074 310 1107 327 tu
1118 313 1203 334 semper
1213 306 1354 327 beati-tirno-
1365 307 1444 328 ulier-re.

1131 427 1149 452 l.
1169 428 1191 453 l.
1210 422 1334 458 Quintus
1346 426 1389 453 hie
1400 427 1468 457 dies,
1483 428 1570 459 Brute.
1584 429 1663 456 linem
1677 429 1754 457 saciet
1764 430 1870 456 Tuscu-

1076 463 1195 489 lanarum
1212 463 1440 498 disputationum:
1458 474 1512 500 quo
1527 465 1570 491 die
1582 471 1621 492 est
1631 476 1644 492 a
1658 467 1735 493 nobis
1744 476 1773 493 ca
1785 467 1818 493 de
1830 476 1867 496 re.

1050 488 1051 527 l
1074 509 1156 535 quam
1167 506 1194 527 tu
1206 509 1238 527 ex
1250 501 1378 527 omnibus
1389 503 1506 529 maxime
1518 503 1625 537 probas.
1638 505 1815 539 disputatum.
1843 506 1867 530 Σ.

1050 558 1051 577 ¹
1075 538 1180 564 Placere
1193 539 1264 564 enim
1277 538 1325 564 tibi
1337 538 1482 566 admodum
1494 541 1686 571 namnetem-0
1697 541 1774 571 libro.
1787 549 1868 576 quem

1075 575 1107 600 ad
1120 584 1162 601 me
1173 576 1373 602 accuratissime
1384 577 1531 611 scripsisti,
1549 582 1574 604 et
1589 586 1622 604 ex
1635 578 1726 604 multis
1738 578 1869 605 sermoni-

1050 615 1051 647 ]
1075 612 1126 638 bus
1148 613 1214 643 tuis,
1239 614 1364 639 virtutem
1385 613 1418 640 ad
1435 614 1510 640 beate
1527 615 1673 641 vivendum
1692 624 1720 641 se
1736 616 1793 650 ipsa
1809 624 1869 641 esse

1050 654 1051 659 ¹
1074 654 1234 676 contentam.
1275 650 1351 682 Quod
1366 651 1416 677 etsi
1431 651 1542 678 difficile
1558 657 1598 678 est
1613 652 1739 687 probatu.
1763 657 1870 687 propter

1075 692 1126 713 tam
1142 688 1213 713 varia
1225 692 1250 713 et
1262 692 1314 713 tarn
1327 688 1409 714 multa
1423 693 1550 715 tormenta
1564 689 1696 716 fortunae:
1715 689 1766 716 tale
1781 694 1869 716 tamen

1074 729 1123 754 est,
1138 730 1166 750 ut
1177 724 1369 751 elaborandum
1380 727 1424 755 sit,
1438 735 1492 761 quo
1503 725 1610 753 facilius
1621 727 1758 761 probetur.
1795 725 1869 753 Nihil

1074 767 1115 788 est
1134 762 1206 788 enini
1228 763 1363 792 onmium,
1386 772 1454 798 quae
1477 764 1502 789 in
1524 763 1695 799 philosophia
1714 768 1867 793 tractantur.

1050 796 1051 824 l
1074 798 1145 834 quod
1156 800 1267 834 gravius
1279 800 1550 836 magnificentiusque
1560 802 1674 828 dicatur.
1694 801 1869 836 Nan1,quum

1074 845 1104 862 ea
1116 845 1209 862 caussa
1223 837 1360 871 impulerit
1371 846 1429 868 eos,
1446 839 1494 872 qui
1507 839 1586 872 primi
1597 848 1626 864 se
1636 838 1669 864 ad
1681 838 1869 873 philosophiae

321 912 362 937 83.
380 911 470 945 ltaque
483 920 534 937 non
548 910 654 937 fortuito
665 911 763 938 sat-tum
779 912 899 942 videtur,
912 912 959 938 sed
972 922 985 938 a
998 918 1021 939 te
1044 903 1045 944 J

1043 1241 1045 1295 A

1043 1306 1045 1368 l

1043 1383 1045 1442 l

1075 873 1195 899 studium
1207 874 1390 905 contulerunt.
1405 880 1446 905 ut,
1464 876 1591 901 erunibus
1603 875 1684 901 rebus
1695 875 1866 910 posthabitis

1076 916 1141 937 totos
1156 920 1184 936 se
1202 912 1227 937 in
1241 912 1342 945 optimo
1356 912 1423 938 vitae
1435 917 1503 938 statu
1516 912 1683 947 exquirendo
1693 913 1866 941 collocarentz

1074 947 1191 982 profecto
1207 957 1253 983 spe
1269 948 1344 975 beate
1362 949 1470 975 vivendi
1485 954 1583 976 tantam
1597 951 1622 976 in
1634 958 1665 976 eo
1676 949 1766 977 studio
1777 957 1869 976 curam

1073 994 1236 1020 operamque
1248 991 1404 1020 posuerunt.
1441 987 1518 1019 Quod
1529 987 1552 1013 si
1563 987 1596 1013 ab
1609 987 1642 1013 iis
1654 988 1760 1014 inventa
1772 992 1797 1013 et
1807 995 1870 1022 per-

1075 1022 1142 1048 fecta
1160 1024 1245 1048 virtus
1259 1028 1311 1054 est,
1330 1028 1355 1049 et
1370 1024 1392 1049 si
1409 1024 1537 1058 praesidii
1549 1024 1581 1050 ad
1594 1025 1669 1051 beate
1682 1024 1829 1050 vivendum
1843 1024 1869 1050 in

1075 1061 1172 1086 virtute
1183 1061 1248 1086 satis
1259 1065 1312 1086 est:
1326 1061 1388 1095 quis
1399 1066 1448 1091 est,
1464 1062 1511 1096 qui
1523 1070 1574 1087 non
1587 1061 1720 1096 praeclare
1731 1066 1757 1088 et
1770 1061 1804 1087 ab
1815 1060 1870 1087 illis

1074 1098 1188 1132 positam
1204 1102 1229 1123 et
1242 1106 1256 1123 a
1273 1097 1350 1124 nobis
1365 1103 1517 1132 susceptam
1535 1108 1643 1133 operam
1660 1097 1868 1133 philosophandi

1074 1133 1236 1161 arbitretur?
1254 1134 1300 1161 Sin
1313 1139 1401 1161 autem
1415 1136 1514 1166 virtus,
1531 1135 1651 1162 subiecta
1664 1135 1716 1162 sub
1729 1137 1816 1162 varios
1828 1136 1870 1161 in-

1074 1177 1213 1206 certosque
1228 1180 1321 1202 casus,
1339 1171 1439 1198 famula
1455 1172 1575 1199 fortunae
1591 1178 1643 1203 est,
1666 1181 1715 1199 nec
1736 1178 1870 1199 tantarum

1076 1210 1174 1235 virium
1182 1214 1230 1239 est,
1240 1214 1268 1235 ut
1279 1217 1307 1235 sc
1319 1210 1376 1244 ipsa
1389 1214 1507 1236 tueatur:
1525 1218 1626 1240 vereor,
1640 1219 1672 1236 ne
1684 1218 1736 1236 non
1749 1215 1800 1236 tam
1814 1210 1870 1236 vir-

1076 1247 1140 1272 tutis
1157 1246 1254 1272 liducia
1269 1246 1410 1273 nitendum
1426 1247 1504 1273 nobis
1519 1246 1552 1273 ad
1567 1256 1644 1282 spem
1660 1247 1735 1274 beate
1747 1246 1867 1277 vivendi,

1074 1292 1155 1318 quam
1170 1289 1227 1310 vota
1240 1283 1362 1310 facienda
1376 1284 1526 1310 videantur.
1567 1286 1591 1311 3.
1614 1284 1756 1320 Equidem,
1768 1292 1814 1311 eos
1824 1292 1870 1310 ca·

1074 1330 1135 1351 sus,
1154 1322 1180 1347 in
1197 1321 1299 1356 quibus
1313 1330 1354 1347 me
1367 1321 1471 1348 fortuna
1485 1321 1656 1348 vehementer
1666 1322 1795 1352 exercuit,
1812 1330 1870 1347 me—

1074 1367 1136 1384 cum
1149 1358 1206 1393 ipse
1217 1358 1404 1390 considerans,
1418 1359 1482 1385 huic
1494 1359 1594 1394 incipio
1604 1359 1750 1385 sententiae
1761 1358 1870 1385 diffide-

1074 1405 1101 1421 re
1113 1395 1263 1426 interdum,
1281 1400 1307 1422 et
1322 1396 1434 1422 humani
1444 1397 1551 1432 generis
1563 1396 1775 1423 imbecillitatem
1787 1395 1870 1431 fragi-

1075 1433 1230 1467 litatemque
1250 1434 1436 1460 extimescere.
1477 1434 1574 1460 Vereor
1597 1434 1684 1465 enim,
1710 1442 1742 1460 ne
1764 1438 1867 1462 natura,

1074 1479 1159 1505 quum
1174 1479 1283 1505 corpora
1299 1471 1377 1497 nobis
1393 1470 1498 1497 infirma
1513 1470 1644 1501 dedisset,
1663 1471 1751 1506 iisque
1762 1475 1787 1497 et
1799 1478 1870 1496 mor-

1074 1507 1122 1534 bos
1143 1507 1308 1534 insanabiles
1323 1513 1349 1534 et
1363 1507 1468 1535 dolores
1489 1507 1670 1535 intolerabiles
1689 1508 1867 1537 adiunxisset,

1043 1566 1044 1570 ,
1073 1545 1177 1571 animos
1197 1553 1305 1580 quoque
1323 1545 1427 1572 dederit
1447 1550 1472 1572 et
1491 1554 1632 1580 corporum
1651 1545 1790 1572 doloribus
1805 1552 1870 1571 con-

1043 1592 1044 1610 3
1072 1587 1209 1618 gruentes,
1222 1587 1248 1609 et
1258 1583 1401 1617 separatim
1413 1583 1472 1609 suis
1483 1583 1629 1619 angoribus
1639 1587 1665 1609 et
1675 1581 1806 1609 molestiis
1818 1582 1870 1608 im-

1073 1619 1196 1654 plicatos.
1228 1621 1252 1646 t.
1264 1619 1316 1646 Sed
1328 1621 1355 1646 in
1367 1620 1417 1646 hoc
1428 1628 1471 1646 me
1483 1621 1541 1655 ipse
1552 1621 1661 1655 castigo,
1675 1619 1748 1655 quod
1758 1627 1792 1646 ex
1802 1618 1870 1645 alio-

1073 1665 1133 1683 rum
1145 1661 1215 1683 etex
1227 1661 1314 1683 nostra
1327 1657 1436 1684 sortasse
1448 1657 1574 1688 mollitia,
1593 1666 1645 1683 non
1656 1665 1690 1684 ex
1702 1657 1760 1691 ipsa
1773 1657 1870 1682 virtute

1073 1694 1106 1720 de
1121 1694 1230 1720 virtutis
1246 1694 1339 1720 robore
1354 1694 1490 1720 existimo.
1530 1694 1577 1721 llla
1592 1694 1679 1725 enim.
1697 1695 1721 1720 si
1737 1693 1816 1720 modo
1829 1697 1871 1719 est

1050 1742 1051 1751 π
1074 1730 1128 1757 ulla
1140 1731 1335 1766 virtus,(quam
1347 1731 1542 1758 dubitationem
1554 1730 1706 1757 avunculus
1717 1736 1789 1761 tuus,
1803 1730 1871 1756 Bru-

1073 1773 1108 1798 te,
1117 1768 1358 1803 sustulit;)omnia,
1371 1777 1440 1803 quae
1451 1768 1546 1795 cadere
1559 1769 1585 1794 in
1597 1768 1733 1795 bominem
1745 1772 1866 1802 possunte

1073 1805 1166 1832 subter
1186 1814 1214 1832 se
1236 1805 1328 1832 habet:
1351 1814 1436 1840 eaque
1456 1805 1610 1840 despiciens
1630 1813 1708 1832 casus
1723 1810 1871 1831 contemnit

1074 1843 1220 1869 humanos:
1243 1842 1377 1878 culpaque
1395 1844 1469 1869 omni
1489 1851 1597 1874 carens,
1620 1847 1724 1877 praeter
1738 1851 1766 1869 se
1783 1843 1869 1877 ipsam

1073 1880 1141 1906 nihil
1153 1885 1244 1907 censet
1255 1880 1287 1906 ad
1299 1889 1327 1906 se
1339 1881 1481 1915 pertinere.
1508 1880 1562 1907 Nos
1573 1885 1662 1907 autem
1673 1880 1763 1906 omnia
1774 1879 1871 1906 adver-

1073 1927 1101 1943 sa
1113 1923 1169 1944 tum
1187 1918 1321 1944 venientia
1337 1923 1410 1944 metu
1426 1922 1569 1954 augentes,
1588 1923 1645 1944 tum
1661 1925 1779 1944 maerore
1792 1925 1870 1952 prae-

1050 1967 1051 1970 *
1073 1956 1172 1986 sentia,
1191 1963 1280 1982 rerum
1296 1960 1431 1986 naturam,
1456 1963 1538 1991 quam
1553 1963 1670 1981 errorem
1685 1959 1805 1981 nostrum
1822 1954 1870 1980 da—

1074 2001 1164 2019 mnare
1177 1992 1322 2019 malumus
1364 1993 1394 2019 11.
1416 1994 1442 2019 5.
1463 1992 1515 2019 Sed
1528 1997 1553 2019 et
1564 1992 1646 2019 huius
1657 1991 1752 2027 culpae
1763 1996 1789 2018 et
1799 1996 1870 2017 cete—

1074 2038 1164 2056 rorum
1186 2031 1312 2056 vitiorum
1333 2035 1558 2065 peccatorumque
1578 2035 1728 2056 nostrorum
1749 2029 1837 2055 omnis
1855 2036 1867 2055 a

1072 2067 1244 2103 philosophia
1265 2067 1378 2102 petenda
1401 2068 1529 2094 correctio
1544 2072 1594 2093 est.
1634 2067 1720 2093 Cuius
1735 2067 1762 2092 in
1778 2066 1868 2092 sinum

1072 2113 1157 2139 quum
1165 2114 1177 2131 a
1186 2106 1281 2140 primis
1293 2105 1460 2139 temporibus
1471 2104 1565 2131 aetatis
1576 2109 1664 2131 nostra
1676 2103 1800 2130 voluntas
1811 2108 1854 2129 stu

1050 2156 1051 2178 l
1072 2142 1203 2178 diumque
1216 2151 1263 2169 uos
1274 2142 1463 2177 compulisset,
1481 2141 1525 2168 his
1535 2141 1707 2177 gravissimis
1718 2140 1827 2167 casibus
1841 2140 1868 2166 in

1042 2186 1051 2212 ¹,
1073 2180 1199 2206 eumdem
1211 2185 1331 2215 portum,
1349 2188 1383 2206 ex
1397 2188 1452 2215 quo
1465 2187 1572 2205 eramus
1583 2179 1700 2215 egressi,
1717 2185 1814 2214 magna
1830 2177 1868 2202 ia-

1050 2238 1051 2252 3
1072 2218 1134 2244 ctati
1160 2222 1315 2252 tempestate
1338 2216 1522 2252 confugimus.
1562 2215 1584 2242 O
1607 2217 1678 2243 vitae
1696 2214 1868 2250 philosophia

1050 2278 1051 2284 ,
1071 2254 1142 2285 dux,
1164 2263 1180 2281 o
1199 2255 1306 2281 virtutis
1323 2254 1488 2290 indagatrix,
1511 2253 1702 2289 expultrixque
1724 2251 1866 2279 vitiorum!

1072 2291 1138 2326 quid
1150 2300 1202 2319 non
1214 2291 1293 2318 modo
1304 2300 1361 2322 nos,
1377 2291 1425 2317 sed
1435 2291 1546 2317 omnino
1556 2291 1609 2317 vita
1621 2290 1761 2317 hominum
1773 2289 1832 2315 sine
1843 2294 1867 2314 te

1071 2337 1131 2355 esse
1141 2329 1286 2364 potuisset!
1309 2329 1348 2355 Tu
1365 2328 1446 2355 urbes
1461 2328 1604 2363 peperisti:
1622 2327 1807 2361 tudissipatos
1819 2325 1869 2352 ho-

1071 2367 1159 2393 mines
1175 2368 1202 2393 in
1218 2367 1373 2393 societatem
1389 2366 1459 2392 vitae
1473 2365 1640 2391 convocasti:
1657 2369 1686 2391 tu
1701 2372 1746 2390 eos
1761 2364 1829 2389 inter
1838 2371 1868 2389 se

1070 2404 1158 2438 primo
1169 2403 1325 2434 domiciliis,
1339 2402 1437 2429 deinde
1447 2403 1597 2438 coniugiis,
1613 2406 1670 2428 tum
1681 2400 1828 2427 litterarum
1842 2405 1868 2426 et

1071 2449 1168 2467 vocum
1179 2441 1368 2468 communione
1380 2440 1508 2466 iunxisti:
1526 2444 1554 2466 tu
1568 2439 1705 2465 inventrix
1716 2436 1821 2473 legum,
1837 2441 1867 2464 tu

1071 2480 1200 2514 magistra
1211 2487 1316 2505 morum
1327 2483 1352 2504 et
1363 2477 1524 2512 disciplinae
1535 2476 1621 2502 fuisti.
1655 2475 1696 2501 Ad
1708 2480 1732 2501 te
1741 2474 1868 2510 confugi-

1071 2524 1145 2548 mus3
1159 2525 1173 2542 a
1185 2521 1209 2542 te
1220 2524 1298 2550 opem
1310 2515 1442 2550 petimus:
1460 2514 1510 2540 tihi
1524 2522 1585 2544 nos,
1600 2517 1628 2539 ut
1638 2517 1714 2539 antea
1725 2520 1821 2547 magna
1832 2519 1867 2538 ex

1048 2582 1049 2585 Ἴ
1070 2558 1154 2588 parte,
1167 2553 1206 2579 sic
1218 2562 1290 2579 nunc
1300 2553 1409 2587 penitus
1421 2556 1541 2585 totosque
1552 2550 1693 2577 tradimus.
1719 2550 1767 2576 Est
1776 2553 1867 2590 autem

1048 2595 1049 2611 ¹
1071 2599 1142 2616 unus
1157 2590 1230 2621 dies,
1246 2591 1314 2616 bene
1330 2594 1356 2616 et
1369 2597 1404 2615 ex
1413 2588 1564 2623 praeceptis
1574 2588 1628 2614 tuis
1639 2592 1728 2618 actus,
1745 2590 1867 2627 peccanti

1047 2623 1049 2663 l
1070 2627 1264 2654 immortalitati
1274 2626 1487 2661 anteponendus.
1518 2625 1603 2652 Cuius
1614 2625 1697 2660 igitur
1707 2625 1797 2659 potius
1806 2631 1867 2658 opt-

1046 2669 1049 2695 Ι
1070 2664 1123 2690 bus
1133 2670 1254 2696 utamur,
1271 2672 1353 2700 quam
1364 2664 1432 2694 tuis,
1445 2671 1514 2699 quae
1525 2667 1551 2689 et
1561 2663 1631 2689 vitae
1645 2660 1866 2697 tranquillitatem

1048 2395 1050 2460 l

1048 2480 1049 2559 l
