1941 3052
230 136 278 159 5813

228 213 288 231 (tutu
305 213 333 231 sc
348 204 497 231 abluturum
513 212 571 229 esse
587 203 659 229 dicit.
691 205 732 228 96.
746 203 866 228 Meminit
876 202 954 228 etiam
965 202 1017 228 sibi

229 251 318 268 vocem
336 242 471 277 praeconis
487 241 564 267 modo
579 240 707 270 defuisse,
724 248 804 274 quam
822 240 932 266 minime
947 239 1018 265 desi-

227 279 337 305 derarit:
371 279 460 313 populi
487 287 546 303 vcro
565 278 668 303 cunetis
685 277 827 310 suffragiis,
844 276 916 311 quod
932 284 1016 302 unum

227 317 348 350 cupierit,
366 325 393 341 so
409 315 544 341 consult-ui
561 314 732 340 declaratum.
770 315 844 340 Nunc
855 313 980 348 denique.
994 315 1016 339 si

228 353 291 379 luico
302 362 373 378 arma
385 357 473 378 contra
485 361 514 377 sc
525 353 578 377 sint
590 351 687 382 l'uturn,
701 351 752 377 sibi
767 350 890 377 facinoris
902 351 1017 385 suspici-

226 398 312 420 onem,
336 398 386 415 non
409 388 468 415 sueti
489 389 588 414 crimen
609 389 723 415 obstare.
760 388 842 414 Addit
858 388 931 418 haec,
948 396 1016 422 quac

225 432 294 453 certo
307 436 365 452 vera
377 431 447 456 sunt,
463 425 541 451 fortes
552 430 578 451 ct
588 426 720 460 sapientes
733 426 802 452 viros
815 434 866 452 non
878 430 929 451 tam
942 434 1017 459 prae-

227 464 277 489 mia
294 464 369 498 sequi
386 462 470 489 solere
486 467 554 488 recte
571 462 709 492 sactorum,
728 471 810 497 quam
826 462 883 497 ipsa
895 466 963 488 recte
979 461 1017 488 sa-

225 506 277 532 1:103
295 509 322 526 se
334 500 400 526 nihil
414 500 439 526 in
453 500 514 530 vita,
528 500 578 526 nisi
591 499 802 535 praeclarissime
815 499 917 529 fecisse,
930 499 1016 534 siqui-

224 538 284 563 dem
302 537 368 563 nihil
379 538 413 563 sit
425 537 613 572 praestabilius
626 538 690 568 vii-0,
704 546 784 572 quam
797 536 923 572 periculis
935 537 1016 571 patri-

224 584 265 600 am
279 574 402 605 liberare,
421 575 510 601 beatos
521 583 588 605 esse,
601 575 702 609 quibus
714 583 742 601 ca
755 583 796 601 rcs
808 574 899 600 honori
913 573 991 600 suerit
1002 582 1015 599 a

224 612 281 637 suis
297 612 412 642 civibus,
425 612 467 637 9¹1.
481 620 528 638 nec
539 616 626 638 tamen
637 621 682 638 eos
694 612 815 642 miseros,
829 612 874 646 qui
888 611 1016 638 beneflcio

223 650 295 675 cives
310 657 373 675 suos
390 649 514 675 vicerint:
541 649 587 675 sed
605 654 691 675 tamen
707 658 740 676 ex
753 649 878 675 omnibus
891 649 1015 683 praemiis

224 687 343 717 virtutis,
360 686 382 712 si
398 690 468 712 esset
484 686 604 713 habenda
620 687 685 713 ratio
702 687 889 721 praemiorum,
903 685 1016 720 amplis-

223 724 323 749 simum
352 732 410 750 esse
431 724 578 758 praemium
599 723 726 759 gloriam;
753 732 812 750 esse
834 724 902 750 hanc-
922 732 1012 753 unam,

222 769 291 795 quae
307 761 462 787 brevitatem
479 761 547 787 vitae
559 762 718 796 posteritatis
730 761 855 788 memoria
866 760 1015 787 consolare-

224 802 273 828 tur,
292 806 361 833 quae
375 798 498 829 efficeret,
517 803 545 825 ut
556 798 678 825 absentes
688 799 852 827 adessemus.
866 799 962 824 mortui
975 798 1015 824 vi-

224 843 362 868 veremus:
386 835 453 862 hanc
473 836 589 871 denique
604 844 672 867 esse,
694 836 772 862 cuius
790 835 919 872 gradibus
935 835 1013 861 etiam

223 872 345 899 homines
361 873 388 899 in
400 872 502 899 caelum
515 873 669 900 viderentur
679 873 829 900 ascendere.
861 874 902 899 98.
915 873 950 899 De
962 881 1012 903 me,

222 910 319 945 inquit,
332 918 437 945 semper
448 910 565 945 populus
578 911 722 940 Romanus,
735 919 842 945 semper
851 918 1016 945 omnesgen-

209 951 262 973 ‚tes
285 947 434 982 loquentur,
457 947 530 974 nulla
551 956 680 983 umquam
700 948 866 974 obmutescet
886 952 1014 974 vetustas·

222 983 293 1016 Quin
309 984 359 1011 hoc
374 989 491 1020 tempore
510 986 577 1020 ipso,
594 993 679 1019 quum
691 994 783 1012 omnes
794 994 807 1011 a
820 985 886 1011 meis
899 984 1015 1011 inimicis

225 1021 294 1048 faces
311 1030 384 1048 meae
400 1022 517 1049 invidiae
536 1022 728 1053 subiiciuntur,
747 1027 834 1049 tamen
845 1023 918 1049 omni
929 1023 956 1048 in
968 1022 1016 1048 ho-

223 1059 326 1085 minum
338 1063 414 1086 coetu
426 1060 519 1095 gratiis
529 1059 640 1095 agendis
650 1064 676 1086 et
685 1059 909 1096 gratulationibus
915 1059 1016 1086 haben-

222 1095 264 1122 dis
280 1101 305 1123 et
315 1097 387 1123 omni
399 1105 520 1123 sermone
531 1096 706 1124 celebramur.
737 1097 836 1124 Omitto
846 1097 966 1123 Etruriae
978 1096 1016 1122 fe-

223 1137 278 1160 stos
289 1139 315 1160 et
325 1138 396 1161 actos
407 1138 433 1160 et
443 1135 580 1161 institutos
591 1134 663 1161 dies:
685 1135 830 1161 centesima
842 1134 889 1161 lux
899 1138 940 1160 est
951 1134 1016 1160 haec

222 1170 255 1197 ab
267 1171 375 1198 interitu
385 1172 415 1198 P.
428 1171 512 1198 Clodii
524 1176 557 1203 et,
570 1172 672 1206 opinor.
686 1171 781 1198 altera:
793 1180 847 1207 qua
859 1172 1017 1206 tinesimpe-

223 1209 255 1234 rii
267 1208 359 1243 populi
370 1209 481 1236 Romani
492 1213 564 1240 sunt,
577 1217 607 1236 ea
618 1217 670 1236 non
680 1208 768 1236 solum
781 1208 849 1235 fama
861 1209 913 1235 iam
920 1208 1014 1239 deillo,

223 1245 270 1272 sed
281 1246 360 1272 etiam
372 1245 470 1272 laetitia
481 1246 640 1281 peragravit.
661 1246 848 1279 Quamobrem,
862 1246 908 1273 ubi
919 1254 1016 1280 corpus

224 1282 272 1309 hoc
283 1283 327 1314 sit,
340 1291 401 1314 non,
414 1284 510 1318 inquit,
525 1283 622 1315 laboro,
635 1284 762 1318 quoniam
773 1284 932 1310 omnibusin
941 1283 1016 1310 terris

223 1324 247 1346 et
258 1320 310 1346 iam
326 1324 447 1347 versatur
457 1325 483 1347 et
493 1320 856 1355 semperhabitabitnominis
863 1320 1014 1356 meigloria.

278 1357 401 1384 XXXVI.
414 1359 456 1384 99.
470 1358 538 1384 Haec
547 1362 576 1384 tu
588 1366 694 1385 mecum
703 1367 782 1393 saepe
793 1358 835 1385 his
847 1358 1013 1388 absentibus,

222 1394 269 1420 sed
280 1394 376 1421 iisdem
389 1395 563 1422 audientibus
574 1395 639 1422 haec
649 1404 698 1431 ego
708 1400 804 1426 tecum,
813 1395 886 1422 Milo.
908 1396 944 1422 Te
954 1395 1016 1430 qui-

221 1431 292 1463 dem,
309 1440 396 1466 quum
415 1432 466 1459 isto
481 1433 570 1459 animo
584 1441 622 1463 eS,
635 1433 700 1459 satis
712 1432 819 1459 laudare
830 1442 882 1460 non
893 1441 1014 1468 possum,

222 1468 278 1500 sed,
300 1477 354 1504 quo
368 1474 409 1496 est
423 1470 473 1496 ista
493 1469 579 1506 magis
595 1469 686 1496 divina
705 1470 799 1501 virtus,
813 1478 844 1497 eo
857 1471 955 1497 maiore
966 1478 980 1496 a
992 1474 1016 1496 te

221 1505 311 1532 dolore
331 1506 453 1533 divellor.
493 1507 548 1533 Nec
567 1515 637 1538 vero,
655 1508 679 1534 si
695 1508 763 1534 mihi
775 1507 896 1543 eriperis,
912 1507 1016 1542 reliqua

222 1547 262 1569 est
282 1543 327 1570 illa
348 1543 442 1570 saltem
458 1543 491 1570 ad
506 1543 698 1571 consolandum
709 1544 826 1580 querela,
839 1549 870 1572 ut
884 1545 927 1572 his
938 1545 1016 1572 irasci

222 1581 333 1615 possim,
346 1589 361 1607 a
371 1582 471 1616 quibus
483 1586 586 1608 tantum
597 1581 698 1608 vulnus
709 1590 844 1617 accepero.
875 1583 932 1609 Non
943 1582 1016 1609 enim

222 1618 325 1644 inimici
346 1619 398 1645 mei
418 1623 442 1645 te
462 1619 529 1646 mihi
549 1619 671 1654 eripient,
694 1619 741 1646 sed
760 1619 931 1651 amicissimi;
963 1628 1015 1646 non

222 1655 291 1682 male
314 1654 458 1691 aliquando
475 1655 509 1683 de
528 1664 572 1682 me
591 1656 691 1687 meriti,
713 1656 761 1683 sed
780 1665 886 1691 semper
904 1657 1013 1691 optime.

221 1691 333 1719 Nullum
349 1701 487 1728 umquam,
505 1693 616 1724 iudices,
633 1693 700 1720 mihi
712 1697 814 1720 tantum
825 1693 943 1721 dolorem
954 1694 1016 1720 inu-

222 1729 294 1761 retis,
307 1729 366 1765 (etsi
377 1731 438 1765 quis
450 1734 601 1765 potestesse
607 1730 723 1766 tantus‘I)
734 1731 781 1758 sed
788 1739 821 1757 ne
827 1730 1015 1766 huncquidem

220 1767 325 1801 ipsum,
353 1771 382 1793 ut
404 1766 560 1798 obliviscar,
585 1768 679 1803 quanti
701 1776 744 1795 me
764 1776 871 1803 semper
889 1767 1014 1795 feceritis.

221 1803 295 1835 Quae
315 1804 339 1830 si
359 1812 406 1831 vos
420 1805 491 1839 cepit
505 1804 614 1836 oblivio,
631 1809 678 1831 aut
691 1805 752 1832 siin
768 1813 810 1832 me
822 1804 925 1841 aliquid
934 1805 1016 1832 offen-

221 1840 313 1867 distis:
335 1849 384 1868 cur
398 1850 450 1868 non
462 1841 489 1868 id
501 1850 560 1868 meo
569 1842 656 1877 capite
667 1843 756 1877 potius
768 1842 859 1873 luitur.
872 1851 954 1878 quam
966 1843 1017 1869 Mi-

222 1877 312 1905 lonis?
339 1878 473 1913 praeclare
487 1879 560 1905 enim
575 1879 675 1910 vixero,
692 1880 716 1906 si
731 1879 798 1915 quid
813 1880 880 1906 mihi
891 1879 1016 1906 acciderit

222 1915 306 1950 prius,
329 1924 411 1951 quam
428 1915 477 1943 hoc
491 1920 596 1943 tantum
609 1916 672 1943 mali
683 1916 784 1944 videro.
817 1918 874 1944 ⁴00.
887 1917 964 1944 Nunc
973 1925 1016 1944 me

221 1960 274 1979 una
285 1953 429 1980 consolatio
443 1957 582 1985 sustentat,
594 1953 668 1989 quod
679 1954 737 1985 tibi,
750 1954 781 1981 T.
792 1954 871 1986 Anni,
885 1954 990 1981 nullum
1001 1963 1016 1981 a

221 1998 264 2016 me
283 1991 393 2021 amon‘s,
416 1990 522 2017 nullum
537 1991 634 2022 studii,
651 1990 758 2018 nullum
774 1992 880 2026 pietatis
897 1991 1016 2018 officium

221 2026 316 2054 defuit.
360 2028 416 2063 Ego
436 2028 592 2054 inimicitias
611 2029 759 2063 potentium
779 2037 826 2064 pro
841 2034 866 2055 te
881 2030 1014 2064 appetivi:

221 2072 270 2100 ego
289 2072 380 2091 meum
395 2073 474 2100 saepe
488 2073 586 2100 corpus
600 2070 626 2092 et
640 2066 723 2092 vitam
737 2066 823 2093 obieci
834 2067 915 2093 armis
925 2067 1018 2093 inimi-

221 2110 313 2128 corum
334 2106 455 2129 tuorum:
486 2110 536 2138 ego
555 2110 598 2129 me
617 2102 744 2137 plurimis
763 2108 852 2138 prote
865 2103 1017 2139 supplicem

220 2138 321 2166 obieci:
351 2139 429 2172 bona.
442 2139 562 2167 fortunas
573 2147 646 2167 meas
657 2149 686 2167 ac
700 2139 847 2168 liberorum
857 2150 977 2168 meorum
989 2142 1017 2168 in

221 2177 439 2204 communionem
459 2181 566 2204 tuorum
582 2181 733 2212 temporum
743 2178 858 2205 contuli:
880 2178 930 2205 hoc
940 2178 1017 2205 deni-

222 2221 276 2248 que
295 2214 354 2249 ipso
374 2213 427 2245 die,
444 2215 467 2241 si
483 2223 536 2250 qua
551 2215 593 2241 vis
608 2220 649 2241 est
662 2220 761 2250 parata,
778 2216 801 2242 si
817 2224 869 2251 qua
881 2215 1018 2243 dimicatio

222 2251 316 2285 capitis
329 2251 426 2283 futura,
438 2251 562 2286 deposco.
583 2251 654 2284 Quid
665 2253 718 2279 iam
729 2252 826 2280 restat?
838 2253 905 2289 quid
915 2252 1018 2280 habeo?

222 2288 289 2323 quid
310 2288 405 2316 faciam
425 2297 473 2324 pro
487 2290 540 2316 tuis
556 2289 583 2315 in
599 2298 642 2316 me
653 2291 764 2321 meritis,
783 2291 836 2318 nisi
851 2295 881 2317 ut
894 2299 953 2317 eam
964 2290 1018 2317 for-

222 2329 324 2357 tunam,
340 2334 528 2362 quaecumque
542 2327 593 2353 erit
606 2331 660 2359 tua,
673 2327 770 2354 ducam
781 2327 887 2354 meam?
906 2328 965 2355 Non
975 2336 1018 2354 re-

223 2370 295 2395 cuso,
318 2372 370 2391 non
384 2363 486 2392 abnuo:
508 2372 611 2400 vosque
625 2365 743 2398 obsecro,
760 2365 872 2398 iudices,
890 2370 920 2393 ut
931 2369 1017 2393 vestra

398 136 438 159 53.
463 135 495 159 M.
518 134 547 159 T.
570 132 780 159 (tttltcttoxts
800 132 946 158 ‹utATtO
968 131 1040 158 [¹110
1061 132 1089 157 ‘tt
1114 132 1234 158 ANNIO
1257 132 1413 158 MILONE.

1445 133 1524 159 CAP.
1548 135 1578 159 3⁴3
1593 147 1627 152 —
1643 134 1682 158 38.

1069 202 1204 231 beneficia,
1226 211 1294 236 quae
1311 203 1336 228 in
1354 211 1394 228 me
1409 204 1569 233 contulistis,
1582 208 1627 230 aut
1641 205 1666 230 in
1680 204 1760 229 liuius
1772 203 1856 229 salute

1069 239 1188 273 augentis
1205 243 1250 265 aut
1266 240 1291 265 in
1303 239 1423 265 ciusdem
1439 241 1519 266 exitio
1528 250 1651 267 occasura
1663 250 1722 267 esse
1734 240 1855 266 xideatis.

1125 292 1258 318 xxxvii.
1279 294 1334 318 404.
1352 293 1397 319 llis
1414 293 1529 320 lacrimis
1545 303 1594 321 non
1607 300 1727 321 movetur
1738 294 1809 320 Milo.
1821 309 1857 314 —

1068 329 1115 355 Est
1138 329 1253 363 quodam
1279 330 1427 356 incredibili
1453 331 1543 357 robore
1569 333 1663 362 animi.
1680 347 1716 352 —-
1731 331 1856 358 exsilium

1069 367 1104 392 ibi
1125 374 1183 391 esse
1199 371 1282 401 putat,
1300 368 1345 393 ubi
1363 368 1452 393 virtuti
1467 377 1517 395 non
1533 369 1567 394 sit
1580 369 1665 395 locus:
1688 374 1798 396 mortem
1811 377 1857 395 na-

1068 408 1140 429 turae
1153 404 1231 430 tinem
1243 412 1310 433 esse.
1324 413 1374 431 non
1387 413 1508 439 poenam.
1548 406 1588 432 Sit
1602 406 1644 432 llic
1655 415 1683 432 ea
1696 411 1791 435 mente,
1804 414 1856 440 qua

1068 445 1145 466 natus
1164 445 1214 467 cst.
1254 441 1324 473 Quid
1346 450 1405 472 vos,
1427 442 1548 468 iudices?
1575 452 1629 478 quo
1649 444 1752 470 tandem
1769 444 1858 468 animo

1067 478 1159 504 eritis‘?
1179 478 1331 505 Memoriam
1344 478 1449 505 Milonis
1464 480 1717 515 retinebitis,i1›sum
1729 478 1859 506 ejicietis?

1067 520 1092 541 et
1107 516 1155 540 erit
1169 515 1275 548 dignior
1291 515 1363 542 locus
1376 517 1402 543 in
1414 517 1489 543 terris
1501 517 1582 547 ullus,
1595 518 1641 552 qui
1654 517 1721 543 hanc
1733 518 1856 543 virtutem

1067 553 1190 587 excipiat,
1207 562 1287 587 quam
1300 553 1352 583 hie,
1364 554 1411 588 qui
1424 554 1588 588 procreant?
1608 554 1668 584 Vos,
1683 563 1729 580 vos
1741 553 1855 589 appello.

1067 588 1204 616 fortissimi
1220 590 1277 621 viri,
1299 591 1346 625 qui
1363 590 1478 617 muttum
1495 600 1542 626 pro
1552 591 1688 626 republica
1699 592 1856 627 sanguinem

1066 627 1211 653 effudistis:
1244 636 1290 654 vos
1307 628 1333 654 in
1350 628 1399 654 viri
1415 633 1441 654 et
1455 629 1481 654 in
1497 629 1564 655 civis
1581 629 1670 655 invicti
1683 628 1801 664 periculo
1811 636 1859 662 ap-

1067 664 1145 698 pello,
1154 665 1331 695 centuriones,
1341 674 1441 700 vosque
1453 665 1564 692 milites:
1584 666 1659 692 vobis
1671 675 1720 692 non
1733 665 1858 692 modoin-

1065 702 1257 736 spcctantibus,
1270 701 1316 728 sed
1328 703 1406 728 etiam
1419 704 1526 729 armatis
1538 707 1563 729 et
1574 703 1636 729 huic
1648 703 1747 729 iudicio
1759 703 1858 737 praesi-

1065 738 1204 768 dentibus,
1228 739 1291 765 hacc
1311 744 1380 766 tanta
1401 741 1486 765 virtus
1501 749 1534 766 ex
1555 740 1603 766 hac
1625 741 1688 766 urbe
1699 739 1857 775 expelletur,

1065 776 1294 807 exterminabitur,
1317 776 1488 811 proiicietur‘!
1518 779 1574 804 402.
1597 777 1619 804 O
1634 786 1675 804 me
1691 779 1828 807 miserum,
1843 785 1860 802 ο

1066 821 1108 839 me
1120 813 1266 839 infelicem!
1288 823 1408 840 revocare
1421 819 1448 840 tu
1461 823 1503 840 me
1515 815 1540 841 in
1553 815 1672 849 patriam,
1686 814 1757 845 Milo,
1771 814 1859 849 potui-

1065 851 1098 876 sti
1121 859 1167 885 per
1188 850 1249 877 hos:
1272 859 1320 886 ego
1335 856 1359 877 te
1375 852 1401 878 in
1413 852 1497 886 patria
1509 860 1554 887 per
1565 852 1671 878 eosdem
1685 852 1795 878 retinere
1807 859 1858 877 non

1066 887 1174 922 potero?
1201 887 1271 920 Quid
1287 889 1453 923 respondebo
1469 889 1560 915 liberis
1577 890 1652 919 meis,
1669 889 1716 924 qui
1729 894 1753 915 te
1765 897 1859 923 paren-

1067 929 1118 951 tem
1141 925 1252 951 alterum
1273 925 1385 960 putant‘?
1413 926 1478 961 quid
1497 927 1554 956 tibi,
1570 928 1600 958 Q.
1617 926 1707 956 frater,
1725 927 1772 961 qui
1789 934 1859 952 nunc

1066 962 1142 992 abes,
1164 963 1278 989 consorti
1300 971 1405 989 mecum
1425 968 1574 998 temporum
1596 962 1722 990 illorum?
1746 963 1786 989 Me
1807 971 1859 989 non

1067 1000 1186 1034 potuisse
1201 999 1308 1026 Milonis
1329 1000 1442 1027 salutem
1458 1002 1525 1027 tueri
1541 1009 1588 1036 per
1603 1000 1720 1031 cosdem,
1734 1009 1780 1035 per
1791 1008 1859 1035 quos

1066 1041 1183 1063 nostram
1204 1037 1248 1063 ille
1263 1037 1414 1064 servasset?
1433 1038 1467 1064 At
1481 1039 1508 1064 in
1523 1046 1576 1073 qua
1587 1047 1680 1064 caussa
1694 1046 1744 1064 non
1757 1037 1860 1072 potuis-

1066 1073 1113 1100 se?
1131 1082 1200 1109 quac
1211 1079 1252 1100 est
1262 1079 1334 1110 grata
1345 1075 1481 1110 gentibus.
1512 1075 1533 1101 A
1544 1076 1646 1110 quibus
1658 1084 1709 1101 non
1721 1074 1861 1110 potuisse?

1066 1111 1099 1137 ab
1115 1111 1157 1142 iis,
1174 1112 1221 1146 qui
1237 1112 1353 1138 maxime
1365 1113 1394 1138 P.
1406 1111 1490 1139 Clodii
1503 1117 1585 1139 morte
1596 1113 1762 1147 acquierunt.
1802 1110 1861 1144 Quo

1067 1148 1243 1183 deprecante?
1271 1157 1322 1175 me.
1352 1151 1408 1176 403.
1425 1149 1563 1181 Quodnam
1578 1158 1628 1185 ego
1637 1149 1746 1184 concepi
1757 1153 1860 1175 tantum

1067 1185 1165 1216 scelus,
1186 1190 1232 1212 aut
1250 1185 1323 1220 quod
1338 1187 1366 1213 in
1382 1195 1424 1213 me
1440 1191 1542 1213 tantum
1555 1186 1658 1213 facinus
1669 1186 1775 1217 admisi,
1788 1185 1861 1212 iudi-

1066 1230 1119 1254 ceS,
1141 1231 1227 1258 quum
1242 1223 1288 1249 illa
1305 1223 1402 1250 indicia
1417 1224 1568 1250 communis
1581 1224 1656 1251 exitii
1667 1223 1800 1259 indagavi,
1813 1231 1861 1258 pa-

1067 1259 1154 1291 tefeci,
1176 1260 1284 1296 protuli,
1297 1260 1433 1288 exstinxi?
1453 1260 1552 1288 Omnes
1566 1261 1594 1288 in
1610 1269 1652 1288 me
1664 1268 1790 1296 meosque
1801 1259 1861 1287 red-

1067 1297 1170 1324 undant
1184 1306 1218 1324 ex
1233 1297 1304 1324 fonte
1314 1298 1361 1325 illo
1371 1298 1486 1325 dolores.
1517 1298 1588 1331 Quid
1603 1307 1646 1325 me
1661 1297 1786 1325 reducem
1801 1305 1861 1324 esse

1067 1334 1210 1361 voluistis?
1237 1335 1287 1366 An,
1299 1340 1330 1362 ut
1339 1337 1503 1371 inspectante
1513 1344 1556 1362 me
1566 1335 1763 1371 expellerentur
1773 1335 1801 1365 ii,
1814 1343 1862 1370 per

1067 1380 1135 1407 quos
1155 1380 1244 1399 essem
1260 1372 1418 1399 restitutus?
1435 1372 1531 1405 Nolite,
1548 1373 1658 1400 obsecro
1669 1381 1726 1404 vos,
1742 1371 1861 1398 acerbio-

1067 1418 1122 1435 rem
1143 1409 1211 1436 mihi
1222 1410 1276 1445 pati
1286 1410 1403 1437 reditum
1414 1418 1482 1442 esse,
1495 1419 1576 1446 quam
1591 1410 1670 1437 suerit
1679 1409 1725 1436 ille
1736 1410 1794 1444 ipse
1804 1408 1862 1436 dis-

1066 1455 1171 1473 cessus.
1205 1447 1274 1473 Nam
1289 1447 1336 1482 qui
1348 1456 1458 1483 possum
1469 1452 1563 1484 putare
1573 1456 1616 1474 me
1627 1447 1779 1474 restitutum
1789 1454 1858 1477 esse,

1066 1484 1089 1510 si
1100 1483 1233 1511 distrahar
1244 1484 1277 1511 ab
1287 1485 1330 1516 iis,
1343 1493 1391 1520 per
1401 1493 1469 1520 quos
1479 1486 1620 1512 restitutus
1633 1483 1714 1511 sum?

1121 1542 1270 1570 xxxvut.
1286 1543 1394 1570 Utinam
1403 1543 1442 1571 dii
1452 1543 1615 1572 immortales
1627 1543 1765 1570 fecissent:
1787 1541 1862 1578 (pace

1066 1584 1120 1611 tua,
1138 1581 1231 1615 patria,
1244 1580 1374 1608 dixerim:
1395 1586 1486 1608 metuo
1499 1582 1580 1612 enim,
1595 1589 1627 1608 ne
1637 1580 1763 1607 scelerate
1773 1579 1860 1606 dicam

1066 1618 1093 1643 in
1110 1622 1143 1648 te,
1160 1617 1233 1652 quod
1248 1626 1295 1653 pro
1306 1617 1404 1645 Milone
1417 1618 1504 1646 dicam
1518 1618 1587 1654 pie:)
1597 1633 1635 1638 —
1644 1618 1746 1644 utinam
1757 1617 1787 1643 P.
1799 1616 1861 1644 cto-

1066 1654 1128 1680 dius
1146 1663 1200 1681 non
1220 1655 1298 1682 modo
1318 1656 1428 1687 viveret,
1450 1656 1498 1682 sed
1517 1656 1596 1682 etiam
1617 1659 1733 1690 praetor,
1754 1653 1858 1683 consul,

1066 1691 1178 1718 dictator
1187 1697 1259 1718 esset
1267 1693 1366 1727 potius,
1374 1701 1456 1728 quam
1468 1693 1517 1719 hoc
1527 1691 1711 1728 spectaculum
1725 1691 1843 1718 viderem
1853 1692 1858 1716 ἔ

1068 1730 1124 1755 ⁴04.
1147 1728 1169 1755 Ο
1188 1728 1226 1755 dii
1246 1729 1423 1757 immortales!
1453 1729 1546 1757 fortem
1567 1735 1593 1756 et
1606 1738 1621 1756 a
1635 1729 1726 1761 vobis,
1744 1728 1858 1760 iudices,

1065 1766 1280 1793 conservandum
1305 1767 1409 1793 virum!
1448 1768 1572 1798 Minime,
1603 1767 1713 1793 minime
1723 1787 1729 1797 ,
1760 1766 1859 1801 inquit.

1066 1804 1150 1830 Immo
1166 1811 1228 1831 vero
1243 1812 1341 1839 poenas
1354 1804 1400 1831 ille
1415 1804 1519 1831 debitas
1531 1804 1622 1831 luerit:
1644 1812 1692 1830 nos
1703 1803 1859 1834 subeamus,

1066 1842 1090 1867 si
1109 1841 1146 1867 ita
1161 1848 1270 1868 necesse
1284 1846 1334 1873 est,
1351 1850 1404 1869 non
1417 1842 1531 1868 debitas.
1571 1841 1679 1868 Hiccine
1693 1841 1743 1872 vir.
1759 1840 1861 1875 patriae

1066 1882 1154 1909 natus,
1167 1886 1292 1913 usquam,
1306 1879 1358 1906 nisi
1369 1880 1397 1906 in
1408 1879 1500 1914 patria,
1514 1877 1659 1906 morietur?
1678 1882 1732 1909 aut,
1748 1878 1772 1904 si
1783 1877 1858 1908 torte,

1066 1923 1114 1950 pro
1125 1915 1227 1950 patria?
1254 1916 1342 1943 Huius
1361 1925 1408 1943 vos
1419 1917 1501 1943 animi
1514 1919 1686 1943 monumenta
1700 1914 1858 1945 retinebitis,

1066 1953 1184 1988 corporis
1204 1953 1232 1980 in
1252 1953 1326 1980 Italia
1341 1953 1448 1981 nullum
1463 1953 1619 1989 sepulcrum
1633 1961 1693 1979 esse
1704 1950 1862 1988 patiemini?

1067 1989 1139 2017 hunc
1159 1998 1208 2017 sua
1227 1991 1373 2026 quisquam
1393 1992 1524 2018 sententia
1538 1999 1572 2017 ex
1587 1990 1636 2017 hac
1652 1989 1719 2017 urbe
1733 1988 1858 2024 expellet,

1066 2035 1148 2062 quem
1159 2036 1252 2055 omnes
1264 2029 1344 2055 urbes
1355 2028 1500 2064 expulsum
1511 2037 1526 2054 a
1536 2028 1613 2055 vobis
1626 2027 1660 2054 ad
1670 2035 1700 2054 se
1710 2025 1861 2054 vocabunt?

1068 2066 1126 2091 405.
1148 2065 1170 2092 O
1185 2069 1282 2092 terram
1297 2065 1371 2092 illam
1385 2066 1499 2097 beatam,
1515 2073 1584 2100 quae
1599 2065 1672 2091 hunc
1682 2065 1772 2091 virum
1782 2071 1861 2090 exce-

1067 2103 1149 2137 perit:
1172 2102 1239 2130 hauc
1254 2103 1394 2139 ingratam,
1406 2103 1430 2130 si
1440 2104 1559 2130 eiecerit:
1581 2102 1715 2132 miseram,
1728 2101 1752 2128 si
1762 2101 1861 2127 amise-

1067 2140 1114 2166 rit!
1137 2139 1190 2167 Sed
1201 2140 1262 2167 finis
1273 2142 1322 2168 sit:
1340 2149 1427 2176 neque
1437 2141 1510 2167 enim
1519 2148 1582 2175 prae
1593 2138 1710 2166 lacrimis
1720 2138 1775 2165 iam
1785 2137 1859 2173 loqui

1068 2185 1194 2211 possum,
1211 2182 1238 2204 et
1252 2178 1296 2204 hic
1311 2186 1340 2204 se
1360 2177 1478 2205 lacrimis
1493 2176 1601 2204 defendi
1616 2180 1696 2203 vetat.
1735 2175 1788 2202 Vos
1802 2182 1858 2205 oro.

1067 2215 1246 2250 obtestorque,
1269 2214 1381 2246 iudices,
1401 2220 1432 2242 ut
1448 2215 1477 2241 in
1492 2214 1632 2241 sententiis
1648 2212 1774 2243 ferendis,
1786 2210 1860 2246 quod

1067 2253 1196 2284 sentiatis,
1218 2252 1248 2279 id
1266 2252 1397 2279 audeatis.
1436 2252 1557 2279 Vestram
1569 2251 1704 2281 virtutem,
1716 2249 1857 2279 iustitiam,

1067 2289 1157 2321 fidem,
1178 2289 1246 2316 mihi
1260 2289 1369 2321 credite,
1384 2290 1409 2316 is
1420 2290 1536 2316 maxime
1546 2287 1676 2324 probabit,
1689 2287 1738 2321 qui
1747 2287 1776 2313 in
1787 2285 1860 2312 iudi-

1066 2327 1144 2354 cibus
1159 2326 1280 2363 legendis
1290 2327 1422 2362 optimum
1433 2331 1459 2354 et
1468 2325 1698 2362 sapientissimum
1708 2328 1735 2351 et
1745 2323 1859 2350 fortissi-

1067 2373 1143 2392 mum
1153 2373 1290 2401 quemque
1301 2364 1374 2401 legit.

927 2505 1157 2520 -εοφοε--κ
