1941 3052
655 139 844 167 TOPICA.

81 211 142 238 mile
156 216 181 237 et
191 210 279 237 simile
293 211 422 237 invenire.
444 211 509 237 Eius
519 211 624 247 generis
635 211 699 237 haec
710 216 786 237 sunt:
803 211 869 241 Non,

79 249 317 284 quemadmodum,
333 248 404 283 quod
420 248 525 274 mulieri
540 248 646 279 debeas,
663 253 732 274 recte
745 249 798 283 ipsi
812 257 873 273 mu-

81 287 137 312 lieri
152 287 210 312 sine
224 290 309 312 tutore
324 291 428 312 auctore
443 286 539 317 solvas,
557 286 681 320 ita,quod
696 290 740 311 aut
754 285 873 320 pupillae

80 328 125 350 aut
139 323 243 358 pupillo
256 323 362 353 debeas,
376 328 444 349 recte
458 324 545 358 possis
560 323 652 349 eodem
667 323 745 349 modo
759 323 871 348 solvere.

81 363 122 388 47.
138 362 266 396 Deinceps
282 360 355 387 locus
369 365 417 391 est,
434 361 481 395 qui
496 369 508 386 a
524 361 654 387 contrario
668 360 775 386 dicitur.
805 360 874 386 Con-

81 399 221 425 trariorum
239 402 328 424 autem
351 407 447 433 genera
470 402 533 424 sunt
556 398 641 432 plura,
666 406 751 424 unum
771 406 871 428 eorum,
894 417 895 421 .

80 445 149 471 quae
163 436 190 462 in
204 436 296 462 eodem
310 444 406 470 genere
421 435 568 470 plurimum
583 435 716 466 differunt,
730 435 875 469 utsapien-

80 474 115 500 tia
129 478 154 500 et
168 473 290 499 stultitia.
305 473 405 499 Eodem
421 478 509 499 autem
523 481 619 508 genere
630 472 764 502 dicuntur,
774 472 874 506 quibus

80 511 224 546 propositis
247 514 389 537 occurrunt
415 515 552 545 tamquam
577 519 591 536 e
614 510 721 545 regione
743 509 874 544 quaedam

80 549 218 580 contraria,
244 552 273 574 ut
293 548 421 574 celeritati
444 548 566 578 tarditas,
592 556 643 573 non
667 546 800 572 debilitas.

80 586 181 620 quibus
195 586 332 612 contrariis
347 590 502 621 argumenta
517 584 578 611 talia
591 585 737 610 exsistunt:
765 583 793 609 Si
808 583 876 609 stul-

82 624 166 649 titiam
186 623 315 659 fugimus,
337 623 495 657 sapientiam
509 630 663 656 sequamur,
680 625 705 647 et
720 621 872 651 bonitatem,

81 661 104 686 si
127 661 267 687 malitiam.
302 661 377 691 Haec,
399 669 467 695 quae
481 668 515 686 ex
530 659 622 685 eodem
636 667 732 694 genere
746 658 874 684 contraria

81 702 152 729 sunt.
178 698 346 733 appellantur
364 698 483 723 adversa.
518 698 559 722 48.
581 696 649 722 Sunt
663 696 734 721 enim
749 695 798 721 alia
813 704 876 721 con-

82 736 168 766 traria,
185 744 253 770 quae
267 735 397 770 privantia
413 734 473 760 licet
486 733 653 769 appellemus
668 734 768 763 Latine,
782 733 875 759 Graeci

82 773 217 808 appellant
230 772 374 808 στερητικά.
394 772 547 806 Praeposito
562 771 633 797 enim
648 780 671 796 m
685 771 806 805 privatur
816 778 877 795 ver-
896 799 897 806 ἵ

82 811 147 836 bum
161 819 190 836 ea
204 810 329 844 vi‚quam
345 809 460 839 haberet,
477 810 500 835 si
514 817 538 834 nv
552 809 733 843 praepositum
745 816 796 834 non
808 806 876 833 suis—

81 853 129 879 set,
150 852 180 874 ut
197 849 319 881 dignitas,
340 850 489 880 indiym'tas,
514 848 668 875 humanitas,
693 847 874 874 inhumanitas,

81 890 107 912 et
127 889 212 911 cetera
234 885 339 920 generis
358 884 489 915 eiusdem,
510 892 625 918 quorum
644 883 762 909 tractatio
779 886 819 908 est
833 891 877 908 ea-

81 923 150 954 dem,
167 930 236 957 quae
249 922 427 956 superiorum,
443 930 512 956 quae
526 921 637 947 adversa
655 921 720 947 dixi.
752 921 793 946 49.
809 920 876 945 Nam

81 960 132 986 alia
145 968 253 995 quoque
268 964 331 986 sunt
344 960 536 986 contrariorum
550 967 655 993 genera,
672 957 747 984 velut
757 966 795 988 ea,
808 966 876 992 quae
897 975 898 983 ι

81 1006 143 1024 cum
157 997 248 1032 aliquo
261 997 443 1028 conferuntur,
456 1001 486 1023 ut
495 996 619 1031 duplum,
632 995 771 1030 simplum,
781 995 873 1025 multa,

81 1044 173 1070 pauca,
191 1035 310 1070 longum,
327 1035 415 1066 breve,
432 1034 639 1065 maius,minus.
662 1034 730 1059 Sunt
740 1032 875 1059 etiamilla

83 1073 159 1099 valde
173 1073 310 1103 contraria,
327 1081 395 1107 quae
410 1071 578 1107 appellantur
592 1071 724 1107 negantia.
751 1071 788 1096 Ea
808 1070 875 1097 ἀπο-

81 1110 178 1145 φατικά
192 1110 294 1141 Graeci,
310 1110 439 1136 contraria
453 1109 601 1136 aientibus:
623 1113 661 1139 ut,
678 1109 700 1134 si
716 1108 765 1134 hoc
779 1112 826 1139 est,
844 1107 875 1133 il-

82 1147 129 1174 lud
143 1157 195 1174 non
209 1152 258 1174 est.
290 1146 360 1180 Quid
375 1148 446 1174 enim
460 1156 529 1182 opus
543 1146 666 1181 exemplo
680 1146 737 1172 est‘?
762 1146 876 1171 Tantum

81 1185 254 1221 intelligatur,
271 1185 298 1211 in
313 1189 470 1221 argumento
479 1184 632 1220 quaerendo
641 1184 779 1210 contrariis
790 1183 878 1210 omni-

81 1223 133 1250 bus
146 1223 275 1250 contraria
290 1231 341 1249 non
355 1223 506 1249 convenire.

137 1262 179 1287 50.
194 1260 235 1287 Ab
250 1260 382 1286 adiunctis
396 1265 484 1286 autem
496 1259 572 1294 posui
585 1258 710 1294 equidem
722 1257 877 1293 exemplum

82 1298 173 1333 paullo
195 1302 268 1329 ante,
293 1297 378 1324 multa
402 1296 523 1334 [scilicet]
548 1297 673 1332 adiungi,
699 1304 769 1331 quae
791 1296 878 1322 susci—

81 1336 179 1371 pienda
192 1340 289 1367 essent,
306 1336 329 1362 si
344 1336 533 1362 statuissemus
548 1343 581 1360 ex
595 1334 680 1360 edicto
695 1334 821 1368 praetoris
836 1342 878 1359 se·-

81 1373 201 1400 cundum
215 1382 259 1399 eas
274 1372 378 1400 tabulas
392 1373 589 1408 possessionem
603 1371 669 1402 dari,
682 1380 749 1406 quas
764 1371 786 1397 is
801 1371 878 1397 insti-

82 1411 186 1442 tuisset,
211 1411 255 1437 cui
277 1411 428 1437 testamenti
443 1410 521 1436 factio
535 1409 608 1436 nulla
622 1413 701 1435 esset.

82 1448 125 1475 hic
148 1449 234 1484 magis
257 1448 290 1474 ad
308 1447 498 1474 coniecturales
516 1455 634 1478 caussas,
655 1455 724 1481 quae,
738 1450 878 1472 versantur

81 1487 109 1512 in
128 1486 245 1517 iudiciis,
266 1485 349 1519 valet;
379 1494 465 1521 quum
479 1485 624 1520 quaeritur,
646 1484 712 1518 quid
727 1488 772 1509 aut
785 1483 819 1509 sit
833 1488 878 1509 aut

82 1524 200 1550 evenerit
210 1527 255 1549 aut
272 1523 393 1549 futurum
409 1523 443 1549 sit
457 1527 502 1549 aut
515 1522 581 1557 quid
595 1522 704 1548 omnino
715 1521 770 1547 lieri
782 1521 876 1556 possit.

81 1561 140 1587 XII.
157 1562 197 1587 5⁴.
216 1560 253 1587 Ac
272 1560 321 1587 loci
340 1560 451 1595 quidem
465 1561 552 1595 ipsius
568 1559 650 1585 forma
666 1559 725 1585 talis
740 1563 789 1585 est.
825 1558 879 1584 Ad-

82 1602 172 1625 monet
186 1602 275 1625 autem
289 1598 333 1624 hic
348 1598 430 1629 locus,
447 1602 477 1624 ut
491 1601 642 1632 quaeratur,
655 1596 722 1631 quid
737 1600 796 1622 ante
811 1605 875 1627 rem,

81 1636 148 1672 quid
166 1644 228 1662 cum
247 1644 284 1667 re,
309 1635 376 1670 quid
389 1639 450 1670 post
463 1644 519 1661 rem
533 1634 659 1660 evenerit.
694 1633 767 1660 Nibil
783 1634 831 1660 boc
846 1633 878 1659 ad

83 1682 143 1706 nos;
166 1673 199 1700 ad
218 1673 380 1704 Ciceronem,
402 1672 541 1708 inquiebat
556 1671 650 1698 Gallus
665 1675 762 1702 noster,
779 1671 801 1697 si
816 1671 878 1705 quis

82 1711 114 1737 ad
136 1719 199 1737 eum
218 1710 268 1737 tale
288 1710 355 1746 quid
369 1710 503 1741 retulerat,
524 1714 554 1736 ut
567 1708 600 1735 d‘e
616 1709 683 1735 facto
696 1713 877 1744 quaereretur.

82 1749 121 1775 Tu
136 1752 224 1775 tamen
239 1749 346 1783 patiere,
359 1748 466 1774 nullum
480 1756 494 1774 a
509 1756 550 1773 me
564 1747 628 1773 artis
642 1747 779 1773 institutae
792 1746 878 1772 locum

83 1786 232 1821 praeteriri3
265 1794 306 1817 ne,
331 1786 354 1812 si
378 1785 455 1816 nihil,
482 1785 533 1811 nisi
551 1784 625 1820 quod
643 1784 676 1810 ad
696 1788 720 1810 te
739 1784 876 1819 pertineat,

82 1823 255 1850 scribendum
273 1824 384 1858 putaris,
406 1823 520 1849 nimium
539 1827 563 1848 te
582 1831 669 1848 amare
683 1821 798 1848 videare.
833 1822 880 1847 Est

82 1861 164 1897 igitur
182 1869 278 1896 magna
297 1869 330 1887 ex
348 1864 421 1896 parte
441 1860 515 1887 locus
533 1860 578 1886 hic
591 1860 721 1886 oratorius
736 1868 786 1885 non
802 1859 880 1885 modo

83 1907 135 1925 non
148 1898 410 1929 iurisconsultorum,
419 1898 467 1924 sed
481 1906 514 1924 ne
525 1897 746 1932 philosophorum
758 1896 878 1931 quidem.

83 1937 125 1964 52.
144 1935 212 1962 Ante
230 1944 285 1963 rem
304 1936 376 1962 enim
391 1939 565 1970 quaeruntur,
582 1943 650 1969 quae
666 1934 726 1961 talia
740 1938 812 1965 sunt,
833 1943 881 1968 ap-

84 1977 200 2009 paratuS,
226 1973 368 2008 colloquia,
394 1972 481 2002 locus,
502 1972 687 2003 constitutum,
708 1972 878 1999 convivium:

83 2020 145 2038 cum
159 2019 187 2037 re
201 2015 303 2037 autem:
331 2010 430 2045 pedum
445 2011 571 2044 crepitus,
588 2009 715 2044 strepitus
728 2009 878 2040 bominum,

83 2057 226 2083 corporum
241 2048 352 2074 umbrae
366 2051 390 2074 et
404 2048 426 2074 si
441 2047 506 2082 quid
521 2047 664 2073 eiusmodi.
688 2046 721 2072 At
736 2050 795 2081 post
809 2055 878 2072 rem:

84 2086 173 2117 rubor,
190 2085 282 2120 pallor,
300 2085 431 2116 titubatio,
441 2089 465 2111 et
479 2085 501 2110 si
516 2093 569 2119 qua
583 2084 634 2110 alia
647 2084 724 2119 signa
739 2084 882 2110 conturba-

84 2124 163 2150 tionis
182 2127 208 2149 et
220 2122 406 2153 conscientiae,
423 2126 555 2156 praeterea
571 2122 713 2147 restinctus
728 2122 807 2157 ignis,
823 2121 882 2157 gla-

84 2160 145 2188 dius
159 2164 296 2192 cruentus,
312 2164 483 2194 cetera,quae
497 2159 678 2194 suspicionem
693 2158 753 2185 facti
768 2163 881 2194 possunt

85 2206 200 2225 movere.

139 2237 180 2262 53.
200 2235 330 2269 Deinceps
349 2238 389 2260 est
408 2233 481 2260 locus
495 2233 694 2260 dialecticorum
709 2233 834 2268 proprius
848 2242 881 2259 ex

84 2272 311 2308 consequentibus
333 2276 359 2298 et
377 2271 595 2297 antecedentibus
613 2275 638 2297 et
656 2271 878 2307 repugnantibus,

85 2311 132 2346 qui
151 2311 230 2337 etiam
248 2310 282 2336 ab
295 2309 428 2335 adiunctis
444 2308 520 2344 longe
534 2308 658 2334 diversus
672 2313 721 2334 est.
754 2309 820 2334 Nam
835 2308 882 2334 ad-

85 2348 183 2379 iuncta,
204 2347 237 2373 de
255 2347 356 2382 quibus
376 2346 466 2381 paullo
486 2350 545 2372 ante
563 2346 664 2372 dictum
678 2350 727 2376 est,
744 2354 796 2371 non
810 2354 882 2371 scm-

86 2393 133 2420 per
145 2385 286 2417 eveniunt3
314 2384 504 2419 consequentia
519 2387 606 2409 autem
621 2391 736 2417 semper.
758 2383 795 2409 Ea
809 2383 880 2408 enim

86 2422 146 2449 dico
167 2422 366 2457 consequentia,
388 2429 457 2456 quae
477 2429 531 2446 rem
547 2420 696 2446 necessario
709 2428 882 2454 consequun-

88 2463 144 2486 tur:
166 2460 284 2494 itemque
302 2463 327 2485 et
345 2458 526 2485 antecedentia
540 2462 566 2484 et
579 2457 762 2493 repugnantia.
796 2457 882 2489 Quid-

86 2496 153 2532 quid
171 2497 242 2523 enim
257 2496 388 2522 antecedit
402 2504 538 2531 quamque.
553 2503 617 2525 rem,
643 2495 670 2520 id
684 2494 806 2520 cohaeret
820 2502 881 2520 cum

88 2541 114 2560 re
128 2534 289 2566 necessario,
306 2538 331 2560 et
344 2533 478 2568 quidquid
494 2537 632 2567 repugnat,
647 2531 673 2557 id
689 2531 819 2557 eiusmodi
831 2535 879 2561 cst,

87 2575 116 2598 ut
128 2571 267 2598 cohaerere
282 2579 429 2605 numquam
445 2570 537 2605 possit.
564 2570 632 2596 xllt.
648 2570 737 2601 Quum
754 2569 883 2603 tripartito

89 2607 169 2644 igitur
182 2608 359 2635 distribuatur
373 2607 447 2634 locus
462 2607 513 2637 hic.
531 2608 556 2633 iu
572 2607 796 2635 consecutionem,
810 2610 883 2632 onte-

87 2645 243 2677 cessionem,
261 2646 474 2681 repugnantiam,
491 2644 639 2679 reperiendi
655 2643 805 2679 argumenti
817 2644 883 2669 sim—

835 538 896 572 Ex*

736 1408 788 1435 Sed
804 1409 877 1434 locus
899 1411 900 1432 ζ

881 139 899 165 C

914 139 935 165 Α
949 139 978 165 Ρ.
1013 141 1027 165 8
1048 139 1146 165 -15,

1670 141 1716 164 185

892 209 900 241 3'}
923 218 1008 244 quum
1026 209 1076 236 hoc
1094 209 1251 244 sumpseris,
1273 209 1412 243 pecuniam
1433 213 1596 235 numeratam
1612 209 1717 235 mulieri

910 2446 913 2596 l

911 2603 913 2705 l

893 251 901 285 ¹¹.
925 247 1025 277 deberi,
1049 248 1093 273 cui
1112 247 1146 272 sit
1164 251 1303 282 argentum
1322 255 1400 272 omne
1420 246 1544 281 legatum,
1565 251 1655 272 utrum
1670 247 1718 272 boc

924 284 1002 310 modo
1016 284 1160 310 concludas
1175 282 1381 319 argumentum?
1401 283 1427 309 Si
1440 284 1551 317 pecunia
1563 284 1665 318 signata
1678 292 1719 309 ar-

925 326 1035 356 gentum
1054 326 1102 352 est,
1125 321 1208 356 legata
1227 325 1267 347 est
1281 320 1396 346 mulieri.
1432 321 1478 346 Est
1500 325 1588 346 autem
1608 321 1718 355 pecunia

926 359 1028 394 signata
1044 363 1192 394 argentum.
1224 359 1319 393 Legata
1334 358 1424 393 igitur.
1456 358 1495 384 An
1507 357 1553 384 illo
1567 357 1662 384 modo‘?
1692 358 1718 383 Si

927 400 1064 422 numerata
1080 397 1201 430 pecunia,
1219 404 1271 421 non
1285 399 1324 421 est
1340 395 1436 430 legata,
1466 404 1516 421 non
1533 400 1572 421 est
1584 400 1719 421 numerata

927 434 1039 467 pecunia
1053 438 1203 468 argentum.
1238 433 1284 459 Est
1299 437 1387 458 autem
1402 437 1537 458 numerata
1553 433 1665 467 pecunia
1680 442 1721 458 ar—

926 475 1047 505 gentum.
1070 471 1166 506 Legata
1181 471 1264 505 igitur
1278 475 1326 496 est.
1348 470 1388 496 An
1403 470 1448 496 illo
1463 470 1558 496 modo‘?
1572 471 1629 496 Non
1644 474 1669 496 et
1684 470 1722 496 le-

927 512 1019 543 gatum
1039 512 1177 543 argentum
1196 512 1244 538 est,
1265 511 1290 534 et
1304 516 1355 533 non
1370 512 1409 533 est
1425 507 1508 543 legata
1524 512 1659 534 numerata
1675 516 1721 542 pe-

927 545 1014 571 cunia.
1051 546 1179 580 Legatum
1199 549 1286 570 autem
1302 549 1438 580 argentum
1454 550 1501 570 est.
1529 545 1624 580 Legata
1638 545 1722 580 igitur

928 587 1065 608 numerata
1080 583 1193 617 pecunia
1207 586 1254 608 est.
1282 583 1323 608 54.
1336 582 1478 616 Appellant
1489 587 1577 608 autem
1589 582 1721 608 dialectici

927 628 985 645 eam
999 619 1197 646 conclusionem
1212 620 1370 654 argumenti,
1388 620 1413 645 in
1428 628 1489 654 qua,
1503 628 1586 654 quum
1603 620 1721 654 primum

928 657 1116 691 assumpseris,
1133 658 1306 691 consequitur
1319 656 1354 686 id,
1371 657 1442 691 quod
1457 666 1591 683 annexum
1606 661 1653 687 est,
1667 657 1722 691 pri—

930 703 1003 720 mum
1017 694 1197 720 conclusionis
1212 694 1335 722 modum:
1356 703 1441 728 quum
1456 694 1491 724 id,
1501 694 1572 728 quod
1587 703 1721 720 annexum

928 736 975 762 est,
993 732 1106 766 negaris,
1116 736 1143 757 ut
1156 731 1182 757 id
1194 732 1362 766 quoque,cui
1377 730 1455 757 fuerit
1470 740 1613 762 annexum,
1623 740 1722 766 negan-

929 769 994 795 dum
1017 769 1060 799 sit,
1086 769 1221 794 secundus
1245 768 1393 803 appellatur
1415 768 1589 794 concludendi
1610 770 1719 801 modus:

928 815 1013 841 quum
1028 811 1115 832 autem
1131 806 1220 840 aliqua
1235 806 1373 831 coniuncta
1389 806 1493 841 negaris
1509 811 1578 832 etex
1593 807 1625 832 iis
1638 815 1721 832 unum

929 848 974 870 aut
988 843 1064 878 plura
1078 844 1235 878 sumpseris,
1252 848 1290 874 ut,
1306 843 1378 878 quod
1393 843 1561 878 relinquitur,
1576 843 1722 869 tollendum

929 882 971 912 sit,
988 882 1011 907 is
1027 882 1120 907 tertius
1135 881 1284 915 appellatur
1297 880 1477 907 conclusionis
1492 882 1597 907 modus.
1625 882 1666 907 55.
1683 882 1723 907 Ex

930 919 978 945 hoc
1001 918 1045 944 illa
1065 919 1200 945 rhetorum
1219 923 1282 944 sunt
1298 927 1331 945 ex
1348 919 1486 944 contrariis
1505 918 1638 949 conclusa,
1655 927 1723 953 quae

928 957 980 991 ipsi
996 956 1169 991 e’rtivpvjpinra
1184 955 1332 990 appellant;
1356 964 1407 982 non
1419 957 1485 990 quin
1496 957 1582 982 omnis
1593 957 1723 982 sententia

930 994 1035 1028 proprio
1055 994 1161 1019 nomine
1180 993 1319 1028 ἐνθύμημα
1334 993 1450 1019 dicatur:
1474 994 1530 1023 sed,
1552 998 1580 1019 ut
1594 994 1723 1019 Homerus

930 1036 1036 1066 propter
1050 1031 1234 1057 excellentiam
1248 1040 1390 1057 commune
1405 1035 1541 1065 poetarum
1556 1040 1652 1057 nomen
1667 1030 1724 1056 esli-

929 1070 964 1095 cit
987 1069 1058 1104 apud
1078 1069 1192 1095 Graecos
1211 1077 1300 1099 suum,
1322 1069 1368 1099 sio,
1385 1077 1470 1103 quum
1490 1069 1576 1094 omnis
1595 1068 1723 1094 sententia

905 1124 907 1130 ·
930 1106 1070 1142 ἐνθύμημα
1084 1106 1196 1136 dicatur,
1213 1106 1276 1141 quia
1291 1106 1398 1132 videtur
1411 1115 1526 1140 ea‚quae
1541 1115 1574 1132 ex
1587 1106 1724 1132 contrariis

929 1144 1076 1174 conficitur,
1098 1144 1261 1174 acutissima,
1282 1143 1337 1170 sola
1353 1144 1458 1178 proprie
1474 1152 1569 1170 nornen
1583 1152 1724 1170 commune

930 1181 1057 1216 possidet.
1091 1182 1157 1208 Eius
1170 1182 1276 1217 generis
1291 1181 1355 1207 haec
1369 1185 1445 1207 sunt:

968 1220 1042 1245 Hunc
1056 1222 1173 1249 iizelttere,
1189 1221 1299 1245 alterum
1313 1221 1339 1245 in
1354 1223 1419 1244 melu
1433 1227 1483 1245 non
1495 1220 1601 1252 ponere!

968 1257 1040 1287 Etim,
1061 1266 1137 1291 quam
1155 1258 1220 1283 nihil
1237 1259 1353 1287 accusas,
1369 1259 1491 1288 (laninas,
1513 1258 1571 1282 bene
1585 1265 1661 1290 quam
1675 1265 1726 1281 me-

1421 1296 1499 1320 ritam
1513 1302 1564 1320 esse
1578 1297 1706 1320 autumas.

967 1334 1033 1358 dicis
1046 1333 1112 1358 avale
1125 1334 1225 1357 mere‘ri.

968 1370 1005 1397 Id.
1022 1371 1088 1402 qnod
1102 1371 1160 1398 sciS,
1174 1371 1276 1402 prodest
1291 1370 1368 1400 m'ltil;
1389 1371 1424 1399 id,
1440 1370 1507 1402 quod
1521 1370 1609 1397 nescis,
1626 1370 1701 1394 obest.

987 1406 1056 1433 xlv.
1073 1408 1114 1432 56.
1138 1407 1192 1432 Hoc
1214 1406 1363 1432 disserendi
1382 1415 1468 1441 genus
1491 1406 1596 1441 attingit
1618 1406 1726 1432 omnino

931 1448 1032 1470 vestras
1054 1452 1163 1479 quoque
1187 1444 1214 1470 in
1238 1443 1423 1478 respondendo
1444 1444 1651 1478 disputationes:
1679 1443 1726 1468 scd

932 1481 1151 1516 pbilosophorum
1168 1481 1268 1516 magi53
1290 1481 1391 1515 quibus
1402 1486 1441 1506 est
1451 1490 1511 1506 cum
1523 1481 1670 1506 oratoribus
1682 1480 1725 1506 illa

931 1528 963 1545 ex
998 1519 1210 1554 repugnantibus
1237 1518 1375 1544 sententiis
1401 1518 1552 1544 communis
1579 1517 1723 1545 conclusio,

931 1565 999 1591 quae
1009 1565 1022 1582 a
1033 1556 1179 1582 dialecticis
1191 1556 1283 1582 tertius
1295 1556 1399 1586 modus,
1410 1555 1726 1589 arhetoribusirfflssinhurz

932 1598 1112 1628 nuncupatur.
1132 1594 1237 1628 Reliqui
1252 1593 1450 1619 dialecticorum
1466 1592 1536 1619 modi
1553 1592 1642 1627 plures
1653 1598 1724 1621 sunt,

931 1631 978 1666 qui
998 1640 1031 1657 ex
1049 1631 1276 1657 disiunctionibus
1290 1635 1423 1657 constant:
1451 1635 1495 1656 aut
1510 1630 1566 1661 hoc,
1584 1635 1629 1656 aut
1643 1629 1724 1656 illud:

933 1669 981 1695 hoc
996 1673 1099 1701 autem3
1121 1677 1173 1694 non
1192 1669 1274 1703 igitur
1292 1668 1369 1694 illud.
1400 1669 1533 1702 Itemque.-
1550 1672 1594 1693 aut
1610 1668 1666 1697 boc,
1683 1673 1727 1693 aut

932 1706 1014 1737 illud:
1038 1715 1089 1732 non
1104 1710 1192 1732 autem
1208 1706 1270 1737 boc3
1291 1705 1358 1731 illud
1374 1706 1465 1740 igitur,
1492 1705 1564 1737 Quae
1578 1704 1728 1731 conclusio-

933 1753 980 1770 nes
994 1743 1092 1770 idcirco
1107 1748 1177 1769 ratae
1191 1748 1262 1773 sunt,
1279 1743 1351 1777 quod
1367 1743 1393 1769 in
1408 1743 1587 1768 disiunctione
1602 1742 1663 1777 plus
1676 1751 1728 1768 uno

933 1790 1027 1807 verum
1042 1790 1100 1807 esse
1115 1790 1166 1807 non
1182 1785 1277 1815 potest.
1300 1782 1342 1806 57.
1355 1781 1441 1815 Atque
1455 1789 1488 1806 ex
1503 1780 1534 1806 iis
1549 1779 1728 1805 conclusioni-

933 1819 993 1850 bus,
1019 1827 1087 1853 quas
1110 1827 1191 1853 supra
1214 1818 1319 1852 scripsi,
1349 1818 1420 1852 prior
1442 1822 1566 1852 quartus,
1600 1818 1728 1852 posterior

933 1857 1046 1891 quintus
1064 1865 1077 1882 a
1096 1856 1242 1882 dialecticis
1261 1855 1357 1881 modu-s
1376 1855 1534 1890 appellatur.
1570 1854 1668 1880 Deinde
1683 1854 1729 1880 ad-

933 1895 1001 1920 dunt
1019 1894 1238 1920 coniunctionum
1259 1893 1419 1927 negantiam,
1441 1893 1493 1919 sie:
1526 1893 1582 1918 Non
1601 1896 1625 1918 et
1642 1892 1689 1918 boc
1704 1897 1727 1917 et

934 1931 1015 1964 illud;
1043 1931 1092 1958 hoc
1110 1935 1212 1963 autem,
1244 1939 1296 1957 non
1311 1931 1393 1965 igitur
1406 1929 1483 1956 illud.
1519 1930 1565 1955 llic
1581 1929 1675 1955 modus
1690 1934 1728 1954 est

933 1973 1035 1995 sextus.
1067 1968 1204 2004 Septimus
1227 1972 1329 1994 autem:
1361 1968 1417 1994 Non
1431 1972 1456 1994 et
1471 1968 1519 1993 lioe
1534 1972 1558 1993 et
1574 1966 1654 1996 illud;
1677 1976 1728 1992 non

933 2011 1021 2033 autem
1042 2006 1104 2038 boc:
1132 2006 1199 2032 illud
1215 2006 1306 2040 igitur.
1341 2005 1381 2031 Ex
1396 2005 1428 2031 iis
1444 2005 1529 2031 modis
1544 2004 1728 2030 conclusiones

934 2043 1144 2071 innumerabiles
1164 2048 1318 2073 nascuntur,
1340 2043 1366 2069 in
1386 2051 1440 2077 quo
1458 2047 1497 2068 est
1513 2042 1564 2068 sero
1581 2047 1631 2068 tota
1646 2041 1729 2067 diale-

933 2083 1008 2108 ctica.
1044 2081 1096 2108 Sed
1121 2090 1153 2107 ne
1176 2090 1220 2107 eae
1239 2080 1359 2115 quidem,
1380 2089 1448 2115 quas
1466 2080 1589 2115 exposui,
1611 2079 1642 2105 ad
1663 2079 1728 2104 banc

934 2120 1128 2146 institutionem
1143 2123 1205 2144 sunt
1217 2119 1389 2144 necessariae.

989 2158 1031 2183 58.
1052 2156 1193 2182 Proximus
1212 2160 1251 2182 cst
1267 2155 1341 2181 locus
1356 2164 1443 2181 reruni
1461 2154 1644 2183 efficientium,
1661 2162 1729 2188 quac

933 2203 1043 2220 caussae
1058 2193 1240 2228 appellantur,
1263 2193 1359 2219 deinde
1375 2201 1462 2218 rerum
1478 2191 1628 2218 eil‘cctaruni
1644 2191 1676 2216 ab
1691 2190 1729 2215 es-

934 2231 1086 2258 iieientibus
1104 2231 1217 2257 caussis.
1253 2231 1351 2256 uarum
1371 2229 1502 2264 exempla,
1520 2234 1547 2254 ut
1565 2228 1728 2262 reliquorum

935 2269 1062 2299 locorum,
1079 2268 1170 2303 paullo
1184 2272 1244 2294 ante
1259 2268 1346 2302 posui,
1363 2272 1387 2293 et
1401 2267 1511 2301 quidem
1527 2275 1559 2291 ex
1575 2266 1630 2291 iure
1640 2265 1727 2292 cixili.

934 2306 980 2332 sed
997 2307 1060 2332 bace
1075 2310 1165 2340 patent
1177 2305 1265 2331 latius.
1290 2305 1345 2330 XV.
1360 2305 1520 2330 Caussarum
1537 2303 1619 2337 igitur
1632 2312 1728 2337 genera

934 2343 987 2369 duo
1001 2348 1076 2369 sunt:
1101 2351 1194 2372 unum.
1210 2342 1282 2377 quod
1299 2342 1322 2367 vi
1339 2350 1386 2367 sua
1402 2342 1437 2370 id,
1454 2340 1525 2375 quod
1540 2340 1591 2365 sub
1605 2349 1662 2365 eam
1676 2340 1728 2365 vim

910 2396 912 2410 ι,
934 2381 1086 2406 subiectum
1101 2384 1149 2410 cst,
1166 2385 1237 2405 certo
1255 2379 1346 2409 esth-it.
1369 2384 1406 2408 ut,
1424 2379 1494 2412 ignis
1509 2378 1641 2406 ιιιϊι·ιιιΙίι;
1666 2377 1730 2402 alte-

935 2427 1003 2448 rum,
1029 2417 1101 2452 quod
1122 2422 1242 2442 naturam
1265 2416 1398 2442 efficiendi
1423 2425 1474 2441 uon
1500 2415 1587 2445 babet,
1611 2415 1657 2440 scd
1672 2416 1729 2440 siue

934 2464 988 2490 quo
1001 2454 1070 2480 cilici
1087 2463 1136 2480 non
1153 2455 1244 2488 possit,
1263 2458 1299 2483 ut,
1320 2454 1342 2479 si
1357 2454 1420 2488 quis
1434 2462 1478 2478 aes
1492 2461 1614 2478 caitissam
1629 2457 1729 2478 statuae

936 2492 999 2518 velit
1013 2492 1109 2522 (licere,
1127 2491 1199 2526 quod
1213 2491 1271 2517 sine
1286 2500 1316 2517 eo
1331 2500 1381 2516 non
1398 2495 1482 2525 potest
1494 2489 1573 2515 ellici.
1590 2491 1630 2515 59.
1645 2490 1729 2515 lluius

934 2530 1039 2565 generis
1058 2537 1223 2557 caussarum.
1250 2529 1308 2554 sine
1322 2537 1376 2563 quo
1395 2537 1445 2554 non
1464 2527 1586 2557 eflicitur,
1603 2527 1652 2553 alia
1668 2532 1730 2553 sunt

911 2574 913 2582 *
934 2568 1033 2602 quieta.
1055 2566 1121 2592 nibil
1137 2567 1249 2599 agentia,
1267 2565 1361 2591 stolida
1377 2565 1584 2600 ‹plodanunoilm
1602 2570 1629 2590 ut
1646 2564 1727 2593 locus,

935 2609 1050 2639 tempus,
1069 2604 1184 2633 materia,
1202 2602 1460 2633 ferramenta,veteru
1473 2603 1578 2637 geni-ris
1592 2602 1712 2628 eiusdem
1723 2623 1728 2631 ,

935 2642 985 2667 alia
1004 2646 1091 2667 autem
1112 2641 1325 2675 praecursionem
1344 2640 1488 2675 quenulam
1503 2640 1631 2666 adhibent
1645 2639 1677 2665 ad
1692 2639 1730 2664 cs—

89 2681 150 2716 plex
165 2682 238 2710 locus
252 2687 300 2714 est,
317 2682 444 2709 tractandi
460 2682 565 2717 triplex.
602 2682 667 2707 Nam
682 2681 748 2716 quid
764 2681 880 2711 interest,
905 2703 907 2705 .
937 2679 1079 2706 {iciendum
1095 2683 1119 2704 et
1133 2678 1264 2713 quaedam
1279 2677 1390 2704 ank-runi
1407 2687 1452 2712 per
1466 2686 1495 2703 se
1509 2677 1728 2705 aditu-antimosi

1492 2719 1522 2742 2³
