<?xml version="1.0" encoding="UTF-8"?>
<!DOCTYPE html PUBLIC "-//W3C//DTD XHTML 1.0 Transitional//EN"
    "http://www.w3.org/TR/xhtml1/DTD/xhtml1-transitional.dtd">
<html xmlns="http://www.w3.org/1999/xhtml" xml:lang="en" lang="en">
 <head>
  <title>
</title>
<meta http-equiv="Content-Type" content="text/html;charset=utf-8" />
  <meta name='ocr-system' content='tesseract 3.04.00' />
  <meta name='ocr-capabilities' content='ocr_page ocr_carea ocr_par ocr_line ocrx_word'/>
</head>
<body>
  <div class='ocr_page' id='page_1' title='image "./operaomniaunovol00ciceuoft_0223.png"; bbox 0 0 1941 3052; ppageno 0'>
   <div class='ocr_carea' id='block_1_1' title="bbox 393 141 1702 174">
    <p class='ocr_par' dir='ltr' id='par_1_1' title="bbox 393 141 1702 174">
     <span class='ocr_line' id='line_1_1' title="bbox 393 141 1702 174; baseline 0.005 -6"><span class='ocrx_word' id='word_1_1' title='bbox 393 141 1072 169; x_wconf 75' lang='lat' dir='ltr'><strong>PARTITIONESORATORIAE.</strong></span> <span class='ocrx_word' id='word_1_2' title='bbox 1107 143 1381 171; x_wconf 74' lang='lat' dir='ltr'><strong>CAP.35—4o.</strong></span> <span class='ocrx_word' id='word_1_3' title='bbox 1656 149 1702 174; x_wconf 71' lang='lat'><strong>⁴99</strong></span> 
     </span>
    </p>
   </div>
   <div class='ocr_carea' id='block_1_2' title="bbox 57 213 861 2342">
    <p class='ocr_par' dir='ltr' id='par_1_2' title="bbox 66 213 861 882">
     <span class='ocr_line' id='line_1_2' title="bbox 70 213 858 249; baseline -0.001 -9"><span class='ocrx_word' id='word_1_4' title='bbox 70 214 209 249; x_wconf 88' lang='lat' dir='ltr'><strong>publicum</strong></span> <span class='ocrx_word' id='word_1_5' title='bbox 234 213 284 244; x_wconf 80' lang='lat' dir='ltr'><strong>lex,</strong></span> <span class='ocrx_word' id='word_1_6' title='bbox 310 213 581 245; x_wconf 79' lang='lat' dir='ltr'><strong>senatusconsultum,</strong></span> <span class='ocrx_word' id='word_1_7' title='bbox 595 213 703 246; x_wconf 85' lang='lat' dir='ltr'><strong>foedus;</strong></span> <span class='ocrx_word' id='word_1_8' title='bbox 726 214 858 248; x_wconf 87' lang='lat' dir='ltr'><strong>privatum</strong></span> 
     </span>
     <span class='ocr_line' id='line_1_3' title="bbox 69 251 859 285; baseline -0.001 -8"><span class='ocrx_word' id='word_1_9' title='bbox 69 251 182 282; x_wconf 88' lang='lat' dir='ltr'><strong>tabulae,</strong></span> <span class='ocrx_word' id='word_1_10' title='bbox 200 255 315 285; x_wconf 84' lang='lat' dir='ltr'><strong>pactum,</strong></span> <span class='ocrx_word' id='word_1_11' title='bbox 331 255 501 282; x_wconf 86' lang='lat' dir='ltr'><strong>conventum,</strong></span> <span class='ocrx_word' id='word_1_12' title='bbox 518 251 664 285; x_wconf 81' lang='lat' dir='ltr'><strong>stipulatio.</strong></span> <span class='ocrx_word' id='word_1_13' title='bbox 684 251 757 283; x_wconf 86' lang='lat' dir='ltr'><strong>Quae</strong></span> <span class='ocrx_word' id='word_1_14' title='bbox 771 255 859 277; x_wconf 88' lang='lat' dir='ltr'><strong>autem</strong></span> 
     </span>
     <span class='ocr_line' id='line_1_4' title="bbox 69 289 860 323; baseline 0 -9"><span class='ocrx_word' id='word_1_15' title='bbox 69 289 166 323; x_wconf 90' lang='lat' dir='ltr'><strong>scripta</strong></span> <span class='ocrx_word' id='word_1_16' title='bbox 184 297 235 314; x_wconf 92' lang='lat' dir='ltr'><strong>non</strong></span> <span class='ocrx_word' id='word_1_17' title='bbox 254 292 324 318; x_wconf 89' lang='lat' dir='ltr'><strong>sunt,</strong></span> <span class='ocrx_word' id='word_1_18' title='bbox 343 296 372 313; x_wconf 85' lang='lat' dir='ltr'><strong>ea</strong></span> <span class='ocrx_word' id='word_1_19' title='bbox 391 292 436 314; x_wconf 87' lang='lat' dir='ltr'><strong>aut</strong></span> <span class='ocrx_word' id='word_1_20' title='bbox 453 289 647 314; x_wconf 89' lang='lat' dir='ltr'><strong>consuetudine</strong></span> <span class='ocrx_word' id='word_1_21' title='bbox 665 293 710 314; x_wconf 90' lang='lat' dir='ltr'><strong>aut</strong></span> <span class='ocrx_word' id='word_1_22' title='bbox 724 289 860 314; x_wconf 85' lang='lat' dir='ltr'><strong>conventis</strong></span> 
     </span>
     <span class='ocr_line' id='line_1_5' title="bbox 69 326 860 360; baseline -0.001 -8"><span class='ocrx_word' id='word_1_23' title='bbox 69 326 208 352; x_wconf 91' lang='lat' dir='ltr'><strong>hominum</strong></span> <span class='ocrx_word' id='word_1_24' title='bbox 222 330 247 351; x_wconf 90' lang='lat' dir='ltr'><strong>et</strong></span> <span class='ocrx_word' id='word_1_25' title='bbox 261 326 338 360; x_wconf 87' lang='lat' dir='ltr'><strong>quasi</strong></span> <span class='ocrx_word' id='word_1_26' title='bbox 352 334 484 351; x_wconf 85' lang='lat' dir='ltr'><strong>consensu</strong></span> <span class='ocrx_word' id='word_1_27' title='bbox 498 326 660 351; x_wconf 91' lang='lat' dir='ltr'><strong>obtinentur.</strong></span> <span class='ocrx_word' id='word_1_28' title='bbox 682 326 769 360; x_wconf 81' lang='lat' dir='ltr'><strong>Atque</strong></span> <span class='ocrx_word' id='word_1_29' title='bbox 781 326 860 351; x_wconf 87' lang='lat' dir='ltr'><strong>etiam</strong></span> 
     </span>
     <span class='ocr_line' id='line_1_6' title="bbox 68 363 858 398; baseline 0 -10"><span class='ocrx_word' id='word_1_30' title='bbox 68 363 118 389; x_wconf 89' lang='lat' dir='ltr'><strong>hoc</strong></span> <span class='ocrx_word' id='word_1_31' title='bbox 139 364 166 389; x_wconf 88' lang='lat' dir='ltr'><strong>in</strong></span> <span class='ocrx_word' id='word_1_32' title='bbox 190 363 292 397; x_wconf 88' lang='lat' dir='ltr'><strong>primis,</strong></span> <span class='ocrx_word' id='word_1_33' title='bbox 314 367 343 388; x_wconf 88' lang='lat' dir='ltr'><strong>ut</strong></span> <span class='ocrx_word' id='word_1_34' title='bbox 361 367 463 389; x_wconf 90' lang='lat' dir='ltr'><strong>nostros</strong></span> <span class='ocrx_word' id='word_1_35' title='bbox 482 372 568 389; x_wconf 85' lang='lat' dir='ltr'><strong>mores</strong></span> <span class='ocrx_word' id='word_1_36' title='bbox 587 363 713 398; x_wconf 82' lang='lat' dir='ltr'><strong>legesque</strong></span> <span class='ocrx_word' id='word_1_37' title='bbox 727 368 858 393; x_wconf 86' lang='lat' dir='ltr'><strong>tueamur,</strong></span> 
     </span>
     <span class='ocr_line' id='line_1_7' title="bbox 67 399 861 435; baseline -0.001 -9"><span class='ocrx_word' id='word_1_38' title='bbox 67 399 264 435; x_wconf 81' lang='lat' dir='ltr'><strong>quodammodo</strong></span> <span class='ocrx_word' id='word_1_39' title='bbox 279 400 391 426; x_wconf 86' lang='lat' dir='ltr'><strong>naturali</strong></span> <span class='ocrx_word' id='word_1_40' title='bbox 406 401 463 425; x_wconf 88' lang='lat' dir='ltr'><strong>iure</strong></span> <span class='ocrx_word' id='word_1_41' title='bbox 478 401 671 434; x_wconf 88' lang='lat' dir='ltr'><strong>praescriptum</strong></span> <span class='ocrx_word' id='word_1_42' title='bbox 686 405 734 426; x_wconf 84' lang='lat' dir='ltr'><strong>est.</strong></span> <span class='ocrx_word' id='word_1_43' title='bbox 761 402 802 426; x_wconf 73' lang='grc'><strong>431</strong></span> <span class='ocrx_word' id='word_1_44' title='bbox 812 421 816 425; x_wconf 93' lang='grc'>.</span> <span class='ocrx_word' id='word_1_45' title='bbox 828 400 861 425; x_wconf 91' lang='lat' dir='ltr'><strong>Et</strong></span> 
     </span>
     <span class='ocr_line' id='line_1_8' title="bbox 67 437 860 472; baseline 0 -9"><span class='ocrx_word' id='word_1_46' title='bbox 67 438 193 472; x_wconf 88' lang='lat' dir='ltr'><strong>qnoniam</strong></span> <span class='ocrx_word' id='word_1_47' title='bbox 219 437 333 463; x_wconf 87' lang='lat' dir='ltr'><strong>breviter</strong></span> <span class='ocrx_word' id='word_1_48' title='bbox 356 438 438 472; x_wconf 85' lang='lat' dir='ltr'><strong>aperti</strong></span> <span class='ocrx_word' id='word_1_49' title='bbox 461 442 524 463; x_wconf 88' lang='lat' dir='ltr'><strong>sunt</strong></span> <span class='ocrx_word' id='word_1_50' title='bbox 546 437 630 463; x_wconf 87' lang='lat' dir='ltr'><strong>fontes</strong></span> <span class='ocrx_word' id='word_1_51' title='bbox 654 438 731 472; x_wconf 82' lang='lat' dir='ltr'><strong>quasi</strong></span> <span class='ocrx_word' id='word_1_52' title='bbox 750 437 860 472; x_wconf 88' lang='lat' dir='ltr'><strong>quidam</strong></span> 
     </span>
     <span class='ocr_line' id='line_1_9' title="bbox 68 474 860 509; baseline 0 -9"><span class='ocrx_word' id='word_1_53' title='bbox 68 475 218 509; x_wconf 86' lang='lat' dir='ltr'><strong>aequitatis,</strong></span> <span class='ocrx_word' id='word_1_54' title='bbox 243 474 368 500; x_wconf 86' lang='lat' dir='ltr'><strong>meditata</strong></span> <span class='ocrx_word' id='word_1_55' title='bbox 391 475 467 500; x_wconf 90' lang='lat' dir='ltr'><strong>nobis</strong></span> <span class='ocrx_word' id='word_1_56' title='bbox 491 475 524 500; x_wconf 87' lang='lat' dir='ltr'><strong>ad</strong></span> <span class='ocrx_word' id='word_1_57' title='bbox 543 475 591 501; x_wconf 91' lang='lat' dir='ltr'><strong>hoc</strong></span> <span class='ocrx_word' id='word_1_58' title='bbox 605 483 760 501; x_wconf 85' lang='lat' dir='ltr'><strong>caussarum</strong></span> <span class='ocrx_word' id='word_1_59' title='bbox 775 483 860 509; x_wconf 79' lang='lat' dir='ltr'><strong>genus</strong></span> 
     </span>
     <span class='ocr_line' id='line_1_10' title="bbox 67 512 861 546; baseline 0 -9"><span class='ocrx_word' id='word_1_60' title='bbox 67 520 126 538; x_wconf 87' lang='lat' dir='ltr'><strong>esse</strong></span> <span class='ocrx_word' id='word_1_61' title='bbox 144 512 280 537; x_wconf 87' lang='lat' dir='ltr'><strong>debebunt</strong></span> <span class='ocrx_word' id='word_1_62' title='bbox 298 520 336 541; x_wconf 87' lang='lat' dir='ltr'><strong>ea,</strong></span> <span class='ocrx_word' id='word_1_63' title='bbox 357 520 425 546; x_wconf 89' lang='lat' dir='ltr'><strong>quae</strong></span> <span class='ocrx_word' id='word_1_64' title='bbox 439 512 550 538; x_wconf 86' lang='lat' dir='ltr'><strong>dicenda</strong></span> <span class='ocrx_word' id='word_1_65' title='bbox 565 516 642 538; x_wconf 87' lang='lat' dir='ltr'><strong>erunt</strong></span> <span class='ocrx_word' id='word_1_66' title='bbox 655 513 682 538; x_wconf 92' lang='lat' dir='ltr'><strong>in</strong></span> <span class='ocrx_word' id='word_1_67' title='bbox 696 512 861 538; x_wconf 84' lang='lat' dir='ltr'><strong>orationibus</strong></span> 
     </span>
     <span class='ocr_line' id='line_1_11' title="bbox 67 548 861 584; baseline -0.001 -9"><span class='ocrx_word' id='word_1_68' title='bbox 67 549 100 575; x_wconf 84' lang='lat' dir='ltr'><strong>de</strong></span> <span class='ocrx_word' id='word_1_69' title='bbox 114 553 215 580; x_wconf 84' lang='lat' dir='ltr'><strong>natura,</strong></span> <span class='ocrx_word' id='word_1_70' title='bbox 232 549 264 575; x_wconf 88' lang='lat' dir='ltr'><strong>(le</strong></span> <span class='ocrx_word' id='word_1_71' title='bbox 280 548 394 584; x_wconf 75' lang='lat' dir='ltr'><strong>legibus,</strong></span> <span class='ocrx_word' id='word_1_72' title='bbox 415 549 447 575; x_wconf 91' lang='lat' dir='ltr'><strong>de</strong></span> <span class='ocrx_word' id='word_1_73' title='bbox 461 558 533 575; x_wconf 88' lang='lat' dir='ltr'><strong>more</strong></span> <span class='ocrx_word' id='word_1_74' title='bbox 547 549 686 579; x_wconf 89' lang='lat' dir='ltr'><strong>maiorum,</strong></span> <span class='ocrx_word' id='word_1_75' title='bbox 703 549 736 574; x_wconf 94' lang='lat' dir='ltr'><strong>de</strong></span> <span class='ocrx_word' id='word_1_76' title='bbox 751 549 861 583; x_wconf 90' lang='lat' dir='ltr'><strong>propul-</strong></span> 
     </span>
     <span class='ocr_line' id='line_1_12' title="bbox 67 586 860 620; baseline -0.001 -8"><span class='ocrx_word' id='word_1_77' title='bbox 67 586 148 612; x_wconf 88' lang='lat' dir='ltr'><strong>sanda</strong></span> <span class='ocrx_word' id='word_1_78' title='bbox 164 587 269 617; x_wconf 88' lang='lat' dir='ltr'><strong>iniuria,</strong></span> <span class='ocrx_word' id='word_1_79' title='bbox 285 586 318 612; x_wconf 90' lang='lat' dir='ltr'><strong>de</strong></span> <span class='ocrx_word' id='word_1_80' title='bbox 333 586 493 617; x_wconf 86' lang='lat' dir='ltr'><strong>ulciscenda,</strong></span> <span class='ocrx_word' id='word_1_81' title='bbox 510 586 542 612; x_wconf 89' lang='lat' dir='ltr'><strong>de</strong></span> <span class='ocrx_word' id='word_1_82' title='bbox 555 587 628 612; x_wconf 89' lang='lat' dir='ltr'><strong>omni</strong></span> <span class='ocrx_word' id='word_1_83' title='bbox 643 590 714 620; x_wconf 88' lang='lat' dir='ltr'><strong>parte</strong></span> <span class='ocrx_word' id='word_1_84' title='bbox 729 586 805 611; x_wconf 86' lang='lat' dir='ltr'><strong>iuris.</strong></span> <span class='ocrx_word' id='word_1_85' title='bbox 833 586 860 611; x_wconf 86' lang='lat' dir='ltr'><strong>Si</strong></span> 
     </span>
     <span class='ocr_line' id='line_1_13' title="bbox 68 622 861 658; baseline -0.001 -9"><span class='ocrx_word' id='word_1_86' title='bbox 68 623 251 658; x_wconf 78' lang='lat' dir='ltr'><strong>imprudenter</strong></span> <span class='ocrx_word' id='word_1_87' title='bbox 268 628 313 649; x_wconf 81' lang='lat' dir='ltr'><strong>aut</strong></span> <span class='ocrx_word' id='word_1_88' title='bbox 332 624 486 649; x_wconf 82' lang='lat' dir='ltr'><strong>necessitate</strong></span> <span class='ocrx_word' id='word_1_89' title='bbox 500 627 545 649; x_wconf 88' lang='lat' dir='ltr'><strong>aut</strong></span> <span class='ocrx_word' id='word_1_90' title='bbox 558 632 621 649; x_wconf 86' lang='lat' dir='ltr'><strong>casu</strong></span> <span class='ocrx_word' id='word_1_91' title='bbox 636 624 776 658; x_wconf 80' lang='lat' dir='ltr'><strong>quippiam</strong></span> <span class='ocrx_word' id='word_1_92' title='bbox 792 622 861 649; x_wconf 89' lang='lat' dir='ltr'><strong>sece-</strong></span> 
     </span>
     <span class='ocr_line' id='line_1_14' title="bbox 67 661 861 695; baseline -0.001 -8"><span class='ocrx_word' id='word_1_93' title='bbox 67 662 109 691; x_wconf 87' lang='lat' dir='ltr'><strong>rit‚</strong></span> <span class='ocrx_word' id='word_1_94' title='bbox 125 661 198 695; x_wconf 87' lang='lat' dir='ltr'><strong>quod</strong></span> <span class='ocrx_word' id='word_1_95' title='bbox 217 670 267 687; x_wconf 91' lang='lat' dir='ltr'><strong>non</strong></span> <span class='ocrx_word' id='word_1_96' title='bbox 282 661 469 687; x_wconf 80' lang='lat' dir='ltr'><strong>concederetur</strong></span> <span class='ocrx_word' id='word_1_97' title='bbox 482 661 524 691; x_wconf 89' lang='lat' dir='ltr'><strong>iis,</strong></span> <span class='ocrx_word' id='word_1_98' title='bbox 544 661 592 695; x_wconf 89' lang='lat' dir='ltr'><strong>qui</strong></span> <span class='ocrx_word' id='word_1_99' title='bbox 606 669 654 686; x_wconf 87' lang='lat' dir='ltr'><strong>sua</strong></span> <span class='ocrx_word' id='word_1_100' title='bbox 668 664 761 694; x_wconf 90' lang='lat' dir='ltr'><strong>sponte</strong></span> <span class='ocrx_word' id='word_1_101' title='bbox 776 664 800 686; x_wconf 87' lang='lat' dir='ltr'><strong>et</strong></span> <span class='ocrx_word' id='word_1_102' title='bbox 814 669 861 686; x_wconf 83' lang='lat' dir='ltr'><strong>vo-</strong></span> 
     </span>
     <span class='ocr_line' id='line_1_15' title="bbox 68 697 861 732; baseline -0.001 -8"><span class='ocrx_word' id='word_1_103' title='bbox 68 697 167 724; x_wconf 84' lang='lat' dir='ltr'><strong>luntate</strong></span> <span class='ocrx_word' id='word_1_104' title='bbox 190 698 322 728; x_wconf 82' lang='lat' dir='ltr'><strong>fecissent,</strong></span> <span class='ocrx_word' id='word_1_105' title='bbox 347 698 380 724; x_wconf 88' lang='lat' dir='ltr'><strong>ad</strong></span> <span class='ocrx_word' id='word_1_106' title='bbox 402 698 459 724; x_wconf 91' lang='lat' dir='ltr'><strong>eius</strong></span> <span class='ocrx_word' id='word_1_107' title='bbox 479 697 539 723; x_wconf 83' lang='lat' dir='ltr'><strong>facti</strong></span> <span class='ocrx_word' id='word_1_108' title='bbox 559 697 769 732; x_wconf 82' lang='lat' dir='ltr'><strong>deprecationem</strong></span> <span class='ocrx_word' id='word_1_109' title='bbox 784 698 861 732; x_wconf 70' lang='lat' dir='ltr'><strong>igno-</strong></span> 
     </span>
     <span class='ocr_line' id='line_1_16' title="bbox 66 734 859 770; baseline -0.001 -9"><span class='ocrx_word' id='word_1_110' title='bbox 66 735 157 761; x_wconf 87' lang='lat' dir='ltr'><strong>scendi</strong></span> <span class='ocrx_word' id='word_1_111' title='bbox 176 735 287 770; x_wconf 87' lang='lat' dir='ltr'><strong>petenda</strong></span> <span class='ocrx_word' id='word_1_112' title='bbox 302 736 379 761; x_wconf 89' lang='lat' dir='ltr'><strong>venia</strong></span> <span class='ocrx_word' id='word_1_113' title='bbox 393 739 440 766; x_wconf 86' lang='lat' dir='ltr'><strong>est,</strong></span> <span class='ocrx_word' id='word_1_114' title='bbox 458 743 527 769; x_wconf 89' lang='lat' dir='ltr'><strong>quae</strong></span> <span class='ocrx_word' id='word_1_115' title='bbox 541 739 663 760; x_wconf 84' lang='lat' dir='ltr'><strong>sumetur</strong></span> <span class='ocrx_word' id='word_1_116' title='bbox 677 744 709 761; x_wconf 84' lang='lat' dir='ltr'><strong>ex</strong></span> <span class='ocrx_word' id='word_1_117' title='bbox 723 734 859 769; x_wconf 87' lang='lat' dir='ltr'><strong>plerisque</strong></span> 
     </span>
     <span class='ocr_line' id='line_1_17' title="bbox 67 772 857 807; baseline -0.001 -9"><span class='ocrx_word' id='word_1_118' title='bbox 67 772 131 798; x_wconf 90' lang='lat' dir='ltr'><strong>locis</strong></span> <span class='ocrx_word' id='word_1_119' title='bbox 150 772 298 807; x_wconf 72' lang='lat' dir='ltr'><strong>aequitatis</strong></span> <span class='ocrx_word' id='word_1_120' title='bbox 320 772 480 806; x_wconf 78' lang='lat' dir='ltr'><strong>Expositum</strong></span> <span class='ocrx_word' id='word_1_121' title='bbox 494 776 542 802; x_wconf 82' lang='lat' dir='ltr'><strong>est,</strong></span> <span class='ocrx_word' id='word_1_122' title='bbox 559 777 588 798; x_wconf 94' lang='lat' dir='ltr'><strong>ut</strong></span> <span class='ocrx_word' id='word_1_123' title='bbox 602 772 676 806; x_wconf 91' lang='lat' dir='ltr'><strong>potui</strong></span> <span class='ocrx_word' id='word_1_124' title='bbox 690 772 857 803; x_wconf 87' lang='lat' dir='ltr'><strong>brevissime,</strong></span> 
     </span>
     <span class='ocr_line' id='line_1_18' title="bbox 66 810 859 845; baseline 0 -10"><span class='ocrx_word' id='word_1_125' title='bbox 66 810 99 836; x_wconf 91' lang='lat' dir='ltr'><strong>de</strong></span> <span class='ocrx_word' id='word_1_126' title='bbox 123 810 194 836; x_wconf 91' lang='lat' dir='ltr'><strong>omni</strong></span> <span class='ocrx_word' id='word_1_127' title='bbox 218 810 457 836; x_wconf 84' lang='lat' dir='ltr'><strong>controversiarum</strong></span> <span class='ocrx_word' id='word_1_128' title='bbox 480 818 590 845; x_wconf 81' lang='lat' dir='ltr'><strong>genere:</strong></span> <span class='ocrx_word' id='word_1_129' title='bbox 613 810 665 836; x_wconf 92' lang='lat' dir='ltr'><strong>nisi</strong></span> <span class='ocrx_word' id='word_1_130' title='bbox 684 814 816 844; x_wconf 87' lang='lat' dir='ltr'><strong>praeterea</strong></span> <span class='ocrx_word' id='word_1_131' title='bbox 832 814 859 835; x_wconf 90' lang='lat' dir='ltr'><strong>tu</strong></span> 
     </span>
     <span class='ocr_line' id='line_1_19' title="bbox 66 847 271 882; baseline -0.005 -9"><span class='ocrx_word' id='word_1_132' title='bbox 66 847 132 882; x_wconf 92' lang='lat' dir='ltr'><strong>quid</strong></span> <span class='ocrx_word' id='word_1_133' title='bbox 147 847 271 881; x_wconf 89' lang='lat' dir='ltr'><strong>requiris.</strong></span> 
     </span>
    </p>

    <p class='ocr_par' dir='ltr' id='par_1_3' title="bbox 57 883 860 2342">
     <span class='ocr_line' id='line_1_20' title="bbox 120 883 859 918; baseline -0.001 -8"><span class='ocrx_word' id='word_1_134' title='bbox 120 884 267 911; x_wconf 83' lang='lat' dir='ltr'><strong>XXXVIII.</strong></span> <span class='ocrx_word' id='word_1_135' title='bbox 294 885 350 910; x_wconf 71' lang='lat'><strong>⁴32.</strong></span> <span class='ocrx_word' id='word_1_136' title='bbox 376 883 404 909; x_wconf 92' lang='lat' dir='ltr'><strong>C.</strong></span> <span class='ocrx_word' id='word_1_137' title='bbox 425 884 454 910; x_wconf 89' lang='lat' dir='ltr'><strong>F.</strong></span> <span class='ocrx_word' id='word_1_138' title='bbox 474 883 545 910; x_wconf 93' lang='lat' dir='ltr'><strong>Illud</strong></span> <span class='ocrx_word' id='word_1_139' title='bbox 563 883 698 918; x_wconf 77' lang='lat' dir='ltr'><strong>equidem,</strong></span> <span class='ocrx_word' id='word_1_140' title='bbox 719 883 791 918; x_wconf 90' lang='lat' dir='ltr'><strong>quod</strong></span> <span class='ocrx_word' id='word_1_141' title='bbox 807 883 859 909; x_wconf 86' lang='lat' dir='ltr'><strong>iam</strong></span> 
     </span>
     <span class='ocr_line' id='line_1_21' title="bbox 65 921 860 956; baseline -0.001 -8"><span class='ocrx_word' id='word_1_142' title='bbox 65 930 150 948; x_wconf 90' lang='lat' dir='ltr'><strong>unum</strong></span> <span class='ocrx_word' id='word_1_143' title='bbox 165 926 262 948; x_wconf 87' lang='lat' dir='ltr'><strong>restare</strong></span> <span class='ocrx_word' id='word_1_144' title='bbox 277 921 362 952; x_wconf 91' lang='lat' dir='ltr'><strong>video,</strong></span> <span class='ocrx_word' id='word_1_145' title='bbox 378 921 458 955; x_wconf 87' lang='lat' dir='ltr'><strong>quale</strong></span> <span class='ocrx_word' id='word_1_146' title='bbox 472 922 514 951; x_wconf 83' lang='lat' dir='ltr'><strong>sit,</strong></span> <span class='ocrx_word' id='word_1_147' title='bbox 531 930 616 956; x_wconf 89' lang='lat' dir='ltr'><strong>quum</strong></span> <span class='ocrx_word' id='word_1_148' title='bbox 630 921 786 955; x_wconf 80' lang='lat' dir='ltr'><strong>disceptatio</strong></span> <span class='ocrx_word' id='word_1_149' title='bbox 802 929 860 947; x_wconf 87' lang='lat' dir='ltr'><strong>ver-</strong></span> 
     </span>
     <span class='ocr_line' id='line_1_22' title="bbox 65 958 860 994; baseline -0.001 -9"><span class='ocrx_word' id='word_1_150' title='bbox 65 963 139 985; x_wconf 88' lang='lat' dir='ltr'><strong>satur</strong></span> <span class='ocrx_word' id='word_1_151' title='bbox 151 960 179 985; x_wconf 88' lang='lat' dir='ltr'><strong>in</strong></span> <span class='ocrx_word' id='word_1_152' title='bbox 193 959 309 993; x_wconf 85' lang='lat' dir='ltr'><strong>scriptis.</strong></span> <span class='ocrx_word' id='word_1_153' title='bbox 343 958 372 984; x_wconf 88' lang='lat' dir='ltr'><strong>C.</strong></span> <span class='ocrx_word' id='word_1_154' title='bbox 388 959 416 984; x_wconf 91' lang='lat' dir='ltr'><strong>P.</strong></span> <span class='ocrx_word' id='word_1_155' title='bbox 432 959 510 985; x_wconf 85' lang='lat' dir='ltr'><strong>Recte</strong></span> <span class='ocrx_word' id='word_1_156' title='bbox 524 958 666 994; x_wconf 77' lang='lat' dir='ltr'><strong>intelligis3</strong></span> <span class='ocrx_word' id='word_1_157' title='bbox 689 967 719 985; x_wconf 93' lang='lat' dir='ltr'><strong>eo</strong></span> <span class='ocrx_word' id='word_1_158' title='bbox 730 958 802 984; x_wconf 89' lang='lat' dir='ltr'><strong>enim</strong></span> <span class='ocrx_word' id='word_1_159' title='bbox 813 966 860 984; x_wconf 78' lang='lat' dir='ltr'><strong>ex-</strong></span> 
     </span>
     <span class='ocr_line' id='line_1_23' title="bbox 64 995 859 1031; baseline -0.001 -9"><span class='ocrx_word' id='word_1_160' title='bbox 64 997 151 1031; x_wconf 89' lang='lat' dir='ltr'><strong>posito</strong></span> <span class='ocrx_word' id='word_1_161' title='bbox 165 1005 264 1022; x_wconf 90' lang='lat' dir='ltr'><strong>munus</strong></span> <span class='ocrx_word' id='word_1_162' title='bbox 279 996 403 1030; x_wconf 81' lang='lat' dir='ltr'><strong>promissi</strong></span> <span class='ocrx_word' id='word_1_163' title='bbox 417 1004 496 1022; x_wconf 88' lang='lat' dir='ltr'><strong>omne</strong></span> <span class='ocrx_word' id='word_1_164' title='bbox 510 995 656 1022; x_wconf 83' lang='lat' dir='ltr'><strong>confecero.</strong></span> <span class='ocrx_word' id='word_1_165' title='bbox 698 995 766 1022; x_wconf 88' lang='lat' dir='ltr'><strong>Sunt</strong></span> <span class='ocrx_word' id='word_1_166' title='bbox 777 996 859 1031; x_wconf 79' lang='lat' dir='ltr'><strong>igitur</strong></span> 
     </span>
     <span class='ocr_line' id='line_1_24' title="bbox 64 1033 857 1069; baseline -0.001 -9"><span class='ocrx_word' id='word_1_167' title='bbox 64 1034 184 1069; x_wconf 81' lang='lat' dir='ltr'><strong>ambigui</strong></span> <span class='ocrx_word' id='word_1_168' title='bbox 211 1033 317 1060; x_wconf 90' lang='lat' dir='ltr'><strong>duobus</strong></span> <span class='ocrx_word' id='word_1_169' title='bbox 345 1033 504 1059; x_wconf 88' lang='lat' dir='ltr'><strong>adversariis</strong></span> <span class='ocrx_word' id='word_1_170' title='bbox 528 1038 667 1068; x_wconf 86' lang='lat' dir='ltr'><strong>praecepta</strong></span> <span class='ocrx_word' id='word_1_171' title='bbox 694 1034 857 1059; x_wconf 89' lang='lat' dir='ltr'><strong>communia.</strong></span> 
     </span>
     <span class='ocr_line' id='line_1_25' title="bbox 64 1071 856 1107; baseline -0.001 -10"><span class='ocrx_word' id='word_1_172' title='bbox 64 1071 180 1107; x_wconf 86' lang='lat' dir='ltr'><strong>Uterque</strong></span> <span class='ocrx_word' id='word_1_173' title='bbox 202 1071 273 1097; x_wconf 89' lang='lat' dir='ltr'><strong>enim</strong></span> <span class='ocrx_word' id='word_1_174' title='bbox 292 1071 360 1097; x_wconf 90' lang='lat' dir='ltr'><strong>hanc</strong></span> <span class='ocrx_word' id='word_1_175' title='bbox 373 1071 602 1106; x_wconf 78' lang='lat' dir='ltr'><strong>significationem,</strong></span> <span class='ocrx_word' id='word_1_176' title='bbox 619 1080 672 1106; x_wconf 89' lang='lat' dir='ltr'><strong>qua</strong></span> <span class='ocrx_word' id='word_1_177' title='bbox 686 1075 776 1097; x_wconf 88' lang='lat' dir='ltr'><strong>utetur</strong></span> <span class='ocrx_word' id='word_1_178' title='bbox 789 1071 856 1105; x_wconf 91' lang='lat' dir='ltr'><strong>ipse,</strong></span> 
     </span>
     <span class='ocr_line' id='line_1_26' title="bbox 64 1108 859 1145; baseline 0 -11"><span class='ocrx_word' id='word_1_179' title='bbox 64 1108 173 1145; x_wconf 81' lang='lat' dir='ltr'><strong>dignam</strong></span> <span class='ocrx_word' id='word_1_180' title='bbox 196 1109 331 1143; x_wconf 88' lang='lat' dir='ltr'><strong>scriptoris</strong></span> <span class='ocrx_word' id='word_1_181' title='bbox 350 1108 490 1143; x_wconf 89' lang='lat' dir='ltr'><strong>prudentia</strong></span> <span class='ocrx_word' id='word_1_182' title='bbox 509 1117 567 1135; x_wconf 87' lang='lat' dir='ltr'><strong>esse</strong></span> <span class='ocrx_word' id='word_1_183' title='bbox 585 1108 723 1141; x_wconf 75' lang='lat' dir='ltr'><strong>defendet3</strong></span> <span class='ocrx_word' id='word_1_184' title='bbox 746 1112 859 1143; x_wconf 87' lang='lat' dir='ltr'><strong>uterque</strong></span> 
     </span>
     <span class='ocr_line' id='line_1_27' title="bbox 64 1145 859 1181; baseline -0.001 -9"><span class='ocrx_word' id='word_1_185' title='bbox 64 1146 100 1177; x_wconf 85' lang='lat' dir='ltr'><strong>id,</strong></span> <span class='ocrx_word' id='word_1_186' title='bbox 120 1145 193 1181; x_wconf 93' lang='lat' dir='ltr'><strong>quod</strong></span> <span class='ocrx_word' id='word_1_187' title='bbox 216 1146 384 1172; x_wconf 84' lang='lat' dir='ltr'><strong>adversarius</strong></span> <span class='ocrx_word' id='word_1_188' title='bbox 403 1154 436 1172; x_wconf 86' lang='lat' dir='ltr'><strong>ex</strong></span> <span class='ocrx_word' id='word_1_189' title='bbox 453 1146 579 1181; x_wconf 83' lang='lat' dir='ltr'><strong>ambigue</strong></span> <span class='ocrx_word' id='word_1_190' title='bbox 593 1147 692 1180; x_wconf 90' lang='lat' dir='ltr'><strong>scripto</strong></span> <span class='ocrx_word' id='word_1_191' title='bbox 706 1145 859 1181; x_wconf 79' lang='lat' dir='ltr'><strong>intelligen-</strong></span> 
     </span>
     <span class='ocr_line' id='line_1_28' title="bbox 63 1183 858 1217; baseline 0 -8"><span class='ocrx_word' id='word_1_192' title='bbox 63 1183 128 1210; x_wconf 90' lang='lat' dir='ltr'><strong>dum</strong></span> <span class='ocrx_word' id='word_1_193' title='bbox 143 1192 200 1210; x_wconf 90' lang='lat' dir='ltr'><strong>esse</strong></span> <span class='ocrx_word' id='word_1_194' title='bbox 212 1183 289 1215; x_wconf 82' lang='lat' dir='ltr'><strong>dicet,</strong></span> <span class='ocrx_word' id='word_1_195' title='bbox 303 1187 348 1210; x_wconf 88' lang='lat' dir='ltr'><strong>aut</strong></span> <span class='ocrx_word' id='word_1_196' title='bbox 359 1183 506 1210; x_wconf 88' lang='lat' dir='ltr'><strong>absurdum</strong></span> <span class='ocrx_word' id='word_1_197' title='bbox 517 1188 562 1210; x_wconf 92' lang='lat' dir='ltr'><strong>aut</strong></span> <span class='ocrx_word' id='word_1_198' title='bbox 572 1183 667 1210; x_wconf 87' lang='lat' dir='ltr'><strong>inutile</strong></span> <span class='ocrx_word' id='word_1_199' title='bbox 678 1187 723 1209; x_wconf 92' lang='lat' dir='ltr'><strong>aut</strong></span> <span class='ocrx_word' id='word_1_200' title='bbox 733 1183 858 1217; x_wconf 85' lang='lat' dir='ltr'><strong>iniquum</strong></span> 
     </span>
     <span class='ocr_line' id='line_1_29' title="bbox 63 1220 858 1256; baseline -0.001 -9"><span class='ocrx_word' id='word_1_201' title='bbox 63 1225 109 1247; x_wconf 87' lang='lat' dir='ltr'><strong>aut</strong></span> <span class='ocrx_word' id='word_1_202' title='bbox 134 1225 211 1256; x_wconf 84' lang='lat' dir='ltr'><strong>turpe</strong></span> <span class='ocrx_word' id='word_1_203' title='bbox 236 1229 294 1247; x_wconf 89' lang='lat' dir='ltr'><strong>esse</strong></span> <span class='ocrx_word' id='word_1_204' title='bbox 316 1220 441 1247; x_wconf 89' lang='lat' dir='ltr'><strong>defendet</strong></span> <span class='ocrx_word' id='word_1_205' title='bbox 462 1225 508 1247; x_wconf 88' lang='lat' dir='ltr'><strong>aut</strong></span> <span class='ocrx_word' id='word_1_206' title='bbox 530 1221 610 1247; x_wconf 89' lang='lat' dir='ltr'><strong>etiam</strong></span> <span class='ocrx_word' id='word_1_207' title='bbox 628 1221 778 1255; x_wconf 81' lang='lat' dir='ltr'><strong>discrepare</strong></span> <span class='ocrx_word' id='word_1_208' title='bbox 795 1229 858 1246; x_wconf 89' lang='lat' dir='ltr'><strong>cum</strong></span> 
     </span>
     <span class='ocr_line' id='line_1_30' title="bbox 62 1257 855 1293; baseline 0 -9"><span class='ocrx_word' id='word_1_209' title='bbox 62 1258 157 1284; x_wconf 87' lang='lat' dir='ltr'><strong>ceteris</strong></span> <span class='ocrx_word' id='word_1_210' title='bbox 181 1258 287 1293; x_wconf 90' lang='lat' dir='ltr'><strong>scriptis</strong></span> <span class='ocrx_word' id='word_1_211' title='bbox 310 1257 352 1284; x_wconf 84' lang='lat' dir='ltr'><strong>vel</strong></span> <span class='ocrx_word' id='word_1_212' title='bbox 376 1258 489 1284; x_wconf 89' lang='lat' dir='ltr'><strong>aliorum</strong></span> <span class='ocrx_word' id='word_1_213' title='bbox 511 1258 553 1285; x_wconf 87' lang='lat' dir='ltr'><strong>vel</strong></span> <span class='ocrx_word' id='word_1_214' title='bbox 573 1259 698 1289; x_wconf 84' lang='lat' dir='ltr'><strong>maxime,</strong></span> <span class='ocrx_word' id='word_1_215' title='bbox 715 1259 738 1284; x_wconf 86' lang='lat' dir='ltr'><strong>si</strong></span> <span class='ocrx_word' id='word_1_216' title='bbox 752 1259 855 1292; x_wconf 82' lang='lat' dir='ltr'><strong>poterit,</strong></span> 
     </span>
     <span class='ocr_line' id='line_1_31' title="bbox 63 1295 859 1330; baseline 0 -8"><span class='ocrx_word' id='word_1_217' title='bbox 63 1295 197 1327; x_wconf 79' lang='lat' dir='ltr'><strong>eiusdem3</strong></span> <span class='ocrx_word' id='word_1_218' title='bbox 229 1304 365 1330; x_wconf 88' lang='lat' dir='ltr'><strong>quamque</strong></span> <span class='ocrx_word' id='word_1_219' title='bbox 382 1295 506 1322; x_wconf 86' lang='lat' dir='ltr'><strong>defendet</strong></span> <span class='ocrx_word' id='word_1_220' title='bbox 524 1296 590 1330; x_wconf 85' lang='lat' dir='ltr'><strong>ipse,</strong></span> <span class='ocrx_word' id='word_1_221' title='bbox 611 1304 670 1322; x_wconf 86' lang='lat' dir='ltr'><strong>eam</strong></span> <span class='ocrx_word' id='word_1_222' title='bbox 688 1304 744 1322; x_wconf 89' lang='lat' dir='ltr'><strong>rem</strong></span> <span class='ocrx_word' id='word_1_223' title='bbox 758 1300 783 1321; x_wconf 88' lang='lat' dir='ltr'><strong>et</strong></span> <span class='ocrx_word' id='word_1_224' title='bbox 797 1304 859 1322; x_wconf 87' lang='lat' dir='ltr'><strong>sen-</strong></span> 
     </span>
     <span class='ocr_line' id='line_1_32' title="bbox 63 1333 859 1367; baseline 0.001 -8"><span class='ocrx_word' id='word_1_225' title='bbox 63 1333 171 1360; x_wconf 83' lang='lat' dir='ltr'><strong>tentiam</strong></span> <span class='ocrx_word' id='word_1_226' title='bbox 181 1333 306 1367; x_wconf 87' lang='lat' dir='ltr'><strong>quemvis</strong></span> <span class='ocrx_word' id='word_1_227' title='bbox 315 1333 471 1367; x_wconf 87' lang='lat' dir='ltr'><strong>prudentem</strong></span> <span class='ocrx_word' id='word_1_228' title='bbox 482 1338 507 1360; x_wconf 90' lang='lat' dir='ltr'><strong>et</strong></span> <span class='ocrx_word' id='word_1_229' title='bbox 517 1334 619 1359; x_wconf 89' lang='lat' dir='ltr'><strong>iustum</strong></span> <span class='ocrx_word' id='word_1_230' title='bbox 631 1333 776 1364; x_wconf 87' lang='lat' dir='ltr'><strong>hominem,</strong></span> <span class='ocrx_word' id='word_1_231' title='bbox 784 1333 806 1359; x_wconf 86' lang='lat' dir='ltr'><strong>si</strong></span> <span class='ocrx_word' id='word_1_232' title='bbox 817 1333 859 1360; x_wconf 89' lang='lat' dir='ltr'><strong>in—</strong></span> 
     </span>
     <span class='ocr_line' id='line_1_33' title="bbox 62 1370 856 1406; baseline 0 -10"><span class='ocrx_word' id='word_1_233' title='bbox 62 1375 167 1406; x_wconf 85' lang='lat' dir='ltr'><strong>tegrum</strong></span> <span class='ocrx_word' id='word_1_234' title='bbox 181 1370 296 1402; x_wconf 87' lang='lat' dir='ltr'><strong>daretur,</strong></span> <span class='ocrx_word' id='word_1_235' title='bbox 313 1371 476 1405; x_wconf 87' lang='lat' dir='ltr'><strong>scripturum</strong></span> <span class='ocrx_word' id='word_1_236' title='bbox 491 1370 583 1402; x_wconf 88' lang='lat' dir='ltr'><strong>fuisse,</strong></span> <span class='ocrx_word' id='word_1_237' title='bbox 597 1370 644 1397; x_wconf 89' lang='lat' dir='ltr'><strong>sed</strong></span> <span class='ocrx_word' id='word_1_238' title='bbox 655 1370 775 1405; x_wconf 75' lang='lat' dir='ltr'><strong>planius;</strong></span> <span class='ocrx_word' id='word_1_239' title='bbox 799 1371 856 1397; x_wconf 75' lang='lat'><strong>⁴33.</strong></span> 
     </span>
     <span class='ocr_line' id='line_1_34' title="bbox 62 1408 859 1444; baseline 0 -10"><span class='ocrx_word' id='word_1_240' title='bbox 62 1416 175 1443; x_wconf 86' lang='lat' dir='ltr'><strong>eamque</strong></span> <span class='ocrx_word' id='word_1_241' title='bbox 188 1408 355 1440; x_wconf 79' lang='lat' dir='ltr'><strong>sententiam,</strong></span> <span class='ocrx_word' id='word_1_242' title='bbox 376 1417 457 1443; x_wconf 92' lang='lat' dir='ltr'><strong>quam</strong></span> <span class='ocrx_word' id='word_1_243' title='bbox 472 1408 615 1444; x_wconf 82' lang='lat' dir='ltr'><strong>significari</strong></span> <span class='ocrx_word' id='word_1_244' title='bbox 630 1416 709 1442; x_wconf 89' lang='lat' dir='ltr'><strong>posse</strong></span> <span class='ocrx_word' id='word_1_245' title='bbox 722 1408 799 1439; x_wconf 89' lang='lat' dir='ltr'><strong>dicet,</strong></span> <span class='ocrx_word' id='word_1_246' title='bbox 817 1409 859 1434; x_wconf 93' lang='lat' dir='ltr'><strong>ni-</strong></span> 
     </span>
     <span class='ocr_line' id='line_1_35' title="bbox 63 1445 856 1480; baseline -0.001 -8"><span class='ocrx_word' id='word_1_247' title='bbox 63 1445 100 1472; x_wconf 85' lang='lat' dir='ltr'><strong>hil</strong></span> <span class='ocrx_word' id='word_1_248' title='bbox 125 1445 222 1472; x_wconf 88' lang='lat' dir='ltr'><strong>babere</strong></span> <span class='ocrx_word' id='word_1_249' title='bbox 241 1450 286 1472; x_wconf 87' lang='lat' dir='ltr'><strong>aut</strong></span> <span class='ocrx_word' id='word_1_250' title='bbox 299 1446 429 1480; x_wconf 81' lang='lat' dir='ltr'><strong>captionis</strong></span> <span class='ocrx_word' id='word_1_251' title='bbox 443 1450 489 1472; x_wconf 89' lang='lat' dir='ltr'><strong>aut</strong></span> <span class='ocrx_word' id='word_1_252' title='bbox 501 1446 573 1478; x_wconf 74' lang='lat' dir='ltr'><strong>vitii,</strong></span> <span class='ocrx_word' id='word_1_253' title='bbox 596 1446 754 1472; x_wconf 88' lang='lat' dir='ltr'><strong>contrariam</strong></span> <span class='ocrx_word' id='word_1_254' title='bbox 768 1449 856 1472; x_wconf 91' lang='lat' dir='ltr'><strong>autem</strong></span> 
     </span>
     <span class='ocr_line' id='line_1_36' title="bbox 61 1482 858 1518; baseline 0 -9"><span class='ocrx_word' id='word_1_255' title='bbox 61 1483 84 1509; x_wconf 86' lang='lat' dir='ltr'><strong>si</strong></span> <span class='ocrx_word' id='word_1_256' title='bbox 103 1483 228 1518; x_wconf 89' lang='lat' dir='ltr'><strong>probarit,</strong></span> <span class='ocrx_word' id='word_1_257' title='bbox 254 1482 317 1514; x_wconf 91' lang='lat' dir='ltr'><strong>fore,</strong></span> <span class='ocrx_word' id='word_1_258' title='bbox 338 1487 368 1510; x_wconf 92' lang='lat' dir='ltr'><strong>ut</strong></span> <span class='ocrx_word' id='word_1_259' title='bbox 382 1483 464 1510; x_wconf 86' lang='lat' dir='ltr'><strong>multa</strong></span> <span class='ocrx_word' id='word_1_260' title='bbox 480 1483 552 1515; x_wconf 84' lang='lat' dir='ltr'><strong>vitia,</strong></span> <span class='ocrx_word' id='word_1_261' title='bbox 569 1483 660 1514; x_wconf 87' lang='lat' dir='ltr'><strong>stulta,</strong></span> <span class='ocrx_word' id='word_1_262' title='bbox 676 1483 777 1518; x_wconf 84' lang='lat' dir='ltr'><strong>iniqua,</strong></span> <span class='ocrx_word' id='word_1_263' title='bbox 794 1491 858 1509; x_wconf 91' lang='lat' dir='ltr'><strong>con-</strong></span> 
     </span>
     <span class='ocr_line' id='line_1_37' title="bbox 61 1520 855 1556; baseline -0.001 -9"><span class='ocrx_word' id='word_1_264' title='bbox 61 1521 140 1547; x_wconf 88' lang='lat' dir='ltr'><strong>traria</strong></span> <span class='ocrx_word' id='word_1_265' title='bbox 154 1524 361 1556; x_wconf 64' lang='lat' dir='ltr'><strong>consequantur.</strong></span> <span class='ocrx_word' id='word_1_266' title='bbox 388 1520 477 1553; x_wconf 87' lang='lat' dir='ltr'><strong>Quum</strong></span> <span class='ocrx_word' id='word_1_267' title='bbox 489 1525 577 1547; x_wconf 88' lang='lat' dir='ltr'><strong>autem</strong></span> <span class='ocrx_word' id='word_1_268' title='bbox 588 1520 662 1547; x_wconf 85' lang='lat' dir='ltr'><strong>aliud</strong></span> <span class='ocrx_word' id='word_1_269' title='bbox 673 1521 786 1555; x_wconf 85' lang='lat' dir='ltr'><strong>scriptor</strong></span> <span class='ocrx_word' id='word_1_270' title='bbox 796 1529 855 1547; x_wconf 87' lang='lat' dir='ltr'><strong>sen-</strong></span> 
     </span>
     <span class='ocr_line' id='line_1_38' title="bbox 60 1556 854 1594; baseline 0 -10"><span class='ocrx_word' id='word_1_271' title='bbox 60 1559 130 1585; x_wconf 83' lang='lat' dir='ltr'><strong>sisse</strong></span> <span class='ocrx_word' id='word_1_272' title='bbox 140 1558 245 1584; x_wconf 89' lang='lat' dir='ltr'><strong>videtur</strong></span> <span class='ocrx_word' id='word_1_273' title='bbox 261 1556 305 1594; x_wconf 87' lang='lat' dir='ltr'><strong>[et]</strong></span> <span class='ocrx_word' id='word_1_274' title='bbox 321 1557 395 1584; x_wconf 89' lang='lat' dir='ltr'><strong>aliud</strong></span> <span class='ocrx_word' id='word_1_275' title='bbox 407 1559 556 1593; x_wconf 79' lang='lat' dir='ltr'><strong>scripsisse,</strong></span> <span class='ocrx_word' id='word_1_276' title='bbox 573 1558 620 1593; x_wconf 90' lang='lat' dir='ltr'><strong>qui</strong></span> <span class='ocrx_word' id='word_1_277' title='bbox 634 1558 734 1592; x_wconf 88' lang='lat' dir='ltr'><strong>scripto</strong></span> <span class='ocrx_word' id='word_1_278' title='bbox 747 1558 854 1589; x_wconf 87' lang='lat' dir='ltr'><strong>nitetur,</strong></span> 
     </span>
     <span class='ocr_line' id='line_1_39' title="bbox 60 1595 857 1630; baseline -0.001 -8"><span class='ocrx_word' id='word_1_279' title='bbox 60 1604 132 1627; x_wconf 89' lang='lat' dir='ltr'><strong>eum,</strong></span> <span class='ocrx_word' id='word_1_280' title='bbox 157 1603 185 1622; x_wconf 88' lang='lat' dir='ltr'><strong>re</strong></span> <span class='ocrx_word' id='word_1_281' title='bbox 207 1596 335 1630; x_wconf 82' lang='lat' dir='ltr'><strong>exposita,</strong></span> <span class='ocrx_word' id='word_1_282' title='bbox 356 1596 508 1622; x_wconf 86' lang='lat' dir='ltr'><strong>recitatione</strong></span> <span class='ocrx_word' id='word_1_283' title='bbox 531 1596 571 1622; x_wconf 85' lang='lat' dir='ltr'><strong>uti</strong></span> <span class='ocrx_word' id='word_1_284' title='bbox 591 1595 735 1630; x_wconf 87' lang='lat' dir='ltr'><strong>oportebit,</strong></span> <span class='ocrx_word' id='word_1_285' title='bbox 760 1595 857 1621; x_wconf 87' lang='lat' dir='ltr'><strong>deinde</strong></span> 
     </span>
     <span class='ocr_line' id='line_1_40' title="bbox 62 1633 854 1668; baseline -0.001 -9"><span class='ocrx_word' id='word_1_286' title='bbox 62 1633 158 1659; x_wconf 85' lang='lat' dir='ltr'><strong>instare</strong></span> <span class='ocrx_word' id='word_1_287' title='bbox 183 1633 334 1660; x_wconf 86' lang='lat' dir='ltr'><strong>adversario</strong></span> <span class='ocrx_word' id='word_1_288' title='bbox 345 1653 351 1664; x_wconf 83' lang='lat'><strong>,</strong></span> <span class='ocrx_word' id='word_1_289' title='bbox 377 1633 484 1665; x_wconf 89' lang='lat' dir='ltr'><strong>iterare,</strong></span> <span class='ocrx_word' id='word_1_290' title='bbox 517 1641 656 1664; x_wconf 87' lang='lat' dir='ltr'><strong>renovare,</strong></span> <span class='ocrx_word' id='word_1_291' title='bbox 684 1633 854 1668; x_wconf 77' lang='lat' dir='ltr'><strong>interrogare,</strong></span> 
     </span>
     <span class='ocr_line' id='line_1_41' title="bbox 62 1670 854 1706; baseline -0.001 -9"><span class='ocrx_word' id='word_1_292' title='bbox 62 1679 127 1697; x_wconf 91' lang='lat' dir='ltr'><strong>num</strong></span> <span class='ocrx_word' id='word_1_293' title='bbox 144 1674 190 1697; x_wconf 86' lang='lat' dir='ltr'><strong>aut</strong></span> <span class='ocrx_word' id='word_1_294' title='bbox 203 1671 333 1705; x_wconf 87' lang='lat' dir='ltr'><strong>scriptum</strong></span> <span class='ocrx_word' id='word_1_295' title='bbox 348 1675 427 1706; x_wconf 81' lang='lat' dir='ltr'><strong>neget</strong></span> <span class='ocrx_word' id='word_1_296' title='bbox 440 1675 485 1697; x_wconf 88' lang='lat' dir='ltr'><strong>aut</strong></span> <span class='ocrx_word' id='word_1_297' title='bbox 498 1675 587 1697; x_wconf 89' lang='lat' dir='ltr'><strong>contra</strong></span> <span class='ocrx_word' id='word_1_298' title='bbox 602 1670 702 1697; x_wconf 88' lang='lat' dir='ltr'><strong>factum</strong></span> <span class='ocrx_word' id='word_1_299' title='bbox 716 1670 854 1696; x_wconf 81' lang='lat' dir='ltr'><strong>infitietur.</strong></span> 
     </span>
     <span class='ocr_line' id='line_1_42' title="bbox 62 1707 857 1743; baseline 0 -9"><span class='ocrx_word' id='word_1_300' title='bbox 62 1709 120 1735; x_wconf 74' lang='lat'><strong>⁴34.</strong></span> <span class='ocrx_word' id='word_1_301' title='bbox 139 1707 202 1735; x_wconf 87' lang='lat' dir='ltr'><strong>Post</strong></span> <span class='ocrx_word' id='word_1_302' title='bbox 214 1708 331 1735; x_wconf 91' lang='lat' dir='ltr'><strong>iudicem</strong></span> <span class='ocrx_word' id='word_1_303' title='bbox 346 1708 379 1734; x_wconf 90' lang='lat' dir='ltr'><strong>ad</strong></span> <span class='ocrx_word' id='word_1_304' title='bbox 393 1709 448 1734; x_wconf 93' lang='lat' dir='ltr'><strong>vim</strong></span> <span class='ocrx_word' id='word_1_305' title='bbox 463 1709 554 1743; x_wconf 88' lang='lat' dir='ltr'><strong>scripti</strong></span> <span class='ocrx_word' id='word_1_306' title='bbox 569 1713 654 1735; x_wconf 87' lang='lat' dir='ltr'><strong>vocet.</strong></span> <span class='ocrx_word' id='word_1_307' title='bbox 694 1708 746 1734; x_wconf 84' lang='lat' dir='ltr'><strong>Hac</strong></span> <span class='ocrx_word' id='word_1_308' title='bbox 760 1708 857 1734; x_wconf 79' lang='lat' dir='ltr'><strong>confir-</strong></span> 
     </span>
     <span class='ocr_line' id='line_1_43' title="bbox 61 1744 857 1782; baseline -0.001 -10"><span class='ocrx_word' id='word_1_309' title='bbox 61 1746 178 1772; x_wconf 85' lang='lat' dir='ltr'><strong>matione</strong></span> <span class='ocrx_word' id='word_1_310' title='bbox 203 1754 270 1772; x_wconf 89' lang='lat' dir='ltr'><strong>usus</strong></span> <span class='ocrx_word' id='word_1_311' title='bbox 296 1745 441 1780; x_wconf 84' lang='lat' dir='ltr'><strong>amplificet</strong></span> <span class='ocrx_word' id='word_1_312' title='bbox 462 1754 519 1772; x_wconf 89' lang='lat' dir='ltr'><strong>rem</strong></span> <span class='ocrx_word' id='word_1_313' title='bbox 545 1745 604 1782; x_wconf 83' lang='lat' dir='ltr'><strong>lege</strong></span> <span class='ocrx_word' id='word_1_314' title='bbox 622 1744 755 1772; x_wconf 83' lang='lat' dir='ltr'><strong>laudanda</strong></span> <span class='ocrx_word' id='word_1_315' title='bbox 773 1745 857 1772; x_wconf 88' lang='lat' dir='ltr'><strong>auda-</strong></span> 
     </span>
     <span class='ocr_line' id='line_1_44' title="bbox 59 1782 857 1819; baseline 0 -10"><span class='ocrx_word' id='word_1_316' title='bbox 59 1783 183 1818; x_wconf 87' lang='lat' dir='ltr'><strong>ciamque</strong></span> <span class='ocrx_word' id='word_1_317' title='bbox 192 1782 311 1810; x_wconf 88' lang='lat' dir='ltr'><strong>confutet</strong></span> <span class='ocrx_word' id='word_1_318' title='bbox 324 1784 392 1814; x_wconf 85' lang='lat' dir='ltr'><strong>eius,</strong></span> <span class='ocrx_word' id='word_1_319' title='bbox 407 1784 464 1818; x_wconf 89' lang='lat' dir='ltr'><strong>qui,</strong></span> <span class='ocrx_word' id='word_1_320' title='bbox 481 1792 566 1819; x_wconf 90' lang='lat' dir='ltr'><strong>quum</strong></span> <span class='ocrx_word' id='word_1_321' title='bbox 580 1783 668 1818; x_wconf 82' lang='lat' dir='ltr'><strong>palam</strong></span> <span class='ocrx_word' id='word_1_322' title='bbox 682 1786 771 1809; x_wconf 88' lang='lat' dir='ltr'><strong>contra</strong></span> <span class='ocrx_word' id='word_1_323' title='bbox 788 1783 857 1809; x_wconf 83' lang='lat' dir='ltr'><strong>fece—</strong></span> 
     </span>
     <span class='ocr_line' id='line_1_45' title="bbox 59 1819 854 1856; baseline 0 -10"><span class='ocrx_word' id='word_1_324' title='bbox 59 1820 93 1847; x_wconf 88' lang='lat' dir='ltr'><strong>rit</strong></span> <span class='ocrx_word' id='word_1_325' title='bbox 114 1820 197 1855; x_wconf 88' lang='lat' dir='ltr'><strong>idque</strong></span> <span class='ocrx_word' id='word_1_326' title='bbox 215 1820 335 1852; x_wconf 83' lang='lat' dir='ltr'><strong>fateatur,</strong></span> <span class='ocrx_word' id='word_1_327' title='bbox 360 1820 429 1847; x_wconf 87' lang='lat' dir='ltr'><strong>adsit</strong></span> <span class='ocrx_word' id='word_1_328' title='bbox 447 1825 535 1848; x_wconf 88' lang='lat' dir='ltr'><strong>tamen</strong></span> <span class='ocrx_word' id='word_1_329' title='bbox 553 1820 707 1856; x_wconf 87' lang='lat' dir='ltr'><strong>factumque</strong></span> <span class='ocrx_word' id='word_1_330' title='bbox 720 1819 854 1847; x_wconf 83' lang='lat' dir='ltr'><strong>defendat.</strong></span> 
     </span>
     <span class='ocr_line' id='line_1_46' title="bbox 59 1857 856 1893; baseline 0 -9"><span class='ocrx_word' id='word_1_331' title='bbox 59 1858 159 1884; x_wconf 88' lang='lat' dir='ltr'><strong>Deinde</strong></span> <span class='ocrx_word' id='word_1_332' title='bbox 172 1857 289 1885; x_wconf 81' lang='lat' dir='ltr'><strong>infirmet</strong></span> <span class='ocrx_word' id='word_1_333' title='bbox 301 1857 494 1890; x_wconf 81' lang='lat' dir='ltr'><strong>defensionem,</strong></span> <span class='ocrx_word' id='word_1_334' title='bbox 507 1867 592 1893; x_wconf 89' lang='lat' dir='ltr'><strong>quum</strong></span> <span class='ocrx_word' id='word_1_335' title='bbox 602 1858 772 1884; x_wconf 89' lang='lat' dir='ltr'><strong>adversarius</strong></span> <span class='ocrx_word' id='word_1_336' title='bbox 782 1857 856 1884; x_wconf 89' lang='lat' dir='ltr'><strong>aliud</strong></span> 
     </span>
     <span class='ocr_line' id='line_1_47' title="bbox 60 1894 856 1930; baseline -0.001 -8"><span class='ocrx_word' id='word_1_337' title='bbox 60 1894 187 1927; x_wconf 79' lang='lat' dir='ltr'><strong>voluisse,</strong></span> <span class='ocrx_word' id='word_1_338' title='bbox 213 1895 288 1922; x_wconf 91' lang='lat' dir='ltr'><strong>aliud</strong></span> <span class='ocrx_word' id='word_1_339' title='bbox 305 1896 423 1922; x_wconf 87' lang='lat' dir='ltr'><strong>sensisse</strong></span> <span class='ocrx_word' id='word_1_340' title='bbox 440 1897 606 1930; x_wconf 86' lang='lat' dir='ltr'><strong>scriptorem,</strong></span> <span class='ocrx_word' id='word_1_341' title='bbox 627 1895 702 1922; x_wconf 89' lang='lat' dir='ltr'><strong>aliud</strong></span> <span class='ocrx_word' id='word_1_342' title='bbox 715 1895 856 1930; x_wconf 86' lang='lat' dir='ltr'><strong>scripsisse</strong></span> 
     </span>
     <span class='ocr_line' id='line_1_48' title="bbox 59 1932 855 1968; baseline 0 -9"><span class='ocrx_word' id='word_1_343' title='bbox 59 1932 137 1964; x_wconf 85' lang='lat' dir='ltr'><strong>dicat,</strong></span> <span class='ocrx_word' id='word_1_344' title='bbox 163 1941 215 1960; x_wconf 90' lang='lat' dir='ltr'><strong>non</strong></span> <span class='ocrx_word' id='word_1_345' title='bbox 233 1941 292 1960; x_wconf 83' lang='lat' dir='ltr'><strong>esse</strong></span> <span class='ocrx_word' id='word_1_346' title='bbox 307 1932 457 1965; x_wconf 83' lang='lat' dir='ltr'><strong>ferendum,</strong></span> <span class='ocrx_word' id='word_1_347' title='bbox 478 1942 492 1960; x_wconf 89' lang='lat' dir='ltr'><strong>a</strong></span> <span class='ocrx_word' id='word_1_348' title='bbox 510 1941 647 1968; x_wconf 87' lang='lat' dir='ltr'><strong>quoquam</strong></span> <span class='ocrx_word' id='word_1_349' title='bbox 662 1933 751 1967; x_wconf 85' lang='lat' dir='ltr'><strong>potins</strong></span> <span class='ocrx_word' id='word_1_350' title='bbox 766 1932 855 1959; x_wconf 83' lang='lat' dir='ltr'><strong>latoris</strong></span> 
     </span>
     <span class='ocr_line' id='line_1_49' title="bbox 59 1970 853 2006; baseline 0 -10"><span class='ocrx_word' id='word_1_351' title='bbox 59 1978 178 2002; x_wconf 91' lang='lat' dir='ltr'><strong>sensum,</strong></span> <span class='ocrx_word' id='word_1_352' title='bbox 202 1979 284 2006; x_wconf 86' lang='lat' dir='ltr'><strong>quam</strong></span> <span class='ocrx_word' id='word_1_353' title='bbox 307 1979 321 1996; x_wconf 91' lang='lat' dir='ltr'><strong>a</strong></span> <span class='ocrx_word' id='word_1_354' title='bbox 341 1970 398 2005; x_wconf 83' lang='lat' dir='ltr'><strong>lege</strong></span> <span class='ocrx_word' id='word_1_355' title='bbox 412 1970 550 2005; x_wconf 89' lang='lat' dir='ltr'><strong>explicari.</strong></span> <span class='ocrx_word' id='word_1_356' title='bbox 591 1970 645 1997; x_wconf 91' lang='lat' dir='ltr'><strong>Cur</strong></span> <span class='ocrx_word' id='word_1_357' title='bbox 659 1970 694 1996; x_wconf 91' lang='lat' dir='ltr'><strong>ita</strong></span> <span class='ocrx_word' id='word_1_358' title='bbox 708 1970 853 2005; x_wconf 80' lang='lat' dir='ltr'><strong>scripserit,</strong></span> 
     </span>
     <span class='ocr_line' id='line_1_50' title="bbox 59 2007 856 2043; baseline 0 -9"><span class='ocrx_word' id='word_1_359' title='bbox 59 2007 81 2033; x_wconf 79' lang='lat' dir='ltr'><strong>si</strong></span> <span class='ocrx_word' id='word_1_360' title='bbox 95 2007 131 2034; x_wconf 88' lang='lat' dir='ltr'><strong>ita</strong></span> <span class='ocrx_word' id='word_1_361' title='bbox 146 2016 197 2034; x_wconf 92' lang='lat' dir='ltr'><strong>non</strong></span> <span class='ocrx_word' id='word_1_362' title='bbox 211 2007 342 2034; x_wconf 71' lang='lat' dir='ltr'><strong>senserit?</strong></span> <span class='ocrx_word' id='word_1_363' title='bbox 361 2008 423 2039; x_wconf 84' lang='lat' dir='ltr'><strong>Cur,</strong></span> <span class='ocrx_word' id='word_1_364' title='bbox 439 2016 525 2043; x_wconf 90' lang='lat' dir='ltr'><strong>quum</strong></span> <span class='ocrx_word' id='word_1_365' title='bbox 538 2016 577 2039; x_wconf 82' lang='lat' dir='ltr'><strong>ea,</strong></span> <span class='ocrx_word' id='word_1_366' title='bbox 590 2015 660 2042; x_wconf 85' lang='lat' dir='ltr'><strong>quae</strong></span> <span class='ocrx_word' id='word_1_367' title='bbox 670 2007 748 2042; x_wconf 89' lang='lat' dir='ltr'><strong>plane</strong></span> <span class='ocrx_word' id='word_1_368' title='bbox 759 2008 856 2042; x_wconf 88' lang='lat' dir='ltr'><strong>scripta</strong></span> 
     </span>
     <span class='ocr_line' id='line_1_51' title="bbox 58 2044 857 2081; baseline -0.001 -10"><span class='ocrx_word' id='word_1_369' title='bbox 58 2044 120 2076; x_wconf 84' lang='lat' dir='ltr'><strong>sint,</strong></span> <span class='ocrx_word' id='word_1_370' title='bbox 137 2045 292 2081; x_wconf 80' lang='lat' dir='ltr'><strong>neglexerit,</strong></span> <span class='ocrx_word' id='word_1_371' title='bbox 308 2053 378 2080; x_wconf 85' lang='lat' dir='ltr'><strong>quae</strong></span> <span class='ocrx_word' id='word_1_372' title='bbox 392 2053 525 2080; x_wconf 87' lang='lat' dir='ltr'><strong>nusquam</strong></span> <span class='ocrx_word' id='word_1_373' title='bbox 540 2046 638 2080; x_wconf 89' lang='lat' dir='ltr'><strong>scripta</strong></span> <span class='ocrx_word' id='word_1_374' title='bbox 649 2045 710 2076; x_wconf 90' lang='lat' dir='ltr'><strong>sint,</strong></span> <span class='ocrx_word' id='word_1_375' title='bbox 724 2044 857 2080; x_wconf 74' lang='lat' dir='ltr'><strong>proferat?</strong></span> 
     </span>
     <span class='ocr_line' id='line_1_52' title="bbox 59 2081 857 2117; baseline 0 -9"><span class='ocrx_word' id='word_1_376' title='bbox 59 2082 114 2109; x_wconf 91' lang='lat' dir='ltr'><strong>Cur</strong></span> <span class='ocrx_word' id='word_1_377' title='bbox 131 2081 355 2117; x_wconf 88' lang='lat' dir='ltr'><strong>prudentissimos</strong></span> <span class='ocrx_word' id='word_1_378' title='bbox 369 2083 397 2108; x_wconf 94' lang='lat' dir='ltr'><strong>in</strong></span> <span class='ocrx_word' id='word_1_379' title='bbox 411 2082 553 2109; x_wconf 85' lang='lat' dir='ltr'><strong>scribendo</strong></span> <span class='ocrx_word' id='word_1_380' title='bbox 566 2083 638 2109; x_wconf 87' lang='lat' dir='ltr'><strong>viros</strong></span> <span class='ocrx_word' id='word_1_381' title='bbox 651 2090 774 2108; x_wconf 83' lang='lat' dir='ltr'><strong>summae</strong></span> <span class='ocrx_word' id='word_1_382' title='bbox 788 2082 857 2108; x_wconf 89' lang='lat' dir='ltr'><strong>stul-</strong></span> 
     </span>
     <span class='ocr_line' id='line_1_53' title="bbox 58 2119 857 2154; baseline 0 -8"><span class='ocrx_word' id='word_1_383' title='bbox 58 2119 131 2146; x_wconf 85' lang='lat' dir='ltr'><strong>titiae</strong></span> <span class='ocrx_word' id='word_1_384' title='bbox 153 2123 228 2154; x_wconf 88' lang='lat' dir='ltr'><strong>putet</strong></span> <span class='ocrx_word' id='word_1_385' title='bbox 249 2127 308 2146; x_wconf 85' lang='lat' dir='ltr'><strong>esse</strong></span> <span class='ocrx_word' id='word_1_386' title='bbox 325 2119 510 2146; x_wconf 68' lang='lat' dir='ltr'><strong>damnandos?</strong></span> <span class='ocrx_word' id='word_1_387' title='bbox 532 2119 604 2152; x_wconf 89' lang='lat' dir='ltr'><strong>Quid</strong></span> <span class='ocrx_word' id='word_1_388' title='bbox 621 2119 774 2154; x_wconf 86' lang='lat' dir='ltr'><strong>impedierit</strong></span> <span class='ocrx_word' id='word_1_389' title='bbox 791 2120 857 2146; x_wconf 88' lang='lat' dir='ltr'><strong>scri-</strong></span> 
     </span>
     <span class='ocr_line' id='line_1_54' title="bbox 58 2157 853 2192; baseline 0 -9"><span class='ocrx_word' id='word_1_390' title='bbox 58 2160 170 2191; x_wconf 76' lang='lat' dir='ltr'><strong>ptorem,</strong></span> <span class='ocrx_word' id='word_1_391' title='bbox 186 2165 241 2192; x_wconf 91' lang='lat' dir='ltr'><strong>quo</strong></span> <span class='ocrx_word' id='word_1_392' title='bbox 254 2157 344 2183; x_wconf 86' lang='lat' dir='ltr'><strong>minus</strong></span> <span class='ocrx_word' id='word_1_393' title='bbox 355 2157 488 2192; x_wconf 88' lang='lat' dir='ltr'><strong>exciperet</strong></span> <span class='ocrx_word' id='word_1_394' title='bbox 501 2157 579 2188; x_wconf 85' lang='lat' dir='ltr'><strong>illud,</strong></span> <span class='ocrx_word' id='word_1_395' title='bbox 591 2157 664 2192; x_wconf 88' lang='lat' dir='ltr'><strong>quod</strong></span> <span class='ocrx_word' id='word_1_396' title='bbox 675 2157 853 2188; x_wconf 86' lang='lat' dir='ltr'><strong>adversarius,</strong></span> 
     </span>
     <span class='ocr_line' id='line_1_55' title="bbox 58 2194 857 2230; baseline 0.001 -10"><span class='ocrx_word' id='word_1_397' title='bbox 58 2198 195 2230; x_wconf 81' lang='lat' dir='ltr'><strong>tamquam</strong></span> <span class='ocrx_word' id='word_1_398' title='bbox 217 2194 241 2220; x_wconf 88' lang='lat' dir='ltr'><strong>si</strong></span> <span class='ocrx_word' id='word_1_399' title='bbox 264 2198 406 2229; x_wconf 85' lang='lat' dir='ltr'><strong>exceptum</strong></span> <span class='ocrx_word' id='word_1_400' title='bbox 429 2199 507 2225; x_wconf 81' lang='lat' dir='ltr'><strong>esset,</strong></span> <span class='ocrx_word' id='word_1_401' title='bbox 529 2195 564 2221; x_wconf 84' lang='lat' dir='ltr'><strong>ita</strong></span> <span class='ocrx_word' id='word_1_402' title='bbox 582 2195 647 2221; x_wconf 87' lang='lat' dir='ltr'><strong>dicit</strong></span> <span class='ocrx_word' id='word_1_403' title='bbox 669 2203 697 2221; x_wconf 85' lang='lat' dir='ltr'><strong>se</strong></span> <span class='ocrx_word' id='word_1_404' title='bbox 715 2194 857 2221; x_wconf 77' lang='lat' dir='ltr'><strong>secutum?</strong></span> 
     </span>
     <span class='ocr_line' id='line_1_56' title="bbox 60 2231 853 2267; baseline 0 -9"><span class='ocrx_word' id='word_1_405' title='bbox 60 2232 118 2258; x_wconf 69' lang='lat'><strong>⁴35.</strong></span> <span class='ocrx_word' id='word_1_406' title='bbox 142 2231 236 2258; x_wconf 87' lang='lat' dir='ltr'><strong>Utetur</strong></span> <span class='ocrx_word' id='word_1_407' title='bbox 253 2231 385 2266; x_wconf 88' lang='lat' dir='ltr'><strong>exemplis</strong></span> <span class='ocrx_word' id='word_1_408' title='bbox 399 2231 442 2262; x_wconf 88' lang='lat' dir='ltr'><strong>iis,</strong></span> <span class='ocrx_word' id='word_1_409' title='bbox 458 2231 559 2266; x_wconf 89' lang='lat' dir='ltr'><strong>quibus</strong></span> <span class='ocrx_word' id='word_1_410' title='bbox 573 2232 645 2259; x_wconf 89' lang='lat' dir='ltr'><strong>idem</strong></span> <span class='ocrx_word' id='word_1_411' title='bbox 659 2232 779 2267; x_wconf 86' lang='lat' dir='ltr'><strong>scriptor,</strong></span> <span class='ocrx_word' id='word_1_412' title='bbox 799 2236 853 2263; x_wconf 90' lang='lat' dir='ltr'><strong>aut,</strong></span> 
     </span>
     <span class='ocr_line' id='line_1_57' title="bbox 57 2268 856 2304; baseline 0.001 -9"><span class='ocrx_word' id='word_1_413' title='bbox 57 2268 82 2295; x_wconf 80' lang='lat' dir='ltr'><strong>si</strong></span> <span class='ocrx_word' id='word_1_414' title='bbox 94 2268 123 2295; x_wconf 89' lang='lat' dir='ltr'><strong>id</strong></span> <span class='ocrx_word' id='word_1_415' title='bbox 133 2277 185 2295; x_wconf 90' lang='lat' dir='ltr'><strong>non</strong></span> <span class='ocrx_word' id='word_1_416' title='bbox 197 2269 300 2304; x_wconf 86' lang='lat' dir='ltr'><strong>poterit,</strong></span> <span class='ocrx_word' id='word_1_417' title='bbox 314 2269 415 2304; x_wconf 87' lang='lat' dir='ltr'><strong>quibus</strong></span> <span class='ocrx_word' id='word_1_418' title='bbox 425 2268 478 2300; x_wconf 90' lang='lat' dir='ltr'><strong>alii,</strong></span> <span class='ocrx_word' id='word_1_419' title='bbox 491 2269 564 2304; x_wconf 89' lang='lat' dir='ltr'><strong>quod</strong></span> <span class='ocrx_word' id='word_1_420' title='bbox 574 2270 764 2304; x_wconf 85' lang='lat' dir='ltr'><strong>excipiendum</strong></span> <span class='ocrx_word' id='word_1_421' title='bbox 779 2273 856 2304; x_wconf 85' lang='lat' dir='ltr'><strong>puta-</strong></span> 
     </span>
     <span class='ocr_line' id='line_1_58' title="bbox 58 2305 856 2342; baseline 0.003 -10"><span class='ocrx_word' id='word_1_422' title='bbox 58 2305 120 2338; x_wconf 87' lang='lat' dir='ltr'><strong>rint,</strong></span> <span class='ocrx_word' id='word_1_423' title='bbox 144 2307 306 2342; x_wconf 83' lang='lat' dir='ltr'><strong>exceperint.</strong></span> <span class='ocrx_word' id='word_1_424' title='bbox 346 2305 502 2339; x_wconf 79' lang='lat' dir='ltr'><strong>Quaerenda</strong></span> <span class='ocrx_word' id='word_1_425' title='bbox 524 2306 604 2334; x_wconf 87' lang='lat' dir='ltr'><strong>etiam</strong></span> <span class='ocrx_word' id='word_1_426' title='bbox 622 2307 689 2334; x_wconf 85' lang='lat' dir='ltr'><strong>ratio</strong></span> <span class='ocrx_word' id='word_1_427' title='bbox 701 2311 749 2339; x_wconf 86' lang='lat' dir='ltr'><strong>est,</strong></span> <span class='ocrx_word' id='word_1_428' title='bbox 765 2308 788 2334; x_wconf 90' lang='lat' dir='ltr'><strong>si</strong></span> <span class='ocrx_word' id='word_1_429' title='bbox 801 2315 856 2342; x_wconf 82' lang='lat' dir='ltr'><strong>qua</strong></span> 
     </span>
    </p>
   </div>
   <div class='ocr_carea' id='block_1_3' title="bbox 906 215 1708 2342">
    <p class='ocr_par' dir='ltr' id='par_1_4' title="bbox 909 215 1708 1435">
     <span class='ocr_line' id='line_1_59' title="bbox 912 215 1705 253; baseline 0.005 -13"><span class='ocrx_word' id='word_1_430' title='bbox 912 215 1006 248; x_wconf 90' lang='lat' dir='ltr'><strong>poterit</strong></span> <span class='ocrx_word' id='word_1_431' title='bbox 1024 215 1148 245; x_wconf 84' lang='lat' dir='ltr'><strong>inveniri,</strong></span> <span class='ocrx_word' id='word_1_432' title='bbox 1164 223 1246 250; x_wconf 86' lang='lat' dir='ltr'><strong>quare</strong></span> <span class='ocrx_word' id='word_1_433' title='bbox 1260 224 1312 242; x_wconf 91' lang='lat' dir='ltr'><strong>non</strong></span> <span class='ocrx_word' id='word_1_434' title='bbox 1326 215 1361 242; x_wconf 89' lang='lat' dir='ltr'><strong>sit</strong></span> <span class='ocrx_word' id='word_1_435' title='bbox 1378 221 1532 251; x_wconf 80' lang='lat' dir='ltr'><strong>exceptum:</strong></span> <span class='ocrx_word' id='word_1_436' title='bbox 1556 222 1601 243; x_wconf 84' lang='lat' dir='ltr'><strong>ant</strong></span> <span class='ocrx_word' id='word_1_437' title='bbox 1614 218 1705 253; x_wconf 85' lang='lat' dir='ltr'><strong>iniqua</strong></span> 
     </span>
     <span class='ocr_line' id='line_1_60' title="bbox 914 252 1707 284; baseline 0.005 -7"><span class='ocrx_word' id='word_1_438' title='bbox 914 252 956 277; x_wconf 84' lang='lat' dir='ltr'><strong>lex</strong></span> <span class='ocrx_word' id='word_1_439' title='bbox 978 256 1024 278; x_wconf 88' lang='lat' dir='ltr'><strong>aut·</strong></span> <span class='ocrx_word' id='word_1_440' title='bbox 1046 252 1150 278; x_wconf 92' lang='lat' dir='ltr'><strong>inutilis</strong></span> <span class='ocrx_word' id='word_1_441' title='bbox 1173 252 1261 279; x_wconf 89' lang='lat' dir='ltr'><strong>futura</strong></span> <span class='ocrx_word' id='word_1_442' title='bbox 1283 252 1394 284; x_wconf 90' lang='lat' dir='ltr'><strong>dicetur,</strong></span> <span class='ocrx_word' id='word_1_443' title='bbox 1416 258 1460 279; x_wconf 86' lang='lat' dir='ltr'><strong>aut</strong></span> <span class='ocrx_word' id='word_1_444' title='bbox 1479 254 1529 280; x_wconf 90' lang='lat' dir='ltr'><strong>alia</strong></span> <span class='ocrx_word' id='word_1_445' title='bbox 1547 263 1641 281; x_wconf 85' lang='lat' dir='ltr'><strong>caussa</strong></span> <span class='ocrx_word' id='word_1_446' title='bbox 1659 256 1707 281; x_wconf 93' lang='lat' dir='ltr'><strong>ob—</strong></span> 
     </span>
     <span class='ocr_line' id='line_1_61' title="bbox 913 289 1707 325; baseline 0.006 -11"><span class='ocrx_word' id='word_1_447' title='bbox 913 289 1085 323; x_wconf 85' lang='lat' dir='ltr'><strong>temperandi,</strong></span> <span class='ocrx_word' id='word_1_448' title='bbox 1104 289 1153 315; x_wconf 91' lang='lat' dir='ltr'><strong>alia</strong></span> <span class='ocrx_word' id='word_1_449' title='bbox 1168 290 1328 325; x_wconf 75' lang='lat' dir='ltr'><strong>abrogandi,</strong></span> <span class='ocrx_word' id='word_1_450' title='bbox 1351 291 1491 317; x_wconf 85' lang='lat' dir='ltr'><strong>dissentire</strong></span> <span class='ocrx_word' id='word_1_451' title='bbox 1505 291 1648 318; x_wconf 86' lang='lat' dir='ltr'><strong>adversarii</strong></span> <span class='ocrx_word' id='word_1_452' title='bbox 1662 302 1707 319; x_wconf 82' lang='lat' dir='ltr'><strong>vo-</strong></span> 
     </span>
     <span class='ocr_line' id='line_1_62' title="bbox 912 326 1706 362; baseline 0.006 -11"><span class='ocrx_word' id='word_1_453' title='bbox 912 334 969 351; x_wconf 89' lang='lat' dir='ltr'><strong>cem</strong></span> <span class='ocrx_word' id='word_1_454' title='bbox 985 331 1063 360; x_wconf 88' lang='lat' dir='ltr'><strong>atque</strong></span> <span class='ocrx_word' id='word_1_455' title='bbox 1079 326 1155 362; x_wconf 74' lang='lat' dir='ltr'><strong>legis.</strong></span> <span class='ocrx_word' id='word_1_456' title='bbox 1181 327 1281 353; x_wconf 91' lang='lat' dir='ltr'><strong>Deinde</strong></span> <span class='ocrx_word' id='word_1_457' title='bbox 1295 328 1475 362; x_wconf 83' lang='lat' dir='ltr'><strong>amplificandi</strong></span> <span class='ocrx_word' id='word_1_458' title='bbox 1490 338 1583 355; x_wconf 85' lang='lat' dir='ltr'><strong>caussa</strong></span> <span class='ocrx_word' id='word_1_459' title='bbox 1597 329 1630 355; x_wconf 90' lang='lat' dir='ltr'><strong>de</strong></span> <span class='ocrx_word' id='word_1_460' title='bbox 1644 339 1706 356; x_wconf 91' lang='lat' dir='ltr'><strong>con-</strong></span> 
     </span>
     <span class='ocr_line' id='line_1_63' title="bbox 912 363 1707 401; baseline 0.005 -12"><span class='ocrx_word' id='word_1_461' title='bbox 912 363 1050 389; x_wconf 85' lang='lat' dir='ltr'><strong>servandis</strong></span> <span class='ocrx_word' id='word_1_462' title='bbox 1071 363 1184 399; x_wconf 77' lang='lat' dir='ltr'><strong>legibus,</strong></span> <span class='ocrx_word' id='word_1_463' title='bbox 1200 364 1233 390; x_wconf 89' lang='lat' dir='ltr'><strong>de</strong></span> <span class='ocrx_word' id='word_1_464' title='bbox 1248 365 1366 399; x_wconf 87' lang='lat' dir='ltr'><strong>periculo</strong></span> <span class='ocrx_word' id='word_1_465' title='bbox 1380 374 1468 392; x_wconf 89' lang='lat' dir='ltr'><strong>rerum</strong></span> <span class='ocrx_word' id='word_1_466' title='bbox 1484 366 1653 401; x_wconf 88' lang='lat' dir='ltr'><strong>publicarum</strong></span> <span class='ocrx_word' id='word_1_467' title='bbox 1668 373 1707 393; x_wconf 89' lang='lat' dir='ltr'><strong>at-</strong></span> 
     </span>
     <span class='ocr_line' id='line_1_64' title="bbox 912 401 1707 438; baseline 0.008 -13"><span class='ocrx_word' id='word_1_468' title='bbox 912 409 965 435; x_wconf 87' lang='lat' dir='ltr'><strong>que</strong></span> <span class='ocrx_word' id='word_1_469' title='bbox 988 401 1151 435; x_wconf 82' lang='lat' dir='ltr'><strong>privatarum</strong></span> <span class='ocrx_word' id='word_1_470' title='bbox 1174 410 1259 436; x_wconf 90' lang='lat' dir='ltr'><strong>quum</strong></span> <span class='ocrx_word' id='word_1_471' title='bbox 1282 402 1342 428; x_wconf 88' lang='lat' dir='ltr'><strong>aliis</strong></span> <span class='ocrx_word' id='word_1_472' title='bbox 1361 402 1434 433; x_wconf 88' lang='lat' dir='ltr'><strong>locis,</strong></span> <span class='ocrx_word' id='word_1_473' title='bbox 1451 404 1546 430; x_wconf 92' lang='lat' dir='ltr'><strong>tumin</strong></span> <span class='ocrx_word' id='word_1_474' title='bbox 1561 405 1707 438; x_wconf 90' lang='lat' dir='ltr'><strong>perorando</strong></span> 
     </span>
     <span class='ocr_line' id='line_1_65' title="bbox 913 438 1704 476; baseline 0.006 -13"><span class='ocrx_word' id='word_1_475' title='bbox 913 438 1029 463; x_wconf 77' lang='lat' dir='ltr'><strong>maxime</strong></span> <span class='ocrx_word' id='word_1_476' title='bbox 1066 440 1182 473; x_wconf 72' lang='lat' dir='ltr'><strong>graviter</strong></span> <span class='ocrx_word' id='word_1_477' title='bbox 1213 440 1262 465; x_wconf 88' lang='lat' dir='ltr'><strong>erit</strong></span> <span class='ocrx_word' id='word_1_478' title='bbox 1297 440 1520 476; x_wconf 84' lang='lat' dir='ltr'><strong>vehementerque</strong></span> <span class='ocrx_word' id='word_1_479' title='bbox 1550 441 1704 468; x_wconf 89' lang='lat' dir='ltr'><strong>dicendum.</strong></span> 
     </span>
     <span class='ocr_line' id='line_1_66' title="bbox 913 475 1707 514; baseline 0.006 -14"><span class='ocrx_word' id='word_1_480' title='bbox 913 475 1040 500; x_wconf 78' lang='lat' dir='ltr'><strong>XXXIX.</strong></span> <span class='ocrx_word' id='word_1_481' title='bbox 1058 477 1114 501; x_wconf 73' lang='lat'><strong>436.</strong></span> <span class='ocrx_word' id='word_1_482' title='bbox 1140 476 1186 502; x_wconf 86' lang='lat' dir='ltr'><strong>Ille</strong></span> <span class='ocrx_word' id='word_1_483' title='bbox 1204 481 1301 508; x_wconf 89' lang='lat' dir='ltr'><strong>autem,</strong></span> <span class='ocrx_word' id='word_1_484' title='bbox 1318 478 1365 512; x_wconf 91' lang='lat' dir='ltr'><strong>qui</strong></span> <span class='ocrx_word' id='word_1_485' title='bbox 1380 486 1408 503; x_wconf 89' lang='lat' dir='ltr'><strong>se</strong></span> <span class='ocrx_word' id='word_1_486' title='bbox 1426 479 1555 504; x_wconf 86' lang='lat' dir='ltr'><strong>sententia</strong></span> <span class='ocrx_word' id='word_1_487' title='bbox 1575 478 1641 514; x_wconf 80' lang='lat' dir='ltr'><strong>legis</strong></span> <span class='ocrx_word' id='word_1_488' title='bbox 1660 488 1707 505; x_wconf 76' lang='lat' dir='ltr'><strong>vo-</strong></span> 
     </span>
     <span class='ocr_line' id='line_1_67' title="bbox 914 511 1708 550; baseline 0.006 -13"><span class='ocrx_word' id='word_1_489' title='bbox 914 511 1067 547; x_wconf 81' lang='lat' dir='ltr'><strong>luntateque</strong></span> <span class='ocrx_word' id='word_1_490' title='bbox 1085 512 1217 544; x_wconf 84' lang='lat' dir='ltr'><strong>defendet,</strong></span> <span class='ocrx_word' id='word_1_491' title='bbox 1239 514 1265 540; x_wconf 92' lang='lat' dir='ltr'><strong>in</strong></span> <span class='ocrx_word' id='word_1_492' title='bbox 1280 515 1390 541; x_wconf 89' lang='lat' dir='ltr'><strong>consilio</strong></span> <span class='ocrx_word' id='word_1_493' title='bbox 1405 520 1483 550; x_wconf 83' lang='lat' dir='ltr'><strong>atque</strong></span> <span class='ocrx_word' id='word_1_494' title='bbox 1499 516 1525 542; x_wconf 93' lang='lat' dir='ltr'><strong>in</strong></span> <span class='ocrx_word' id='word_1_495' title='bbox 1540 521 1627 542; x_wconf 88' lang='lat' dir='ltr'><strong>mente</strong></span> <span class='ocrx_word' id='word_1_496' title='bbox 1641 517 1708 542; x_wconf 85' lang='lat' dir='ltr'><strong>scri-</strong></span> 
     </span>
     <span class='ocr_line' id='line_1_68' title="bbox 913 550 1707 587; baseline 0.008 -13"><span class='ocrx_word' id='word_1_497' title='bbox 913 550 1003 583; x_wconf 85' lang='lat' dir='ltr'><strong>ptoris,</strong></span> <span class='ocrx_word' id='word_1_498' title='bbox 1022 558 1073 575; x_wconf 90' lang='lat' dir='ltr'><strong>non</strong></span> <span class='ocrx_word' id='word_1_499' title='bbox 1087 551 1114 575; x_wconf 92' lang='lat' dir='ltr'><strong>in</strong></span> <span class='ocrx_word' id='word_1_500' title='bbox 1129 551 1217 576; x_wconf 86' lang='lat' dir='ltr'><strong>verbis</strong></span> <span class='ocrx_word' id='word_1_501' title='bbox 1232 560 1261 576; x_wconf 89' lang='lat' dir='ltr'><strong>ac</strong></span> <span class='ocrx_word' id='word_1_502' title='bbox 1276 551 1369 578; x_wconf 89' lang='lat' dir='ltr'><strong>litteris</strong></span> <span class='ocrx_word' id='word_1_503' title='bbox 1381 553 1435 578; x_wconf 71' lang='lat' dir='ltr'><strong>vim</strong></span> <span class='ocrx_word' id='word_1_504' title='bbox 1448 552 1513 587; x_wconf 73' lang='lat' dir='ltr'><strong>legis</strong></span> <span class='ocrx_word' id='word_1_505' title='bbox 1524 555 1636 587; x_wconf 76' lang='lat' dir='ltr'><strong>positam</strong></span> <span class='ocrx_word' id='word_1_506' title='bbox 1648 562 1707 580; x_wconf 84' lang='lat' dir='ltr'><strong>esse</strong></span> 
     </span>
     <span class='ocr_line' id='line_1_69' title="bbox 913 586 1704 625; baseline 0.006 -13"><span class='ocrx_word' id='word_1_507' title='bbox 913 586 1044 617; x_wconf 89' lang='lat' dir='ltr'><strong>defendet,</strong></span> <span class='ocrx_word' id='word_1_508' title='bbox 1069 587 1195 622; x_wconf 85' lang='lat' dir='ltr'><strong>quodque</strong></span> <span class='ocrx_word' id='word_1_509' title='bbox 1215 588 1281 614; x_wconf 87' lang='lat' dir='ltr'><strong>nihil</strong></span> <span class='ocrx_word' id='word_1_510' title='bbox 1301 590 1434 623; x_wconf 78' lang='lat' dir='ltr'><strong>exceperit</strong></span> <span class='ocrx_word' id='word_1_511' title='bbox 1452 591 1478 616; x_wconf 92' lang='lat' dir='ltr'><strong>in</strong></span> <span class='ocrx_word' id='word_1_512' title='bbox 1495 590 1559 625; x_wconf 71' lang='lat' dir='ltr'><strong>lege,</strong></span> <span class='ocrx_word' id='word_1_513' title='bbox 1578 591 1704 622; x_wconf 80' lang='lat' dir='ltr'><strong>laudabit,</strong></span> 
     </span>
     <span class='ocr_line' id='line_1_70' title="bbox 914 624 1707 662; baseline 0.006 -13"><span class='ocrx_word' id='word_1_514' title='bbox 914 632 946 649; x_wconf 89' lang='lat' dir='ltr'><strong>ne</strong></span> <span class='ocrx_word' id='word_1_515' title='bbox 969 624 1126 650; x_wconf 86' lang='lat' dir='ltr'><strong>diverticula</strong></span> <span class='ocrx_word' id='word_1_516' title='bbox 1149 626 1263 659; x_wconf 87' lang='lat' dir='ltr'><strong>peccatis</strong></span> <span class='ocrx_word' id='word_1_517' title='bbox 1286 626 1419 657; x_wconf 88' lang='lat' dir='ltr'><strong>darentur,</strong></span> <span class='ocrx_word' id='word_1_518' title='bbox 1445 632 1522 662; x_wconf 88' lang='lat' dir='ltr'><strong>atque</strong></span> <span class='ocrx_word' id='word_1_519' title='bbox 1546 633 1574 654; x_wconf 89' lang='lat' dir='ltr'><strong>ut</strong></span> <span class='ocrx_word' id='word_1_520' title='bbox 1592 637 1624 654; x_wconf 83' lang='lat' dir='ltr'><strong>ex</strong></span> <span class='ocrx_word' id='word_1_521' title='bbox 1639 628 1707 654; x_wconf 88' lang='lat' dir='ltr'><strong>facto</strong></span> 
     </span>
     <span class='ocr_line' id='line_1_71' title="bbox 913 661 1706 698; baseline 0.009 -13"><span class='ocrx_word' id='word_1_522' title='bbox 913 662 1045 695; x_wconf 86' lang='lat' dir='ltr'><strong>cuiusque</strong></span> <span class='ocrx_word' id='word_1_523' title='bbox 1059 661 1141 687; x_wconf 80' lang='lat' dir='ltr'><strong>iudex</strong></span> <span class='ocrx_word' id='word_1_524' title='bbox 1155 662 1221 697; x_wconf 81' lang='lat' dir='ltr'><strong>legis</strong></span> <span class='ocrx_word' id='word_1_525' title='bbox 1234 668 1348 689; x_wconf 85' lang='lat' dir='ltr'><strong>mentem</strong></span> <span class='ocrx_word' id='word_1_526' title='bbox 1360 665 1584 698; x_wconf 85' lang='lat' dir='ltr'><strong>interpretaretur.</strong></span> <span class='ocrx_word' id='word_1_527' title='bbox 1606 666 1706 692; x_wconf 85' lang='lat' dir='ltr'><strong>Deinde</strong></span> 
     </span>
     <span class='ocr_line' id='line_1_72' title="bbox 912 698 1706 737; baseline 0.008 -14"><span class='ocrx_word' id='word_1_528' title='bbox 912 698 960 724; x_wconf 92' lang='lat' dir='ltr'><strong>erit</strong></span> <span class='ocrx_word' id='word_1_529' title='bbox 975 698 1104 724; x_wconf 84' lang='lat' dir='ltr'><strong>utendum</strong></span> <span class='ocrx_word' id='word_1_530' title='bbox 1119 699 1258 733; x_wconf 78' lang='lat' dir='ltr'><strong>exemplis,</strong></span> <span class='ocrx_word' id='word_1_531' title='bbox 1271 701 1297 726; x_wconf 92' lang='lat' dir='ltr'><strong>in</strong></span> <span class='ocrx_word' id='word_1_532' title='bbox 1308 701 1408 735; x_wconf 81' lang='lat' dir='ltr'><strong>quibus</strong></span> <span class='ocrx_word' id='word_1_533' title='bbox 1419 703 1505 728; x_wconf 88' lang='lat' dir='ltr'><strong>omnis</strong></span> <span class='ocrx_word' id='word_1_534' title='bbox 1516 703 1635 737; x_wconf 85' lang='lat' dir='ltr'><strong>aequitas</strong></span> <span class='ocrx_word' id='word_1_535' title='bbox 1646 712 1706 737; x_wconf 92' lang='lat' dir='ltr'><strong>per-</strong></span> 
     </span>
     <span class='ocr_line' id='line_1_73' title="bbox 912 735 1703 774; baseline 0.008 -14"><span class='ocrx_word' id='word_1_536' title='bbox 912 735 1041 766; x_wconf 81' lang='lat' dir='ltr'><strong>turbetur,</strong></span> <span class='ocrx_word' id='word_1_537' title='bbox 1064 737 1085 761; x_wconf 93' lang='lat' dir='ltr'><strong>si</strong></span> <span class='ocrx_word' id='word_1_538' title='bbox 1102 736 1190 762; x_wconf 88' lang='lat' dir='ltr'><strong>verbis</strong></span> <span class='ocrx_word' id='word_1_539' title='bbox 1206 737 1295 772; x_wconf 77' lang='lat' dir='ltr'><strong>legum</strong></span> <span class='ocrx_word' id='word_1_540' title='bbox 1310 747 1339 763; x_wconf 91' lang='lat' dir='ltr'><strong>ac</strong></span> <span class='ocrx_word' id='word_1_541' title='bbox 1353 747 1404 764; x_wconf 92' lang='lat' dir='ltr'><strong>non</strong></span> <span class='ocrx_word' id='word_1_542' title='bbox 1419 740 1557 765; x_wconf 74' lang='lat' dir='ltr'><strong>sententiis</strong></span> <span class='ocrx_word' id='word_1_543' title='bbox 1572 745 1703 774; x_wconf 82' lang='lat' dir='ltr'><strong>pareatur.</strong></span> 
     </span>
     <span class='ocr_line' id='line_1_74' title="bbox 914 772 1706 809; baseline 0.008 -12"><span class='ocrx_word' id='word_1_544' title='bbox 914 773 970 798; x_wconf 66' lang='lat'><strong>437.</strong></span> <span class='ocrx_word' id='word_1_545' title='bbox 990 772 1089 798; x_wconf 87' lang='lat' dir='ltr'><strong>Deinde</strong></span> <span class='ocrx_word' id='word_1_546' title='bbox 1107 782 1192 809; x_wconf 78' lang='lat' dir='ltr'><strong>genus</strong></span> <span class='ocrx_word' id='word_1_547' title='bbox 1207 774 1338 800; x_wconf 89' lang='lat' dir='ltr'><strong>eiusmodi</strong></span> <span class='ocrx_word' id='word_1_548' title='bbox 1354 776 1504 802; x_wconf 82' lang='lat' dir='ltr'><strong>calliditatis</strong></span> <span class='ocrx_word' id='word_1_549' title='bbox 1519 782 1543 802; x_wconf 90' lang='lat' dir='ltr'><strong>et</strong></span> <span class='ocrx_word' id='word_1_550' title='bbox 1557 777 1706 803; x_wconf 82' lang='lat' dir='ltr'><strong>calumniae</strong></span> 
     </span>
     <span class='ocr_line' id='line_1_75' title="bbox 912 810 1705 848; baseline 0.006 -13"><span class='ocrx_word' id='word_1_551' title='bbox 912 810 1060 836; x_wconf 78' lang='lat' dir='ltr'><strong>retralietur</strong></span> <span class='ocrx_word' id='word_1_552' title='bbox 1082 811 1109 836; x_wconf 86' lang='lat' dir='ltr'><strong>in</strong></span> <span class='ocrx_word' id='word_1_553' title='bbox 1132 811 1224 836; x_wconf 83' lang='lat' dir='ltr'><strong>odium</strong></span> <span class='ocrx_word' id='word_1_554' title='bbox 1249 812 1346 838; x_wconf 86' lang='lat' dir='ltr'><strong>iudicis</strong></span> <span class='ocrx_word' id='word_1_555' title='bbox 1364 822 1425 838; x_wconf 84' lang='lat' dir='ltr'><strong>cuin</strong></span> <span class='ocrx_word' id='word_1_556' title='bbox 1444 814 1559 848; x_wconf 82' lang='lat' dir='ltr'><strong>quadam</strong></span> <span class='ocrx_word' id='word_1_557' title='bbox 1574 815 1705 841; x_wconf 79' lang='lat' dir='ltr'><strong>invidiosa</strong></span> 
     </span>
     <span class='ocr_line' id='line_1_76' title="bbox 912 847 1705 886; baseline 0.008 -14"><span class='ocrx_word' id='word_1_558' title='bbox 912 847 1029 882; x_wconf 86' lang='lat' dir='ltr'><strong>querela.</strong></span> <span class='ocrx_word' id='word_1_559' title='bbox 1070 847 1102 873; x_wconf 92' lang='lat' dir='ltr'><strong>Et</strong></span> <span class='ocrx_word' id='word_1_560' title='bbox 1125 849 1148 874; x_wconf 88' lang='lat' dir='ltr'><strong>si</strong></span> <span class='ocrx_word' id='word_1_561' title='bbox 1172 848 1270 875; x_wconf 88' lang='lat' dir='ltr'><strong>incidet</strong></span> <span class='ocrx_word' id='word_1_562' title='bbox 1292 850 1486 884; x_wconf 84' lang='lat' dir='ltr'><strong>imprudentiae</strong></span> <span class='ocrx_word' id='word_1_563' title='bbox 1509 860 1616 882; x_wconf 80' lang='lat' dir='ltr'><strong>caussa,</strong></span> <span class='ocrx_word' id='word_1_564' title='bbox 1637 861 1705 886; x_wconf 86' lang='lat' dir='ltr'><strong>quae</strong></span> 
     </span>
     <span class='ocr_line' id='line_1_77' title="bbox 912 884 1707 923; baseline 0.008 -14"><span class='ocrx_word' id='word_1_565' title='bbox 912 893 963 910; x_wconf 91' lang='lat' dir='ltr'><strong>non</strong></span> <span class='ocrx_word' id='word_1_566' title='bbox 987 884 1020 910; x_wconf 87' lang='lat' dir='ltr'><strong>ad</strong></span> <span class='ocrx_word' id='word_1_567' title='bbox 1038 884 1174 916; x_wconf 90' lang='lat' dir='ltr'><strong>delictum,</strong></span> <span class='ocrx_word' id='word_1_568' title='bbox 1196 886 1243 911; x_wconf 92' lang='lat' dir='ltr'><strong>sed</strong></span> <span class='ocrx_word' id='word_1_569' title='bbox 1262 886 1293 912; x_wconf 86' lang='lat' dir='ltr'><strong>ad</strong></span> <span class='ocrx_word' id='word_1_570' title='bbox 1308 896 1399 913; x_wconf 87' lang='lat' dir='ltr'><strong>casnm</strong></span> <span class='ocrx_word' id='word_1_571' title='bbox 1416 889 1632 914; x_wconf 80' lang='lat' dir='ltr'><strong>necessitatemve</strong></span> <span class='ocrx_word' id='word_1_572' title='bbox 1646 898 1707 923; x_wconf 88' lang='lat' dir='ltr'><strong>per-</strong></span> 
     </span>
     <span class='ocr_line' id='line_1_78' title="bbox 912 922 1706 959; baseline 0.006 -12"><span class='ocrx_word' id='word_1_573' title='bbox 912 922 1001 952; x_wconf 82' lang='lat' dir='ltr'><strong>tineat,</strong></span> <span class='ocrx_word' id='word_1_574' title='bbox 1018 922 1090 956; x_wconf 83' lang='lat' dir='ltr'><strong>quod</strong></span> <span class='ocrx_word' id='word_1_575' title='bbox 1103 931 1189 957; x_wconf 77' lang='lat' dir='ltr'><strong>genus</strong></span> <span class='ocrx_word' id='word_1_576' title='bbox 1204 923 1294 957; x_wconf 89' lang='lat' dir='ltr'><strong>paullo</strong></span> <span class='ocrx_word' id='word_1_577' title='bbox 1308 929 1367 950; x_wconf 88' lang='lat' dir='ltr'><strong>ante</strong></span> <span class='ocrx_word' id='word_1_578' title='bbox 1381 926 1530 959; x_wconf 69' lang='lat' dir='ltr'><strong>attigimus,</strong></span> <span class='ocrx_word' id='word_1_579' title='bbox 1547 927 1596 952; x_wconf 89' lang='lat' dir='ltr'><strong>erit</strong></span> <span class='ocrx_word' id='word_1_580' title='bbox 1609 926 1706 952; x_wconf 83' lang='lat' dir='ltr'><strong>iisdem</strong></span> 
     </span>
     <span class='ocr_line' id='line_1_79' title="bbox 911 959 1705 994; baseline 0.006 -10"><span class='ocrx_word' id='word_1_581' title='bbox 911 959 1051 994; x_wconf 83' lang='lat' dir='ltr'><strong>aequitatis</strong></span> <span class='ocrx_word' id='word_1_582' title='bbox 1082 961 1220 986; x_wconf 86' lang='lat' dir='ltr'><strong>sententiis</strong></span> <span class='ocrx_word' id='word_1_583' title='bbox 1255 966 1344 987; x_wconf 87' lang='lat' dir='ltr'><strong>contra</strong></span> <span class='ocrx_word' id='word_1_584' title='bbox 1371 963 1539 989; x_wconf 85' lang='lat' dir='ltr'><strong>acerbitatem</strong></span> <span class='ocrx_word' id='word_1_585' title='bbox 1564 964 1705 989; x_wconf 67' lang='lat' dir='ltr'><strong>verborum</strong></span> 
     </span>
     <span class='ocr_line' id='line_1_80' title="bbox 910 996 1707 1033; baseline 0.006 -11"><span class='ocrx_word' id='word_1_586' title='bbox 910 996 1117 1031; x_wconf 89' lang='lat' dir='ltr'><strong>deprecandum.</strong></span> <span class='ocrx_word' id='word_1_587' title='bbox 1158 997 1205 1024; x_wconf 89' lang='lat' dir='ltr'><strong>Sin</strong></span> <span class='ocrx_word' id='word_1_588' title='bbox 1224 999 1321 1033; x_wconf 86' lang='lat' dir='ltr'><strong>scripta</strong></span> <span class='ocrx_word' id='word_1_589' title='bbox 1339 1000 1407 1025; x_wconf 88' lang='lat' dir='ltr'><strong>inter</strong></span> <span class='ocrx_word' id='word_1_590' title='bbox 1425 1008 1453 1026; x_wconf 89' lang='lat' dir='ltr'><strong>se</strong></span> <span class='ocrx_word' id='word_1_591' title='bbox 1467 1000 1632 1031; x_wconf 83' lang='lat' dir='ltr'><strong>dissentient,</strong></span> <span class='ocrx_word' id='word_1_592' title='bbox 1650 1006 1707 1027; x_wconf 84' lang='lat' dir='ltr'><strong>tan-</strong></span> 
     </span>
     <span class='ocr_line' id='line_1_81' title="bbox 910 1034 1707 1072; baseline 0.006 -13"><span class='ocrx_word' id='word_1_593' title='bbox 910 1038 935 1059; x_wconf 83' lang='lat' dir='ltr'><strong>ta</strong></span> <span class='ocrx_word' id='word_1_594' title='bbox 949 1034 1031 1060; x_wconf 86' lang='lat' dir='ltr'><strong>series</strong></span> <span class='ocrx_word' id='word_1_595' title='bbox 1055 1035 1117 1060; x_wconf 89' lang='lat' dir='ltr'><strong>artis</strong></span> <span class='ocrx_word' id='word_1_596' title='bbox 1136 1039 1188 1066; x_wconf 88' lang='lat' dir='ltr'><strong>est,</strong></span> <span class='ocrx_word' id='word_1_597' title='bbox 1211 1040 1236 1061; x_wconf 90' lang='lat' dir='ltr'><strong>et</strong></span> <span class='ocrx_word' id='word_1_598' title='bbox 1250 1036 1288 1062; x_wconf 91' lang='lat' dir='ltr'><strong>sic</strong></span> <span class='ocrx_word' id='word_1_599' title='bbox 1303 1036 1370 1062; x_wconf 89' lang='lat' dir='ltr'><strong>inter</strong></span> <span class='ocrx_word' id='word_1_600' title='bbox 1384 1045 1412 1062; x_wconf 90' lang='lat' dir='ltr'><strong>se</strong></span> <span class='ocrx_word' id='word_1_601' title='bbox 1426 1042 1489 1063; x_wconf 89' lang='lat' dir='ltr'><strong>sunt</strong></span> <span class='ocrx_word' id='word_1_602' title='bbox 1504 1038 1630 1072; x_wconf 76' lang='lat' dir='ltr'><strong>pleraque</strong></span> <span class='ocrx_word' id='word_1_603' title='bbox 1644 1047 1707 1064; x_wconf 90' lang='lat' dir='ltr'><strong>con—</strong></span> 
     </span>
     <span class='ocr_line' id='line_1_82' title="bbox 911 1073 1706 1109; baseline 0.006 -12"><span class='ocrx_word' id='word_1_604' title='bbox 911 1080 977 1097; x_wconf 82' lang='lat' dir='ltr'><strong>nexa</strong></span> <span class='ocrx_word' id='word_1_605' title='bbox 991 1076 1016 1097; x_wconf 88' lang='lat' dir='ltr'><strong>et</strong></span> <span class='ocrx_word' id='word_1_606' title='bbox 1030 1076 1098 1106; x_wconf 87' lang='lat' dir='ltr'><strong>apta,</strong></span> <span class='ocrx_word' id='word_1_607' title='bbox 1114 1076 1152 1103; x_wconf 92' lang='lat' dir='ltr'><strong>ut,</strong></span> <span class='ocrx_word' id='word_1_608' title='bbox 1169 1081 1237 1107; x_wconf 85' lang='lat' dir='ltr'><strong>quae</strong></span> <span class='ocrx_word' id='word_1_609' title='bbox 1251 1073 1342 1108; x_wconf 86' lang='lat' dir='ltr'><strong>paullo</strong></span> <span class='ocrx_word' id='word_1_610' title='bbox 1357 1079 1416 1100; x_wconf 89' lang='lat' dir='ltr'><strong>ante</strong></span> <span class='ocrx_word' id='word_1_611' title='bbox 1431 1080 1567 1109; x_wconf 86' lang='lat' dir='ltr'><strong>praecepta</strong></span> <span class='ocrx_word' id='word_1_612' title='bbox 1582 1076 1706 1102; x_wconf 85' lang='lat' dir='ltr'><strong>dedimus</strong></span> 
     </span>
     <span class='ocr_line' id='line_1_83' title="bbox 912 1109 1707 1148; baseline 0.006 -14"><span class='ocrx_word' id='word_1_613' title='bbox 912 1109 1041 1144; x_wconf 78' lang='lat' dir='ltr'><strong>ambigui,</strong></span> <span class='ocrx_word' id='word_1_614' title='bbox 1066 1118 1189 1144; x_wconf 87' lang='lat' dir='ltr'><strong>quaeque</strong></span> <span class='ocrx_word' id='word_1_615' title='bbox 1207 1111 1328 1145; x_wconf 79' lang='lat' dir='ltr'><strong>proxime</strong></span> <span class='ocrx_word' id='word_1_616' title='bbox 1343 1113 1488 1138; x_wconf 89' lang='lat' dir='ltr'><strong>sententiae</strong></span> <span class='ocrx_word' id='word_1_617' title='bbox 1507 1118 1532 1138; x_wconf 92' lang='lat' dir='ltr'><strong>et</strong></span> <span class='ocrx_word' id='word_1_618' title='bbox 1545 1113 1646 1148; x_wconf 84' lang='lat' dir='ltr'><strong>scripti,</strong></span> <span class='ocrx_word' id='word_1_619' title='bbox 1663 1122 1707 1139; x_wconf 86' lang='lat' dir='ltr'><strong>ea-</strong></span> 
     </span>
     <span class='ocr_line' id='line_1_84' title="bbox 910 1146 1704 1183; baseline 0.006 -12"><span class='ocrx_word' id='word_1_620' title='bbox 910 1146 970 1172; x_wconf 87' lang='lat' dir='ltr'><strong>dem</strong></span> <span class='ocrx_word' id='word_1_621' title='bbox 998 1146 1031 1172; x_wconf 89' lang='lat' dir='ltr'><strong>ad</strong></span> <span class='ocrx_word' id='word_1_622' title='bbox 1054 1146 1103 1173; x_wconf 85' lang='lat' dir='ltr'><strong>hoc</strong></span> <span class='ocrx_word' id='word_1_623' title='bbox 1129 1156 1215 1183; x_wconf 81' lang='lat' dir='ltr'><strong>genus</strong></span> <span class='ocrx_word' id='word_1_624' title='bbox 1237 1157 1347 1175; x_wconf 84' lang='lat' dir='ltr'><strong>caussae</strong></span> <span class='ocrx_word' id='word_1_625' title='bbox 1372 1150 1477 1175; x_wconf 89' lang='lat' dir='ltr'><strong>tertium</strong></span> <span class='ocrx_word' id='word_1_626' title='bbox 1503 1150 1704 1176; x_wconf 85' lang='lat' dir='ltr'><strong>transferantur.</strong></span> 
     </span>
     <span class='ocr_line' id='line_1_85' title="bbox 912 1184 1705 1222; baseline 0.006 -13"><span class='ocrx_word' id='word_1_627' title='bbox 912 1185 968 1209; x_wconf 73' lang='grc'>438.</span> <span class='ocrx_word' id='word_1_628' title='bbox 994 1184 1060 1210; x_wconf 89' lang='lat' dir='ltr'><strong>Nam</strong></span> <span class='ocrx_word' id='word_1_629' title='bbox 1080 1185 1180 1219; x_wconf 88' lang='lat' dir='ltr'><strong>quibus</strong></span> <span class='ocrx_word' id='word_1_630' title='bbox 1199 1185 1263 1211; x_wconf 87' lang='lat' dir='ltr'><strong>locis</strong></span> <span class='ocrx_word' id='word_1_631' title='bbox 1278 1186 1305 1212; x_wconf 91' lang='lat' dir='ltr'><strong>in</strong></span> <span class='ocrx_word' id='word_1_632' title='bbox 1324 1186 1450 1222; x_wconf 72' lang='lat' dir='ltr'><strong>ambiguo</strong></span> <span class='ocrx_word' id='word_1_633' title='bbox 1463 1187 1634 1214; x_wconf 86' lang='lat' dir='ltr'><strong>defendimus</strong></span> <span class='ocrx_word' id='word_1_634' title='bbox 1648 1197 1705 1214; x_wconf 80' lang='lat' dir='ltr'><strong>eam</strong></span> 
     </span>
     <span class='ocr_line' id='line_1_86' title="bbox 910 1221 1707 1257; baseline 0.006 -11"><span class='ocrx_word' id='word_1_635' title='bbox 910 1221 1140 1256; x_wconf 76' lang='lat' dir='ltr'><strong>significationem,</strong></span> <span class='ocrx_word' id='word_1_636' title='bbox 1161 1231 1229 1257; x_wconf 88' lang='lat' dir='ltr'><strong>quae</strong></span> <span class='ocrx_word' id='word_1_637' title='bbox 1248 1232 1295 1249; x_wconf 90' lang='lat' dir='ltr'><strong>nos</strong></span> <span class='ocrx_word' id='word_1_638' title='bbox 1313 1224 1430 1255; x_wconf 86' lang='lat' dir='ltr'><strong>adiuvat,</strong></span> <span class='ocrx_word' id='word_1_639' title='bbox 1447 1225 1547 1251; x_wconf 89' lang='lat' dir='ltr'><strong>eisdem</strong></span> <span class='ocrx_word' id='word_1_640' title='bbox 1563 1226 1589 1251; x_wconf 92' lang='lat' dir='ltr'><strong>in</strong></span> <span class='ocrx_word' id='word_1_641' title='bbox 1604 1230 1707 1251; x_wconf 83' lang='lat' dir='ltr'><strong>contra-</strong></span> 
     </span>
     <span class='ocr_line' id='line_1_87' title="bbox 910 1258 1706 1293; baseline 0.006 -9"><span class='ocrx_word' id='word_1_642' title='bbox 910 1259 956 1284; x_wconf 82' lang='lat' dir='ltr'><strong>riis</strong></span> <span class='ocrx_word' id='word_1_643' title='bbox 982 1258 1087 1293; x_wconf 78' lang='lat' dir='ltr'><strong>legibus</strong></span> <span class='ocrx_word' id='word_1_644' title='bbox 1106 1264 1194 1286; x_wconf 89' lang='lat' dir='ltr'><strong>nostra</strong></span> <span class='ocrx_word' id='word_1_645' title='bbox 1215 1260 1256 1286; x_wconf 85' lang='lat' dir='ltr'><strong>lex</strong></span> <span class='ocrx_word' id='word_1_646' title='bbox 1274 1260 1440 1288; x_wconf 90' lang='lat' dir='ltr'><strong>defendenda</strong></span> <span class='ocrx_word' id='word_1_647' title='bbox 1459 1266 1507 1288; x_wconf 89' lang='lat' dir='ltr'><strong>est.</strong></span> <span class='ocrx_word' id='word_1_648' title='bbox 1548 1262 1647 1289; x_wconf 87' lang='lat' dir='ltr'><strong>Deinde</strong></span> <span class='ocrx_word' id='word_1_649' title='bbox 1666 1268 1706 1289; x_wconf 89' lang='lat' dir='ltr'><strong>est</strong></span> 
     </span>
     <span class='ocr_line' id='line_1_88' title="bbox 910 1296 1705 1333; baseline 0.006 -12"><span class='ocrx_word' id='word_1_650' title='bbox 910 1296 1089 1327; x_wconf 80' lang='lat' dir='ltr'><strong>efficiendum,</strong></span> <span class='ocrx_word' id='word_1_651' title='bbox 1116 1302 1144 1323; x_wconf 90' lang='lat' dir='ltr'><strong>ut</strong></span> <span class='ocrx_word' id='word_1_652' title='bbox 1165 1297 1274 1324; x_wconf 90' lang='lat' dir='ltr'><strong>alterius</strong></span> <span class='ocrx_word' id='word_1_653' title='bbox 1293 1299 1385 1333; x_wconf 87' lang='lat' dir='ltr'><strong>scripti</strong></span> <span class='ocrx_word' id='word_1_654' title='bbox 1403 1300 1575 1331; x_wconf 86' lang='lat' dir='ltr'><strong>sententiam,</strong></span> <span class='ocrx_word' id='word_1_655' title='bbox 1596 1300 1705 1326; x_wconf 89' lang='lat' dir='ltr'><strong>alterius</strong></span> 
     </span>
     <span class='ocr_line' id='line_1_89' title="bbox 910 1333 1706 1372; baseline 0.006 -13"><span class='ocrx_word' id='word_1_656' title='bbox 910 1334 990 1359; x_wconf 89' lang='lat' dir='ltr'><strong>verba</strong></span> <span class='ocrx_word' id='word_1_657' title='bbox 1004 1333 1190 1361; x_wconf 85' lang='lat' dir='ltr'><strong>defendamus.</strong></span> <span class='ocrx_word' id='word_1_658' title='bbox 1212 1336 1257 1367; x_wconf 90' lang='lat' dir='ltr'><strong>Ita,</strong></span> <span class='ocrx_word' id='word_1_659' title='bbox 1273 1344 1342 1371; x_wconf 88' lang='lat' dir='ltr'><strong>quae</strong></span> <span class='ocrx_word' id='word_1_660' title='bbox 1358 1336 1435 1362; x_wconf 89' lang='lat' dir='ltr'><strong>modo</strong></span> <span class='ocrx_word' id='word_1_661' title='bbox 1448 1336 1481 1363; x_wconf 88' lang='lat' dir='ltr'><strong>de</strong></span> <span class='ocrx_word' id='word_1_662' title='bbox 1495 1338 1706 1372; x_wconf 86' lang='lat' dir='ltr'><strong>scriptosenten-</strong></span> 
     </span>
     <span class='ocr_line' id='line_1_90' title="bbox 910 1371 1706 1407; baseline 0.006 -11"><span class='ocrx_word' id='word_1_663' title='bbox 910 1371 999 1406; x_wconf 85' lang='lat' dir='ltr'><strong>tiaqne</strong></span> <span class='ocrx_word' id='word_1_664' title='bbox 1026 1377 1164 1407; x_wconf 86' lang='lat' dir='ltr'><strong>praecepta</strong></span> <span class='ocrx_word' id='word_1_665' title='bbox 1190 1377 1266 1404; x_wconf 87' lang='lat' dir='ltr'><strong>sunt,</strong></span> <span class='ocrx_word' id='word_1_666' title='bbox 1295 1373 1387 1400; x_wconf 90' lang='lat' dir='ltr'><strong>eadem</strong></span> <span class='ocrx_word' id='word_1_667' title='bbox 1407 1374 1460 1400; x_wconf 90' lang='lat' dir='ltr'><strong>huc</strong></span> <span class='ocrx_word' id='word_1_668' title='bbox 1482 1376 1570 1401; x_wconf 82' lang='lat' dir='ltr'><strong>onmia</strong></span> <span class='ocrx_word' id='word_1_669' title='bbox 1593 1375 1706 1401; x_wconf 81' lang='lat' dir='ltr'><strong>transfe—</strong></span> 
     </span>
     <span class='ocr_line' id='line_1_91' title="bbox 909 1417 1007 1435; baseline 0 -1"><span class='ocrx_word' id='word_1_670' title='bbox 909 1417 1007 1435; x_wconf 88' lang='lat' dir='ltr'><strong>remus.</strong></span> 
     </span>
    </p>

    <p class='ocr_par' dir='ltr' id='par_1_5' title="bbox 906 1446 1706 2342">
     <span class='ocr_line' id='line_1_92' title="bbox 965 1446 1706 1484; baseline 0.007 -13"><span class='ocrx_word' id='word_1_671' title='bbox 965 1446 1021 1472; x_wconf 84' lang='lat' dir='ltr'><strong>XL.</strong></span> <span class='ocrx_word' id='word_1_672' title='bbox 1039 1447 1095 1473; x_wconf 73' lang='lat'><strong>⁴39.</strong></span> <span class='ocrx_word' id='word_1_673' title='bbox 1110 1447 1253 1481; x_wconf 81' lang='lat' dir='ltr'><strong>Expositae</strong></span> <span class='ocrx_word' id='word_1_674' title='bbox 1267 1451 1330 1474; x_wconf 90' lang='lat' dir='ltr'><strong>sunt</strong></span> <span class='ocrx_word' id='word_1_675' title='bbox 1344 1448 1392 1474; x_wconf 89' lang='lat' dir='ltr'><strong>tibi</strong></span> <span class='ocrx_word' id='word_1_676' title='bbox 1404 1457 1497 1475; x_wconf 89' lang='lat' dir='ltr'><strong>omnes</strong></span> <span class='ocrx_word' id='word_1_677' title='bbox 1508 1450 1634 1475; x_wconf 86' lang='lat' dir='ltr'><strong>oratoriae</strong></span> <span class='ocrx_word' id='word_1_678' title='bbox 1646 1458 1706 1484; x_wconf 90' lang='lat' dir='ltr'><strong>par-</strong></span> 
     </span>
     <span class='ocr_line' id='line_1_93' title="bbox 910 1483 1705 1519; baseline 0.006 -11"><span class='ocrx_word' id='word_1_679' title='bbox 910 1483 1023 1514; x_wconf 85' lang='lat' dir='ltr'><strong>titiones,</strong></span> <span class='ocrx_word' id='word_1_680' title='bbox 1048 1492 1117 1518; x_wconf 84' lang='lat' dir='ltr'><strong>quae</strong></span> <span class='ocrx_word' id='word_1_681' title='bbox 1134 1484 1245 1519; x_wconf 90' lang='lat' dir='ltr'><strong>quidem</strong></span> <span class='ocrx_word' id='word_1_682' title='bbox 1268 1494 1282 1511; x_wconf 91' lang='lat' dir='ltr'><strong>e</strong></span> <span class='ocrx_word' id='word_1_683' title='bbox 1301 1485 1387 1511; x_wconf 90' lang='lat' dir='ltr'><strong>media</strong></span> <span class='ocrx_word' id='word_1_684' title='bbox 1402 1485 1447 1512; x_wconf 83' lang='lat' dir='ltr'><strong>illa</strong></span> <span class='ocrx_word' id='word_1_685' title='bbox 1462 1491 1549 1512; x_wconf 88' lang='lat' dir='ltr'><strong>nostra</strong></span> <span class='ocrx_word' id='word_1_686' title='bbox 1563 1486 1705 1513; x_wconf 82' lang='lat' dir='ltr'><strong>Academia</strong></span> 
     </span>
     <span class='ocr_line' id='line_1_94' title="bbox 909 1520 1706 1557; baseline 0.005 -11"><span class='ocrx_word' id='word_1_687' title='bbox 909 1520 1093 1553; x_wconf 80' lang='lat' dir='ltr'><strong>effloruerunt,</strong></span> <span class='ocrx_word' id='word_1_688' title='bbox 1124 1530 1211 1557; x_wconf 88' lang='lat' dir='ltr'><strong>neque</strong></span> <span class='ocrx_word' id='word_1_689' title='bbox 1234 1522 1293 1549; x_wconf 85' lang='lat' dir='ltr'><strong>sine</strong></span> <span class='ocrx_word' id='word_1_690' title='bbox 1314 1531 1343 1549; x_wconf 88' lang='lat' dir='ltr'><strong>ea</strong></span> <span class='ocrx_word' id='word_1_691' title='bbox 1367 1528 1413 1549; x_wconf 92' lang='lat' dir='ltr'><strong>aut</strong></span> <span class='ocrx_word' id='word_1_692' title='bbox 1431 1523 1545 1550; x_wconf 85' lang='lat' dir='ltr'><strong>inveniri</strong></span> <span class='ocrx_word' id='word_1_693' title='bbox 1564 1529 1610 1550; x_wconf 89' lang='lat' dir='ltr'><strong>aut</strong></span> <span class='ocrx_word' id='word_1_694' title='bbox 1627 1524 1706 1550; x_wconf 85' lang='lat' dir='ltr'><strong>intel-</strong></span> 
     </span>
     <span class='ocr_line' id='line_1_95' title="bbox 910 1557 1706 1596; baseline 0.005 -12"><span class='ocrx_word' id='word_1_695' title='bbox 910 1557 957 1593; x_wconf 75' lang='lat' dir='ltr'><strong>ligi</strong></span> <span class='ocrx_word' id='word_1_696' title='bbox 981 1563 1026 1585; x_wconf 87' lang='lat' dir='ltr'><strong>aut</strong></span> <span class='ocrx_word' id='word_1_697' title='bbox 1049 1559 1152 1585; x_wconf 87' lang='lat' dir='ltr'><strong>tractari</strong></span> <span class='ocrx_word' id='word_1_698' title='bbox 1172 1565 1294 1594; x_wconf 86' lang='lat' dir='ltr'><strong>possunt.</strong></span> <span class='ocrx_word' id='word_1_699' title='bbox 1335 1561 1402 1587; x_wconf 87' lang='lat' dir='ltr'><strong>Nam</strong></span> <span class='ocrx_word' id='word_1_700' title='bbox 1421 1565 1446 1587; x_wconf 84' lang='lat' dir='ltr'><strong>et</strong></span> <span class='ocrx_word' id='word_1_701' title='bbox 1465 1562 1555 1596; x_wconf 86' lang='lat' dir='ltr'><strong>partiri</strong></span> <span class='ocrx_word' id='word_1_702' title='bbox 1576 1561 1665 1596; x_wconf 90' lang='lat' dir='ltr'><strong>ipsum</strong></span> <span class='ocrx_word' id='word_1_703' title='bbox 1680 1567 1706 1588; x_wconf 84' lang='lat' dir='ltr'><strong>et</strong></span> 
     </span>
     <span class='ocr_line' id='line_1_96' title="bbox 908 1595 1706 1634; baseline 0.005 -13"><span class='ocrx_word' id='word_1_704' title='bbox 908 1595 1019 1622; x_wconf 84' lang='lat' dir='ltr'><strong>delinire</strong></span> <span class='ocrx_word' id='word_1_705' title='bbox 1041 1600 1067 1622; x_wconf 92' lang='lat' dir='ltr'><strong>et</strong></span> <span class='ocrx_word' id='word_1_706' title='bbox 1084 1596 1205 1632; x_wconf 74' lang='lat' dir='ltr'><strong>ambigui</strong></span> <span class='ocrx_word' id='word_1_707' title='bbox 1223 1598 1376 1631; x_wconf 85' lang='lat' dir='ltr'><strong>partitiones</strong></span> <span class='ocrx_word' id='word_1_708' title='bbox 1391 1598 1510 1625; x_wconf 81' lang='lat' dir='ltr'><strong>dividere</strong></span> <span class='ocrx_word' id='word_1_709' title='bbox 1524 1603 1550 1625; x_wconf 88' lang='lat' dir='ltr'><strong>et</strong></span> <span class='ocrx_word' id='word_1_710' title='bbox 1562 1607 1706 1634; x_wconf 76' lang='lat' dir='ltr'><strong>argumen-</strong></span> 
     </span>
     <span class='ocr_line' id='line_1_97' title="bbox 910 1633 1706 1671; baseline 0.005 -12"><span class='ocrx_word' id='word_1_711' title='bbox 910 1638 996 1659; x_wconf 88' lang='lat' dir='ltr'><strong>torum</strong></span> <span class='ocrx_word' id='word_1_712' title='bbox 1020 1633 1090 1660; x_wconf 90' lang='lat' dir='ltr'><strong>locos</strong></span> <span class='ocrx_word' id='word_1_713' title='bbox 1113 1643 1191 1661; x_wconf 88' lang='lat' dir='ltr'><strong>nosse</strong></span> <span class='ocrx_word' id='word_1_714' title='bbox 1214 1639 1239 1661; x_wconf 89' lang='lat' dir='ltr'><strong>et</strong></span> <span class='ocrx_word' id='word_1_715' title='bbox 1261 1636 1518 1671; x_wconf 74' lang='lat' dir='ltr'><strong>argumentationem</strong></span> <span class='ocrx_word' id='word_1_716' title='bbox 1541 1637 1627 1671; x_wconf 89' lang='lat' dir='ltr'><strong>ipsam</strong></span> <span class='ocrx_word' id='word_1_717' title='bbox 1642 1645 1706 1663; x_wconf 91' lang='lat' dir='ltr'><strong>con-</strong></span> 
     </span>
     <span class='ocr_line' id='line_1_98' title="bbox 908 1669 1706 1709; baseline 0.005 -13"><span class='ocrx_word' id='word_1_718' title='bbox 908 1669 1016 1697; x_wconf 86' lang='lat' dir='ltr'><strong>cludere</strong></span> <span class='ocrx_word' id='word_1_719' title='bbox 1040 1675 1065 1697; x_wconf 89' lang='lat' dir='ltr'><strong>et</strong></span> <span class='ocrx_word' id='word_1_720' title='bbox 1088 1671 1190 1702; x_wconf 84' lang='lat' dir='ltr'><strong>videre,</strong></span> <span class='ocrx_word' id='word_1_721' title='bbox 1211 1680 1280 1707; x_wconf 88' lang='lat' dir='ltr'><strong>quae</strong></span> <span class='ocrx_word' id='word_1_722' title='bbox 1298 1673 1427 1699; x_wconf 85' lang='lat' dir='ltr'><strong>sumenda</strong></span> <span class='ocrx_word' id='word_1_723' title='bbox 1449 1674 1476 1700; x_wconf 95' lang='lat' dir='ltr'><strong>in</strong></span> <span class='ocrx_word' id='word_1_724' title='bbox 1495 1673 1706 1709; x_wconf 76' lang='lat' dir='ltr'><strong>argumentando</strong></span> 
     </span>
     <span class='ocr_line' id='line_1_99' title="bbox 908 1708 1706 1745; baseline 0.004 -11"><span class='ocrx_word' id='word_1_725' title='bbox 908 1708 970 1739; x_wconf 86' lang='lat' dir='ltr'><strong>sint,</strong></span> <span class='ocrx_word' id='word_1_726' title='bbox 991 1708 1112 1743; x_wconf 87' lang='lat' dir='ltr'><strong>quidque</strong></span> <span class='ocrx_word' id='word_1_727' title='bbox 1130 1710 1219 1741; x_wconf 82' lang='lat' dir='ltr'><strong>exiis,</strong></span> <span class='ocrx_word' id='word_1_728' title='bbox 1236 1718 1305 1744; x_wconf 84' lang='lat' dir='ltr'><strong>quae</strong></span> <span class='ocrx_word' id='word_1_729' title='bbox 1315 1715 1422 1745; x_wconf 88' lang='lat' dir='ltr'><strong>sumpta</strong></span> <span class='ocrx_word' id='word_1_730' title='bbox 1437 1715 1507 1742; x_wconf 90' lang='lat' dir='ltr'><strong>sunt,</strong></span> <span class='ocrx_word' id='word_1_731' title='bbox 1524 1710 1663 1742; x_wconf 72' lang='lat' dir='ltr'><strong>efficiatur,</strong></span> <span class='ocrx_word' id='word_1_732' title='bbox 1680 1716 1706 1738; x_wconf 86' lang='lat' dir='ltr'><strong>et</strong></span> 
     </span>
     <span class='ocr_line' id='line_1_100' title="bbox 910 1745 1705 1778; baseline 0.005 -7"><span class='ocrx_word' id='word_1_733' title='bbox 910 1753 971 1772; x_wconf 86' lang='lat' dir='ltr'><strong>vera</strong></span> <span class='ocrx_word' id='word_1_734' title='bbox 985 1755 1000 1772; x_wconf 78' lang='lat' dir='ltr'><strong>a</strong></span> <span class='ocrx_word' id='word_1_735' title='bbox 1014 1745 1098 1778; x_wconf 84' lang='lat' dir='ltr'><strong>salsis,</strong></span> <span class='ocrx_word' id='word_1_736' title='bbox 1116 1747 1274 1773; x_wconf 85' lang='lat' dir='ltr'><strong>verisimilia</strong></span> <span class='ocrx_word' id='word_1_737' title='bbox 1292 1747 1325 1773; x_wconf 89' lang='lat' dir='ltr'><strong>ab</strong></span> <span class='ocrx_word' id='word_1_738' title='bbox 1340 1748 1544 1774; x_wconf 86' lang='lat' dir='ltr'><strong>incredibilibus</strong></span> <span class='ocrx_word' id='word_1_739' title='bbox 1558 1748 1705 1775; x_wconf 84' lang='lat' dir='ltr'><strong>diiudicare</strong></span> 
     </span>
     <span class='ocr_line' id='line_1_101' title="bbox 908 1783 1704 1820; baseline 0.004 -11"><span class='ocrx_word' id='word_1_740' title='bbox 908 1787 934 1809; x_wconf 87' lang='lat' dir='ltr'><strong>et</strong></span> <span class='ocrx_word' id='word_1_741' title='bbox 946 1783 1122 1819; x_wconf 80' lang='lat' dir='ltr'><strong>distinguere,</strong></span> <span class='ocrx_word' id='word_1_742' title='bbox 1139 1788 1164 1810; x_wconf 89' lang='lat' dir='ltr'><strong>et</strong></span> <span class='ocrx_word' id='word_1_743' title='bbox 1178 1789 1224 1811; x_wconf 86' lang='lat' dir='ltr'><strong>aut</strong></span> <span class='ocrx_word' id='word_1_744' title='bbox 1237 1784 1306 1811; x_wconf 86' lang='lat' dir='ltr'><strong>male</strong></span> <span class='ocrx_word' id='word_1_745' title='bbox 1320 1790 1427 1820; x_wconf 89' lang='lat' dir='ltr'><strong>sumpta</strong></span> <span class='ocrx_word' id='word_1_746' title='bbox 1442 1790 1486 1812; x_wconf 84' lang='lat' dir='ltr'><strong>aut</strong></span> <span class='ocrx_word' id='word_1_747' title='bbox 1501 1785 1569 1812; x_wconf 87' lang='lat' dir='ltr'><strong>male</strong></span> <span class='ocrx_word' id='word_1_748' title='bbox 1579 1786 1704 1812; x_wconf 89' lang='lat' dir='ltr'><strong>conclusa</strong></span> 
     </span>
     <span class='ocr_line' id='line_1_102' title="bbox 908 1821 1706 1858; baseline 0.005 -12"><span class='ocrx_word' id='word_1_749' title='bbox 908 1821 1110 1855; x_wconf 86' lang='lat' dir='ltr'><strong>reprehendere,</strong></span> <span class='ocrx_word' id='word_1_750' title='bbox 1127 1826 1152 1848; x_wconf 88' lang='lat' dir='ltr'><strong>et</strong></span> <span class='ocrx_word' id='word_1_751' title='bbox 1166 1821 1258 1848; x_wconf 87' lang='lat' dir='ltr'><strong>eadem</strong></span> <span class='ocrx_word' id='word_1_752' title='bbox 1273 1822 1314 1849; x_wconf 91' lang='lat' dir='ltr'><strong>vel</strong></span> <span class='ocrx_word' id='word_1_753' title='bbox 1330 1827 1442 1858; x_wconf 81' lang='lat' dir='ltr'><strong>anguste</strong></span> <span class='ocrx_word' id='word_1_754' title='bbox 1456 1823 1596 1854; x_wconf 77' lang='lat' dir='ltr'><strong>disserere,</strong></span> <span class='ocrx_word' id='word_1_755' title='bbox 1609 1828 1638 1850; x_wconf 90' lang='lat' dir='ltr'><strong>ut</strong></span> <span class='ocrx_word' id='word_1_756' title='bbox 1648 1823 1706 1850; x_wconf 77' lang='lat' dir='ltr'><strong>dia·</strong></span> 
     </span>
     <span class='ocr_line' id='line_1_103' title="bbox 908 1857 1705 1893; baseline 0.004 -9"><span class='ocrx_word' id='word_1_757' title='bbox 908 1857 995 1884; x_wconf 87' lang='lat' dir='ltr'><strong>lectici</strong></span> <span class='ocrx_word' id='word_1_758' title='bbox 1016 1859 1064 1893; x_wconf 90' lang='lat' dir='ltr'><strong>qui</strong></span> <span class='ocrx_word' id='word_1_759' title='bbox 1087 1859 1265 1893; x_wconf 85' lang='lat' dir='ltr'><strong>appellantur,</strong></span> <span class='ocrx_word' id='word_1_760' title='bbox 1288 1859 1339 1891; x_wconf 91' lang='lat' dir='ltr'><strong>vel,</strong></span> <span class='ocrx_word' id='word_1_761' title='bbox 1365 1865 1394 1887; x_wconf 84' lang='lat' dir='ltr'><strong>ut</strong></span> <span class='ocrx_word' id='word_1_762' title='bbox 1407 1865 1534 1887; x_wconf 85' lang='lat' dir='ltr'><strong>oratorem</strong></span> <span class='ocrx_word' id='word_1_763' title='bbox 1555 1860 1638 1892; x_wconf 84' lang='lat' dir='ltr'><strong>decet,</strong></span> <span class='ocrx_word' id='word_1_764' title='bbox 1655 1860 1705 1887; x_wconf 81' lang='lat' dir='ltr'><strong>late</strong></span> 
     </span>
     <span class='ocr_line' id='line_1_104' title="bbox 908 1895 1705 1933; baseline 0.004 -12"><span class='ocrx_word' id='word_1_765' title='bbox 908 1895 1066 1930; x_wconf 87' lang='lat' dir='ltr'><strong>exprimere,</strong></span> <span class='ocrx_word' id='word_1_766' title='bbox 1090 1896 1166 1923; x_wconf 91' lang='lat' dir='ltr'><strong>illius</strong></span> <span class='ocrx_word' id='word_1_767' title='bbox 1187 1898 1383 1924; x_wconf 86' lang='lat' dir='ltr'><strong>exercitationis</strong></span> <span class='ocrx_word' id='word_1_768' title='bbox 1405 1902 1431 1924; x_wconf 89' lang='lat' dir='ltr'><strong>et</strong></span> <span class='ocrx_word' id='word_1_769' title='bbox 1453 1898 1588 1924; x_wconf 89' lang='lat' dir='ltr'><strong>subtiliter</strong></span> <span class='ocrx_word' id='word_1_770' title='bbox 1610 1898 1705 1933; x_wconf 86' lang='lat' dir='ltr'><strong>dispu-</strong></span> 
     </span>
     <span class='ocr_line' id='line_1_105' title="bbox 909 1933 1704 1969; baseline 0.004 -10"><span class='ocrx_word' id='word_1_771' title='bbox 909 1933 990 1964; x_wconf 88' lang='lat' dir='ltr'><strong>tandi,</strong></span> <span class='ocrx_word' id='word_1_772' title='bbox 1012 1937 1038 1959; x_wconf 88' lang='lat' dir='ltr'><strong>et</strong></span> <span class='ocrx_word' id='word_1_773' title='bbox 1059 1934 1166 1969; x_wconf 83' lang='lat' dir='ltr'><strong>copiose</strong></span> <span class='ocrx_word' id='word_1_774' title='bbox 1189 1934 1295 1961; x_wconf 88' lang='lat' dir='ltr'><strong>dicendi</strong></span> <span class='ocrx_word' id='word_1_775' title='bbox 1319 1935 1382 1961; x_wconf 79' lang='lat' dir='ltr'><strong>artis</strong></span> <span class='ocrx_word' id='word_1_776' title='bbox 1404 1939 1452 1962; x_wconf 89' lang='lat' dir='ltr'><strong>est.</strong></span> <span class='ocrx_word' id='word_1_777' title='bbox 1480 1937 1552 1962; x_wconf 64' lang='lat'><strong>¹⁴40.</strong></span> <span class='ocrx_word' id='word_1_778' title='bbox 1572 1936 1608 1961; x_wconf 85' lang='lat' dir='ltr'><strong>De</strong></span> <span class='ocrx_word' id='word_1_779' title='bbox 1628 1936 1704 1962; x_wconf 90' lang='lat' dir='ltr'><strong>bonis</strong></span> 
     </span>
     <span class='ocr_line' id='line_1_106' title="bbox 908 1971 1705 2007; baseline 0.004 -11"><span class='ocrx_word' id='word_1_780' title='bbox 908 1979 971 1997; x_wconf 91' lang='lat' dir='ltr'><strong>vero</strong></span> <span class='ocrx_word' id='word_1_781' title='bbox 992 1971 1073 1997; x_wconf 82' lang='lat' dir='ltr'><strong>rebus</strong></span> <span class='ocrx_word' id='word_1_782' title='bbox 1091 1976 1116 1998; x_wconf 80' lang='lat' dir='ltr'><strong>et</strong></span> <span class='ocrx_word' id='word_1_783' title='bbox 1130 1971 1216 2004; x_wconf 85' lang='lat' dir='ltr'><strong>malis,</strong></span> <span class='ocrx_word' id='word_1_784' title='bbox 1237 1973 1339 2007; x_wconf 84' lang='lat' dir='ltr'><strong>aequis,</strong></span> <span class='ocrx_word' id='word_1_785' title='bbox 1356 1973 1466 2007; x_wconf 51' lang='lat' dir='ltr'><strong>iniqui-⁴,</strong></span> <span class='ocrx_word' id='word_1_786' title='bbox 1484 1972 1606 2004; x_wconf 85' lang='lat' dir='ltr'><strong>utilibus,</strong></span> <span class='ocrx_word' id='word_1_787' title='bbox 1622 1974 1705 2000; x_wconf 87' lang='lat' dir='ltr'><strong>inuti-</strong></span> 
     </span>
     <span class='ocr_line' id='line_1_107' title="bbox 909 2007 1702 2045; baseline 0.004 -11"><span class='ocrx_word' id='word_1_788' title='bbox 909 2007 989 2039; x_wconf 89' lang='lat' dir='ltr'><strong>libus,</strong></span> <span class='ocrx_word' id='word_1_789' title='bbox 1006 2008 1135 2040; x_wconf 87' lang='lat' dir='ltr'><strong>honestis,</strong></span> <span class='ocrx_word' id='word_1_790' title='bbox 1151 2010 1285 2045; x_wconf 87' lang='lat' dir='ltr'><strong>turpibus,</strong></span> <span class='ocrx_word' id='word_1_791' title='bbox 1301 2018 1383 2045; x_wconf 89' lang='lat' dir='ltr'><strong>quam</strong></span> <span class='ocrx_word' id='word_1_792' title='bbox 1398 2014 1484 2044; x_wconf 88' lang='lat' dir='ltr'><strong>potest</strong></span> <span class='ocrx_word' id='word_1_793' title='bbox 1498 2010 1595 2037; x_wconf 83' lang='lat' dir='ltr'><strong>habere</strong></span> <span class='ocrx_word' id='word_1_794' title='bbox 1609 2015 1702 2041; x_wconf 87' lang='lat' dir='ltr'><strong>orator,</strong></span> 
     </span>
     <span class='ocr_line' id='line_1_108' title="bbox 908 2045 1705 2079; baseline 0.004 -8"><span class='ocrx_word' id='word_1_795' title='bbox 908 2046 966 2072; x_wconf 85' lang='lat' dir='ltr'><strong>sine</strong></span> <span class='ocrx_word' id='word_1_796' title='bbox 984 2045 1038 2072; x_wconf 89' lang='lat' dir='ltr'><strong>illis</strong></span> <span class='ocrx_word' id='word_1_797' title='bbox 1060 2047 1239 2074; x_wconf 86' lang='lat' dir='ltr'><strong>maximarum</strong></span> <span class='ocrx_word' id='word_1_798' title='bbox 1258 2056 1346 2074; x_wconf 84' lang='lat' dir='ltr'><strong>rerum</strong></span> <span class='ocrx_word' id='word_1_799' title='bbox 1361 2048 1472 2079; x_wconf 82' lang='lat' dir='ltr'><strong>artibus,</strong></span> <span class='ocrx_word' id='word_1_800' title='bbox 1494 2047 1645 2074; x_wconf 81' lang='lat' dir='ltr'><strong>facultatem</strong></span> <span class='ocrx_word' id='word_1_801' title='bbox 1660 2053 1705 2074; x_wconf 84' lang='lat' dir='ltr'><strong>aut</strong></span> 
     </span>
     <span class='ocr_line' id='line_1_109' title="bbox 907 2082 1704 2120; baseline 0.005 -12"><span class='ocrx_word' id='word_1_802' title='bbox 907 2082 1031 2117; x_wconf 74' lang='lat' dir='ltr'><strong>copiam?</strong></span> <span class='ocrx_word' id='word_1_803' title='bbox 1049 2082 1136 2116; x_wconf 89' lang='lat' dir='ltr'><strong>Quare</strong></span> <span class='ocrx_word' id='word_1_804' title='bbox 1151 2084 1215 2111; x_wconf 86' lang='lat' dir='ltr'><strong>haec</strong></span> <span class='ocrx_word' id='word_1_805' title='bbox 1229 2085 1277 2111; x_wconf 88' lang='lat' dir='ltr'><strong>tibi</strong></span> <span class='ocrx_word' id='word_1_806' title='bbox 1293 2085 1355 2115; x_wconf 88' lang='lat' dir='ltr'><strong>sint,</strong></span> <span class='ocrx_word' id='word_1_807' title='bbox 1372 2085 1408 2111; x_wconf 80' lang='lat' dir='ltr'><strong>nii</strong></span> <span class='ocrx_word' id='word_1_808' title='bbox 1424 2085 1523 2116; x_wconf 83' lang='lat' dir='ltr'><strong>Cicero,</strong></span> <span class='ocrx_word' id='word_1_809' title='bbox 1540 2093 1609 2120; x_wconf 84' lang='lat' dir='ltr'><strong>quae</strong></span> <span class='ocrx_word' id='word_1_810' title='bbox 1622 2093 1704 2119; x_wconf 82' lang='lat' dir='ltr'><strong>expo-</strong></span> 
     </span>
     <span class='ocr_line' id='line_1_110' title="bbox 908 2120 1704 2157; baseline 0.003 -11"><span class='ocrx_word' id='word_1_811' title='bbox 908 2120 961 2151; x_wconf 88' lang='lat' dir='ltr'><strong>sui,</strong></span> <span class='ocrx_word' id='word_1_812' title='bbox 981 2121 1059 2155; x_wconf 86' lang='lat' dir='ltr'><strong>quasi</strong></span> <span class='ocrx_word' id='word_1_813' title='bbox 1076 2121 1174 2148; x_wconf 77' lang='lat' dir='ltr'><strong>indicia</strong></span> <span class='ocrx_word' id='word_1_814' title='bbox 1189 2121 1302 2148; x_wconf 83' lang='lat' dir='ltr'><strong>fontium</strong></span> <span class='ocrx_word' id='word_1_815' title='bbox 1317 2122 1440 2155; x_wconf 80' lang='lat' dir='ltr'><strong>illorum3</strong></span> <span class='ocrx_word' id='word_1_816' title='bbox 1463 2123 1494 2148; x_wconf 84' lang='lat' dir='ltr'><strong>ad</strong></span> <span class='ocrx_word' id='word_1_817' title='bbox 1509 2131 1578 2157; x_wconf 89' lang='lat' dir='ltr'><strong>quos</strong></span> <span class='ocrx_word' id='word_1_818' title='bbox 1589 2123 1611 2148; x_wconf 91' lang='lat' dir='ltr'><strong>si</strong></span> <span class='ocrx_word' id='word_1_819' title='bbox 1628 2123 1704 2149; x_wconf 88' lang='lat' dir='ltr'><strong>nobis</strong></span> 
     </span>
     <span class='ocr_line' id='line_1_111' title="bbox 907 2157 1703 2194; baseline 0.004 -11"><span class='ocrx_word' id='word_1_820' title='bbox 907 2157 1009 2184; x_wconf 87' lang='lat' dir='ltr'><strong>eisdem</strong></span> <span class='ocrx_word' id='word_1_821' title='bbox 1027 2158 1144 2185; x_wconf 80' lang='lat' dir='ltr'><strong>ducibus</strong></span> <span class='ocrx_word' id='word_1_822' title='bbox 1163 2159 1257 2186; x_wconf 80' lang='lat' dir='ltr'><strong>aliisve</strong></span> <span class='ocrx_word' id='word_1_823' title='bbox 1274 2160 1437 2194; x_wconf 83' lang='lat' dir='ltr'><strong>perveneris,</strong></span> <span class='ocrx_word' id='word_1_824' title='bbox 1458 2165 1514 2186; x_wconf 89' lang='lat' dir='ltr'><strong>tum</strong></span> <span class='ocrx_word' id='word_1_825' title='bbox 1529 2164 1554 2186; x_wconf 86' lang='lat' dir='ltr'><strong>et</strong></span> <span class='ocrx_word' id='word_1_826' title='bbox 1568 2160 1632 2186; x_wconf 81' lang='lat' dir='ltr'><strong>haee</strong></span> <span class='ocrx_word' id='word_1_827' title='bbox 1646 2161 1703 2193; x_wconf 83' lang='lat' dir='ltr'><strong>ipsa</strong></span> 
     </span>
     <span class='ocr_line' id='line_1_112' title="bbox 908 2195 1704 2232; baseline 0.003 -11"><span class='ocrx_word' id='word_1_828' title='bbox 908 2195 1005 2222; x_wconf 87' lang='lat' dir='ltr'><strong>melius</strong></span> <span class='ocrx_word' id='word_1_829' title='bbox 1028 2200 1054 2222; x_wconf 82' lang='lat' dir='ltr'><strong>et</strong></span> <span class='ocrx_word' id='word_1_830' title='bbox 1075 2196 1160 2224; x_wconf 87' lang='lat' dir='ltr'><strong>multo</strong></span> <span class='ocrx_word' id='word_1_831' title='bbox 1179 2197 1277 2223; x_wconf 82' lang='lat' dir='ltr'><strong>maiora</strong></span> <span class='ocrx_word' id='word_1_832' title='bbox 1295 2196 1346 2223; x_wconf 82' lang='lat' dir='ltr'><strong>alia</strong></span> <span class='ocrx_word' id='word_1_833' title='bbox 1360 2205 1513 2232; x_wconf 76' lang='lat' dir='ltr'><strong>cognosces.</strong></span> <span class='ocrx_word' id='word_1_834' title='bbox 1555 2197 1583 2224; x_wconf 85' lang='lat' dir='ltr'><strong>C.</strong></span> <span class='ocrx_word' id='word_1_835' title='bbox 1600 2197 1628 2223; x_wconf 83' lang='lat' dir='ltr'><strong>F.</strong></span> <span class='ocrx_word' id='word_1_836' title='bbox 1649 2197 1704 2232; x_wconf 80' lang='lat' dir='ltr'><strong>Ego</strong></span> 
     </span>
     <span class='ocr_line' id='line_1_113' title="bbox 909 2233 1703 2269; baseline 0.003 -11"><span class='ocrx_word' id='word_1_837' title='bbox 909 2240 972 2259; x_wconf 86' lang='lat' dir='ltr'><strong>vero</strong></span> <span class='ocrx_word' id='word_1_838' title='bbox 993 2241 1023 2259; x_wconf 82' lang='lat' dir='ltr'><strong>nc</strong></span> <span class='ocrx_word' id='word_1_839' title='bbox 1041 2242 1138 2269; x_wconf 80' lang='lat' dir='ltr'><strong>magno</strong></span> <span class='ocrx_word' id='word_1_840' title='bbox 1155 2234 1265 2269; x_wconf 86' lang='lat' dir='ltr'><strong>quidem</strong></span> <span class='ocrx_word' id='word_1_841' title='bbox 1280 2233 1378 2265; x_wconf 87' lang='lat' dir='ltr'><strong>studio,</strong></span> <span class='ocrx_word' id='word_1_842' title='bbox 1395 2234 1432 2260; x_wconf 92' lang='lat' dir='ltr'><strong>mi</strong></span> <span class='ocrx_word' id='word_1_843' title='bbox 1446 2239 1533 2269; x_wconf 79' lang='lat' dir='ltr'><strong>pater3</strong></span> <span class='ocrx_word' id='word_1_844' title='bbox 1557 2234 1703 2268; x_wconf 81' lang='lat' dir='ltr'><strong>multisque</strong></span> 
     </span>
     <span class='ocr_line' id='line_1_114' title="bbox 907 2270 1703 2305; baseline 0.003 -10"><span class='ocrx_word' id='word_1_845' title='bbox 907 2277 940 2296; x_wconf 86' lang='lat' dir='ltr'><strong>ex</strong></span> <span class='ocrx_word' id='word_1_846' title='bbox 958 2270 1012 2296; x_wconf 88' lang='lat' dir='ltr'><strong>tuis</strong></span> <span class='ocrx_word' id='word_1_847' title='bbox 1026 2270 1247 2305; x_wconf 84' lang='lat' dir='ltr'><strong>praeclarissimis</strong></span> <span class='ocrx_word' id='word_1_848' title='bbox 1262 2271 1420 2298; x_wconf 86' lang='lat' dir='ltr'><strong>muneribus</strong></span> <span class='ocrx_word' id='word_1_849' title='bbox 1434 2271 1541 2298; x_wconf 89' lang='lat' dir='ltr'><strong>nullum</strong></span> <span class='ocrx_word' id='word_1_850' title='bbox 1556 2272 1642 2298; x_wconf 81' lang='lat' dir='ltr'><strong>maius</strong></span> <span class='ocrx_word' id='word_1_851' title='bbox 1656 2280 1703 2298; x_wconf 88' lang='lat' dir='ltr'><strong>ex-</strong></span> 
     </span>
     <span class='ocr_line' id='line_1_115' title="bbox 906 2311 1006 2342; baseline 0.01 -9"><span class='ocrx_word' id='word_1_852' title='bbox 906 2311 1006 2342; x_wconf 81' lang='lat' dir='ltr'><strong>specto.</strong></span> 
     </span>
    </p>
   </div>
   <div class='ocr_carea' id='block_1_4' title="bbox 767 2465 993 2481">
    <p class='ocr_par' dir='ltr' id='par_1_6' title="bbox 767 2465 993 2481">
     <span class='ocr_line' id='line_1_116' title="bbox 767 2465 993 2481; baseline 0 -3"><span class='ocrx_word' id='word_1_853' title='bbox 767 2465 962 2481; x_wconf 34' lang='lat' dir='ltr'><strong>*m-Qqng..</strong></span> <span class='ocrx_word' id='word_1_854' title='bbox 975 2471 993 2474; x_wconf 28' lang='grc' dir='ltr'>μ</span> 
     </span>
    </p>
   </div>
  </div>
 </body>
</html>
