1941 3052
522 127 572 153 DE
603 126 808 153 OFFICIIS
839 127 919 153 LIB.

73 205 112 231 ta,
130 208 163 227 ne
178 199 244 226 forte
258 198 324 234 quid
341 198 488 233 discrepet,
512 197 554 225 vel
571 197 656 225 multo
670 199 751 225 etiam
772 198 868 233 magis,

73 246 127 273 quo
142 237 227 263 maior
241 240 266 262 et
282 235 377 262 melior
390 236 539 266 actionum,
563 245 645 270 quam
665 244 791 262 sonorum
807 244 872 261 con—

73 279 167 301 centus
179 279 228 300 est.
269 273 338 299 XLI.
364 274 419 299 ⁴46.
442 274 546 307 Itaque,
561 278 590 299 ut
601 274 627 299 in
641 273 741 299 fidibus
753 273 872 299 musico-

73 321 133 338 rum
145 320 223 338 aures
234 310 276 337 vel
292 310 405 336 minima
421 311 553 336 sentiunt:
577 311 617 336 sic
633 319 694 341 nOS,
713 311 735 336 si
752 318 827 336 acres
842 318 871 336 ac

73 349 218 385 diligentes
242 356 301 374 esse
328 347 454 373 volumus
479 347 710 373 animadversores
732 348 869 377 vitiorum,

74 395 171 422 magna
187 394 267 420 saepe
283 384 469 419 intelligemus
484 393 518 410 ex
533 385 634 418 parvis.
675 385 716 410 Ex
731 384 871 410 oculorum

73 423 182 455 obtutu,
200 432 234 450 ex
250 421 456 457 superciliorum
474 427 519 447 aut
534 422 692 447 remissione
709 426 754 448 aut
768 427 873 448 contra-

73 462 174 492 ctione,
191 469 225 487 ex
240 460 384 490 maestitia,
403 467 437 485 ex
449 459 594 489 hilaritate,
608 468 641 484 ex
653 459 718 489 risu,
732 467 766 485 ex
778 458 873 485 locuti-

73 507 136 529 one,
154 507 188 524 ex
198 497 349 527 reticentia,
363 505 397 523 ex
409 496 577 523 contentione
590 496 663 522 vocis
675 501 700 522 et
711 496 873 522 submissio-

74 544 120 566 ne,
133 544 168 562 ex
178 535 273 562 ceteris
284 533 436 564 similibus,
451 533 528 559 facile
543 533 736 563 iudicabimus,
750 533 816 568 quid
828 542 873 559 eo-

73 582 134 600 rum
155 577 214 607 apte
236 572 289 603 fiat,
311 571 378 606 quid
399 571 432 597 ab
454 570 542 597 officio
563 575 711 605 naturaque
727 570 871 605 discrepet.

72 610 132 643 Quo
146 611 174 636 in
190 618 287 645 genere
306 617 359 635 non
377 613 417 635 est
428 608 642 638 incommodum,
661 608 739 642 quale
751 608 872 642 quidque

73 656 166 675 eorum
187 648 235 677 sit,
253 655 287 673 ex
302 645 362 672 aliis
381 646 515 676 iudicare,
533 650 576 676 ut,
594 646 617 671 si
629 645 696 680 quid
707 645 834 671 dedeceat
846 646 872 671 in

74 685 143 715 illis,
167 685 285 711 vitemus
307 684 368 718 ipsi.
411 684 453 710 Fit
464 683 550 714 enim,
574 683 729 717 nescioquo
742 682 830 713 modo,
844 687 873 708 ut

73 723 160 758 magis
176 723 203 748 in
220 721 281 748 aliis
296 729 452 751 cernamus,
470 729 552 755 quam
568 720 596 746 in
613 720 831 754 nobismetipsis,
850 720 873 745 si

73 759 141 796 quid
152 759 330 794 delinquitur.
367 759 458 793 ltaque
471 757 598 784 facillime
609 757 780 792 corriguntur
792 758 819 783 in
831 757 874 782 di-

73 796 187 828 scendo,
209 805 325 832 quorum
338 796 404 822 vitia
416 796 569 826 imitantur,
588 794 750 821 emendandi
766 803 871 825 caussa,

73 834 206 870 magistri.
245 834 302 860 447.
318 834 372 859 Nec
384 841 446 859 vero
457 833 576 859 alienum
589 836 637 863 est,
651 832 683 858 ad
696 840 725 858 ea
737 831 871 867 eligenda,

73 881 143 908 quae
155 871 351 898 dubitationem
363 870 489 901 afferunt,
507 870 636 896 adhibere
647 869 737 896 doctos
750 869 873 895 homines

73 909 116 936 vel
132 909 213 936 etiam
228 917 280 934 usu
296 909 409 944 peritos,
425 912 464 939 et,
480 907 548 943 quid
564 907 606 933 his
622 907 655 933 de
671 915 779 942 quoque
790 906 873 933 officii

72 955 170 983 genere
186 945 303 981 placeat,
320 946 473 980 exquirere.
515 945 598 971 Maior
616 945 689 971 enim
706 953 767 979 pars
778 953 808 970 eo
820 943 873 970 fere

73 983 172 1011 deferri
183 983 259 1014 solet,
275 991 329 1018 quo
340 991 354 1009 a
366 987 460 1009 natura
472 983 529 1017 ipsa
540 982 694 1009 deducitur.
732 983 760 1008 In
772 982 874 1017 quibus

73 1020 223 1048 videndum
235 1025 287 1051 est,
301 1029 354 1047 non
367 1020 455 1051 modo,
469 1019 537 1054 quid
548 1021 666 1054 quisque
679 1019 812 1054 loquatur,
826 1019 874 1045 sed

73 1059 164 1090 etiam,
185 1057 254 1093 quid
276 1058 394 1093 quisque
415 1058 526 1088 sentiat,
550 1062 629 1092 atque
650 1057 744 1087 etiam,
766 1065 820 1091 qua
841 1056 873 1082 de

72 1105 168 1123 caussa
184 1096 302 1130 quisque
318 1096 424 1122 sentiat.
466 1095 499 1121 Ut
515 1095 587 1121 enim
605 1095 720 1129 pictores
736 1099 761 1120 et
777 1094 809 1124 ii,
825 1094 874 1129 qui

72 1135 151 1170 signa
163 1133 336 1163 fabricantur,
350 1137 376 1158 et
386 1141 449 1158 vero
461 1133 541 1158 etiam
552 1137 654 1167 poetae,
667 1132 874 1166 suumquisque

72 1180 142 1206 opus
156 1179 170 1197 a
187 1170 270 1206 vulgo
285 1169 450 1196 considerari
463 1169 534 1200 vult,
548 1174 591 1200 ut,
610 1170 632 1195 si
649 1169 715 1204 quid
728 1168 874 1203 reprelien-

73 1217 135 1235 sum
150 1208 186 1235 sit
201 1217 215 1234 a
231 1207 371 1242 pluribus,
389 1207 417 1233 id
427 1208 589 1242 corrigatur,
614 1207 697 1241 hique
709 1211 734 1232 et
744 1215 836 1232 secum
849 1210 874 1232 et

72 1255 135 1272 cum
151 1245 222 1276 aliis,
245 1245 311 1279 quid
329 1245 355 1271 in
372 1253 402 1271 eo
419 1249 558 1279 peccatum
574 1245 622 1275 sit,
641 1245 801 1278 exquirunt:
834 1245 874 1269 sic

72 1283 188 1310 aliorum
209 1282 311 1309 iudicio
332 1281 465 1317 permulta
487 1281 565 1308 nobis
585 1286 611 1308 et
631 1281 752 1308 facienda
773 1286 799 1307 et
820 1289 872 1307 non

72 1320 207 1350 facienda,
225 1324 251 1347 et
266 1319 394 1346 mutanda
409 1323 435 1345 et
445 1318 603 1355 corrigenda
615 1324 687 1345 sunt.
731 1320 787 1345 ⁴48.
800 1318 873 1350 Quae

72 1367 136 1385 vero
151 1366 223 1384 more
238 1361 352 1393 agentur
367 1357 554 1391 institutisque
570 1356 714 1387 civilibus,
730 1356 763 1382 de
781 1356 814 1382 iis
831 1356 873 1382 ni-

72 1395 111 1422 hil
137 1400 178 1422 est
205 1394 442 1430 praecipiendum:
479 1394 524 1420 illa
550 1395 622 1420 enim
649 1394 707 1429 ipsa
732 1398 872 1428 praecepta

72 1437 148 1460 sunt:
176 1441 225 1459 nec
240 1440 407 1467 quemquam
422 1431 471 1458 hoc
482 1440 570 1458 errore
582 1431 645 1458 duci
661 1435 777 1466 oportet,
794 1436 835 1462 ut,
849 1431 873 1457 si

71 1470 139 1506 quid
160 1469 280 1496 Socrates
296 1474 342 1496 aut
356 1469 513 1504 Aristippus
532 1474 621 1495 contra
638 1477 739 1495 morem
759 1477 874 1495 consue-

70 1507 251 1542 tudinemque
266 1506 375 1533 civilem
393 1506 505 1533 fecerint
521 1506 637 1533 locutive
649 1507 716 1537 sint,
735 1506 807 1532 idem
819 1506 872 1532 sibi

72 1545 218 1572 arbitretur
239 1544 329 1571 licere.
370 1544 475 1580 Magnis
491 1543 531 1570 illi
548 1548 574 1570 et
589 1544 693 1570 divinis
709 1544 787 1570 bonis
805 1543 873 1569 hanc

72 1582 208 1609 licentiam
227 1581 451 1617 assequebantur.
492 1581 655 1617 Cynicorum
671 1590 733 1607 vero
744 1582 810 1607 ratio
822 1585 873 1607 tota

71 1624 112 1647 est
131 1619 279 1646 eiicienda:
306 1623 348 1646 est
370 1620 443 1645 enim
463 1619 574 1645 inimica
595 1618 788 1650 verecundiae,
814 1619 873 1645 sine

71 1666 125 1693 qua
143 1656 212 1683 nibil
229 1661 331 1683 rectum
347 1664 406 1682 esse
422 1660 522 1691 potest,
536 1655 604 1682 nihil
618 1656 772 1683 honestum.
816 1657 871 1682 ⁴49.

70 1695 124 1722 Eos
139 1698 243 1725 autem,
261 1702 377 1729 quorum
394 1694 449 1720 vita
463 1698 604 1728 perspecta
616 1694 643 1720 in
658 1693 740 1720 rebus
752 1693 873 1720 honestis

71 1736 151 1767 atque
171 1732 278 1767 magnis
298 1736 348 1763 est,
370 1731 439 1757 bene
460 1731 494 1757 de
517 1730 657 1766 republica
677 1732 824 1758 sentientes
844 1740 874 1757 ac

70 1769 140 1796 bene
161 1770 270 1796 meritos
293 1773 340 1795 aut
360 1772 507 1800 merentes,
524 1769 595 1795 sicut
610 1767 702 1804 aliquo
718 1768 817 1795 honore
829 1773 874 1795 aut

71 1807 187 1842 imperio
207 1806 327 1837 affectos,
350 1806 492 1832 observare
507 1810 533 1832 et
547 1805 634 1832 colere
651 1806 797 1838 debemus,
826 1807 874 1832 tri—

71 1844 155 1871 buere
166 1844 246 1870 etiam
259 1843 375 1870 multum
387 1844 532 1870 senectuti:
555 1843 650 1870 cedere
662 1844 708 1874 iis.
726 1844 775 1879 qui
787 1844 875 1879 magi-

71 1886 183 1908 stratum
199 1881 352 1907 habebunt:
376 1880 475 1907 habere
485 1880 620 1907 delectum
635 1881 704 1907 civis
716 1885 742 1907 et
753 1882 875 1917 peregri-

71 1920 114 1946 ni:
136 1919 165 1945 in
181 1918 294 1953 ipsoque
310 1918 465 1953 peregrino,
483 1919 646 1952 privatimne
661 1927 694 1944 an
706 1918 816 1953 publice
828 1927 874 1945 ve-

72 1956 155 1988 nerit;
174 1955 208 1982 ad
219 1963 365 1986 summam,
379 1963 412 1981 ne
423 1963 501 1990 agam
512 1954 545 1980 de
559 1954 687 1990 singulis,
700 1963 873 1982 communem

72 1994 154 2021 totius
171 1993 279 2029 generis
295 1992 437 2019 hominum
453 1991 670 2018 conciliationem
690 1997 716 2019 et
735 1994 875 2020 consocia-

72 2031 173 2058 tionem
188 2029 289 2061 colere,
308 2029 391 2060 tueri.
409 2037 516 2055 servare
532 2028 674 2055 debemus.
715 2029 796 2057 XLII.
816 2032 872 2057 450.

72 2069 128 2095 Iam
143 2067 176 2094 de
192 2069 313 2101 artificiis
327 2071 354 2094 et
369 2067 530 2101 quaestibus,
545 2066 594 2101 qui
606 2065 732 2093 liberales
744 2067 871 2098 habendi,

72 2106 121 2141 qui
136 2105 240 2132 sordidi
256 2105 323 2136 sint,
342 2104 407 2130 haec
417 2103 471 2130 fere
483 2104 648 2138 accepimus.
690 2105 809 2131 Primum
822 2105 875 2131 im-

72 2142 222 2178 probantur
236 2143 256 2168 ii
272 2146 416 2177 quaestus,
434 2141 483 2176 qui
502 2141 529 2167 in
545 2140 606 2168 odia
623 2141 764 2168 hominum
783 2143 875 2168 incur-

72 2184 148 2211 runt,
167 2184 197 2206 ut
207 2179 380 2214 portitorum,
394 2183 424 2205 ut
435 2177 625 2205 feneratorum.
666 2178 814 2205 Illiberales
825 2188 875 2206 au-

72 2222 127 2245 tem
150 2221 177 2243 et
200 2216 304 2243 sordidi
333 2220 462 2251 quaestus
488 2216 714 2242 mercenariorum
739 2217 872 2248 omnium,

72 2262 188 2290 quorum
202 2262 312 2288 operae,
330 2262 382 2280 non
397 2257 466 2279 artes
482 2257 618 2280 emuntur.
659 2253 789 2280 Estenim
802 2255 829 2280 in
842 2253 875 2280 il-

73 2291 107 2319 lis
128 2292 186 2326 ipsa
208 2299 310 2317 merces
329 2294 560 2317 auctoramentum
576 2291 726 2318 servitutis.
766 2291 874 2318 Sordidi

72 2329 154 2357 etiam
170 2328 296 2364 putandi,
314 2329 362 2364 qui
378 2331 532 2354 mercantur
546 2336 560 2353 a
580 2328 787 2360 mercatoribus,
801 2328 874 2364 quod

72 2367 164 2394 statim
186 2366 312 2393 vendant.
354 2365 428 2391 Nihil
450 2365 523 2391 enim
539 2365 693 2400 proficiant.
711 2367 764 2392 nisi
780 2366 875 2392 admo-

72 2403 140 2431 dum
155 2404 330 2430 mentiantur.
353 2403 409 2429 Nec
421 2410 483 2428 vero
494 2406 535 2429 est
545 2402 697 2437 quidquam
709 2404 816 2438 turpius
828 2412 875 2429 va-

73 2442 164 2468 nitate.
205 2440 377 2476 Opificesque
388 2448 482 2466 ornnes
494 2439 520 2465 in
532 2439 640 2466 sordida
652 2444 706 2466 arte
718 2445 872 2467 versantur:

73 2486 122 2505 nec
137 2479 210 2505 enim
220 2478 372 2513 quidquam
384 2478 534 2513 ingenuum
550 2476 647 2503 babere
659 2482 745 2511 potest
755 2477 872 2504 officina.

72 2516 240 2551 Minimeque
256 2520 326 2542 artes
340 2523 386 2542 eae
398 2513 566 2550 probandae,
580 2522 650 2550 quae
662 2515 800 2541 ministrae
811 2519 875 2542 sunt

72 2551 252 2587 voluptatum,

129 2592 230 2621 cetarii,
243 2592 316 2622 Ιιιπιϊ,
332 2592 414 2624 coqui,
425 2591 544 2624 sarturas.
558 2591 708 2622 piscatores,

73 2631 103 2654 ut
113 2627 151 2654 ait
160 2627 312 2655 Terentius.
352 2626 429 2654 Adde
440 2627 506 2658 huc,
519 2627 543 2653 si
555 2626 655 2661 placet,
668 2627 872 2662 unguentarios,

72 2663 225 2692 saltatores.
247 2669 388 2701 totumque
404 2663 499 2692 ludum
511 2663 646 2692 talariam.
689 2665 745 2691 ⁴54.
767 2663 874 2697 Quibus

951 128 970 153 I.
1002 127 1053 154 CA
1066 129 1093 155 Ρ.
1125 130 1156 155 38
1177 144 1212 149 —-
1235 130 1275 156 44.
1660 136 1721 160 {2:⁷¹7

923 203 1012 225 autem
1032 199 1135 225 artibus
1156 204 1201 226 aut
1222 199 1363 234 prudentia
1385 203 1469 227 maior
1490 202 1571 233 inest,
1604 208 1649 229 aut
1671 213 1722 230 non

924 236 1066 262 mediocris
1087 236 1189 262 utilitas
1209 238 1360 272 quaeritur,
1378 243 1407 264 ut
1424 238 1571 269 medicina,
1590 245 1617 266 ut
1634 241 1723 267 archi—

924 278 1037 304 tectura,
1055 279 1083 300 ut
1102 274 1220 300 doctrina
1237 284 1326 301 rerum
1343 275 1528 306 honestarum,
1547 285 1592 302 eae
1602 283 1665 303 sunt
1678 279 1720 307 iis,

923 319 1039 344 quorum
1068 311 1156 337 ordini
1182 313 1359 342 conveniunt,
1389 313 1524 339 honestae.
1574 314 1721 341 Mercatura

926 353 1024 377 autem,
1039 349 1062 374 si
1074 350 1163 374 tenuis
1177 355 1225 379 est,
1242 349 1348 375 sordida
1364 351 1480 384 putanda
1496 356 1548 377 est:
1571 352 1612 377 sin
1627 360 1723 385 magna

925 389 949 410 et
964 386 1085 419 copiosa,
1104 386 1185 412 multa
1199 387 1319 421 undique
1334 392 1486 421 apportans,
1502 388 1649 423 multisque
1664 385 1723 416 sine

925 425 1040 448 vanitate
1057 423 1227 457 impertiens,
1246 433 1298 450 non
1314 430 1354 450 est
1369 425 1515 451 admodum
1528 426 1720 460 vituperanda:

925 464 1005 494 atque
1021 461 1113 489 etiam,
1134 462 1158 486 si
1173 462 1265 487 satiata
1281 467 1408 496 quaestu,
1429 462 1470 488 vel
1487 468 1608 489 contenta
1621 465 1720 498 potius,

925 501 953 522 ut
969 505 1048 531 saepe
1064 497 1160 523 exalto
1173 500 1198 524 in
1212 504 1331 532 portum,
1350 507 1382 525 ex
1399 500 1457 533 ipso
1473 505 1550 534 portu
1566 501 1592 526 in
1605 510 1682 534 agros
1694 510 1723 528 se

924 535 1162 569 possessionesque
1178 536 1332 566 contulerit,
1351 536 1459 562 videtur
1475 538 1531 563 iure
1547 534 1648 571 optimo
1661 547 1724 573 pos-

925 579 953 597 se
966 571 1079 598 laudari.
1101 573 1230 598 Omnium
1245 578 1332 599 autem
1346 582 1444 603 rerum,
1459 583 1492 600 ex
1503 575 1604 608 quibus
1617 575 1721 610 aliquid

926 610 1082 643 acquiritur,
1107 610 1227 636 niliilest
1247 610 1409 645 agricultura
1432 611 1542 641 melius,
1566 612 1633 638 nibil
1655 613 1723 639 ube-

926 647 994 675 rius,
1014 646 1082 672 nihil
1095 646 1217 677 dulcius,
1236 647 1304 673 niliil
1316 648 1423 674 homine
1438 649 1520 674 libero
1532 649 1655 681 dignius:
1689 650 1723 676 de

925 692 976 717 qua
993 685 1121 718 quoniam
1139 685 1165 710 in
1185 685 1278 710 Catone
1297 688 1392 711 maiore
1411 687 1475 711 satis
1492 682 1573 712 multa
1589 686 1720 717 diximus.

926 720 1000 746 illinc
1013 730 1144 751 assumeS,
1161 730 1230 756 quae
1242 722 1274 748 ad
1290 722 1361 748 hunc
1375 722 1461 749 locum
1473 724 1654 757 pertinebunt.

980 758 1070 784 XLIII.
1097 760 1151 785 152.
1174 759 1225 785 Sed
1242 760 1275 785 ab
1292 760 1324 785 iis
1338 760 1472 794 partibus,
1485 770 1554 794 quae
1565 767 1627 787 suut
1639 762 1722 788 lione-

925 797 1014 826 statis,
1033 796 1262 830 quemadmodum
1280 796 1367 823 oflicia
1379 797 1549 827 ducerentur,
1563 799 1627 824 satis
1639 808 1722 833 expo-

926 833 1008 858 situm
1021 832 1136 859 videtur⁴
1173 834 1273 860 Eorum
1285 839 1373 860 autem
1387 835 1517 868 ipsorum,
1531 844 1600 869 quae
1613 836 1722 862 honesta

926 875 1002 900 sunt,
1030 875 1116 904 potest
1139 871 1257 897 incidere
1280 880 1360 906 saepe
1382 873 1515 898 contentio
1539 877 1564 898 et
1584 881 1723 907 compara-

926 908 975 938 tio,
993 910 1023 933 de
1041 910 1137 933 duobus
1152 910 1261 934 honestis
1284 914 1369 934 utrum
1388 911 1529 935 honestius:
1555 911 1601 944 qui
1620 909 1693 936 locus
1709 920 1722 937 a

926 945 1050 971 Panaetio
1070 949 1110 970 est
1131 946 1347 980 praetermissus.
1389 947 1455 972 Nam
1470 955 1555 981 quum
1571 948 1659 973 omnis
1676 948 1723 974 ho-

926 987 1015 1008 nestas
1037 987 1126 1009 manet
1146 992 1159 1008 a
1182 983 1304 1017 partibus
1320 988 1459 1018 quattuor,
1481 992 1596 1018 quarum
1621 993 1672 1010 una
1689 986 1724 1012 sit

927 1020 1103 1055 cognitioniS,
1121 1019 1201 1046 altera
1217 1021 1432 1050 communitatis,
1451 1022 1525 1047 tertia
1543 1023 1724 1055 magnanimi-

927 1058 1003 1088 tatis,
1024 1062 1118 1092 quarta
1135 1057 1339 1084 moderationis:
1371 1067 1416 1084 eae
1434 1059 1460 1084 in
1477 1058 1620 1093 deligendo
1636 1059 1724 1086 officio

925 1103 1006 1129 saepe
1026 1095 1094 1121 inter
1109 1103 1137 1121 se
1149 1100 1337 1129 comparentur
1352 1104 1460 1121 necesse
1472 1101 1521 1122 est.
1566 1098 1620 1122 453.
1637 1096 1725 1122 Placet

927 1133 1023 1167 igitur,
1041 1132 1141 1167 aptiora
1157 1141 1216 1158 esse
1234 1138 1342 1159 naturae
1359 1142 1388 1158 ea
1405 1133 1507 1164 officia,
1525 1142 1594 1168 quae
1606 1142 1638 1159 ex
1651 1142 1725 1159 com-

926 1170 1066 1200 munitate,
1080 1178 1162 1204 quam
1178 1178 1217 1200 ea,
1231 1179 1300 1204 quae
1312 1178 1345 1196 ex
1356 1171 1508 1205 cognitione
1520 1170 1666 1197 ducantur:
1684 1171 1725 1197 id-

925 1215 978 1242 que
991 1207 1040 1233 hoc
1052 1212 1210 1242 argumento
1224 1208 1375 1233 confirmari
1388 1212 1483 1242 potest.
1514 1208 1590 1239 Quod
1605 1209 1627 1234 si
1639 1210 1724 1234 conti-

925 1245 994 1279 gerit
1009 1253 1038 1270 ea
1056 1245 1110 1270 vita
1121 1245 1250 1279 sapienti,
1270 1250 1298 1271 ut
1314 1246 1340 1270 in
1352 1246 1474 1271 omnium
1490 1254 1578 1271 rerum
1591 1244 1724 1272 affluenti-

925 1282 977 1308 bus
996 1282 1096 1316 copiis,
1118 1283 1244 1317 quamvis
1263 1283 1367 1312 omnia,
1391 1291 1459 1316 quae
1474 1283 1625 1317 cognitione
1642 1283 1724 1318 digna

925 1323 1001 1350 sunt,
1027 1328 1134 1345 summo
1150 1320 1204 1346 otio
1226 1328 1317 1345 secum
1337 1320 1392 1355 ipse
1403 1320 1589 1346 consider-etet
1605 1325 1724 1346 contem-

925 1356 1027 1392 pletur:
1056 1361 1157 1387 tamen,
1175 1357 1198 1383 si
1215 1357 1331 1383 solitudo
1346 1362 1415 1383 tanta
1428 1358 1475 1386 sit,
1494 1362 1522 1383 ut
1535 1357 1669 1383 bominem
1684 1359 1725 1383 vi-

925 1394 987 1420 dere
1000 1403 1051 1420 non
1067 1395 1160 1429 possit,
1173 1394 1285 1420 excedat
1296 1404 1309 1420 e
1323 1395 1385 1421 vita.
1408 1395 1590 1429 Princepsque
1601 1395 1723 1420 omnium

926 1432 1056 1458 virtutum
1070 1430 1129 1468 [est]
1144 1432 1188 1458 illa
1200 1432 1345 1466 sapientia,
1366 1441 1446 1466 quam
1459 1433 1558 1466 σοφίην
1569 1432 1664 1458 Graeci
1678 1441 1724 1458 vo-

925 1473 998 1495 cant:
1020 1472 1183 1502 prudentiam
1195 1471 1278 1499 enim,
1291 1478 1372 1504 quam
1385 1470 1479 1495 Graeci
1491 1469 1629 1504 (φρόνησιν,
1644 1469 1724 1495 aliam

925 1506 1071 1542 quamdam
1093 1507 1285 1542 intelligimus,
1318 1515 1386 1541 quae
1403 1512 1442 1533 est
1466 1516 1551 1531 rerum
1570 1509 1724 1539 expete-mtu-

924 1553 982 1570 rum
1003 1547 1234 1578 fugiendarumque
1255 1546 1370 1570 scientia.
1411 1544 1456 1570 Illa
1478 1548 1566 1570 autem
1587 1547 1723 1576 sapientia,

924 1590 1006 1617 quam
1023 1582 1173 1616 principem
1188 1581 1260 1611 dixi,
1279 1591 1363 1608 rerum
1377 1586 1416 1607 est
1430 1584 1576 1607 divinorum
1590 1587 1666 1614 atque
1679 1584 1725 1606 Ιιιι-

924 1628 1060 1645 manarum
1091 1622 1212 1650 scientia,
1253 1619 1279 1645 in
1310 1628 1363 1654 qua
1386 1620 1537 1645 continetur
1563 1618 1674 1644 deorum
1700 1624 1725 1645 et

927 1657 1067 1683 hominum
1093 1657 1273 1683 communitas
1294 1661 1319 1682 et
1340 1657 1451 1682 societas
1474 1657 1541 1682 iuter
1563 1656 1645 1690 ipsos.
1689 1656 1724 1681 Ειι

925 1695 948 1720 si
973 1695 1090 1720 maxima
1111 1699 1164 1725 est,
1187 1699 1217 1720 ut
1236 1698 1288 1724 est,
1321 1699 1390 1720 certe
1412 1702 1520 1720 necesse
1541 1698 1594 1722 est,
1617 1693 1689 1727 quod
1711 1702 1725 1719 a

924 1732 1117 1758 communitate
1138 1731 1252 1758 ducatur
1272 1730 1407 1761 officium,
1435 1730 1461 1757 id
1482 1739 1541 1757 esse
1563 1731 1723 1757 maximum.

926 1770 1032 1796 Etenim
1066 1769 1184 1804 cognitio
1214 1768 1458 1803 contemplatioque
1489 1772 1599 1794 naturae
1630 1777 1723 1794 manca

925 1806 1042 1842 quodam
1064 1806 1143 1833 modo
1163 1811 1242 1841 atque
1260 1806 1381 1832 inchoata
1397 1806 1445 1836 sit,
1467 1806 1491 1831 si
1508 1805 1580 1831 nulla
1597 1806 1664 1831 actio
1684 1814 1725 1831 rc-

926 1853 985 1871 rum
997 1848 1186 1879 consequatur.
1228 1844 1264 1869 Ea
1276 1848 1364 1870 autem
1378 1844 1446 1870 actio
1461 1844 1487 1869 in
1500 1842 1640 1869 bominum
1652 1852 1726 1869 com-

927 1881 1013 1908 modis
1049 1881 1157 1908 tuendis
1187 1881 1305 1907 maxime
1333 1881 1466 1907 cernitur:
1502 1880 1617 1914 pertinet
1643 1881 1726 1915 igitur

926 1919 959 1946 ad
980 1920 1134 1946 societatem
1150 1919 1257 1954 generis
1275 1918 1399 1944 humani:
1435 1926 1497 1952 ergo
1515 1917 1578 1943 haec
1594 1918 1726 1953 cognitio-

927 1957 954 1983 ni
968 1956 1153 1991 anteponenda
1165 1961 1214 1982 est.
1240 1957 1295 1982 ⁴54.
1304 1957 1388 1990 Atque
1402 1955 1428 1982 id
1439 1956 1558 1990 optimus
1569 1956 1687 1990 quisque
1699 1964 1726 1981 re

927 1995 984 2029 ipsa
1001 1993 1118 2020 ostendit
1133 1998 1159 2020 et
1174 1993 1284 2020 iudicat.
1325 1993 1392 2025 Quis
1404 1998 1444 2019 est
1455 1993 1527 2018 enim
1541 1997 1592 2018 tam
1607 1992 1724 2027 cupidus

927 2032 954 2058 in
969 2031 1157 2066 perspicienda
1173 2030 1413 2066 cognoscendaque
1430 2039 1518 2056 rerum
1531 2035 1637 2059 initura,
1652 2035 1688 2059 ut,
1702 2032 1725 2055 si

926 2069 965 2098 ei.
983 2068 1105 2095 tractanti
1120 2068 1368 2103 contemplantique
1379 2076 1420 2094 res
1431 2068 1583 2103 cognitione
1595 2067 1726 2102 dignissi-

927 2114 998 2136 mas,
1015 2105 1106 2131 subito
1122 2106 1157 2131 sit
1174 2105 1284 2131 allatum
1301 2105 1452 2139 periculum
1465 2104 1666 2138 discrimenque
1678 2113 1725 2138 pa-

927 2143 1005 2173 triae,
1037 2143 1081 2168 cui
1102 2142 1249 2168 subvenire
1267 2142 1449 2177 opitularique
1470 2142 1568 2176 possit.
1604 2150 1655 2167 non
1681 2141 1724 2167 illa

926 2180 1015 2206 omnia
1037 2178 1171 2214 relinquat
1186 2184 1266 2213 atquc
1282 2179 1404 2208 abiiciat,
1422 2180 1502 2205 etiam
1519 2179 1542 2204 si
1554 2178 1724 2204 dinumeran-

926 2225 954 2243 se
969 2215 1061 2242 stellas
1077 2221 1122 2242 aut
1137 2217 1224 2242 metiri
1245 2216 1339 2242 mundi
1359 2216 1573 2251 magnitudinem
1591 2224 1668 2249 posse
1682 2225 1723 2241 ar-

928 2253 1059 2280 bitretur‘?
1083 2253 1169 2288 Atque
1186 2253 1235 2279 hoc
1248 2253 1318 2278 idem
1332 2254 1357 2279 in
1371 2254 1497 2288 parentis.
1513 2254 1538 2278 iu
1551 2254 1630 2278 auiici
1643 2261 1668 2278 rc
1680 2258 1723 2278 aut

927 2290 1046 2326 periculo
1057 2289 1158 2316 fecerit.
1202 2291 1256 2316 ⁴55.
1276 2290 1382 2322 Quibus
1393 2290 1474 2316 rebus
1487 2289 1654 2323 intelligitur.
1667 2295 1725 2316 stu-

925 2329 979 2354 diis
994 2327 1146 2362 officiisque
1161 2328 1289 2353 scientiae
1305 2327 1493 2362 praeimuenda
1508 2335 1566 2353 esse
1581 2327 1669 2353 osticia
1683 2328 1724 2353 iu-

926 2366 1029 2396 stitiae,
1053 2374 1122 2400 quae
1139 2365 1271 2400 pertinent
1288 2364 1320 2390 ad
1339 2364 1477 2391 Ιιοιιιίιιιιιιι
1494 2366 1643 2391 caritatem:
1671 2373 1723 2399 qua

928 2403 995 2429 niliil
1023 2402 1126 2428 homini
1151 2410 1209 2428 csso
1231 2401 1309 2427 debet
1333 2403 1481 2436 antiquius.
1526 2402 1614 2427 XLIV.
1639 2402 1724 2436 Atque

928 2440 966 2466 illi
976 2461 981 2470 ,
999 2448 1115 2474 quorum
1128 2439 1216 2466 studia
1230 2440 1338 2473 vitaque
1349 2440 1437 2465 omnis
1454 2440 1478 2464 iu
1491 2448 1579 2464 rerum
1592 2440 1723 2474 coguitio-

927 2486 959 2503 ιιι·
976 2482 1079 2503 versata
1096 2482 1148 2507 cst,
1168 2482 1255 2503 tamen
1271 2476 1304 2502 ab
1321 2476 1453 2511 augendis
1470 2476 1609 2502 Ιιοιιιιιιιιιιι
1623 2476 1723 2502 ιιιιΙίιιι-

927 2514 1000 2541 tibus
1015 2519 1040 2541 et
1055 2514 1205 2541 commodis
1224 2522 1274 2540 uon
1293 2519 1470 2539 recesserunt.
1513 2514 1578 2539 Nam
1595 2519 1619 2539 ct
1631 2513 1724 2539 crudi-

927 2556 1023 2578 verunt
1039 2551 1151 2582 multos,
1169 2560 1222 2586 quo
1233 2551 1356 2577 meliores
1367 2552 1442 2576 circs
1454 2550 1630 2585 utilioresque
1643 2551 1724 2576 rebus

926 2589 984 2615 suis
1005 2589 1123 2624 publicis
1143 2593 1245 2615 essent:
1278 2593 1307 2614 ut
1328 2588 1485 2614 Thebanum
1510 2587 1723 2623 Epaminondam

928 2627 1006 2662 Lysis
1025 2626 1221 2662 Pythagoreus.
1239 2625 1413 2662 Syracusium
1426 2626 1535 2651 Dionem
1548 2625 1633 2655 Plato,
1652 2625 1723 2651 niul-

927 2664 1000 2699 tique
1012 2663 1124 2690 multos:
1149 2671 1250 2699 nosque
1263 2663 1325 2698 ipsi,
1337 2662 1473 2698 quidquid
1484 2662 1517 2689 ad
1527 2662 1723 2698 rempublicam
