1941 3052
407 156 592 184 ORATIO
625 155 714 183 PRO
746 156 781 182 M.
817 155 1010 182 CAELIO.

74 228 243 255 manumissi.
256 243 293 247 —
304 227 421 255 Tandem
438 227 542 263 aliquid
555 228 719 258 invenimus,
735 227 808 262 quod
820 227 870 253 ista

73 265 171 292 mulier
191 265 223 291 de
239 274 349 291 suorum
365 266 588 300 propinquorum,
607 264 813 292 fortissimorum
830 265 871 291 vi-

73 311 177 333 rorum,
198 303 328 329 sententia
352 307 431 337 atque
457 303 611 329 auctoritate
636 301 731 329 fecisse
756 302 869 329 dicatur.

73 340 126 367 Sed
137 341 205 366 scire
216 340 304 375 cupio,
313 340 380 374 quid
392 340 486 366 habeat
497 341 648 375 argumenti
659 339 710 366 ista
721 340 872 366 manumis-

73 377 126 404 sio:
149 377 176 404 in
187 386 240 412 qua
252 382 297 403 aut
307 378 408 404 crimen
420 382 460 404 est
467 377 555 404 Caelio
565 378 729 412 quaesitum,
738 381 783 403 aut
789 385 872 412 quae-

73 415 124 441 stio
139 414 244 441 sublata
259 419 305 441 aut
321 415 465 441 multarum
482 424 571 441 rerum
587 415 702 441 consciis
713 415 799 441 servis
809 422 871 440 cum

73 460 168 478 caussa
187 453 338 487 praemium
354 452 531 487 persolutum.
545 467 580 472 —
592 452 624 478 At
638 453 799 487 propinquis
814 451 872 486 pla-

72 490 137 516 cuit.
155 504 192 509 —
208 489 261 516 Cur
277 498 330 516 non
346 490 470 524 placeret,
488 499 573 525 quum
585 498 641 516 rem
653 494 708 516 tute
719 489 751 515 ad
764 498 807 515 eos
820 497 871 515 non

73 526 105 553 ab
122 526 182 553 aliis
197 527 246 553 tibi
263 526 378 558 allatam,
398 527 445 554 sed
460 536 474 553 a
490 532 515 553 te
526 528 584 562 ipsa
595 531 758 561 compertam
770 526 872 553 deferre

72 563 194 590 diceres?
223 566 263 590 69.
281 565 329 590 Hic
344 565 422 591 etiam
439 565 576 596 miramur,
594 565 618 590 si
629 564 703 590 illam
714 563 873 590 commenti—

73 601 137 628 tiam
153 601 281 637 pyxidem
296 602 488 628 obscenissima
499 602 534 628 sit
545 601 635 628 fabula
646 600 805 628 consecuta?
825 601 873 627 Ni-

73 639 110 664 hil
129 643 177 670 est,
191 639 263 674 quod
274 639 302 666 in
316 639 449 666 eiusmodi
461 639 601 665 mulierem
612 647 664 665 non
675 638 769 664 cadere
780 637 872 664 videa-

73 681 127 704 tur.
166 676 264 703 Audita
275 680 301 702 et
311 676 490 711 percelebrata
502 676 672 703 sermonibus
683 684 725 702 res
737 680 786 702 est.
808 676 872 701 Per-

72 714 162 748 cipitis
183 714 290 745 animis,
313 713 425 745 iudices
444 713 617 744 iamdudum,
634 713 701 747 quid
717 712 809 743 velim,
829 711 870 738 vel

72 752 172 785 potius,
189 751 256 785 quid
272 750 354 777 nolim
365 751 462 777 dicere.
502 750 579 783 Quod
590 751 696 776 etiamsi
708 755 748 776 est
760 749 868 779 factum,

72 793 142 815 certe
157 797 171 814 a
188 788 276 815 Caelio
291 796 343 814 non
360 792 400 814 est
415 788 528 814 factum:
552 787 618 822 quid
638 788 710 814 enim
726 787 872 813 attinebat‘?

72 825 120 852 Est
139 826 211 852 enim
226 825 259 851 ab
274 824 365 860 aliquo
381 824 490 851 fortasse
505 825 681 856 adolescente,
700 833 752 851 non
765 829 817 851 tam
829 825 871 851 in-

72 863 156 894 sulso,
179 871 261 897 quam
277 871 329 889 non
345 862 505 889 verecundo.
547 862 594 889 Sin
611 866 700 888 autem
716 867 757 888 est
767 862 868 893 fictum,

72 909 124 927 non
135 899 204 926 illud
215 899 325 935 quidem
339 899 491 931 molestum,
505 899 552 925 sed
564 904 652 926 tamen
664 904 704 926 est
716 908 767 926 non
779 899 871 926 infice-

72 941 130 964 tum
145 936 328 969 mendacium,
351 937 424 972 quod
440 937 557 972 profecto
567 946 717 972 numquam
729 937 870 964 hominum
891 955 899 976 ¹,

71 983 159 1001 sermo
179 979 259 1009 atque
279 975 370 1009 opinio
384 975 593 1009 comprobasset,
612 975 665 1000 nisi
680 975 783 1006 omnia,
802 983 870 1009 quae

71 1020 134 1038 curn
149 1011 316 1047 turpitudine
331 1012 419 1047 aliqua
436 1012 596 1043 dicerentur,
611 1012 638 1038 in
649 1013 728 1039 istam
739 1012 870 1047 quadrare

72 1053 132 1085 apte
144 1049 308 1076 viderentur.

126 1088 168 1113 70.
191 1087 265 1113 Dicta
285 1090 325 1113 est
345 1095 358 1112 a
379 1095 421 1113 me
441 1095 550 1118 caussa,
569 1086 681 1117 iudices,
698 1090 724 1112 et
739 1090 869 1120 perorata.

72 1125 125 1150 Iam
138 1124 297 1160 intelligitis,
315 1128 446 1159 quantum
457 1124 590 1151 iudicium
604 1124 769 1155 sustineatis,
783 1132 871 1158 quan-

72 1167 96 1188 ta
113 1170 154 1188 res
166 1162 201 1187 sit
211 1162 355 1188 commissa
366 1161 455 1188 vobis.
495 1163 531 1188 De
543 1162 569 1189 vi
581 1162 724 1197 quaeritis:
747 1169 816 1196 quae
829 1161 871 1187 lex

71 1198 105 1225 ad
127 1199 282 1234 imperium,
306 1198 339 1225 ad
354 1199 528 1231 maiestatem,
546 1199 580 1226 ad
594 1203 693 1226 statum
710 1199 819 1233 patriae,
838 1198 871 1224 ad

71 1236 186 1263 salutem
207 1237 328 1263 omnium
349 1237 476 1271 pertinet3
510 1245 591 1272 quam
608 1236 694 1272 legem
710 1235 741 1268 Q.
760 1235 871 1263 Catulus

72 1278 171 1300 armata
182 1273 350 1300 dissensione
362 1274 463 1300 civium
474 1274 637 1309 reipublicae
650 1282 732 1309 paene
744 1274 871 1300 extremis

72 1311 239 1346 temporibus
260 1311 334 1343 tulit,
365 1319 488 1346 quaeque
509 1311 566 1342 lex,
590 1311 680 1338 sedata
700 1311 746 1337 illa
766 1310 872 1337 flamma

71 1348 228 1375 consulatus
249 1349 311 1379 mei,
329 1347 463 1375 fumantes
479 1348 606 1383 reliquias
622 1349 814 1375 coniurationis
826 1357 873 1375 ex-

72 1386 178 1412 stinxit.
223 1386 276 1412 Hac
297 1386 369 1412 enim
390 1385 448 1421 lege
469 1386 551 1412 Caelii
572 1386 750 1412 adolescentia
771 1394 823 1412 non
839 1385 872 1412 ad

73 1423 238 1458 reipublicae
253 1431 360 1457 poenas,
379 1423 426 1449 sed
441 1423 474 1449 ad
490 1423 611 1450 mulieris
630 1423 757 1450 libidines
768 1427 794 1449 et
805 1423 873 1449 deli-

72 1461 127 1487 cias
148 1460 312 1495 deposcitur.
344 1460 434 1487 XXX.
450 1462 492 1487 7l.
510 1461 598 1496 Atque
614 1461 663 1487 hoc
674 1461 754 1487 etiam
767 1460 824 1487 loco
835 1461 870 1486 M.

73 1498 203 1525 Camurtii
227 1501 253 1524 et
278 1497 306 1524 C.
329 1497 464 1524 Caesernii
484 1498 619 1525 damnatio
640 1497 817 1533 praedicatur.
840 1497 870 1529 O,

73 1535 251 1562 stultitiamne
280 1535 382 1567 dicam,
409 1543 444 1562 an
467 1535 664 1570 impudentiam
689 1535 871 1569 singularem!

72 1572 229 1603 Audetisne,
252 1580 338 1607 quum
354 1573 386 1598 ab
401 1581 430 1598 ea
446 1573 559 1599 muliere
575 1574 697 1604 veniatis,
712 1572 797 1599 facere
808 1573 872 1599 isto-

72 1618 134 1636 rum
155 1610 295 1637 hominum
317 1610 498 1636 mentionem?
522 1610 661 1637 audetisne
676 1611 791 1636 excitare
807 1610 872 1637 tanti

73 1646 166 1683 flagitii
183 1647 347 1678 memoriam,
366 1656 417 1674 non
433 1648 591 1674 exstinctam
604 1648 677 1674 illam
691 1648 812 1682 quidem,
826 1647 872 1673 sed

73 1693 222 1720 repressam
243 1684 392 1711 vetustate?
420 1684 479 1717 Quo
499 1686 570 1711 enim
592 1684 630 1711 illi
652 1685 764 1711 crimine
781 1694 873 1720 pecca-

73 1726 154 1757 toque
174 1721 330 1757 perierunt?
353 1731 459 1757 nempe,
473 1722 545 1758 quod
557 1722 678 1749 eiusdem
691 1722 814 1749 mulieris
826 1722 873 1749 do-

74 1758 156 1786 lorem
177 1764 203 1785 et
220 1759 347 1786 iniuriam
358 1760 480 1786 Vettiano
491 1759 592 1787 nefario
603 1765 666 1786 sunt
677 1765 771 1796 stupro
782 1768 874 1795 perse-

73 1797 138 1824 cuti.
178 1797 257 1832 Ergo,
274 1801 303 1823 ut
324 1797 462 1824 audiretur
478 1798 557 1824 Vettii
573 1806 670 1824 nomen
687 1798 714 1824 in
725 1806 830 1829 caussa,
844 1802 874 1824 ut

73 1834 119 1861 illa
139 1838 217 1861 vetus
228 1833 335 1861 Afrania
354 1834 445 1862 sabula
461 1834 637 1867 refricaretur,
652 1835 750 1862 idcirco
762 1835 874 1862 Camur-

73 1871 104 1898 tii
115 1875 141 1898 et
152 1871 286 1899 Caesernii
301 1880 396 1898 caussa
411 1877 451 1899 est
467 1872 610 1899 renovata?
633 1873 690 1908 qui,
707 1881 873 1908 quamquam

75 1908 132 1945 lege
152 1909 185 1936 de
206 1909 233 1935 vi
253 1913 323 1936 certe
339 1918 391 1936 non
407 1910 574 1941 tenebantur,
592 1918 623 1937 eo
638 1910 768 1937 maleficio
785 1915 873 1937 tamen

73 1950 149 1973 erant
171 1945 311 1981 implicati,
329 1951 359 1973 ut
373 1955 407 1974 ex
418 1947 522 1974 nullius
539 1947 605 1984 legis
618 1947 721 1983 laqueis
734 1947 873 1974 emittendi

73 1983 239 2010 viderentur.
264 1984 308 2011 72.
326 1984 360 2010 M.
377 1993 439 2011 vero
456 1984 562 2011 Caelius
582 1985 668 2012 curin
681 1985 730 2012 hoc
742 1985 873 2012 iudicium

74 2019 201 2048 vocatur?
229 2021 273 2047 cui
286 2029 372 2056 neque
388 2022 526 2056 proprium
547 2022 658 2057 quidem
674 2023 775 2049 crimen
792 2031 876 2057 quae-

74 2058 170 2085 stionis
190 2057 324 2090 obiicitur,
342 2067 390 2085 nec
406 2067 468 2086 vero
482 2058 585 2094 aliquid
600 2059 742 2091 eiusmodi,
756 2059 829 2094 quod
840 2059 875 2086 sit

74 2104 88 2122 a
101 2095 158 2132 lege
170 2095 332 2126 seiunctum,
341 2100 366 2122 et
377 2104 438 2123 cum
446 2100 530 2123 vestra
538 2097 679 2123 severitate
685 2097 873 2124 coniunctum:

74 2133 152 2160 cuius
174 2133 260 2168 prima
281 2137 352 2160 aetas
369 2133 458 2160 dedita
473 2133 626 2169 disciplinis
644 2133 694 2160 fuit
709 2135 798 2169 iisque
813 2135 876 2161 arti-

75 2170 136 2201 buS,
159 2170 261 2206 quibus
282 2171 442 2197 instruimur
457 2170 490 2197 ad
506 2171 578 2198 hunc
590 2180 670 2198 usum
687 2170 829 2203 forensem,
843 2171 875 2198 ad

75 2207 268 2243 capessendam
283 2207 488 2243 rempublicam,
506 2208 538 2235 ad
550 2208 685 2240 honorem,
699 2209 821 2246 gloriam,
834 2208 876 2235 di-

75 2245 218 2281 gnitatem:
241 2245 274 2272 iis
286 2250 374 2271 autem
388 2245 439 2272 fuit
449 2246 573 2273 amicitiis
584 2246 715 2273 maiorum
727 2251 799 2278 natu,
808 2255 876 2281 quo-

77 2291 137 2310 rum
149 2283 247 2309 imitari
264 2283 422 2310 industriam
435 2283 680 2319 continentiamque
691 2284 807 2311 maxime
820 2283 877 2310 vel-

78 2319 122 2352 let,
145 2320 179 2347 iis
200 2319 353 2355 aequalium
371 2320 478 2351 studiis,
497 2325 526 2347 ut
540 2321 675 2352 eumdem,
688 2330 770 2356 quem
781 2321 875 2356 optimi

77 2365 108 2384 ec
129 2357 300 2389 nobilissimi,
321 2362 410 2393 petere
426 2367 535 2385 cursum
552 2357 640 2385 laudis
655 2358 800 2385 videretur.
832 2359 874 2384 73.

78 2393 168 2427 Quum
189 2400 278 2422 autom
294 2395 416 2430 paullum
432 2396 485 2422 iam
502 2395 603 2422 roboris
619 2396 775 2422 accessisset
786 2394 874 2426 aetati,

79 2432 107 2459 in
121 2431 238 2460 Africam
254 2432 389 2468 profectus
405 2437 453 2465 est,
467 2432 498 2465 Q.
512 2433 638 2467 Pompeio
649 2432 802 2468 proconsuli
814 2441 877 2460 con-

79 2468 236 2501 tubernalis,
248 2471 400 2498 castissimo
412 2471 469 2497 viro
480 2474 560 2506 atque
570 2470 658 2497 omnis
669 2469 749 2497 oflicii
761 2469 877 2506 diligen-

81 2506 199 2534 tissimo:
230 2508 258 2535 in
273 2516 327 2543 qua
342 2508 479 2543 provincia
494 2516 580 2543 quum
596 2516 637 2534 res
648 2512 722 2534 erant
733 2512 758 2534 et
770 2516 877 2542 posses-

82 2543 171 2571 siones
181 2548 314 2580 paternae,
333 2550 390 2573 tum
402 2546 480 2572 etiam
493 2554 559 2572 usus
571 2544 680 2580 quidam
693 2543 874 2580 provincialis,

83 2589 134 2607 non
149 2581 208 2607 sine
218 2590 312 2609 caussa
326 2591 340 2609 a
351 2583 498 2610 maioribus
510 2583 573 2609 huic
584 2583 795 2609 netatitributus.
818 2582 878 2608 Dis-

82 2618 163 2644 cessit
177 2617 251 2646 illiuc
261 2620 381 2656 Pompeii
396 2621 496 2647 iudicio
517 2620 732 2655 probatissimus,
751 2624 780 2646 ut
791 2619 877 2654 ipsius

84 2654 234 2684 testimonio
243 2658 418 2693 cognoscetis.
440 2657 531 2685 Voluit
542 2662 629 2684 vetere
641 2657 771 2688 instituto,
785 2665 876 2683 eorum

84 2690 294 2722 adolescentium
313 2695 446 2732 exemplo,
468 2696 517 2731 qui
537 2699 597 2731 post
612 2695 639 2722 in
655 2695 761 2722 civitate
777 2693 878 2721 sumini

1058 155 1077 182 C
1091 155 1112 182 Α
1127 156 1154 181 P.
1178 157 1210 182 25
1230 170 1266 175 —
1288 157 1330 182 3⁶2.
1670 156 1713 181 53⁴

923 227 972 252 viri
988 230 1014 252 et
1025 226 1168 253 clarissimi
1181 227 1253 253 cives
1265 227 1432 256 exstiterunt,
1447 224 1606 251 industriam
1617 234 1693 251 suam
1706 235 1718 251 a

922 264 1022 299 populo
1042 265 1160 290 Romano
1175 272 1208 290 ex
1223 263 1312 298 aliqua
1328 263 1428 290 illustri
1445 263 1611 289 accusatione
1622 271 1720 298 cogno-

923 301 971 328 sci.
992 301 1094 327 XXXI.
1111 302 1153 328 74.
1166 301 1268 328 Vellem
1280 301 1331 328 alio
1342 301 1432 335 potius
1443 308 1505 326 eum
1517 299 1649 335 cupiditas
1662 299 1720 336 glo-

923 339 976 365 riae
988 338 1142 365 detulisset!
1164 338 1212 364 sed
1223 339 1288 365 abiit
1299 338 1380 364 huius
1390 342 1497 372 tempus
1508 337 1643 372 querelae.
1670 338 1721 363 Ac—

923 377 1027 402 cusavit
1048 376 1078 403 C.
1100 376 1258 407 Antonium,
1281 375 1410 411 collegam
1432 383 1536 407 meum,
1563 375 1606 401 cui
1623 374 1720 400 misero

924 413 1051 448 praeclari
1062 414 1089 439 in
1101 413 1294 448 rempublicam
1306 413 1429 440 beneficii
1443 413 1569 438 memoria
1580 411 1647 439 nihil
1659 420 1720 447 pro-

925 451 983 482 fuit,
1007 452 1096 478 nocuit
1111 452 1201 486 opinio
1215 450 1339 477 maleficii
1355 450 1472 486 cogitati.
1512 450 1605 476 Postea
1619 450 1720 476 nemini

924 498 1053 524 umquam
1067 489 1199 515 concessit
1212 488 1374 523 aequalium,
1389 488 1450 523 plus
1462 493 1490 515 ut
1502 489 1529 514 in
1541 488 1605 518 foro,
1619 487 1681 522 plus
1693 492 1722 513 ut

923 527 950 553 in
973 527 1086 562 negotiis
1103 531 1253 552 versaretur
1267 527 1426 561 caussisque
1441 526 1597 556 amicorum,
1615 524 1678 560 plus
1692 529 1721 551 ut

924 564 1023 590 valeret
1038 564 1107 590 inter
1118 572 1182 589 suos
1193 563 1286 598 gratia.
1328 564 1401 595 Quae
1414 563 1467 589 nisi
1480 562 1622 598 vigilantes
1635 562 1722 588 homi-

924 610 979 632 nes,
998 602 1051 628 nisi
1067 601 1160 631 sobrii,
1174 601 1226 626 nisi
1241 600 1376 631 industrii,
1392 601 1521 635 consequi
1533 609 1584 626 non
1597 604 1719 634 possunt,

923 639 1012 665 omnia
1028 638 1116 664 labore
1131 642 1156 664 et
1167 637 1307 673 diligentia
1319 642 1359 664 est
1370 643 1540 664 consecutus.
1571 638 1613 663 75.
1631 638 1660 664 ln
1671 637 1722 663 hoe

923 675 993 702 flexu
1004 676 1083 710 quasi
1095 675 1188 702 aetatis
1199 674 1277 711 (nihil
1290 675 1360 701 enim
1372 675 1519 705 occultabo,
1534 674 1618 701 fretus
1625 674 1722 700 huma-

923 714 1004 739 nitate
1019 722 1048 739 ac
1064 713 1194 747 sapientia
1210 712 1318 747 vestra,)
1330 711 1398 738 fama
1411 711 1587 739 adolescentis
1599 711 1720 747 paullum

923 751 1009 777 haesit
1020 750 1052 776 ad
1064 755 1148 776 metas
1160 750 1252 776 notitia
1264 758 1331 776 nova
1344 749 1465 776 mulieris
1477 754 1502 775 et
1513 749 1614 775 infelici
1627 749 1723 775 vicini-

923 792 974 814 tate
996 792 1021 814 et
1041 787 1182 814 insolentia
1198 787 1381 821 voluptatum3
1404 795 1482 821 quae,
1500 795 1584 821 quum
1602 786 1722 812 inclusae

922 825 1035 855 diutius,
1053 829 1078 851 et
1089 825 1175 859 prima
1186 829 1269 850 aetate
1280 832 1448 859 compressae
1460 828 1485 850 et
1495 824 1652 850 constrictae
1664 823 1722 849 fue-

922 867 993 893 runt,
1007 862 1098 888 subito
1109 871 1137 888 se
1144 870 1346 896 nonnumquam
1355 861 1606 896 profunduntatque
1613 861 1721 887 eiiciunt

923 901 1074 926 universae.
1115 899 1172 931 Qua
1184 908 1217 926 ex
1232 899 1296 930 vita,
1310 898 1352 925 vel
1364 899 1461 929 dicam,
1479 907 1533 933 quo
1544 907 1577 924 ex
1589 906 1719 924 sermone.

922 938 1102 973 (nequaquam
1119 937 1191 963 enim
1207 941 1309 963 tantum
1326 941 1389 967 erat,
1406 941 1537 971 quantum
1549 936 1672 962 homines
1684 935 1722 961 lo-

922 975 1194 1010 quebantur,)verum
1202 983 1235 1000 ex
1245 983 1284 1005 eo,
1297 974 1432 1008 quidquid
1439 978 1501 1004 erat,
1511 973 1723 999 emersittotum-

922 1021 975 1048 que
995 1021 1024 1038 se
1039 1012 1117 1038 eiecit
1130 1016 1210 1046 atque
1226 1011 1331 1042 extulit,
1348 1015 1506 1046 tantumque
1518 1011 1594 1037 abest
1605 1010 1638 1036 ab
1648 1010 1722 1036 illius

922 1049 1111 1076 familiaritatis
1132 1049 1252 1080 infamia,
1276 1053 1305 1075 ut
1325 1048 1447 1075 eiusdem
1463 1057 1535 1074 nunc
1555 1048 1588 1074 ab
1600 1048 1723 1074 seseini-

922 1087 1037 1114 micitias
1049 1087 1196 1121 odiumque
1209 1086 1355 1121 propulset.
1386 1087 1429 1112 76.
1442 1086 1529 1121 Atque
1540 1090 1569 1112 ut
1581 1086 1630 1112 iste
1642 1086 1724 1111 inter-

922 1125 1028 1160 positus
1049 1133 1137 1150 sermo
1151 1124 1309 1150 deliciarum
1321 1123 1494 1158 desidiaeque
1507 1128 1661 1153 moreretur,
1675 1122 1724 1157 (fe-

922 1163 966 1193 cit,
989 1170 1032 1188 me
1048 1161 1201 1188 mehercule
1217 1162 1302 1187 invito
1317 1166 1342 1187 et
1358 1160 1474 1187 multum
1486 1165 1659 1196 repugnante,
1677 1160 1723 1186 sed

923 1204 1011 1226 tamen
1032 1198 1120 1234 fecit3)
1140 1207 1236 1225 nomen
1252 1199 1331 1225 amici
1349 1198 1382 1224 de
1398 1198 1500 1224 ambitu
1512 1198 1621 1230 detulit,
1644 1206 1724 1232 quem

923 1237 1078 1264 absolutum
1100 1236 1262 1271 insequitur,
1285 1240 1404 1268 revocat3
1422 1236 1523 1262 nemini
1539 1240 1660 1262 nostrum
1677 1235 1726 1261 ob-

924 1279 1065 1309 temperat;
1083 1278 1124 1300 est
1138 1273 1292 1305 violentior,
1305 1282 1386 1308 quam
1398 1272 1506 1299 vellem.
1547 1272 1599 1299 Sed
1611 1281 1660 1307 ego
1673 1282 1724 1299 non

924 1312 1019 1347 loquor
1039 1312 1072 1338 de
1088 1311 1229 1346 sapientia,
1247 1319 1317 1346 quae
1333 1319 1385 1337 non
1396 1310 1467 1337 cadit
1478 1311 1505 1336 in
1517 1310 1584 1336 hanc
1596 1315 1722 1336 aetatem:

924 1349 956 1375 de
969 1350 1070 1384 impetu
1082 1349 1165 1375 animi
1178 1348 1281 1383 loquor,
1293 1348 1326 1374 de
1338 1347 1484 1382 cupiditate
1496 1347 1629 1378 vincendi,
1639 1348 1672 1373 (le
1684 1356 1725 1373 ar-

924 1386 987 1413 dore
1007 1387 1105 1412 mentis
1121 1386 1154 1412 ad
1169 1385 1295 1421 gloriam'⁷
1318 1394 1387 1420 quae
1398 1385 1486 1411 studia
1498 1385 1525 1411 in
1538 1384 1580 1411 his
1591 1385 1643 1410 iam
1655 1389 1726 1410 aeta-

924 1424 998 1450 tibus
1020 1424 1117 1450 nostris
1132 1423 1305 1449 contractiora
1317 1431 1376 1448 esse
1388 1422 1494 1453 debent,
1508 1423 1535 1448 in
1547 1422 1724 1448 adolescentia

925 1470 987 1488 vero
1003 1466 1139 1496 tamquam
1152 1461 1179 1487 in
1192 1460 1283 1486 herbis
1295 1459 1455 1496 significant,
1469 1468 1538 1494 quae
1549 1460 1657 1485 virtutis
1668 1468 1726 1485 ma—

925 1499 1019 1525 turitas
1035 1503 1061 1524 et
1071 1503 1186 1533 quantae
1198 1497 1290 1533 fruges
1302 1497 1449 1524 industriae
1460 1497 1513 1523 sint
1525 1496 1637 1523 futurae.
1664 1496 1726 1522 Ete-

925 1537 980 1563 nim
1001 1544 1108 1570 semper
1130 1543 1226 1571 magno
1246 1535 1355 1570 ingenio
1373 1533 1554 1560 adolescentes
1573 1533 1725 1560 refrenandi

925 1574 1014 1609 potius
1035 1582 1049 1599 a
1065 1573 1158 1608 gloria,
1176 1581 1257 1607 quam
1273 1571 1402 1599 incitandi
1419 1571 1540 1598 fuerunt:
1563 1571 1725 1606 amputanda

925 1611 1001 1646 plura
1013 1615 1077 1637 sunt
1088 1610 1128 1636 illi
1139 1611 1226 1640 aetati,
1235 1609 1371 1644 siquidem
1383 1608 1523 1635 efflorescit
1531 1609 1631 1644 ingenii
1639 1608 1726 1634 laudi·

925 1649 985 1679 bus,
1003 1657 1084 1683 quam
1097 1646 1248 1674 inserenda.
1270 1648 1313 1673 77.
1326 1646 1421 1679 Quare,
1435 1647 1512 1672 sicui
1525 1647 1639 1672 nimium
1650 1646 1726 1672 effer-

925 1686 997 1712 visse
1019 1685 1126 1711 videtur
1142 1685 1225 1711 huius
1238 1684 1279 1710 vel
1292 1685 1318 1710 in
1331 1683 1522 1719 suscipiendis,
1537 1683 1578 1709 vel
1592 1684 1618 1710 in
1630 1692 1726 1719 geren—

924 1723 967 1750 dis
993 1723 1144 1750 inimicitiis
1169 1722 1224 1754 vis,
1256 1721 1386 1753 ferocitas,
1410 1722 1568 1756 pertinacia;
1600 1721 1623 1747 si
1644 1729 1725 1756 quem

925 1761 1005 1788 etiam
1029 1760 1203 1786 minimorum
1228 1759 1323 1786 horuni
1344 1759 1447 1794 aliquid
1469 1757 1590 1790 offendit3
1622 1759 1645 1784 si
1662 1767 1726 1792 pur—

926 1806 1008 1833 purae
1018 1806 1114 1833 genus,
1127 1798 1151 1824 si
1162 1797 1309 1824 amicorum
1320 1801 1449 1827 catervae,
1465 1797 1488 1822 si
1502 1795 1636 1830 splendor,
1651 1797 1673 1822 si
1686 1796 1727 1822 ni-

926 1841 978 1862 tor:
1001 1836 1054 1862 iam
1075 1836 1125 1862 ista
1145 1834 1317 1866 deferverint,
1334 1835 1388 1861 iam
1405 1839 1475 1860 aetas
1491 1834 1589 1864 omnia,
1609 1834 1661 1860 iani
1674 1842 1724 1862 res,

925 1874 978 1900 iam
990 1872 1048 1899 dies
1060 1873 1200 1908 mitigarit.

981 1910 1095 1936 XXXII.
1117 1910 1277 1937 Conservate
1304 1909 1386 1945 igitur
1411 1907 1589 1943 reipublicae,
1611 1907 1724 1937 iudices.

925 1949 1013 1975 civem
1035 1948 1166 1974 bonarum
1183 1947 1290 1977 artium,
1309 1946 1439 1973 bonarum
1455 1946 1580 1981 partium,
1595 1945 1725 1971 bonorum

926 1986 1055 2012 virorum.
1096 1985 1225 2012 Promitto
1237 1985 1285 2011 hoc
1297 1984 1374 2010 vobis
1385 1988 1410 2010 et
1421 1982 1585 2018 reipublicae
1597 1982 1724 2017 spondeo,

926 2024 948 2050 si
970 2023 1048 2050 modo
1064 2031 1111 2049 nos
1127 2023 1180 2058 ipsi
1196 2021 1360 2056 reipublicae
1374 2020 1563 2051 satisfecimus,
1578 2028 1725 2055 numquam

927 2061 998 2087 hunc
1009 2069 1023 2086 a
1035 2060 1134 2086 nostris
1146 2059 1295 2086 rationibus
1307 2059 1460 2085 seiunctum
1472 2057 1536 2084 fore.
1558 2057 1634 2090 Quod
1641 2065 1725 2092 quum

928 2097 1011 2124 fretus
1032 2102 1121 2124 nostra
1138 2096 1316 2123 familiaritate
1332 2096 1467 2131 promitto,
1485 2100 1541 2122 tum
1553 2095 1625 2129 quod
1637 2095 1726 2120 duris-

927 2135 1004 2161 simis
1025 2143 1053 2161 se
1068 2135 1127 2169 ipse
1143 2133 1250 2170 legibus
1265 2134 1318 2160 iam
1329 2133 1468 2169 obligavit.
1494 2133 1537 2158 78.
1551 2132 1644 2167 Neque
1655 2133 1725 2158 enim

928 2177 1023 2208 potest,
1041 2173 1089 2207 qui
1106 2172 1241 2198 hominem
1257 2170 1435 2201 consularem,
1448 2169 1521 2205 quod
1533 2169 1565 2195 ab
1577 2178 1607 2195 co
1619 2177 1727 2204 rempu-

929 2209 1024 2236 blicam
1040 2209 1164 2235 violatum
1177 2208 1285 2240 (liceret,
1300 2208 1326 2234 in
1339 2207 1469 2234 iudicium
1483 2207 1590 2235 vocarit,
1599 2207 1656 2241 ipse
1667 2215 1726 2233 esse

927 2248 954 2274 in
976 2246 1114 2282 republica
1130 2246 1197 2272 civis
1214 2244 1401 2272 turbulentus:
1426 2253 1476 2270 non
1494 2249 1588 2279 potest.
1607 2244 1654 2278 qui
1670 2252 1727 2269 ain-

928 2284 985 2310 bitu
1007 2292 1039 2310 ne
1060 2282 1215 2310 absolutum
1239 2282 1350 2318 quidem
1372 2282 1471 2316 patitur
1487 2289 1545 2307 esse
1561 2280 1724 2307 absolutum.

928 2322 986 2356 ipse
997 2321 1108 2355 impune
1120 2329 1249 2355 umquam
1262 2328 1320 2346 esse
1332 2319 1448 2354 largitor.
1470 2318 1554 2345 llabct
1565 2327 1578 2343 a
1592 2318 1625 2344 Μ.
1639 2317 1727 2343 Caelio

928 2358 1089 2393 respublica,
1112 2357 1224 2387 iudices,
1248 2356 1316 2383 duas
1336 2356 1531 2386 accusationes,
1556 2354 1597 2380 vcl
1619 2355 1726 2381 obsides

928 2395 1038 2430 periculi
1061 2394 1102 2421 vel
1120 2395 1229 2430 pignora
1247 2394 1402 2420 voluntatis.
1443 2393 1529 2425 Quare
1541 2401 1586 2418 oro
1597 2392 1727 2418 obtestor-

927 2441 980 2467 que
993 2441 1048 2462 VOS,
1066 2431 1178 2461 iudices,
1193 2436 1230 2461 ut,
1246 2440 1299 2466 qun
1312 2431 1456 2457 incivitate
1471 2430 1564 2464 paucis
1577 2429 1619 2455 his
1630 2429 1727 2455 diebus

928 2471 991 2496 Sex.
1014 2469 1125 2496 Clodius
1146 2468 1286 2495 absolutus
1306 2469 1349 2497 sit,
1368 2476 1448 2503 quem
1466 2476 1513 2493 vos
1530 2475 1576 2501 por
1587 2466 1725 2493 biennium

928 2512 973 2534 aut
990 2507 1143 2533 ministrum
1159 2505 1309 2536 seditionis,
1327 2510 1371 2532 nut
1386 2504 1483 2531 duceni
1496 2503 1611 2534 vidistis,
1624 2504 1672 2539 qui
1683 2512 1726 2530 ae-

928 2545 975 2571 «les
986 2553 1084 2576 sacras,
1093 2543 1140 2580 qui
1152 2552 1263 2571 censum
1278 2542 1370 2578 populi
1381 2542 1501 2572 Romani,
1509 2541 1557 2576 qui
1569 2541 1724 2568 memoriam

929 2581 1065 2616 publicani
1086 2581 1144 2608 suis
1165 2580 1291 2607 manibus
1306 2579 1438 2610 incendit,
1460 2579 1595 2606 hominem
1612 2579 1670 2605 siue
1686 2588 1722 2605 re.

928 2620 986 2646 sine
999 2618 1058 2649 tide,
1072 2620 1130 2646 sinc
1141 2627 1198 2654 spe,
1211 2617 1269 2645 sinc
1280 2617 1351 2650 sede,
1360 2618 1418 2644 sine
1430 2616 1612 2646 fortunis.ore,
1623 2615 1722 2651 lingua.

929 2665 1020 2687 manu,
1043 2656 1096 2683 vita
1111 2656 1184 2683 omni
1200 2656 1385 2690 inquinatum
1408 2655 1455 2689 qui
1467 2653 1553 2681 Catuli
1566 2661 1725 2680 monumen—

930 2699 986 2722 tum
1007 2693 1110 2725 afssixit.
1133 2702 1219 2721 meatu
1237 2693 1347 2720 domum
1364 2692 1455 2723 diruit,
1470 2692 1521 2719 mei
1535 2689 1622 2718 fratris
1634 2691 1725 2718 inccn-

1347 2737 1403 2764 67·
