1941 3052
259 121 290 147 Ἡ
836 121 862 145 7.
898 119 930 145 M.
961 120 989 145 Τ,

259 200 343 227 quum
360 191 392 217 ita
407 196 474 216 esst-t
489 199 612 217 uorsus:
643 191 698 216 Non
714 191 764 216 sibi
779 189 969 216 ‹·0l10rtan·lum
984 189 1047 215 sut·
1067 190 1076 219 ¹¹

260 230 358 264 picium
373 234 398 256 et
411 230 521 258 Cottam,
535 229 580 254 suut
593 229 676 261 magi-t
688 232 830 261 utrumque
841 226 1045 252 collaudandum
1067 227 1075 246 ¹¹

261 266 352 296 videri.
372 266 443 301 quod
459 271 555 292 tantam
571 267 621 292 iam
637 270 724 290 essent
740 264 888 290 facultatem
903 263 1001 297 adepti,
1019 268 1047 290 ut
1074 245 1077 295 ¹

260 313 310 330 non
329 304 485 338 aequalibus
505 304 561 329 suin
577 303 663 328 solum
679 305 907 335 :initi-minorentur,
924 300 970 326 sed
984 308 1045 326 cum
1068 297 1076 349 ,¹

260 342 403 367 maioribus
415 346 474 367 natu
486 343 712 374 compararentur:
726 340 816 372 Neque
823 347 884 364 vero
894 337 1047 372 mibiquid·
1068 341 1076 372 ¹.

259 387 347 413 qumn,
370 378 464 412 inquit,
487 377 670 411 prm-stabilius
687 376 799 406 videtur,
819 384 900 410 quain
915 383 992 410 posse
1005 374 1046 401 ‹li-
1068 379 1076 416 ¹]

258 415 341 441 consto
356 420 442 441 tem-re
457 415 593 440 bominum
604 418 703 443 coetus,
718 417 818 438 mentes
829 412 942 443 allicere,
952 411 1046 438 volun·
1068 431 1069 435 .

260 457 323 478 tates
339 451 545 486 inipell‹·re,‹1uo
556 450 626 479 velit.
637 450 706 476 untle
721 455 808 475 autern
825 449 1044 478 velindeducere.
1068 471 1069 485 ζ

260 489 326 515 llaec
350 498 400 515 una
423 498 463 514 res
483 489 508 514 in
527 488 598 513 omni
615 487 696 513 libero
712 487 818 522 populo,
836 487 1005 521 maximeque
1020 487 1045 512 in
1068 490 1075 523 ’Ἰ

259 526 356 560 pacatis
377 525 580 560 tranquillisque
599 524 761 554 civitatibus,
783 524 923 559 praecipue
941 532 1046 558 semper
1068 526 1076 559 ¹

259 563 343 589 lloruit
358 571 515 596 semperque
529 562 661 588 dominata
673 566 721 587 cst.
737 563 777 587 at.
790 562 860 593 Quid
871 566 909 587 est
919 562 990 587 enim
1002 565 1047 586 aut
1068 583 1069 587 ,

259 605 309 625 tam
328 599 492 629 admirabile,
512 608 593 634 quam
612 608 644 625 ex
659 599 759 625 inlinita
775 599 946 624 multitudine
961 598 1047 624 bomi-
1068 612 1069 623 2

259 646 321 662 num
345 637 471 662 exsistere
494 645 587 667 unum,
611 637 658 671 qui
674 636 708 666 id,
729 636 800 671 quod
815 636 940 662 omnibus
955 641 1045 662 natura

258 675 291 699 sit
314 674 415 704 datum,
442 673 481 699 vel
506 674 580 699 solus
605 674 644 699 vel
663 682 724 699 (rum
741 674 832 708 paneis
848 673 930 699 sai-ere
945 672 1047 708 possit?
1068 685 1069 692 κ

257 716 301 737 aut
325 715 376 737 tam
401 711 547 737 iucundum
566 711 673 745 cognitu
693 716 772 745 atquc
790 711 892 740 auditu,
908 719 989 745 quam
1004 720 1046 736 sa-
1068 719 1075 739 ¹}

258 749 393 782 pientibus
408 749 545 774 sententiis
564 749 745 783 gravibusque
760 748 848 774 verbis
862 753 950 774 ornata
964 749 1046 774 oratio
1068 754 1075 781 ᾖ

258 790 283 811 et
297 784 396 820 potita?
421 790 466 811 aut
481 790 531 811 tam
547 791 639 820 potens
655 790 760 820 tamque
776 786 1044 821 magnificum,(luam

258 822 348 857 populi
360 826 455 853 motus,
470 823 589 848 iudicum
601 823 750 857 religiones,
767 827 875 848 senatus
888 823 1044 857 gravitatem
1067 843 1068 849 .

259 861 339 886 unius
353 860 468 886 oratione
482 859 618 886 converti?
632 863 671 886 32.
688 860 757 892 Quid
773 864 823 886 tam
840 869 916 894 porro
931 860 1043 895 regium,
1074 842 1075 875 ¹

257 901 309 923 tam
326 897 442 927 liberale,
460 902 510 923 tam
527 898 692 927 'unnim-um.
713 906 792 932 quam
807 906 883 931 opem
900 897 966 923 serre
981 906 1046 931 sup-

258 934 382 968 plicibus.
399 935 511 960 excitare
525 934 643 965 afflictos,
660 935 721 960 (lare
736 934 857 964 salutem,
876 934 986 960 liberare
1000 943 1046 968 pc-

258 971 358 1001 riculis,
375 972 485 997 retinere
501 972 621 998 homines
636 973 661 998 in
676 971 799 997 civitate—‘Y
812 971 882 1004 Quid
894 977 981 997 autern
993 976 1045 997 tam

258 1009 444 1039 necessarium,
465 1017 545 1043 quam
565 1014 652 1035 tenero
670 1018 775 1043 semper
793 1017 872 1039 arma,
889 1009 989 1043 quibus
1005 1008 1044 1034 vel

258 1050 341 1072 tectus
356 1046 412 1080 ipsc
426 1055 484 1071 esse
503 1046 588 1080 possis
604 1046 643 1072 vel
660 1054 800 1080 provocare
816 1046 951 1080 improbos
966 1045 1006 1071 vel
1023 1050 1046 1072 te

257 1082 350 1109 ulcisci
366 1082 522 1109 lacessitus?
547 1084 602 1119 Age
617 1092 687 1114 vero,
704 1092 736 1109 nc
750 1092 855 1118 semper
869 1083 964 1113 sorum,
981 1083 1047 1109 sub·
1067 1089 1069 1123 j

257 1120 345 1151 sellia,
371 1125 452 1146 rostra
475 1121 630 1155 curiamque
650 1121 784 1151 meditere,
805 1120 870 1155 quid
889 1129 946 1146 esse
961 1125 1046 1155 potest
1067 1125 1069 1133 ⁴

257 1157 283 1183 in
297 1157 350 1183 otio
363 1162 408 1183 aut
422 1158 566 1183 iucundius
585 1162 629 1184 aut
643 1158 729 1193 magis
744 1158 880 1192 proprium
896 1157 1047 1183 liumanita·
1068 1171 1069 1174 =

257 1194 299 1224 tis,
323 1203 404 1229 quam
427 1203 514 1221 sermo
537 1195 636 1221 facetus
658 1204 687 1221 ac
707 1195 779 1221 nulla
794 1196 820 1221 in
835 1204 862 1221 re
876 1194 968 1221 rudis‘?
993 1195 1046 1221 lloc
1067 1180 1075 1216 ¹

256 1232 327 1257 enim
347 1240 399 1257 uno
417 1236 581 1266 praestamus
599 1232 640 1258 vel
660 1233 774 1258 maxime
793 1231 864 1262 seris,
880 1232 952 1266 quod
965 1232 1046 1258 collo·
1068 1229 1075 1273 ζ

256 1270 366 1303 quimur
387 1269 455 1295 inter
478 1278 525 1295 nos
549 1274 574 1295 et
591 1269 662 1304 quod
681 1270 829 1304 exprimere
843 1269 955 1295 dicendo
969 1278 1045 1295 sensa
1068 1281 1069 1297 ι

257 1314 410 1340 possumus.
442 1308 482 1332 33.
498 1305 674 1338 Quamobrem
689 1307 751 1341 quis
767 1306 815 1333 boc
829 1315 880 1333 non
894 1307 952 1333 iure
967 1307 1047 1332 mire·
1068 1312 1070 1355 ¹

257 1347 307 1374 tur,
324 1351 483 1378 summeque
497 1344 524 1369 in
534 1352 565 1370 eo
574 1344 763 1370 elaborandum
773 1352 832 1370 esse
843 1344 992 1375 arbitretur,
1007 1347 1043 1374 ut,

255 1389 310 1414 quo
328 1389 381 1406 uno
399 1380 520 1407 homines
539 1382 655 1407 maxime
674 1381 766 1407 bestiis
781 1385 926 1416 praestent,
955 1381 982 1407 in
997 1380 1046 1407 hoc

256 1417 411 1443 bominibus
426 1417 492 1452 ipsis
506 1417 662 1444 antecellat?
680 1418 711 1444 Ut
726 1426 788 1444 vero
801 1418 854 1444 iam
868 1418 900 1444 ad
915 1417 959 1444 illa
971 1426 1047 1444 sum-

256 1463 298 1480 ma
316 1455 464 1486 veniamus,
485 1463 553 1489 quae
567 1455 608 1481 vis
626 1455 676 1481 alia
691 1455 777 1490 potuit
791 1460 835 1481 aut
849 1455 984 1490 dispersos
998 1454 1047 1481 ho-

256 1492 340 1517 mines
355 1500 440 1517 unum
454 1493 480 1518 in
496 1492 582 1518 locum
597 1500 764 1528 congregare,
781 1497 826 1519 aut
839 1501 853 1518 a
867 1492 922 1518 fera
936 1493 1048 1528 agresti-
1067 1503 1069 1540 ¹

255 1537 307 1563 que
322 1528 374 1555 vita
388 1528 420 1554 ad
435 1529 506 1555 hunc
520 1529 668 1556 humanum
678 1529 780 1556 cultum
791 1529 952 1564 civilemque
961 1529 1047 1556 ‹ledu-
1068 1542 1069 1555 ι

255 1574 313 1592 cere
327 1570 372 1592 aut
385 1565 438 1592 iam
451 1567 603 1593 constitutis
613 1567 768 1593 civitatibus
779 1566 976 1603 leges,iudicia,
988 1567 1046 1593 iura
1068 1563 1069 1584 ¹

255 1602 423 1629 describere‘.⁷
448 1605 488 1630 34.
504 1604 549 1635 Ac,
566 1613 599 1630 ne
613 1603 698 1639 plura,
714 1612 783 1639 quae
797 1609 860 1630 sunt
869 1612 953 1638 paene
965 1604 1047 1630 innu-
1067 1586 1076 1635 ¹>

256 1640 402 1671 merabilia,
417 1646 560 1672 consecter,
577 1641 801 1676 comprehendam
815 1641 904 1667 brevi:
924 1641 963 1667 sic
974 1641 1046 1667 enim
1067 1638 1069 1676 ξ

256 1681 351 1708 statuo,
371 1677 482 1712 perfecti
496 1679 605 1705 oratoris
619 1678 798 1705 moderatione
812 1682 838 1704 et
851 1678 980 1713 sapientia
994 1686 1046 1705 non
1068 1685 1069 1697 ¹

255 1713 343 1741 solum
357 1715 443 1749 ipsius
457 1715 622 1751 dignitatem,
638 1715 685 1742 sed
699 1720 725 1742 et
738 1716 901 1750 privatorum
916 1715 1047 1750 plurimo—
1074 1738 1075 1750 ,

256 1760 315 1777 rum
334 1756 360 1777 et
374 1752 514 1778 universae
529 1752 691 1787 reipublicae
705 1753 819 1779 salutem
832 1753 949 1779 maxime
962 1753 1047 1779 conti-
1067 1747 1076 1789 {¹

257 1789 322 1815 neri.
356 1788 533 1820 Quamobrem
556 1790 668 1825 pergite,
690 1794 720 1816 ut
736 1789 834 1821 facitis,
855 1789 1044 1821 adolescentes,
1074 1791 1075 1807 ¹

256 1829 335 1860 atque
357 1826 385 1852 in
408 1826 435 1852 id
453 1826 582 1857 studium.
605 1828 632 1853 in
651 1835 705 1862 quo
718 1827 790 1858 estis,
807 1827 962 1858 incumbite,
977 1831 1008 1853 ut
1021 1831 1047 1853 et
1067 1815 1069 1841 ¹

257 1862 332 1889 vobis
350 1862 442 1890 honori
460 1867 485 1890 et
498 1864 591 1890 amicis
605 1864 712 1890 utilitati
728 1869 753 1890 et
766 1863 930 1899 reipublicae
943 1863 1047 1890 emolu·
1067 1861 1069 1893 ἶ

257 1903 345 1926 mento
358 1908 417 1926 esse
431 1901 548 1935 possitis.
583 1901 630 1928 [Χ.
646 1903 687 1928 35.
703 1901 772 1928 Tum
786 1901 911 1928 Scaevola
925 1901 1043 1932 comiter,
1067 1898 1069 1919 ¹

257 1940 286 1963 ut
299 1937 409 1968 solebat,
425 1938 524 1969 Cetera,
541 1938 636 1973 inquit,
653 1939 782 1965 assentior
796 1938 898 1970 Crasso,
915 1947 947 1964 ne
957 1943 1003 1964 aut
1013 1938 1045 1964 de
1067 1940 1069 1964 ¹.

257 1973 385 2006 C.Laelii,
401 1975 484 2001 soceri
499 1976 560 2007 mei,
573 1980 618 2002 aut
631 1976 664 2002 de
678 1975 760 2002 huius
773 1976 864 2011 generi
878 1980 923 2002 aut
936 1979 990 2002 arte
1000 1979 1047 2001 aut
1067 1971 1069 2013 ¹

255 2010 339 2046 gloria
352 2011 502 2045 detraham3
521 2012 569 2039 sed
581 2012 627 2039 illa
640 2012 703 2043 duo,
720 2012 821 2044 Crasse,
837 2021 937 2044 vereor,
953 2016 984 2039 ut
996 2012 1045 2038 tibi
1067 2020 1069 2054 ἱ

257 2048 357 2083 possim
370 2049 526 2076 concedere:
552 2058 647 2082 unum,
659 2049 732 2085 quod
745 2050 778 2076 ab
791 2050 940 2077 oratoribus
953 2050 1047 2076 civita-

256 2089 295 2111 tes
313 2089 339 2112 et
356 2085 431 2112 initio
449 2087 605 2113 constitutas
619 2092 644 2113 et
657 2096 736 2122 saepe
749 2091 918 2114 conservatas
931 2095 990 2113 esse
1003 2086 1046 2113 di-
1067 2061 1069 2115 ¹

257 2123 329 2154 xisti,
345 2122 467 2155 alterum,
483 2124 564 2159 quod.
584 2129 683 2151 remoto
698 2124 760 2156 foro,
776 2125 910 2156 concione,
926 2124 1042 2155 iudiciis,

256 2163 360 2191 senatu,
379 2161 503 2192 statuisti,
519 2166 647 2188 oratorem
662 2162 690 2188 in
707 2162 780 2188 omni
793 2170 889 2198 genere
914 2162 1045 2188 sermonis

256 2200 282 2222 et
304 2197 476 2224 humanitatis
498 2206 557 2225 esse
580 2198 736 2233 perfectum.
771 2200 812 2225 36.
831 2198 897 2231 Quis
911 2199 982 2225 enim
997 2199 1045 2225 tibi

256 2233 306 2260 hoc
319 2235 486 2266 concesserit,
502 2239 547 2262 aut
560 2236 636 2262 initio
648 2244 734 2272 genus
749 2235 898 2267 hominum,
910 2236 938 2262 in
947 2236 1046 2262 monti-

257 2270 308 2297 bus
330 2279 360 2298 ac
381 2271 458 2298 silvis
476 2272 646 2308 dissipatum,
667 2282 718 2299 non
737 2273 910 2308 prudentium
925 2273 1045 2300 consiliis

256 2307 425 2343 compulsum
444 2310 541 2344 potius,
561 2319 642 2345 quam
661 2310 821 2337 disertorum
839 2311 955 2337 oratione
973 2310 1046 2337 dele-

257 2345 343 2371 nitum
356 2354 385 2372 se
398 2346 504 2381 oppidis
519 2347 713 2382 moenibusque
727 2347 862 2382 sepsisse‘?
874 2352 919 2374 aut
933 2356 996 2374 vero
1005 2356 1046 2374 re-

258 2382 344 2417 liquas
367 2383 494 2410 utilitates
516 2389 561 2411 aut
578 2385 606 2411 in
624 2384 818 2411 constituendis
836 2389 881 2411 aut
897 2385 925 2411 in
939 2393 1046 2412 conser-

258 2419 352 2446 vandis
365 2421 518 2448 civitatibus
534 2430 586 2448 non
599 2430 614 2448 a
626 2421 793 2456 sapientibus
806 2426 832 2448 et
846 2421 960 2448 fortibus
968 2422 1043 2452 viris,

257 2456 304 2482 sed
327 2465 341 2482 a
362 2457 468 2484 disertis
490 2463 516 2485 et
532 2463 622 2485 ornate
635 2458 786 2485 dicentibus
800 2467 859 2485 esse
871 2458 1046 2485 constitutas?

258 2493 299 2519 37.
319 2494 359 2519 An
378 2503 441 2520 vero
454 2496 502 2521 tibi
515 2495 646 2522 Romulus
659 2495 706 2522 ille
719 2500 765 2522 aut
778 2501 896 2531 pastores
909 2501 935 2522 et
947 2504 1045 2522 conve-

258 2538 304 2556 nas
318 2538 492 2567 congregasse
505 2537 550 2559 aut
560 2532 720 2559 Sabinorum
729 2533 863 2559 connubia
872 2533 1044 2560 coniunxisse

257 2571 302 2593 aut
320 2567 493 2595 finitimorum
512 2570 567 2596 vim
585 2570 744 2604 repressisse
762 2570 912 2605 eloquentia
928 2569 1042 2600 videtur,

258 2612 309 2630 non
323 2605 434 2631 consilio
447 2611 472 2633 et
485 2607 614 2641 sapientia
627 2606 777 2642 singulari?
802 2605 891 2639 Quid?
915 2607 943 2633 in
957 2607 1043 2633 Numa

257 2640 396 2676 Pompilio,
412 2643 496 2677 quid‘?
512 2645 539 2670 in
554 2643 611 2670 Ser.
626 2644 712 2675 Tullo,
728 2643 813 2679 quid‘?
825 2645 853 2670 in
866 2645 960 2670 ceteris
974 2644 1044 2680 regi-

1025 119 1301 146 CICERONIS

1067 1357 1075 1387 ¹¹
1097 1345 1187 1379 ipsum
1202 1343 1357 1375 Carbonem,
1370 1352 1452 1378 quem
1468 1348 1496 1370 tu
1510 1343 1725 1370 adolescentulus
1738 1342 1886 1378 perculisti,

1067 1712 1075 1743 :¹
1096 1716 1236 1742 interdicto
1253 1720 1340 1742 tecum
1359 1715 1548 1742 contenderent
1562 1720 1609 1742 aut
1621 1720 1646 1742 te
1659 1724 1694 1742 ex
1705 1715 1764 1742 iure
1777 1723 1888 1742 manum
1910 1730 1917 1750 t

1098 190 1156 218 bun,
1184 198 1298 224 qnorum
1323 189 1405 216 multa
1428 195 1490 216 nunt
1511 191 1608 216 eximia
1622 190 1654 216 nd
1672 191 1884 219 constituendam
1910 198 1921 217 ,⁴

1097 227 1298 261 rempublicam.
1319 235 1384 253 num
1401 227 1473 262 quod
1492 227 1657 262 eloquentiae
1676 228 1818 263 vestigium
1837 237 1886 264 ιρ-
1923 226 1925 230 ’

1098 264 1187 298 paret‘!
1203 263 1292 296 Quid?
1304 265 1403 290 emetis
1417 264 1535 299 regibus.
1550 265 1662 298 (tametsi
1675 265 1760 300 ipsam
1769 266 1885 293 exactio-

1098 310 1157 327 nem
1172 306 1267 330 mente,
1285 310 1336 327 non
1352 301 1450 336 lingua.
1467 301 1609 336 perfectam
1624 302 1653 328 l..
1669 302 1742 329 Bruti
1756 311 1815 329 esse
1827 311 1886 330 σοι·-
1922 298 1924 303 ”

1099 339 1209 370 nimus.)
1223 338 1269 364 secl
1279 338 1405 372 deinceps
1414 338 1502 364 omnia
1518 347 1603 365 nonne
1613 339 1690 373 plene
1700 339 1883 370 consiliorum.

1099 375 1185 401 inania
1202 375 1341 401 verborum
1357 374 1499 401 videmus?
1523 377 1565 402 38.
1584 376 1639 411 Ego
1654 385 1715 403 vero
1728 377 1750 402 si
1766 376 1846 403 velim
1859 381 1887 403 et

1098 412 1321 438 nostraecivitatis
1331 412 1462 447 exemplis
1472 413 1510 438 uti
1520 417 1546 439 et
1555 412 1676 442 ali-rum.
1684 413 1759 448 plut-n
1770 413 1886 448 proferre

1098 450 1197 484 [mss-im
1220 449 1376 476 detrimenta
1399 449 1516 484 publicis
1534 450 1622 481 rebus,
1637 459 1718 485 quam
1733 450 1886 478 adiumenta

1098 496 1143 521 per
1158 487 1278 513 hominos
1292 486 1526 522 eloquentissimos
1541 487 1692 522 importatsu
1707 487 1764 519 sed,
1781 492 1810 515 ut
1823 486 1886 515 reli-

1097 533 1148 558 qua
1172 525 1386 559 praetermittam,
1410 525 1531 551 omnium
1552 524 1617 551 mihi
1634 524 1732 555 videor.
1756 525 1884 560 exceptis.
1914 530 1915 535 ¹

1097 562 1199 591 Crasse.
1217 562 1292 587 vobis
1305 562 1421 591 (luobus,
1437 562 1669 597 eloquentissimos
1684 561 1792 589 audisse
1805 562 1846 589 Ti.
1860 566 1886 588 et
1923 587 1925 589 .

1097 600 1125 625 (Σ.
1142 599 1320 633 Sempronios,
1337 608 1451 633 quorum
1467 604 1548 633 pater,
1565 599 1644 625 homo
1657 599 1775 634 prudens
1789 604 1815 626 et
1824 608 1887 634 gr·-

1098 637 1147 667 vis,
1164 636 1371 671 haudquaquam
1387 636 1523 671 eloquens,
1536 641 1561 662 et
1572 645 1650 671 saepe
1659 636 1724 662 alias
1734 641 1760 663 et
1771 637 1886 663 maxime
1920 656 1925 666 .

1096 682 1189 699 censor
1202 674 1280 699 saluti
1297 673 1457 708 reipnbtivae
1472 673 1531 699 luit.
1564 674 1650 708 Atque
1663 674 1686 700 is
1700 682 1752 700 non
1765 678 1886 700 secur-ta
1919 703 1923 708 ,

1096 711 1210 746 quadam
1229 711 1354 736 orationis
1371 711 1454 745 copia,
1475 710 1522 736 sed
1537 715 1603 737 nutu
1617 715 1697 746 atque
1712 710 1792 737 verbo
1806 710 1887 737 liber-

1097 749 1165 774 tinos
1179 749 1205 774 in
1221 748 1334 774 urbanas
1348 748 1435 774 tribus
1449 747 1595 780 transtulit;
1615 747 1688 783 quod
1703 748 1754 775 nisi
1769 747 1884 779 fecisset,

1097 785 1298 820 rempublicam,
1315 793 1396 820 quam
1411 794 1481 811 nunc
1491 786 1537 811 vix
1550 790 1681 816 tenemus,
1697 786 1749 812 iam
1763 785 1810 811 diu
1825 785 1887 811 nul-

1098 822 1148 848 lam
1164 823 1333 849 haberemus.
1359 823 1392 848 At
1406 831 1468 849 vero
1480 823 1539 848 eius
1553 822 1600 849 sulii
1614 822 1707 849 diserti
1721 828 1747 848 et
1759 822 1886 849 omnihus
1918 828 1921 838 ¹

1098 859 1138 886 vel
1154 864 1260 886 naturae
1275 859 1316 885 vel
1329 859 1463 886 doctrinae
1481 859 1621 894 praesidiis
1636 859 1668 886 ad
1681 859 1826 886 dicendum
1839 868 1887 894 pn-

1097 898 1154 927 rati,
1178 906 1263 932 quum
1285 897 1419 923 civitatem
1439 897 1480 923 vel
1500 901 1608 931 paterno
1625 897 1737 924 consilio
1751 896 1793 923 vel
1807 896 1886 923 avitis
1915 899 1917 905 ⁴

1097 935 1177 960 armis
1197 934 1409 960 florentissimam
1428 935 1601 969 accepissent.
1621 935 1670 960 ista
1690 933 1822 969 praeclara
1834 942 1888 969 gu-
1916 955 1922 959 .

1097 972 1252 1002 bernatrice,
1265 976 1294 997 ut
1303 972 1350 1001 ais,
1363 972 1512 1001 civitatum,
1525 971 1685 1006 eloquentia,
1693 970 1887 1006 rempublicam
1918 1000 1920 1003 .

1096 1009 1304 1043 dissipaverunt.
1338 1009 1373 1034 X.
1389 1010 1430 1035 39.
1454 1007 1543 1041 Quid?
1565 1008 1637 1044 leges
1655 1013 1757 1035 veteres
1775 1016 1888 1043 mosque

1097 1046 1240 1077 maiorum
1264 1045 1349 1081 quid?
1362 1046 1489 1080 auspicia,
1505 1046 1606 1080 quibus
1619 1050 1645 1072 et
1658 1054 1708 1081 ego
1720 1050 1746 1072 et
1755 1050 1794 1076 tu,
1810 1045 1889 1073 eras-

1097 1092 1133 1114 se,
1149 1091 1211 1109 cum
1226 1092 1320 1118 magna
1335 1083 1498 1118 reipublicae
1511 1082 1597 1109 salute
1611 1091 1784 1118 praesumus2
1802 1081 1888 1118 quid?
1919 1103 1921 1106 .

1097 1120 1238 1156 religiones
1256 1125 1282 1146 ct
1299 1121 1487 1152 caerimoniae;
1514 1119 1600 1155 quid?
1625 1120 1689 1146 baec
1711 1121 1768 1147 iura
1785 1120 1885 1151 civilia,
1918 1130 1921 1135 ·

1096 1166 1165 1192 quae
1179 1159 1230 1184 iam
1245 1157 1348 1192 pridem
1362 1158 1390 1184 in
1405 1162 1492 1184 nostra
1506 1157 1607 1184 familia
1619 1158 1678 1184 sine
1691 1157 1746 1184 ulla
1759 1157 1888 1192 eloquen-
1916 1187 1920 1193 Δ

1097 1196 1148 1222 tiae
1171 1194 1249 1221 laude
1270 1199 1422 1226 versantur,
1451 1203 1515 1221 num
1530 1199 1575 1221 aut
1588 1195 1695 1221 inventa
1708 1199 1772 1221 sunt
1785 1199 1831 1221 aut
1843 1203 1889 1221 co-

1096 1233 1169 1268 gnita
1183 1237 1228 1258 aut
1241 1233 1349 1258 omnino
1362 1232 1395 1258 ab
1409 1237 1541 1259 oratorum
1554 1240 1651 1267 genere
1665 1230 1790 1258 tractata?
1804 1231 1888 1258 40.B·
1912 1235 1918 1261 ἶ

1097 1269 1206 1305 quidem
1221 1274 1247 1295 et
1260 1269 1317 1295 Ser.
1333 1269 1445 1296 Galbam
1459 1270 1585 1295 memoria
1597 1274 1681 1299 teneo,
1701 1268 1825 1295 divinum
1839 1268 1889 1296 bo-

1097 1307 1197 1333 minem
1220 1307 1247 1333 in
1261 1306 1383 1338 dicendo,
1400 1311 1426 1333 et
1443 1306 1478 1332 M.
1497 1306 1643 1333 Aemilium
1661 1306 1798 1332 Porcinam
1816 1310 1844 1332 et
1856 1305 1885 1333 C.
1916 1339 1918 1343 y

1097 1382 1219 1417 ignarum
1243 1381 1342 1416 legum,
1363 1380 1537 1407 haesitantem
1555 1381 1583 1407 in
1602 1381 1732 1407 maiorum
1745 1380 1885 1412 institutis,

1097 1418 1191 1444 rudem
1205 1419 1232 1444 in
1246 1419 1305 1444 iure
1318 1418 1406 1450 civili;
1422 1422 1448 1444 et
1461 1418 1525 1444 haec
1538 1422 1609 1444 aetas
1623 1422 1720 1449 nostra,
1737 1421 1839 1452 praeter
1852 1422 1886 1449 te,

1097 1455 1199 1486 Crasse,
1221 1456 1270 1490 qui
1289 1460 1334 1482 tuo
1351 1455 1438 1491 magis
1451 1455 1549 1486 studio,
1564 1464 1646 1490 quam
1660 1456 1767 1490 proprio
1777 1463 1888 1482 munere

1097 1493 1188 1528 aliquo
1205 1493 1376 1524 disertorum,
1395 1493 1439 1519 ius
1457 1501 1472 1519 a
1489 1492 1566 1519 nobis
1579 1492 1659 1519 civile
1671 1492 1799 1523 didicisti,
1814 1491 1888 1527 quod
1911 1503 1915 1505 “

1096 1530 1231 1557 interdum
1245 1529 1352 1565 pudeat,
1367 1529 1436 1556 iuris
1448 1529 1539 1565 ignara
1553 1533 1603 1556 est.
1910 1556 1916 1565 ι

1152 1568 1193 1594 41.
1208 1566 1286 1599 Quod
1299 1575 1362 1593 vero
1374 1567 1402 1593 in
1416 1571 1534 1593 extrema
1546 1567 1662 1593 oratione
1673 1566 1753 1601 quasi
1766 1570 1812 1593 tuo
1828 1566 1889 1593 iure
1909 1582 1915 1598 0

1097 1605 1248 1639 sumpsisti,
1267 1609 1396 1631 oratorem
1415 1605 1444 1631 in
1461 1604 1549 1631 omnis
1562 1604 1693 1630 sermonis
1705 1603 1888 1638 disputatione
1911 1607 1918 1636 ξ

1096 1642 1280 1677 copiosissime
1299 1650 1377 1676 posse
1391 1641 1500 1672 versari,
1516 1641 1554 1673 id,
1574 1641 1627 1668 nisi
1645 1641 1690 1667 bic
1705 1641 1733 1667 in
1747 1645 1794 1668 tuo
1805 1649 1888 1677 regno

1096 1687 1226 1709 essemus,
1243 1687 1294 1705 non
1309 1678 1432 1705 tulissem
1442 1678 1589 1714 multisque
1602 1686 1763 1713 praeessem,
1778 1677 1827 1713 qui
1841 1681 1889 1705 aut
1908 1673 1917 1703 ί

1095 1758 1247 1780 consertum
1257 1753 1470 1788 vocarent,quod
1480 1754 1509 1780 in
1522 1752 1622 1780 alienas
1636 1753 1820 1788 possessiones
1834 1757 1888 1779 tam
1911 1771 1917 1781 .

1097 1795 1194 1817 temere
1216 1791 1352 1817 irruisses.
1389 1792 1430 1817 42.
1444 1790 1561 1826 Agerent
1572 1791 1645 1817 enim
1658 1794 1747 1816 tecum
1760 1789 1820 1826 lege
1831 1790 1890 1825 pri-
1914 1810 1917 1820 ,

1096 1836 1172 1854 mum
1185 1827 1344 1863 Pythagorei
1361 1836 1455 1854 omnes
1472 1832 1552 1862 atque
1569 1827 1735 1854 Democritici
1752 1827 1888 1862 ceterique
1912 1831 1917 1841 '

1096 1874 1145 1891 sua
1167 1865 1195 1891 in
1217 1865 1275 1891 iure
1297 1865 1402 1901 physici
1425 1865 1598 1896 vindicarent,
1618 1864 1703 1891 ornati
1721 1863 1885 1891 hominesin

1096 1902 1208 1928 dicendo
1225 1907 1251 1928 et
1267 1910 1372 1938 graves.
1391 1902 1557 1937 quibuscum
1574 1902 1623 1928 tibi
1640 1901 1711 1928 iusto
1723 1905 1889 1928 sacramento

1096 1938 1254 1966 contendere
1276 1948 1328 1966 non
1351 1939 1449 1966 liceret.
1479 1939 1609 1975 Urgerent
1620 1943 1754 1974 praeterea
1767 1937 1888 1973 philoso-
1908 1947 1919 1982 ι

1097 1976 1211 2011 phorum
1232 1984 1328 2012 greges
1349 1977 1402 2002 iam
1423 1976 1458 2003 ab
1478 1975 1526 2002 illo
1542 1975 1615 2003 fonte
1631 1980 1658 2002 et
1669 1975 1755 2010 capite
1768 1974 1884 2006 Socrate.
1907 1988 1919 2018 ἴ.

1097 2013 1164 2039 nihil
1179 2018 1203 2039 te
1216 2013 1250 2039 de
1262 2013 1340 2040 bonis
1353 2013 1435 2040 rebus
1447 2014 1476 2040 in
1489 2013 1553 2044 vita,
1573 2012 1640 2040 nihil
1658 2012 1692 2039 de
1710 2011 1798 2044 malis,
1817 2011 1887 2039 nilul
1910 2023 1917 2044 p

1097 2050 1129 2076 de
1143 2051 1226 2076 animi
1239 2050 1459 2085 permotionibus,
1471 2049 1539 2076 nihil
1552 2049 1586 2076 de
1600 2049 1740 2076 hominum
1754 2048 1884 2080 moribus,
1908 2050 1917 2067 ⁴

1097 2087 1164 2113 nihil
1186 2087 1220 2114 de
1241 2088 1341 2114 ratione
1357 2088 1427 2114 vitae
1444 2087 1581 2119 didicisse,
1600 2086 1668 2114 nihil
1681 2087 1792 2114 omnino
1802 2094 1886 2122 quae-

1096 2125 1173 2155 sisse,
1193 2124 1262 2151 nihil
1279 2125 1348 2151 scire
1364 2125 1563 2157 convineerent;
1587 2128 1614 2151 et
1625 2132 1711 2159 quum
1724 2123 1845 2150 universi
1857 2123 1886 2150 in
1908 2132 1914 2156 ι

1096 2166 1121 2188 te
1143 2162 1274 2196 impetum
1296 2161 1430 2193 fecissent,
1457 2166 1515 2188 tum
1537 2160 1662 2197 singulae
1678 2159 1795 2187 familiae
1811 2159 1886 2187 litem
1907 2159 1910 2163 ’

1096 2199 1144 2225 tibi
1158 2198 1333 2225 intenderent.
1367 2199 1408 2225 43.
1423 2199 1535 2225 [astaret
1545 2198 1697 2229 Academia,
1711 2205 1790 2233 quae,
1804 2197 1887 2232 quid-
1911 2206 1915 2215 ¹

1095 2235 1163 2270 quid
1175 2235 1300 2267 dixisses,
1315 2235 1344 2262 id
1360 2236 1478 2270 teipsum
1491 2244 1588 2272 negare
1599 2238 1712 2271 cogeret.
1731 2233 1815 2261 Stoici
1823 2242 1887 2262 vero
1907 2212 1914 2251 i

1096 2273 1179 2299 nostri
1195 2273 1408 2308 disputationum
1425 2281 1536 2299 suarum
1553 2277 1633 2308 atque
1650 2272 1887 2307 interrogationum

1096 2309 1200 2345 laqueis
1214 2314 1239 2336 te
1250 2310 1382 2337 irretitum
1391 2314 1518 2336 tenerent.
1532 2308 1698 2344 Peripatetici
1707 2313 1797 2335 autem
1805 2308 1886 2335 etiam

1096 2347 1161 2373 haec
1182 2347 1250 2382 ipsa,
1273 2355 1343 2383 quae
1364 2347 1471 2382 propria
1487 2351 1621 2374 oratorum
1638 2350 1718 2381 putas
1734 2353 1794 2372 oese
1806 2344 1886 2372 adiu-
1900 2310 1917 2396 3

1096 2388 1184 2410 menta
1197 2388 1277 2419 atque
1295 2389 1451 2411 ornamenta
1462 2383 1578 2415 dicendi,
1593 2383 1627 2410 ab
1639 2391 1669 2410 se
1682 2383 1736 2418 peti
1749 2382 1887 2409 vincerent

1095 2425 1228 2455 oportere3
1255 2429 1286 2448 ac
1306 2430 1360 2448 non
1382 2421 1471 2448 solum
1491 2420 1610 2452 meliora,
1634 2419 1682 2447 sed
1703 2420 1783 2446 etiam
1799 2418 1886 2446 multo

1095 2458 1172 2492 plura
1193 2458 1362 2485 Aristotelem
1383 2458 1651 2493 Theophrastumque
1671 2456 1706 2483 de
1726 2457 1770 2483 his
1791 2456 1882 2488 rebus,
1899 2454 1913 2479 Η

1094 2503 1176 2530 quam
1186 2503 1279 2522 omnes
1288 2495 1396 2522 dicendi
1405 2495 1545 2531 magistros
1554 2495 1695 2530 scripsisse
1705 2493 1883 2520 ostenderent.

1095 2533 1137 2558 44.
1156 2532 1253 2558 Missos
1270 2532 1338 2560 facio
1355 2532 1564 2563 mathematicos,
1687 2531 1779 2562 atioos,
1797 2530 1885 2557 musi-

1093 2577 1148 2600 οοε,
1168 2577 1284 2604 quorum
1302 2570 1404 2596 artibus
1417 2573 1504 2596 vestra
1520 2569 1570 2595 ista
1582 2568 1689 2595 dicendi
1701 2568 1744 2594 vis
1756 2575 1790 2594 ne
1802 2567 1884 2594 mini-
1898 2555 1913 2590 l:

1094 2614 1138 2632 ma
1159 2606 1271 2641 quidem
1288 2607 1412 2634 societate
1428 2606 1609 2642 coniungitur.
1641 2604 1820 2638 Quamobrem
1832 2605 1882 2632 ista
1896 2591 1909 2674 ἑ

1094 2647 1166 2669 tanta
1187 2647 1296 2678 tamque
1318 2643 1402 2670 multa
1419 2642 1574 2678 profitenda,
1589 2642 1691 2674 Crasse,
1711 2649 1764 2668 non
1776 2649 1881 2668 censeo.
