1941 3052
14 2899 33 3052 aar-5³·-

618 140 822 168 ORATOR.
857 140 954 167 CAP.

67 214 143 239 hante
166 212 265 248 populo
285 213 410 243 Romano,
435 217 533 247 quanta
551 212 584 238 de
598 212 680 243 nullo,
701 212 733 238 de
748 211 857 238 artificio

66 250 172 277 dicendi
186 250 280 276 litteris
295 255 347 276 tam
362 249 446 276 multa
460 250 594 276 mandare.
628 249 733 281 Quibus
752 249 773 275 si
789 249 855 275 nihil

67 287 140 314 aliud
153 287 349 322 responderem,
371 287 431 318 nisi,
447 296 489 313 me
503 288 538 313 Μ.
553 287 633 313 Bruto
647 295 742 321 negare
756 286 856 321 roganti

68 324 193 355 noluisse,
214 325 284 350 iusta
303 328 371 350 esset
389 325 532 355 excusatio,
553 333 639 358 quum
657 328 682 350 et
696 324 857 350 amicissimo

67 366 93 388 et
106 362 333 396 praestantissimo
350 362 408 387 viro
421 366 446 387 et
460 366 527 387 recta
542 366 567 387 et
580 361 689 387 honesta
703 361 802 395 petenti
816 369 858 386 sa—

68 399 187 425 tisfacere
202 398 357 425 voluissem.
386 400 442 424 441.
459 398 510 424 Sed
525 399 547 424 si
562 398 694 433 profiterer
710 398 791 433 (quod
806 398 859 423 uti-

68 445 129 463 nam
144 445 249 470 possem
259 436 275 470 l)
290 444 332 461 me
343 436 471 461 studiosis
483 436 588 461 dicendi
600 440 737 470 praecepta
747 440 772 461 et
781 435 858 470 quasi

69 474 134 504 vias,
155 482 223 508 quae
237 473 269 499 ad
283 473 462 507 eloquentiam
477 472 582 503 ferrent,
600 472 772 503 traditurum;
797 472 858 506 quis

69 511 174 537 tandem
192 511 220 536 id
242 511 330 536 iustus
353 519 442 536 rerum
465 510 616 536 aestimator
639 508 860 544 reprehenderet?

69 549 135 574 Nam
154 548 215 583 quis
234 556 363 582 umquam
381 547 522 577 dubitavit,
539 547 605 581 quin
619 547 647 572 in
661 546 798 580 republica
813 555 860 571 no-

68 590 120 612 stra
136 586 235 620 primas
249 584 400 619 eloquentia
414 585 528 610 tenuerit
538 584 770 618 semper,urbanis
782 592 860 617 paca-

70 623 158 657 tisque
176 622 270 652 rebus,
293 622 424 648 secundas
443 621 509 647 iuris
528 620 656 646 scientia?
675 629 760 655 quum
780 621 807 646 in
821 620 860 646 al-

69 665 123 686 tera
137 660 244 695 gratiae,
261 659 368 694 gloriae,
386 658 511 693 praesidii
526 658 673 692 plurimum
684 661 767 689 esset,
785 658 810 683 in
821 657 860 683 al-

70 702 123 723 tera
142 697 378 731 praescriptionum
397 696 603 729 cautionumque
618 695 774 729 praeceptio,
792 703 860 729 quae

70 734 180 769 quidem
194 735 251 768 ipsa
265 733 396 759 auxilium
411 733 443 758 ab
457 732 607 767 eloquentia
621 740 700 766 saepe
714 736 859 766 peteret,ea

70 780 132 798 vero
146 775 309 806 repugnante
323 771 369 796 vix
382 778 444 796 suas
459 770 580 805 regiones
599 769 719 804 finesque
733 768 860 794 defende—

71 813 118 834 ret.
154 809 209 835 ⁴4⁶2.
235 808 288 834 Cur
308 808 392 842 igitur
414 807 457 833 ius
475 806 554 833 civile
572 806 665 832 docere
679 815 784 840 semper
798 805 860 840 pul-

69 845 164 872 chrum
187 845 238 871 suit
260 845 455 879 hominumque
481 844 691 870 clarissimorum
717 843 860 878 discipulis

70 881 214 909 floruerunt
228 882 336 908 domus:
353 881 385 908 ad
399 881 542 908 dicendum
557 882 579 907 si
593 881 655 915 quis
670 885 745 907 acuat
759 885 804 906 aut
814 880 860 906 ad—

71 920 144 946 iuvet
157 920 185 946 in
198 928 228 946 eo
241 917 608 953 iuventutem‚vituperetur‘?
621 919 687 944 Nam
699 919 722 944 si
733 919 860 944 vitiosum

70 962 110 984 est
123 957 209 984 dicere
223 961 321 988 ornate,
334 956 449 991 pellatur
462 957 571 982 omnino
585 964 598 981 e
613 956 718 981 civitate
733 955 861 990 eloquen-

69 995 115 1021 tia.
150 995 196 1021 Sin
211 1003 240 1020 ea
254 1003 306 1020 non
320 994 398 1020 modo
412 1002 455 1020 eos
469 998 551 1024 ornat,
572 1002 653 1028 penes
667 1002 735 1027 quos
750 998 797 1023 est,
814 993 860 1018 sed

70 1033 149 1059 etiam
164 1033 316 1059 universam
331 1031 533 1066 rempublicam,
550 1039 598 1056 cur
611 1035 656 1056 aut
669 1031 770 1056 discere
784 1035 861 1064 turpe

70 1075 118 1101 est,
139 1069 212 1105 quod
230 1070 297 1096 scire
315 1069 457 1095 honestum
471 1073 523 1101 est,
552 1072 605 1099 aut,
621 1068 695 1103 quod
709 1076 786 1094 nosse
800 1067 862 1102 pul-

70 1107 231 1134 cherrimum
246 1111 294 1138 est,
310 1107 336 1133 id
352 1115 403 1133 non
417 1106 563 1142 gloriosum
578 1110 618 1131 est
631 1104 742 1131 docere?

124 1145 204 1171 XLII.
222 1146 279 1171 443.
294 1144 327 1170 At
341 1144 453 1170 alterum
468 1143 614 1169 factitatum
629 1148 677 1174 est,
690 1142 802 1169 alterum
815 1151 862 1168 no—

71 1191 145 1208 vum.
168 1183 272 1208 Fateor:
295 1181 342 1208 sed
356 1181 498 1216 utriusque
512 1181 549 1206 rei
563 1189 657 1206 caussa
672 1185 720 1206 est.
758 1180 861 1206 Alteros

70 1220 142 1246 enim
155 1219 345 1254 respondentes
359 1219 452 1245 audire
465 1222 505 1244 sat
518 1222 581 1248 erat,
590 1222 619 1244 ut
632 1218 660 1249 ii,
669 1218 715 1252 qui
727 1217 859 1247 docerent,

71 1257 177 1284 nullum
191 1257 243 1283 sibi
257 1257 290 1283 ad
303 1265 361 1282 eam
375 1265 430 1282 rem
444 1260 551 1290 tempus
565 1256 617 1289 ipsi
632 1259 798 1290 seponerent,
815 1254 862 1280 sed

72 1294 164 1322 eodem
183 1298 299 1329 tempore
313 1298 338 1320 et
351 1293 517 1320 discentibus
531 1292 713 1318 satisfacerent
726 1296 751 1318 et
765 1301 863 1318 consu-

72 1332 199 1358 lentibus.
234 1331 326 1362 Alteri,
350 1340 434 1366 quum
457 1330 634 1356 domesticum
653 1334 759 1364 tempus
778 1330 804 1355 in
818 1338 863 1355 co-

71 1369 232 1405 gnoscendis
247 1368 492 1403 componendisque
505 1367 617 1398 caussis,
627 1367 729 1393 forense
744 1367 770 1393 in
782 1375 863 1401 agen-

71 1407 122 1438 dis,
143 1406 277 1442 reliquum
294 1407 322 1432 in
340 1414 368 1432 se
386 1406 453 1440 ipsis
467 1405 616 1431 reficiendis
630 1413 707 1430 omne
721 1413 863 1430 consume-

71 1448 142 1471 rent:
162 1453 243 1479 quem
258 1443 389 1470 habebant
403 1442 560 1469 instituendi
574 1446 619 1468 aut
632 1441 743 1468 docendi
759 1440 864 1467 locum‘?

71 1482 158 1517 Atque
180 1481 251 1507 haud
275 1481 338 1512 scio,
363 1489 396 1506 an
420 1480 542 1515 plerique
562 1483 710 1505 nostrorum
729 1483 862 1504 oratorum

70 1519 179 1555 ingenio
192 1518 254 1553 plus
268 1518 408 1549 valuerint,
424 1526 505 1552 quam
520 1517 648 1543 doctrina.
663 1517 754 1551 Itaque
769 1516 808 1542 illi
822 1516 864 1541 di-

70 1565 129 1583 cere
152 1556 258 1586 melius,
283 1564 364 1590 quam
388 1555 548 1590 praecipere,
574 1562 621 1580 nos
643 1558 730 1579 contra
755 1553 864 1579 sortasse

71 1602 223 1629 possumus.
264 1594 320 1619 ⁴44.
344 1592 378 1619 At
399 1592 555 1628 dignitatem
579 1591 672 1617 docere
695 1599 746 1617 non
774 1591 861 1616 habet.

72 1632 155 1662 Certe,
172 1631 194 1657 si
209 1631 285 1665 quasi
300 1631 327 1656 in
343 1629 419 1662 ludo3
440 1629 487 1655 sed
501 1629 523 1655 si
538 1628 678 1659 monendo,
691 1629 713 1654 si
724 1628 864 1654 cohortan-

71 1668 114 1700 do,
139 1669 162 1694 si
184 1667 370 1703 percontando,
396 1667 419 1693 si
437 1665 666 1697 communicando,
687 1666 710 1691 si
728 1665 862 1691 interdurn

72 1706 151 1732 etiam
169 1714 222 1732 una
241 1705 360 1741 legendo,
381 1704 522 1734 audiendo,
544 1703 632 1730 nescio
645 1711 701 1734 cur,
717 1711 802 1737 quum
817 1702 864 1729 do-

72 1743 156 1770 cendo
173 1743 251 1769 etiam
271 1741 373 1777 aliquid
392 1741 535 1776 aliquando
549 1741 571 1767 si
586 1741 674 1775 possis
688 1740 810 1766 meliores
826 1739 865 1766 sa-

73 1789 139 1812 cere,
155 1789 202 1807 cur
216 1779 302 1806 nolis?
320 1779 479 1814 An,quibus
490 1778 578 1804 verbis
592 1787 727 1804 sacrorum
742 1777 865 1803 alienatio

73 1818 126 1849 siat,
146 1817 239 1844 docere
257 1817 399 1843 honestum
417 1821 465 1848 est,
486 1820 515 1842 ut
529 1820 581 1848 est3
604 1815 705 1850 quibus
719 1815 777 1849 ipsa
791 1824 864 1841 sacra

73 1855 179 1882 retineri
189 1854 351 1890 defendique
361 1854 472 1888 possint,
481 1862 532 1880 non
545 1853 686 1879 honestum
698 1851 756 1878 est‘?
768 1853 824 1878 ⁴45.
832 1852 865 1878 At

72 1893 116 1919 ius
130 1892 286 1927 profitentur
299 1891 441 1926 etiam,qui
456 1891 592 1923 nesciunt,
610 1889 760 1924 eloquentia
776 1894 864 1915 autem

72 1930 113 1957 illi
126 1930 188 1964 ipsi,
204 1930 251 1964 qui
265 1929 399 1955 consecuti
414 1932 485 1959 sunt,
501 1932 589 1954 tamen
600 1936 628 1953 se
639 1927 725 1953 valere
735 1927 866 1953 dissimu-

74 1967 136 1998 lant,
157 1971 294 2002 propterea
312 1966 385 2001 quod
403 1965 543 2000 prudentia
558 1964 713 1991 hominibus
727 1968 799 1999 grata
814 1968 862 1994 est,

74 2004 165 2040 lingua
179 2008 312 2038 suspecta.
328 2004 398 2029 Num
413 2003 495 2038 igitur
508 2006 553 2028 aut
568 2001 646 2028 latere
656 2001 805 2036 eloquentia
818 2010 865 2035 po-

73 2046 132 2074 test,
149 2045 194 2068 aut
212 2041 248 2072 id,
265 2040 336 2075 quod
350 2039 513 2070 dissimulat,
530 2039 631 2074 effugit,
647 2042 692 2064 aut
706 2043 746 2064 est
760 2039 865 2073 pericu-

74 2078 140 2110 lum,
161 2087 194 2104 ne
212 2078 274 2112 quis
293 2082 375 2112 putet,
395 2078 422 2104 in
437 2085 532 2111 magna
547 2081 600 2102 arte
615 2080 640 2102 et
653 2075 767 2111 gloriosa
786 2080 863 2110 turpe

73 2124 133 2143 esse
152 2115 245 2142 docere
263 2114 328 2141 alios
346 2114 383 2146 id,
399 2114 472 2149 quod
485 2114 537 2148 ipsi
552 2113 632 2139 suerit
645 2113 865 2139 honestissimum

73 2152 194 2180 discere‘?
212 2153 268 2178 ⁴46.
281 2152 317 2178 Ac
332 2151 441 2178 sortasse
454 2151 533 2177 ceteri
548 2151 682 2182 tectiores,
699 2158 748 2185 ego
761 2159 867 2184 semper

74 2199 116 2217 me
131 2190 257 2217 didicisse
272 2197 333 2224 prae
348 2197 390 2215 me
404 2188 463 2214 tuli.
497 2187 548 2220 Qui
563 2189 634 2214 enim
649 2196 764 2222 possein,
780 2196 866 2222 qutun

74 2232 100 2255 et
117 2227 263 2254 abfuissem
282 2226 434 2253 adolescens
453 2229 478 2251 et
495 2225 590 2251 horum
609 2225 758 2251 studiorum
773 2233 866 2251 caussa

75 2273 146 2292 mare
159 2265 322 2295 transissem,
335 2268 360 2290 et
373 2262 535 2289 doctissimis
549 2262 704 2288 homiuibus
715 2261 808 2289 referta
820 2262 867 2288 do-

75 2310 136 2329 mus
159 2305 242 2333 esset,
259 2305 285 2328 et
302 2301 407 2336 aliquae
426 2300 536 2326 fortasse
553 2300 671 2326 inessent
693 2299 721 2325 in
745 2307 866 2325 sermone

75 2343 163 2366 nostro
177 2339 356 2365 doctrinarum
372 2342 446 2364 notae
460 2345 601 2372 quumque
615 2336 697 2372 vulgo
710 2337 807 2371 scripta
820 2344 867 2362 no-

75 2381 128 2403 stra
143 2376 300 2412 legerentur,
313 2374 484 2402 dissimulare
499 2383 540 2400 me
555 2373 700 2399 didicisse?
719 2373 789 2406 Quid
801 2378 864 2403 erat,

75 2421 123 2440 cur
136 2413 284 2448 probarem,
300 2413 352 2439 nisi
366 2412 438 2448 quod
454 2420 545 2446 parum
563 2410 673 2437 sortasse
687 2410 868 2445 profeceram?

76 2450 166 2477 XL111.
186 2450 263 2483 Quod
281 2459 365 2485 quum
383 2450 418 2476 ita
433 2450 476 2479 sit,
493 2453 580 2475 tamen
595 2457 633 2479 ea,
649 2456 717 2482 quae
731 2456 811 2482 supra
825 2448 867 2474 di-

75 2492 116 2514 ota
139 2492 210 2518 sunt,
235 2487 296 2522 plus
319 2487 347 2514 in
369 2486 539 2521 disputando,
560 2494 640 2520 quam
660 2493 698 2515 ea,
718 2485 751 2511 de
765 2485 866 2519 quibus

76 2524 219 2551 dicendum
243 2529 290 2556 est,
307 2524 444 2560 dignitatis
458 2523 618 2550 habuerunt.
650 2523 707 2548 ¹47.
727 2522 762 2548 De
777 2522 867 2548 verbis

75 2562 146 2588 enim
160 2561 350 2597 componendis
369 2566 394 2588 et
407 2561 440 2587 de
453 2560 565 2597 syllabis
580 2558 771 2594 propemodum
788 2559 868 2585 dinu-

76 2599 209 2626 merandis
223 2603 249 2625 et
258 2598 428 2625 dimetiendis
438 2598 592 2632 loquemur:
609 2597 864 2631 quwefiamsssunt,

76 2635 155 2663 sicuti
173 2636 240 2662 mihi
254 2636 386 2666 videntur,
404 2635 560 2665 necessaria,
581 2639 668 2660 tamen
688 2633 754 2660 liunt
765 2633 867 2668 magni-

78 2671 207 2705 ficentius,
222 2681 303 2707 quam
318 2673 454 2700 docentur.
477 2672 523 2698 Est
537 2671 564 2698 id
578 2671 687 2698 omnino
701 2679 803 2702 verum,
820 2670 867 2696 sed

989 141 1019 166 38
1040 155 1076 159 —
1097 141 1138 166 45.
1650 140 1696 165 ⁴73

908 212 1012 246 proprie
1027 211 1053 237 in
1071 211 1119 237 hoc
1133 210 1240 236 dicitur.
1270 210 1336 235 Nam
1351 209 1470 235 omnium
1486 217 1641 244 magnarum
1657 219 1698 235 ar-

908 250 984 279 tium,
996 249 1065 274 sicut
1076 249 1208 278 arborum,
1217 247 1328 273 altitudo
1340 255 1386 273 nos
1397 246 1516 277 delectat,
1531 246 1631 272 radices
1638 248 1699 272 stir—

909 295 1009 320 pesque
1021 295 1072 311 non
1082 286 1159 315 item:
1176 284 1223 310 sed
1236 293 1295 310 esse
1309 284 1352 310 illa
1362 284 1419 309 sine
1430 283 1472 309 his
1483 293 1533 309 non
1542 288 1636 318 potest.
1660 284 1699 309 Me

909 328 997 349 autem
1011 323 1068 348 sive
1083 322 1318 357 pervagatissimus
1332 321 1377 347 ille
1392 329 1494 351 versus,
1511 322 1557 355 qui
1573 325 1651 351 vetat,

946 361 1031 386 Artem
1043 362 1138 393 pudere
1149 361 1276 392 praloqui.
1292 368 1368 391 quum
1381 361 1490 391 ssicliees,

910 397 1080 423 dissimulare
1099 405 1150 422 non
1169 397 1241 426 sinit,
1262 396 1327 430 quin
1342 395 1464 426 delecter,
1481 395 1538 421 sive
1552 399 1628 421 tuum
1643 400 1700 420 stu—

909 434 985 460 dium
1005 435 1053 460 hoc
1071 443 1085 459 a
1100 442 1142 459 me
1156 433 1281 459 volumen
1296 433 1440 467 expressit:
1467 437 1554 458 tamen
1569 433 1616 463 eis,
1632 441 1700 466 quos

910 471 1013 505 aliquid
1025 471 1232 505 reprehensuros
1244 470 1407 504 suspicabar,
1416 469 1632 504 respondendum
1639 469 1698 495 fuit.

912 510 967 534 ⁴48.
983 508 1060 540 Quod
1074 509 1097 534 si
1111 516 1225 541 ea,quae
1239 507 1304 537 dixi,
1322 516 1373 533 non
1387 508 1422 532 ita
1437 507 1603 541 essent,quis
1613 512 1699 533 tamen

911 554 938 571 se
954 550 1005 571 tam
1019 545 1117 571 durum
1132 549 1316 579 agrestemque
1331 544 1475 578 praeberet,
1492 545 1538 579 qui
1553 544 1620 570 hanc
1634 544 1700 570 mihi

912 591 963 608 non
987 582 1060 608 daret
1082 582 1196 611 veniam,
1217 586 1255 612 ut,
1275 590 1360 616 quum
1374 590 1447 607 meae
1463 581 1579 607 forenses
1594 586 1662 607 artes
1676 586 1701 606 et

913 620 1027 645 actiones
1047 619 1170 653 publicae
1187 619 1374 649 concidissent,
1392 628 1443 644 non
1458 628 1500 644 me
1514 623 1559 644 aut
1572 618 1698 649 desidiae,

911 657 983 691 quod
1003 656 1086 682 facere
1106 664 1157 681 non
1175 664 1294 690 possum,
1311 660 1356 681 aut
1370 657 1523 686 maestitiae,
1539 656 1583 682 cui
1597 657 1698 686 resisto,

912 695 1000 728 potius
1014 702 1094 728 quam
1110 693 1203 719 litteris
1217 692 1359 718 dederem‘?
1372 702 1440 727 quae
1454 694 1563 727 quidem
1575 702 1616 719 me
1627 698 1701 719 antea

911 732 939 757 in
962 731 1059 756 iudicia
1083 735 1161 764 atque
1184 731 1211 755 in
1229 731 1330 755 curiam
1348 730 1522 760 deducebant,
1544 739 1614 756 nunc
1629 730 1701 756 oble-

911 772 981 794 ctant
995 768 1077 793 domi.
1104 768 1157 793 Nec
1172 776 1234 793 vero
1248 767 1346 792 talibus
1361 767 1438 793 modo
1453 767 1541 798 rebus,
1554 768 1647 802 quales
1659 768 1702 794 hic

912 805 978 831 liber
995 806 1119 835 continet,
1140 804 1186 830 sed
1205 804 1289 830 multo
1307 805 1386 830 etiam
1400 804 1567 839 gravioribus
1582 810 1606 830 et
1620 806 1702 831 maio-

911 843 1000 874 ribus:
1026 851 1095 877 quae
1117 842 1140 867 si
1164 846 1241 868 erunt
1259 841 1397 876 perlectae,
1418 841 1534 876 profecto
1553 841 1702 867 forensibus

912 880 1008 905 nostris
1023 880 1102 905 rebus
1117 880 1195 905 etiam
1211 879 1370 905 domesticae
1382 878 1482 904 litterae
1493 879 1700 913 respondebunt.

912 917 964 943 Sed
979 917 1011 942 ad
1025 917 1173 943 institutam
1187 916 1394 951 disputationem
1409 920 1582 942 revertamur.

965 954 1057 980 XLIV.
1084 955 1139 980 ⁴49.
1165 954 1371 980 Collocabuntur
1394 954 1476 989 igitur
1498 953 1587 983 verba,
1609 958 1637 978 ut
1659 958 1704 979 aut

911 992 979 1018 inter
993 1000 1020 1017 se
1034 1000 1115 1026 quam
1131 991 1268 1026 aptissime
1281 991 1436 1017 cohaereant
1451 995 1566 1016 extrema
1577 999 1638 1016 cum
1650 991 1704 1024 pri—

912 1029 963 1055 mis
977 1037 1060 1063 eaque
1075 1029 1128 1055 sint
1141 1038 1222 1063 quam
1236 1028 1405 1054 suavissimis
1413 1028 1536 1059 vocibus,
1553 1033 1598 1054 aut
1613 1033 1640 1054 ut
1653 1027 1704 1053 sor-

912 1075 954 1092 ma
978 1067 1036 1101 ipsa
1058 1067 1277 1100 concinnitasque
1300 1066 1442 1092 verborum
1466 1066 1586 1091 conficiat
1612 1065 1703 1091 orbem

912 1113 1007 1136 suum3
1034 1108 1079 1130 aut
1093 1108 1122 1129 ut
1135 1104 1337 1138 comprehensio
1352 1112 1493 1129 numerose
1507 1107 1532 1129 et
1546 1107 1604 1137 apte
1618 1102 1702 1128 cadat.

912 1141 999 1176 Atque
1022 1141 1089 1167 illud
1108 1141 1225 1175 primum
1240 1141 1389 1171 videamus,
1410 1140 1488 1175 quale
1502 1141 1549 1169 sit;
1576 1140 1648 1174 quod
1663 1140 1703 1165 vel

912 1179 1028 1204 maxime
1045 1178 1178 1204 desiderat
1195 1178 1376 1213 diligentiam,
1404 1182 1443 1204 est
1457 1178 1527 1204 enim
1543 1178 1619 1212 quasi
1634 1182 1705 1203 stru—

912 1220 983 1242 ctura
1000 1216 1146 1251 quaedam,
1164 1224 1211 1241 nec
1224 1216 1252 1242 id
1266 1220 1354 1242 tamen
1369 1215 1412 1241 siet
1426 1224 1547 1250 operose:
1565 1224 1624 1240 nam
1636 1220 1704 1240 esset

912 1262 997 1288 quum
1014 1253 1145 1284 infinitus,
1165 1258 1223 1279 tum
1242 1253 1353 1287 puerilis
1373 1252 1458 1285 labor:
1481 1252 1551 1287 quod
1567 1252 1638 1287 apud
1653 1253 1705 1278 Lu-

912 1290 1005 1317 cilium
1020 1291 1085 1316 scite
1100 1291 1214 1326 exagitat
1228 1291 1255 1316 in
1269 1290 1382 1317 Albucio
1396 1289 1535 1316 Scaevola:

952 1328 1034 1360 Quam
1049 1330 1129 1361 lepide
1143 1330 1222 1354 lexeis
1237 1333 1385 1361 compostae,
1401 1333 1428 1353 zie
1442 1329 1578 1353 tesserulae
1592 1335 1675 1352 omnes

950 1370 1006 1391 arte
1018 1368 1162 1398 pavimento
1175 1370 1251 1398 utque
1262 1367 1406 1391 emblemate
1420 1366 1594 1391 vermiculato.

915 1404 971 1429 450.
988 1402 1053 1429 Nolo
1067 1407 1119 1428 tam
1134 1402 1236 1428 minuta
1251 1402 1315 1428 haec
1328 1403 1487 1429 constructio
1502 1406 1638 1436 appareat,
1659 1401 1706 1426 sed

914 1444 1002 1466 tamen
1016 1439 1094 1466 stilus
1108 1440 1267 1466 exercitatus
1282 1440 1378 1466 efficiet
1389 1439 1464 1465 facile
1477 1439 1542 1465 hanc
1554 1439 1623 1464 viam
1633 1447 1706 1464 com-

915 1477 1040 1512 ponendi.
1072 1478 1137 1503 Nam
1162 1481 1190 1503 ut
1208 1477 1235 1503 in
1255 1476 1365 1512 legendo
1383 1476 1486 1507 oculus,
1506 1477 1544 1502 sic
1559 1477 1664 1502 animus
1679 1477 1704 1502 in

914 1514 1027 1541 dicendo
1051 1515 1202 1549 prospiciet,
1227 1515 1293 1549 quid
1316 1518 1451 1549 sequatur,
1478 1522 1509 1539 ne
1527 1518 1705 1539 extremorum

915 1552 1056 1578 verborum
1076 1561 1137 1577 cum
1160 1552 1365 1586 insequentibus
1384 1551 1478 1586 primis
1496 1559 1642 1576 concursus
1661 1555 1706 1576 aut

915 1589 1019 1615 hiulcas
1034 1598 1111 1615 voces
1126 1589 1222 1615 efficiat
1235 1593 1280 1615 aut
1290 1598 1406 1623 asperas.
1422 1588 1550 1620 Quamvis
1561 1588 1632 1613 enim
1645 1596 1706 1613 sua-

916 1635 962 1653 ves
983 1635 1112 1662 gravesve
1131 1626 1286 1657 sententiae,
1305 1631 1401 1656 tamen,
1423 1626 1445 1651 si
1460 1625 1602 1651 inconditis
1618 1625 1706 1650 verbis

915 1663 1068 1694 offeruntur,
1085 1663 1222 1689 offendunt
1236 1672 1326 1696 aures3
1343 1672 1456 1698 quarum
1471 1667 1509 1688 est
1521 1662 1649 1688 iudicium
1661 1671 1707 1687 su-

915 1701 1116 1736 perbissimum.
1139 1701 1215 1733 Quod
1229 1701 1338 1735 quidem
1354 1701 1444 1727 Latina
1460 1700 1550 1735 lingua
1565 1700 1603 1725 sic
1617 1699 1705 1725 obser-

916 1743 967 1770 vat,
989 1747 1066 1765 nemo
1084 1743 1114 1764 ut
1129 1743 1181 1764 tam
1196 1739 1313 1764 rusticus
1327 1739 1370 1769 sit,
1386 1738 1433 1773 qui
1449 1737 1552 1763 vocales
1566 1736 1631 1762 nolit
1645 1745 1706 1762 con—

915 1776 1036 1811 iungere.
1072 1777 1129 1802 ⁴5⁴.
1153 1776 1182 1802 In
1205 1784 1259 1810 quo
1277 1775 1387 1810 quidam
1407 1775 1485 1801 etiam
1505 1774 1706 1808 Theopompum

915 1813 1122 1848 reprehendunt,
1147 1813 1220 1848 quod
1242 1821 1286 1839 eas
1306 1813 1404 1839 litteras
1423 1816 1493 1838 tauto
1506 1820 1585 1846 opere
1601 1810 1705 1846 sugerit,

915 1851 964 1877 etsi
984 1851 1054 1877 idem
1075 1851 1201 1886 magister
1218 1850 1277 1876 eius
1293 1851 1428 1876 Isocrates.
1460 1850 1493 1875 At
1507 1857 1557 1875 non
1572 1848 1707 1883 Thucydi-

915 1888 976 1914 des:
1009 1896 1041 1914 ne
1064 1887 1110 1914 ille
1127 1888 1246 1923 quidem,
1272 1887 1344 1913 haud
1368 1886 1458 1921 paullo
1482 1886 1563 1912 maior
1585 1886 1705 1920 scriptor.

916 1925 988 1952 Plato
1007 1934 1054 1951 nec
1072 1925 1159 1951 solum
1179 1925 1205 1951 iu
1221 1925 1262 1950 his
1276 1924 1454 1953 sermonibus,
1470 1924 1516 1958 qui
1532 1922 1649 1958 διάλογοι
1667 1923 1708 1948 di-

915 1967 1022 1994 cuntur,
1039 1963 1085 1989 ubi
1100 1963 1179 1988 etiam
1193 1962 1226 1988 de
1241 1962 1370 1988 industria
1385 1961 1412 1987 id
1428 1960 1578 1987 faciendum
1591 1959 1648 1989 suit,
1662 1959 1708 1985 sed

916 2001 943 2026 in
963 1999 1085 2035 populari
1104 2000 1229 2030 oratione,
1245 2008 1298 2034 qua
1313 2008 1370 2025 mos
1385 2003 1424 2024 est
1438 1998 1550 2024 Athenis
1565 1997 1665 2023 laudari
1681 1997 1708 2022 in

915 2038 1041 2064 concione
1055 2046 1109 2068 eos,
1126 2037 1173 2072 qui
1187 2037 1241 2063 sint
1256 2037 1282 2063 in
1298 2036 1405 2071 praeliis
1419 2035 1564 2066 interfecti2
1588 2042 1656 2069 quae
1671 2035 1709 2060 sic

916 2075 1025 2110 probata
1044 2079 1092 2105 est,
1114 2078 1143 2100 ut
1161 2083 1218 2101 eam
1233 2074 1384 2109 quotannis,
1405 2077 1435 2099 ut
1449 2073 1510 2103 scis,
1527 2072 1573 2098 illo
1587 2072 1630 2098 die
1644 2072 1709 2097 reci-

917 2113 965 2138 tari
985 2120 1092 2138 necesse
1107 2112 1150 2138 sit.
1180 2112 1209 2138 ln
1223 2120 1252 2137 ea
1267 2115 1307 2137 est
1320 2111 1410 2137 crebra
1426 2111 1474 2136 ista
1491 2118 1585 2135 vocum
1599 2117 1709 2135 concur—

917 2149 965 2181 sio,
989 2158 1070 2184 quam
1094 2157 1188 2184 magna
1211 2157 1245 2175 ex
1262 2152 1335 2183 parte
1354 2152 1383 2174 ut
1397 2148 1518 2174 vitiosam
1535 2146 1602 2181 sugit
1617 2147 1710 2172 Demo-

917 2187 1035 2213 sthenes.
1058 2186 1137 2212 XLV.
1152 2187 1208 2213 ⁴52.
1223 2186 1274 2211 Sed
1286 2185 1378 2212 Graeci
1394 2184 1521 2211 viderint:
1545 2184 1630 2214 nobis,
1645 2191 1676 2209 ue
1687 2183 1708 2208 si

917 2225 1058 2258 cupiamus
1072 2223 1192 2258 quidem,
1208 2223 1355 2249 distrahere
1371 2231 1446 2248 voces
1461 2220 1622 2247 conceditur.
1639 2220 1709 2246 indi-

918 2265 978 2287 cant
991 2261 1122 2287 orationes
1137 2260 1198 2286 illae
1212 2261 1285 2295 ipsae
1301 2259 1451 2285 horridulae
1466 2259 1580 2287 Catonis,
1593 2257 1710 2284 indicant

918 2306 1010 2324 ornnes
1034 2302 1125 2332 poetae
1145 2303 1247 2332 praeter
1261 2306 1314 2326 eos,
1335 2297 1392 2331 qui,
1415 2301 1442 2322 ut
1463 2304 1569 2321 versum
1585 2294 1707 2321 facerent.

917 2343 996 2369 saepe
1011 2334 1133 2361 hiabant:
1159 2339 1189 2360 ut
1202 2335 1328 2364 Naevius,

960 2373 1014 2400 Vos,
1029 2374 1075 2405 qui
1086 2373 1203 2397 accolitis
1216 2372 1332 2398 Histrum
1346 2372 1449 2403 flurium
1464 2374 1540 2402 alque
1554 2369 1678 2402 Alyidmn.

919 2410 950 2435 Et
963 2409 1073 2438 ibidem.

957 2448 1038 2478 Quum
1053 2448 1190 2478 numquam
1206 2447 1274 2471 rob-'x
1289 2444 1366 2471 Graii
1379 2448 1455 2477 alque
1468 2444 1582 2469 beu-eam:

918 2484 950 2510 At
965 2483 1068 2509 Ennius
1082 2481 1174 2512 semel,

955 2522 1042 2553 Scipio
1056 2522 1158 2545 itu—icto.
1173 2534 1210 2539 —

919 2558 951 2584 Et
964 2557 1075 2592 quidem
1090 2565 1138 2583 nos

956 2596 1008 2620 noc
1024 2599 1089 2620 motu
1104 2595 1234 2620 radiantis
1249 2593 1347 2618 Etesiae
1361 2596 1387 2618 u‘n
1401 2594 1466 2618 endu
1480 2595 1551 2624 pomi
1564 2606 1600 2612 -—

919 2632 971 2658 lloc
994 2631 1064 2658 idem
1088 2632 1169 2657 nostri
1192 2631 1300 2665 saepius
1315 2638 1366 2655 non
1382 2629 1514 2659 tulissent,
1530 2628 1602 2664 quod
1617 2628 1709 2654 Graeci

920 2669 1026 2696 laudare
1040 2669 1118 2696 etiam
1133 2668 1227 2695 solent.
1252 2668 1309 2694 ⁴53.
1325 2666 1377 2693 Sed
1391 2667 1456 2702 quid
1471 2675 1519 2702 ego
1535 2665 1657 2693 vocales?
1675 2667 1712 2691 si-
