1941 3052
191 140 238 166 &Ii

192 209 214 228 ln
225 215 312 231 reanum
323 206 448 228 rodunt-m
467 210 518 227 ΧΠ.
536 213 600 233 porro
614 206 640 225 aa
656 204 708 225 [will
721 205 842 225 turtur-..td
854 205 915 224 nitu
927 204 980 224 Iluld.
1003 213 1013 237 μ
1034 206 1092 232 (lje,
1108 207 1174 232 Non·
1187 205 1335 241 §epu-mh·
1353 207 1456 233 genum
1470 207 1569 241 gna„
1584 207 1702 240 ‘fimus'

768 138 810 163 93.
842 137 877 163 M.
910 136 941 164 Τ.
971 135 1243 163 CICERONIS

1741 209 1767 234 0.
1789 208 1828 235 Eo

191 244 218 263 nt·-
227 243 333 263 sun-nn·-
343 247 362 261 οι
375 243 458 261 t'nnnm
468 241 577 261 ·t..ut=nt·
589 244 632 261 xv.
649 241 766 261 Praeterea
776 240 802 259 do·
813 241 877 260 rebu-
888 239 982 266 privast-
1004 238 1012 260 Π
1035 243 1118 269 biduo
1129 252 1214 277 quum
1225 248 1296 269 ‘9950‘
1306 252 1426 269 annonae
1437 252 1541 270 summ„
1553 246 1658 273 egsum„
1667 251 1692 271 t!
1704 245 1828 272 homine.

191 283 211 298 et
223 278 249 298 dn-
259 276 342 297 ltin-rt·
353 276 396 298 ult
409 275 498 298 t'fnm,
514 279 536 294 ut
547 275 573 294 th·
584 282 623 295 nm
635 275 657 294 in
669 274 824 301 '’anmpflflnum
835 274 916 295 ittam
925 279 946 295 et
956 275 983 295 du
1004 274 1013 318 ¹3
1035 281 1066 306 ml
1080 281 1211 306 umanum
1223 281 1319 314 primo.
1332 280 1429 306 deinde
1441 280 1472 306 nd
1485 287 1605 308 ,cunum
1617 283 1827 313 concurfjssunss·

191 311 302 338 ‹alh-qul·-
317 318 362 331 rum
374 309 478 336 I'ump‘iu
493 308 568 328 ΙιιΙ-ἰῑυ
584 314 620 330 tx.
635 310 662 330 do
676 310 786 333 tuni-mo.-
797 317 808 329 ι
820 309 924 336 Pompo-Io
939 309 982 329 nim
1004 316 1005 323 ¹

191 347 265 366 ..tt-t·
283 349 347 366 xt'ttt
371 345 397 363 ola
412 351 451 364 anu
465 344 490 363 ιιΙ
507 343 612 363 ttmiuu·
628 347 672 364 xv.
687 343 714 364 de
728 344 798 364 Antei
814 344 835 364 iu
851 344 926 374 Λιίιφ
938 347 982 365 xv.

193 384 257 402 xvn.
275 381 300 399 11·-
316 382 340 403 ιι
358 378 433 398 fratri·
447 378 469 398 in
485 378 602 398 :tritanu-1·
614 377 694 399 Itinere
709 382 745 399 xv
769 379 795 399 ιΙε
810 378 913 399 t'nturin
927 378 949 398 In
960 386 984 399 n

191 421 264 435 amur·-
275 417 329 434 xvi.
340 413 367 432 ιΙιε
377 413 499 433 litterarum
514 412 595 433 mnttt·
606 413 628 432 tn
639 414 735 434 Cumano
747 413 837 439 agItatin
849 417 874 434 Χ.
885 414 912 433 tle
922 420 983 441 pne.

191 448 329 470 nunu-utun.
339 454 404 474 open
416 447 556 468 librariorum
567 447 637 468 Anici
649 452 681 468 tt.
694 449 712 468 ta.
727 452 779 469 vul.
791 455 810 468 ι.
825 448 852 469 de
862 448 926 469 lit-rh
936 448 984 469 nui·
1004 458 1006 490 χ

191 485 216 504 de
228 484 321 503 Orneon
335 482 442 503 conrecu-
455 485 513 503 ΧΙΙΙ.
524 483 551 502 de
562 483 661 503 Varrone
675 482 740 503 libri-
755 484 780 503 dr
791 483 847 511 step.
860 490 902 504 non
913 482 983 504 Indu·
1005 473 1014 512 Ι)

192 518 261 538 tlt-inlu
275 519 327 538 xvt.
339 521 359 537 ‘t
370 517 396 537 tlt·
407 517 564 538 'tune-nutant·
575 525 618 538 non
629 518 792 545 per-crimmu-
803 522 836 539 Vt.
859 518 920 539 Inter
934 525 984 546 prn-

193 553 251 574 alme
265 551 387 580 aupariuri·
403 552 454 572 lllnri
470 552 577 580 epi-toln
594 558 658 579 atque
669 552 735 574 huiu-
749 560 835 574 menau
850 556 900 575 neto
914 554 984 574 flun-

192 592 252 609 runt:
263 595 291 609 ax
301 577 410 608 Kalen-tt·
421 588 466 608 tan.
477 588 503 608 ιιΙ
515 588 590 609 Nun·-
601 588 661 615 Sept.

245 666 261 686 Ι.
290 667 376 689 (nomn,
386 667 473 687 tanin-tn,
484 667 562 685 Metrllu
573 673 619 685 tou.
630 668 686 691 (197.)

375 717 542 745 CICERO
570 718 737 746 ATTICO
770 719 799 746 S.

250 766 272 791 l.
286 758 382 796 Quum
395 765 512 799 primum
524 764 633 791 Romam
647 765 717 795 veni,
733 764 846 800 fuitque,
859 765 904 791 cui
915 769 984 790 recte

192 802 224 829 ad
237 807 260 829 te
272 801 372 828 litteras
382 801 482 831 darem,
496 801 563 828 nihil
577 803 651 836 prius
663 801 815 829 faciendum
828 801 894 828 mihi
907 807 985 836 puta-

193 840 234 870 vi,
251 847 332 874 quam
348 843 377 865 ut
391 839 440 865 tibi
455 838 558 865 absenti
575 839 607 865 (le
624 839 710 866 reditu
727 844 816 866 nostro
826 839 982 875 gratularer.
1005 864 1007 870 ,

192 876 340 912 Cognoram
351 876 437 906 enim,
454 876 493 910 (ut
505 885 564 902 vere
576 876 714 911 scribam)
726 882 750 903 te
761 878 788 903 in
800 876 922 903 consiliis
933 877 984 902 mi-

193 914 220 941 hi
232 913 329 940 dandis
341 921 388 940 nec
401 913 548 943 fortiorem,
563 922 611 940 nec
621 914 835 948 prudentiorem.
849 922 929 949 quam
942 921 984 939 me
1006 926 1007 930 ¹

192 952 297 986 ipsum,
312 958 360 977 nec
370 951 449 977 etiam
462 959 509 985 pro
518 952 657 985 praeterita
670 960 728 977 mea
739 952 766 978 in
779 956 803 978 te
813 951 983 978 observantia

193 989 308 1015 nimium
320 988 347 1014 in
358 988 477 1014 custodia
484 987 578 1014 salutis
585 997 659 1015 meae
669 988 834 1023 diligentem,
844 988 986 1015 eumdem-

191 1034 245 1061 que
256 1030 294 1055 te,
310 1026 357 1060 qui
374 1025 470 1060 primis
481 1025 648 1060 temporibus
659 1027 756 1053 erroris
767 1026 864 1056 nostri,
882 1030 927 1052 aut
938 1034 986 1060 po-

193 1063 246 1090 tius
263 1062 369 1093 furoris,
388 1063 520 1097 particeps
534 1067 560 1089 et
575 1062 635 1089 falsi
652 1064 754 1090 timoris
768 1064 858 1089 socius
875 1062 983 1093 fuisses,

192 1099 365 1127 acerbissime
376 1099 523 1126 discidium
540 1105 658 1126 nostrum
674 1100 767 1127 tulisse
781 1100 985 1135 plurimumque

191 1145 300 1172 operae,
318 1136 414 1167 studii,
432 1136 602 1173 diligentiae,
623 1137 721 1164 laboris
738 1137 772 1164 ad
787 1137 984 1163 conficiendum

192 1174 307 1201 reditum
327 1182 417 1200 meum
437 1174 592 1201 contulisse.
633 1176 658 1201 2.
681 1175 771 1210 ltaque
787 1174 836 1201 hoc
853 1174 902 1201 tibi
923 1182 985 1200 vere

192 1211 308 1242 affirmo,
327 1212 354 1238 in
369 1212 487 1238 maxima
504 1211 602 1238 laetitia
618 1217 643 1238 et
654 1212 855 1247 exoptatissima
866 1211 985 1247 gratula-

192 1249 262 1276 tione
274 1257 357 1275 unum
369 1248 401 1274 ad
413 1248 606 1275 cumulandum
617 1249 748 1285 gaudium
759 1254 932 1284 conspectum
939 1253 985 1275 aut

191 1286 281 1321 potius
296 1285 467 1320 complexum
484 1285 552 1312 mihi
564 1290 640 1313 tuum
652 1285 784 1319 defuisse3
803 1295 884 1322 quem
900 1285 984 1312 semel

191 1327 285 1350 nactus
297 1331 444 1358 numquam
456 1322 598 1350 dimisero:
612 1332 651 1354 ac,
661 1324 799 1350 nisietiam
811 1324 985 1359 praetermis-

190 1369 234 1387 sos
251 1359 353 1387 fructus
368 1365 428 1386 tuae
443 1361 585 1387 suavitatis
600 1361 735 1395 praeteriti
751 1362 879 1396 temporis
890 1369 984 1388 omnes

190 1405 316 1433 exegero,
340 1396 457 1431 profecto
472 1397 521 1423 hac
544 1399 709 1425 restitutione
731 1397 851 1425 fortunae
866 1407 909 1425 me
924 1399 984 1433 ipse

191 1443 242 1461 non
254 1435 319 1461 satis
330 1434 443 1470 dignum
455 1434 590 1461 iudicabo.
631 1437 656 1462 3.
680 1436 734 1462 Nos
749 1435 837 1462 adhuc
853 1436 880 1462 in
895 1440 984 1462 nostro

189 1476 273 1502 statu,
295 1471 367 1506 quod
378 1471 539 1498 difficillime
551 1473 702 1507 recuperari
715 1481 793 1507 posse
806 1473 927 1500 arbitrati
937 1482 985 1500 su-

191 1517 259 1539 mus,
273 1508 442 1543 splendorem
451 1514 570 1536 nostrum
583 1509 660 1536 illum
672 1509 804 1536 forensem
815 1515 841 1538 et
851 1511 878 1537 in
889 1515 983 1537 senatu

189 1547 372 1573 auctoritatem
382 1551 407 1572 et
418 1546 489 1581 apud
498 1547 569 1573 viros
575 1546 659 1574 bonos
665 1548 788 1582 gratiam,
797 1549 893 1583 magis,
901 1556 983 1583 quam

188 1588 355 1618 optaramus,
372 1584 508 1610 consecuti
519 1592 625 1610 sumus.
665 1585 693 1611 In
705 1593 732 1611 re
743 1590 833 1612 autem
845 1584 982 1617 familiari,

189 1629 258 1656 quae
268 1620 497 1656 quemadmodum
508 1620 598 1652 fracta,
607 1621 746 1656 dissipata,
758 1621 862 1657 direpta
873 1623 917 1653 sit,
931 1631 983 1649 non

189 1659 309 1693 ignoras,
323 1657 401 1684 valde
414 1657 580 1689 laboramus,
596 1663 757 1694 tuarumque
769 1668 821 1686 non
832 1665 885 1686 tam
899 1659 984 1686 facul-

189 1700 282 1725 tatum,
290 1703 358 1730 quas
364 1703 413 1731 ego
424 1699 526 1722 nostras
538 1704 597 1722 esse
608 1695 707 1726 iudico,
715 1705 797 1731 quam
808 1697 983 1724 consiliorum

189 1732 222 1758 ad
233 1731 398 1768 colligendas
409 1737 435 1759 et
444 1733 644 1759 constituendas
656 1733 785 1769 reliquias
796 1739 900 1761 nostras
911 1734 984 1761 indi-

188 1777 294 1805 gemus.
335 1770 359 1796 4.
382 1770 471 1800 Nunc,
490 1770 540 1796 etsi
555 1771 643 1797 omnia
659 1775 705 1798 aut
720 1772 819 1806 scripta
833 1780 892 1798 esse
903 1780 918 1798 a
928 1772 982 1798 tuis

189 1806 302 1833 arbitror
312 1811 357 1833 aut
367 1807 447 1833 etiam
459 1807 561 1834 nuntiis
572 1816 602 1834 ac
612 1816 719 1834 rumore
730 1808 840 1843 perlata,
854 1813 941 1836 tamen
952 1817 982 1835 ea

188 1843 305 1870 scribam
316 1843 402 1875 brevi,
413 1852 483 1879 quae
494 1848 518 1871 te
530 1849 593 1879 puto
604 1845 776 1880 potissimum
788 1853 822 1872 ex
833 1847 900 1872 meis
912 1845 983 1872 litte—

189 1881 226 1907 ris
237 1880 306 1907 velle
317 1889 486 1917 cognoscere.
526 1881 615 1908 Pridie
626 1883 715 1909 Nonas
727 1882 802 1910 Sext.
817 1883 982 1919 Dyrrhachio

188 1926 250 1944 sum
260 1917 405 1952 profectus,
417 1918 476 1953 ipso
487 1917 533 1945 illo
543 1918 596 1950 die,
611 1927 665 1954 quo
677 1919 722 1946 lex
731 1925 771 1946 cst
785 1919 836 1947 lata
847 1920 880 1947 de
892 1921 980 1947 nobis.

187 1955 363 1982 Brundisium
375 1956 436 1981 veni
448 1955 531 1982 Nonis
543 1955 616 1982 Sext.
657 1956 698 1983 [hi
713 1957 781 1984 mihi
793 1957 908 1985 Tulliola
923 1967 982 1985 mea

188 1991 241 2019 fuit
249 1997 363 2027 praesto,
376 1991 456 2019 natali
467 2001 517 2019 suo
527 1993 587 2029 ipso
597 1993 650 2024 die,
666 1994 714 2029 qui
725 2002 790 2021 casu
802 1994 874 2021 idem
886 1995 982 2022 natalis

189 2034 245 2056 erat
259 2034 285 2056 et
299 2029 477 2056 Brundisinae
491 2030 609 2057 coloniae
625 2036 652 2057 et
669 2036 730 2058 tuae
745 2032 851 2058 vicinae
865 2032 979 2060 Salutis:

187 2075 257 2102 quae
268 2074 320 2097 res,
333 2066 520 2093 animadversa
531 2076 544 2093 a
556 2067 738 2100 multitudine,
754 2078 860 2096 summa
866 2070 983 2096 Brundi-

187 2104 309 2130 sinorum
320 2103 497 2140 gratulatione
507 2104 640 2132 celebrata
650 2110 700 2132 est.
727 2106 796 2133 Ante
807 2106 880 2133 diem
891 2115 928 2134 vr.
940 2107 980 2134 Id.

188 2140 262 2167 Sext.
274 2142 403 2177 cognovi,
415 2150 501 2177 quum
512 2142 649 2169 Brundisii
660 2151 762 2175 essem,
780 2143 875 2171 litteris
888 2143 981 2177 Quinti

188 2177 290 2209 fratris,
312 2178 426 2205 mirifico
441 2179 531 2206 studio
545 2181 667 2206 omnium
682 2185 798 2208 aetatum
815 2186 895 2216 atque
908 2181 983 2208 ordi-

188 2224 262 2246 num,
272 2215 426 2242 incredibili
437 2224 570 2243 concursu
580 2217 680 2248 Italiae,
690 2217 776 2254 legem
790 2219 907 2245 comitiis
918 2227 983 2246 cen-

187 2253 293 2279 turiatis
304 2261 363 2279 esse
374 2253 512 2288 perlatam.
553 2254 625 2284 Inde,
639 2263 654 2281 a
664 2255 836 2282 Brundisinis
848 2256 982 2283 honestis—

187 2290 265 2316 simis
281 2295 403 2321 ornatus,
429 2291 479 2317 iter
494 2292 530 2317 ita
546 2290 610 2322 feci,
628 2296 658 2318 ut
673 2292 795 2328 undique
810 2293 844 2319 ad
859 2302 903 2320 me
918 2302 981 2320 cum

187 2326 364 2362 gratulatione
376 2327 456 2363 legati
466 2329 649 2356 convenerint.
683 2331 709 2356 5.
725 2330 767 2356 Ad
776 2330 876 2357 Urbem
887 2331 923 2358 ita
934 2339 982 2357 ve-

188 2364 229 2395 ni,
247 2369 276 2391 ut
291 2372 370 2391 nemo
384 2365 468 2392 ullius
483 2365 586 2392 ordinis
602 2365 682 2393 homo
697 2367 888 2395 nomenclatori
902 2373 980 2395 notus

188 2399 282 2432 fuerit,
297 2402 345 2437 qui
355 2402 424 2429 mihi
434 2402 543 2429 obviam
554 2412 607 2430 non
621 2404 737 2436 venerit,
755 2409 859 2440 praeter
871 2413 916 2432 eos
927 2405 981 2432 ini—

189 2437 286 2469 micos,
305 2439 407 2473 quibus
422 2439 451 2466 id
465 2440 557 2475 ipsum
572 2449 625 2467 non
641 2440 733 2468 liceret
747 2446 792 2468 aut
806 2441 980 2469 dissimulare

189 2478 234 2500 aut
253 2483 360 2511 negare.
393 2476 483 2509 Quum
503 2478 640 2504 venissem
660 2478 694 2505 ad
712 2484 816 2513 portam
833 2479 977 2515 Capenam,

189 2510 288 2544 gradus
303 2513 464 2547 templorum
478 2514 512 2541 ab
526 2514 618 2542 infima
627 2514 707 2551 plebe
717 2515 844 2551 completi
859 2521 946 2544 erant:
965 2525 979 2543 a

190 2553 243 2579 qua
253 2547 349 2589 plausu
360 2551 478 2578 maximo
489 2560 575 2587 quum
585 2557 656 2579 esset
665 2553 734 2579 mihi
744 2553 887 2589 gratulatio
893 2555 980 2590 signi—

192 2581 280 2624 ficata.
297 2586 400 2625 ‘similis
413 2593 439 2614 et
453 2588 603 2624 frequentia
617 2594 643 2616 et
657 2589 770 2625 plausus
785 2599 828 2617 me
843 2600 931 2627 usque
945 2591 979 2618 ad

191 2617 352 2660 Capitolium
365 2623 522 2653 celebravit:
536 2627 569 2653 in
581 2626 691 2662 foroque
701 2632 728 2654 et
739 2628 767 2656 in
778 2628 838 2663 ipso
848 2628 979 2664 Capitolio

192 2656 312 2684 miranda
324 2658 465 2689 multitudo
476 2662 537 2691 fuit.
561 2664 693 2692 Postridie
704 2665 732 2692 in
742 2670 837 2693 senatu
846 2686 853 2698 ,
868 2667 918 2702 qui
927 2665 980 2693 fuit

1036 317 1155 352 impulsu
1163 317 1259 346 Clodii,
1275 326 1333 343 mea
1343 326 1422 351 opera
1435 317 1561 344 frumenti
1574 320 1690 354 inopiam
1702 328 1762 345 case
1773 319 1829 345 cla-

1036 359 1147 383 marent,
1160 363 1244 389 quum
1256 363 1304 388 per
1314 363 1359 380 eos
1369 354 1427 380 dieu
1439 360 1546 381 senatus
1557 356 1589 382 de
1601 364 1704 383 annona
1717 356 1830 383 habere-

1037 397 1087 419 tur.
1101 397 1126 417 et
1137 391 1168 417 ad
1181 393 1240 417 eius
1252 392 1464 426 procurationem
1474 401 1597 418 aennone
1608 401 1659 419 non
1671 393 1758 420 nolum
1771 393 1829 428 ple-

1037 429 1088 456 bis,
1099 437 1191 454 verum
1203 429 1283 454 etiam
1296 428 1575 464 bonoruml'ompeiua
1587 435 1734 460 vocaretur,
1747 430 1829 465 idque

1038 466 1093 500 ipsse
1105 470 1223 500 cuperet,
1240 465 1438 501 multitudoque
1449 476 1462 492 a
1476 475 1517 492 me
1529 467 1695 497 nominatim,
1704 473 1732 494 ut
1744 468 1769 494 id
1781 467 1829 493 de-

1035 511 1181 532 cernerem,
1196 502 1355 537 postularet:
1373 502 1433 533 feci,
1449 508 1475 529 et
1485 509 1606 529 accurate
1617 505 1775 531 sententiam
1786 504 1830 531 di-

1038 541 1073 569 xi,
1086 549 1171 575 quum
1184 540 1308 566 abessent
1321 540 1489 570 consulares,
1506 540 1578 575 quod
1594 546 1650 567 tuto
1663 549 1691 567 ae
1703 546 1831 577 negarent

1036 586 1114 612 posse
1129 578 1288 603 sententiam
1304 577 1407 608 dicere,
1428 582 1532 612 praeter
1546 577 1696 604 Messallam
1712 583 1738 605 et
1752 577 1830 605 Atra·-

1037 615 1122 641 nium.
1163 615 1272 641 Factum
1288 619 1329 640 est
1343 620 1451 641 senatus
1465 615 1618 641 consultum
1631 616 1657 641 in
1670 623 1755 642 meam
1767 624 1830 642 aen-

1036 653 1155 681 tentiam,
1169 657 1198 678 ut
1207 660 1269 678 cum
1283 652 1407 687 Pompeio
1418 657 1549 687 ageretur,
1566 658 1594 678 ut
1605 661 1662 678 eam
1676 661 1730 679 rem
1742 653 1830 679 ausci-

1036 694 1109 724 peret
1122 689 1218 724 lexque
1230 689 1352 716 ferretur.
1392 691 1450 722 Quo
1461 694 1570 715 senatus
1579 689 1700 716 consulto
1711 690 1828 721 recitato,

1035 735 1120 762 quum
1136 727 1263 753 continuo
1273 742 1309 747 -
1321 735 1393 753 more
1409 727 1458 753 hoc
1474 727 1578 753 insulso
1591 732 1616 753 et
1627 736 1696 753 novo
1705 742 1742 747 —
1753 726 1830 762 plau·

1035 773 1096 790 sum
1113 772 1171 790 meo
1187 765 1294 790 nomine
1310 764 1445 790 recitando
1460 764 1592 794 dedisset,
1620 764 1702 791 habui
1722 765 1830 791 mucio·

1036 810 1110 827 nem:
1136 810 1230 828 omnes
1250 803 1421 834 magistratus
1441 806 1593 836 praesentes
1618 806 1722 836 praeter
1744 809 1830 828 unum

1035 844 1182 873 praetorem
1194 844 1219 865 et
1230 838 1298 865 duos
1310 839 1432 865 tribunos
1448 839 1536 874 plebis
1549 838 1691 866 dederunt.
1730 840 1756 865 7.
1781 838 1830 865 Po-

1035 876 1128 902 stridie
1149 882 1258 902 senatus
1283 876 1410 911 frequens
1428 881 1454 902 et
1473 884 1566 902 omnes
1585 875 1740 902 consulares
1760 875 1829 902 nihil

1036 914 1161 948 Pompeio
1173 913 1318 948 postulanti
1330 918 1470 949 negarunt.
1505 913 1551 939 Ille
1563 913 1662 949 legatos
1672 913 1829 948 quindecim

1035 959 1121 985 quum
1133 950 1287 985 postularet,
1296 959 1338 977 me
1344 952 1494 986 principem
1501 951 1650 977 nominavit
1660 955 1685 977 et
1695 950 1729 976 ad
1738 951 1829 976 omnia

1037 996 1079 1014 me
1094 987 1207 1014 alterum
1222 996 1252 1013 se
1271 987 1325 1014 fore
1340 988 1420 1015 dixit.
1460 989 1558 1023 Legem
1573 987 1698 1014 eonsules
1710 988 1830 1014 conscri-

1035 1030 1155 1059 pserunt,
1172 1033 1224 1060 qua
1231 1025 1358 1060 Pompeio
1368 1034 1416 1060 per
1425 1026 1644 1060 quinquennium
1655 1025 1743 1051 omnis
1755 1029 1830 1060 pote-

1035 1067 1090 1088 stas
1101 1063 1138 1088 rei
1151 1062 1339 1089 frumentariae
1351 1068 1404 1089 toto
1413 1063 1478 1089 orbe
1489 1068 1618 1089 terrarum
1629 1062 1750 1088 daretur:
1763 1061 1831 1088 alte-

1035 1107 1091 1125 ram
1104 1100 1233 1130 Messius,
1250 1101 1298 1135 qui
1313 1101 1402 1126 omnis
1418 1100 1547 1134 pecuniae
1561 1099 1606 1126 dat
1617 1104 1787 1134 potestatem,
1804 1104 1831 1126 et

1035 1136 1159 1172 adiungit
1169 1137 1282 1163 classem
1294 1142 1320 1163 et
1330 1138 1478 1164 exercitum
1487 1157 1493 1167 ,
1510 1142 1536 1163 et
1547 1137 1634 1163 maius
1646 1137 1790 1171 imperium
1801 1137 1829 1163 in

1035 1174 1196 1209 provinciis,
1214 1183 1295 1209 quam
1311 1175 1347 1201 sit
1357 1182 1463 1205 eorum,
1481 1175 1528 1209 qui
1540 1182 1585 1200 eas
1595 1174 1742 1200 obtineant.
1782 1173 1829 1200 Illa

1035 1216 1124 1237 nostra
1135 1210 1179 1238 lex
1188 1211 1338 1238 consularis
1350 1220 1421 1238 nunc
1428 1211 1546 1238 modesta
1554 1210 1673 1243 videtur,
1688 1211 1753 1237 haec
1759 1211 1830 1237 Mes-

1035 1249 1070 1274 sii
1084 1257 1136 1275 non
1149 1247 1267 1275 ferenda.
1297 1249 1442 1283 Pompeius
1453 1248 1528 1275 illam
1539 1248 1608 1274 velle
1620 1256 1648 1274 se
1661 1247 1736 1278 dicit,
1751 1247 1830 1275 fami-

1036 1285 1114 1312 liares
1126 1285 1204 1312 hanc.
1235 1285 1404 1317 Consulares,
1417 1285 1485 1312 duce
1498 1286 1623 1316 Favonio,
1638 1285 1767 1317 fremunt,
1782 1293 1830 1312 nos

1035 1328 1168 1353 tacemus,
1184 1328 1210 1350 et
1219 1331 1251 1350 eo
1262 1324 1362 1359 magis,
1380 1323 1453 1359 quod
1467 1323 1501 1350 de
1512 1323 1592 1349 domo
1601 1327 1690 1349 nostra
1702 1322 1770 1349 nihil
1781 1322 1830 1349 ad-

1035 1360 1088 1387 huc
1099 1360 1240 1395 pontifices
1254 1360 1460 1396 responderunt.
1498 1360 1550 1393 Qui
1561 1361 1585 1386 si
1595 1359 1757 1387 sustulerint
1766 1359 1830 1387 reli-

1034 1399 1157 1434 gionem,
1177 1407 1266 1425 aream
1280 1397 1444 1433 praeclaram
1460 1398 1636 1428 habebimus,
1657 1397 1829 1432 superficiem

1034 1435 1160 1462 consules
1175 1444 1210 1462 ex
1223 1440 1333 1462 senatus
1343 1435 1466 1462 consulto
1477 1435 1670 1462 aestimabunt:
1687 1435 1730 1461 sin
1741 1434 1827 1465 aliter,

1034 1472 1227 1505 demolientur;
1250 1482 1300 1500 suo
1310 1474 1418 1500 nomine
1430 1472 1568 1500 locabunt:
1590 1481 1647 1498 rem
1657 1476 1738 1499 totam
1748 1472 1831 1499 aesti-

1035 1510 1156 1537 mabunt.
1190 1511 1226 1537 lta
1238 1515 1301 1537 sunt
1311 1519 1354 1537 res
1365 1516 1482 1542 nostrae;
1496 1515 1526 1536 ut
1537 1511 1564 1536 in
1575 1509 1712 1540 secundis,
1726 1508 1827 1542 ssuxae3

1034 1548 1102 1574 utin
1113 1547 1250 1579 adversis,
1267 1548 1363 1574 bonae.
1402 1548 1431 1574 In
1446 1556 1475 1574 re
1488 1547 1615 1574 familiari
1630 1546 1708 1573 valde
1722 1554 1828 1578 sumus,

1034 1589 1064 1611 ut
1078 1585 1146 1616 scis,
1163 1585 1321 1620 perturbati.
1361 1585 1499 1612 Praeterea
1513 1589 1577 1611 sunt
1590 1583 1723 1619 quaedam
1736 1583 1831 1610 dome-

1034 1623 1114 1654 stica,
1130 1630 1200 1657 quae
1212 1621 1308 1649 litteris
1318 1631 1370 1649 non
1380 1623 1528 1649 committo.
1567 1621 1698 1654 Quintum
1709 1620 1827 1651 fratrem,

1034 1660 1137 1695 insigni
1148 1660 1259 1694 pietate,
1277 1660 1390 1690 virtute,
1409 1659 1460 1685 fide
1471 1658 1638 1694 praeditum,
1654 1658 1694 1684 sic
1709 1666 1783 1689 amo,
1801 1662 1830 1684 ut

1033 1697 1129 1723 debeo.
1151 1697 1187 1723 Te
1198 1701 1338 1732 exspect-03
1351 1701 1378 1723 et
1387 1705 1442 1727 oro,
1456 1701 1486 1722 ut
1495 1701 1613 1722 matures
1624 1696 1729 1726 venire;
1743 1702 1829 1730 eoque

1033 1735 1124 1761 animo
1133 1734 1236 1764 venias,
1251 1739 1280 1760 ut
1290 1742 1333 1760 me
1343 1738 1389 1760 tuo
1399 1733 1514 1760 consilio
1524 1741 1602 1769 egere
1613 1741 1665 1759 non
1676 1733 1760 1759 sinas.
1781 1731 1830 1759 Al—

1033 1772 1117 1798 terius
1128 1772 1198 1797 vitae
1209 1770 1346 1806 quoddam
1357 1771 1466 1797 initium
1476 1770 1608 1797 ordimur.
1638 1770 1692 1796 Iam
1704 1769 1826 1805 quidam,

1033 1809 1081 1844 qui
1092 1817 1140 1835 nos
1151 1808 1276 1835 absentes
1287 1807 1479 1838 defenderunt,
1495 1808 1630 1842 incipiunt
1640 1806 1829 1842 praesentibus

1032 1845 1135 1872 occulte
1151 1846 1244 1877 irasci,
1266 1850 1357 1881 aperte
1372 1845 1505 1872 invidere.
1544 1844 1723 1872 Vehementer
1741 1848 1767 1871 te
1786 1851 1829 1870 re-

1032 1891 1178 1918 quirimus.

1084 1952 1115 1973 ll.
1143 1955 1229 1976 (Romae,
1239 1954 1328 1975 laenuuo.
1337 1954 1417 1973 Metello
1427 1959 1474 1971 ema.
1484 1953 1540 1974 ⁶⁹¹1.)

1217 1995 1384 2024 CICERO
1417 1994 1586 2023 ATTICO
1612 1995 1642 2022 S.

1091 2037 1114 2060 t.
1137 2028 1170 2060 Si
1181 2033 1248 2060 sorte
1259 2034 1346 2060 rarius
1357 2033 1432 2060 tibia
1442 2041 1498 2064 me,
1511 2041 1593 2068 quam
1603 2041 1618 2059 a
1629 2031 1739 2063 ceteris,
1755 2030 1828 2058 litte-

1033 2079 1077 2097 rae
1091 2071 1254 2102 redduntur,
1265 2075 1328 2106 peto
1338 2079 1352 2097 a
1363 2076 1388 2097 te
1396 2091 1402 2102 ‚
1415 2075 1445 2097 ut
1455 2070 1483 2097 id
1494 2078 1547 2097 non
1557 2069 1637 2096 modo
1647 2068 1827 2105 negligentiae

1033 2116 1121 2140 meae,
1138 2108 1186 2135 sed
1202 2116 1235 2135 ne
1249 2108 1420 2143 occupationi
1434 2107 1546 2143 quidem
1557 2107 1675 2134 tribuas:
1691 2113 1762 2142 quae
1775 2106 1827 2132 etsi

1032 2154 1138 2172 summa
1149 2150 1198 2176 est,
1207 2150 1296 2172 tamen
1307 2145 1381 2172 nulla
1391 2153 1451 2171 esse
1461 2149 1548 2180 potest
1558 2148 1638 2175 tanta,
1647 2144 1828 2170 utinten-um-

1032 2188 1077 2217 pat
1088 2183 1138 2209 iter
1147 2183 1246 2209 amoris
1257 2183 1341 2209 nostri
1351 2187 1377 2209 et
1386 2181 1471 2209 officii
1482 2182 1546 2208 mei.
1584 2182 1651 2208 Nam
1661 2185 1692 2207 ut
1701 2180 1763 2207 veni
1773 2180 1827 2206 Ro-

1033 2228 1114 2251 mam,
1127 2220 1225 2247 iterum
1235 2229 1307 2247 nunc
1317 2228 1378 2246 sum
1389 2220 1485 2246 certior
1495 2218 1590 2250 factus,
1598 2226 1666 2249 esse,
1677 2217 1722 2244 cui
1733 2216 1826 2243 darem

1033 2257 1147 2284 litteras:
1165 2257 1256 2292 itaque
1272 2257 1321 2284 has
1335 2257 1432 2283 alteras
1445 2256 1520 2283 dedi.
1558 2255 1697 2282 Prioribus
1713 2253 1763 2280 tibi
1777 2253 1827 2280 de-

1031 2294 1145 2325 claravi,
1163 2294 1296 2321 adventus
1307 2299 1396 2321 noster
1406 2293 1496 2329 qualis
1510 2293 1620 2323 fuisset,
1637 2296 1663 2318 et
1677 2291 1740 2326 quis
1754 2295 1827 2318 esset

1031 2336 1125 2362 status,
1134 2336 1214 2367 atque
1224 2340 1317 2358 omnes
1327 2340 1370 2358 res
1380 2336 1485 2358 nostrae
1490 2328 1718 2366 quemadmodum
1724 2332 1823 2359 essent,

1031 2369 1098 2396 utin
1110 2369 1247 2399 secundis,
1260 2368 1357 2400 fluxae,
1370 2373 1400 2395 ut
1410 2369 1438 2395 in
1448 2367 1579 2398 adversis,
1592 2366 1687 2392 bonae.
1716 2366 1742 2391 2.
1763 2365 1826 2392 Post

1031 2405 1092 2432 illas
1107 2406 1182 2433 datas
1198 2405 1299 2433 litteras
1313 2410 1406 2432 secuta
1420 2410 1460 2432 est
1472 2413 1578 2431 summa
1587 2403 1721 2430 contentio
1731 2402 1765 2428 de
1775 2401 1826 2429 do-

1032 2451 1084 2470 mo.
1124 2444 1249 2470 Diximus
1263 2443 1337 2478 apud
1351 2442 1492 2478 pontifices
1505 2441 1594 2476 pridie
1609 2439 1668 2466 Kal.
1683 2438 1822 2466 Octobres.

1031 2480 1095 2507 Acta
1106 2489 1148 2507 res
1158 2485 1199 2507 est
1208 2485 1330 2507 accurate
1341 2489 1356 2506 a
1366 2480 1453 2510 nobis,
1466 2483 1501 2509 et,
1513 2479 1538 2504 si
1549 2485 1680 2512 umquam
1691 2477 1720 2503 in
1730 2476 1825 2503 dicen-

1030 2517 1064 2544 do
1075 2517 1179 2544 fuimus
1190 2517 1304 2552 aliquid,
1312 2521 1358 2544 aut
1367 2517 1456 2547 etiam,
1465 2516 1489 2542 si
1495 2523 1625 2550 umquam
1630 2513 1697 2540 alias
1708 2513 1821 2544 fuimus,

1030 2559 1087 2581 tum
1097 2554 1216 2590 profecto
1229 2554 1305 2581 dolor
1314 2559 1341 2581 et
1350 2552 1508 2589 magnitudo
1521 2553 1577 2578 vim
1587 2551 1733 2587 quamdam
1744 2550 1823 2577 nobis

1029 2591 1139 2618 dicendi
1148 2592 1233 2619 dedit.
1272 2592 1365 2626 Itaque
1374 2591 1458 2617 oratio
1468 2590 1603 2616 iuventuti
1613 2593 1719 2615 nostrae
1729 2587 1823 2614 deberi

1029 2637 1082 2655 non
1092 2633 1192 2664 potest3
1209 2637 1292 2664 quam
1303 2628 1368 2659 tibi,
1385 2627 1492 2654 etiamsi
1504 2635 1557 2653 non
1567 2625 1719 2657 desideras,
1731 2629 1823 2652 nmen

1029 2666 1135 2694 mittam
1143 2667 1208 2694 cito.
1245 2667 1272 2693 3.
1291 2665 1382 2699 Quum
1391 2663 1532 2701 pontifices
1541 2663 1709 2695 decressent,
1725 2662 1777 2693 ita,
1795 2669 1824 2687 s!
