1941 3052
249 126 298 150 522³.

826 124 860 148 to.
897 123 930 148 M.
965 123 994 148 T.
1029 123 1304 150 ‹lttjtittoxts

249 196 314 225 iure.
331 202 415 229 quum
433 202 511 223 more.
530 201 613 227 quum
630 197 756 227 ffmtneatate
770 192 899 218 iudicium
911 192 1039 226 impedire
1058 192 1067 236 l*
1089 193 1231 219 certissimi
1247 193 1400 227 gladiatoria
1414 194 1530 220 similem
1547 195 1684 221 tribunum
1700 195 1786 229 plebia
1803 204 1880 230 posse

249 240 299 258 nou
319 235 415 266 posset.
438 230 559 256 rediitad
572 230 644 256 illam
658 230 709 255 vim
722 233 747 255 et
758 228 873 255 furorem
884 237 975 260 auum,
988 229 1039 255 du—
1066 247 1067 267 χ

247 277 359 302 remque
375 276 403 293 ae
419 267 550 293 militibus
568 267 621 292 tuis
633 266 765 300 praebuit.
787 266 816 292 ln
827 275 890 300 quo.
904 274 936 292 ne
947 266 1013 300 quid
1025 275 1038 292 a

248 315 290 332 me
305 306 405 332 dictum
423 305 448 330 in
464 309 488 331 te
504 304 591 338 potius
603 308 688 337 putes.
702 311 782 337 quam
795 303 842 329 abs
854 307 878 329 te
888 311 947 329 esse
957 311 1040 338 quae·-

247 343 344 373 situm,
371 341 475 368 nullum
487 349 554 366 onus
565 341 699 374 imponam
712 340 777 366 milii
791 340 948 366 testimonii:
969 348 1039 375 quae

248 379 313 406 milii
331 379 404 405 brevi
420 383 535 412 tempore
551 386 582 404 ex
598 377 691 403 eodem
707 377 757 403 isto
773 376 829 403 loco
842 376 918 403 video
928 385 987 403 esse
998 377 1039 403 di-

247 416 337 446 cenda,
355 415 474 443 servabo.
493 419 571 448 teque
588 423 637 440 non
657 422 780 449 arguam.
798 414 854 444 scd.
868 419 897 440 ut
909 415 934 440 in
945 415 1038 440 ceteris

247 454 326 480 robus
338 451 395 482 feci.
410 451 516 487 rogabo.
539 452 580 478 at.
592 451 696 483 Quaero
706 459 739 477 ex
751 455 783 482 te,
797 451 894 482 Vatini.
907 451 1038 486 numquis

247 491 272 517 in
295 490 342 516 bac
363 489 468 516 civitate
489 492 547 523 post
567 488 664 515 Urbem
679 488 812 515 conditam
830 488 951 515 tribunos
967 488 1038 523 plebi

245 526 393 562 appellarit.
412 534 445 553 ne
460 534 583 552 caussam
594 525 710 552 diceret?
731 535 795 552 num
807 526 869 561 quis
881 534 942 552 reus
954 526 981 553 in
993 527 1039 552 tri-

245 563 326 590 bunal
343 564 385 590 sui
400 563 559 597 quaesitoris
575 563 731 593 escenderit.
748 571 865 598 eumque
877 563 902 590 vi
914 563 1040 590 deturba—

246 600 296 628 rit‘?
311 600 439 627 subsellia
450 600 605 635 dissiparit?
621 609 700 627 urnas
710 600 852 627 deiecerit?
866 608 910 626 eas
921 600 1037 635 denique

244 646 336 665 omnes
351 646 392 664 res
407 638 432 664 in
445 637 544 664 iudicio
553 637 729 664 disturbando
739 638 911 669 commiserit.
924 646 1038 673 quarum

246 683 333 702 rerum
344 683 437 701 caussa
449 674 546 702 iudicia
558 679 621 702 sunt
632 674 791 702 constituta?
802 676 914 706 sciasne,
928 679 983 702 tum
997 675 1040 701 su—

244 713 318 748 gisse
338 712 513 739 Memmium?
542 717 707 739 accusatores
723 721 782 739 esse
798 717 856 739 tuos
871 712 905 739 de
916 713 969 739 tuis
981 717 1039 739 tuo-

246 757 359 784 rumque
380 749 505 776 manibus
524 749 646 784 ereptos?
674 749 776 776 iudices
796 750 984 784 quaestionum
1005 749 1039 776 de

246 787 375 822 proximis
391 786 572 814 tribunalibus
587 795 646 813 esse
664 786 812 822 depulsos?
841 787 868 814 in
892 786 949 814 foro
969 787 1036 818 luce.

245 825 408 859 inspectante
423 824 522 859 populo
537 824 666 855 Romano.
683 825 881 859 quaestionem.
900 825 1039 860 magistra-

245 867 298 893 tus.
320 869 419 888 morem
442 861 582 892 maiorum,
601 861 680 897 leges.
698 861 811 892 iudices.
829 861 959 888 scelerum
976 871 1039 897 poo-

245 907 305 926 nam
326 907 386 926 ease
405 898 556 926 sublatam?
585 899 648 925 haec
669 899 756 926 omnia
777 900 880 925 sciasne
899 899 1037 935 diligentia

211 964 215 971 ⁶
245 936 273 963 C.
292 936 409 962 Memmii
426 936 542 971 publicis
558 936 656 963 tabulis
671 945 730 963 esse
743 941 827 963 notata
837 941 917 971 atque
929 937 1039 963 testata?

245 974 330 1009 Atque
346 973 413 1000 illud
429 974 508 1000 etiam
524 982 630 1008 quaero.
643 982 743 1008 quum.
757 979 929 1009 posteaquam
946 982 974 1000 es
991 983 1038 1009 po-

244 1011 369 1040 stulatus.
383 1019 416 1038 ex
427 1009 556 1046 legatione
568 1011 688 1042 redieris,
697 1019 730 1038 ne
740 1012 803 1046 quis
815 1016 839 1037 te
851 1011 948 1037 iudicia
959 1011 1037 1038 defu-

244 1056 306 1084 gere
318 1048 495 1079 arbitraretur,
510 1053 691 1083 tequo.quum
703 1049 760 1079 tibi.
770 1053 860 1075 utrum
872 1048 963 1079 velles.
975 1048 1038 1075 lice-

246 1090 292 1117 ret.
305 1085 434 1112 dictitaris
444 1093 566 1112 caussam
577 1085 664 1112 dicere
675 1085 817 1112 maluisse:
839 1087 888 1120 qui
898 1091 1037 1113 consenta-

245 1131 323 1150 neum
340 1122 428 1154 fuerit.
446 1131 530 1158 quum
548 1123 685 1159 legationis
701 1123 827 1159 perfugio
841 1123 879 1149 uti
892 1123 1034 1155 noluisses.

244 1160 421 1195 appellatione
441 1160 640 1195 improbissima
662 1164 686 1187 te
707 1160 740 1187 ad
755 1159 888 1187 auxilium
904 1160 1035 1188 nefarium

243 1197 415 1231 confugisse?

298 1235 356 1262 XV.
379 1237 420 1261 35.
442 1234 474 1261 Et
489 1235 615 1270 quoniam
633 1234 771 1270 legationis
788 1239 847 1261 tuae
859 1234 925 1262 sacta
938 1236 1036 1262 mentio

243 1277 292 1303 est.
310 1271 370 1299 volo
387 1273 466 1299 etiam
481 1272 574 1299 audire
589 1272 666 1302 dete.
679 1280 734 1306 quo
746 1272 851 1299 tandem
863 1277 1036 1299 senatuscon-

242 1309 313 1336 sulto
325 1309 426 1345 legatus
436 1308 492 1335 sis?
516 1310 551 1335 De
560 1313 638 1345 gestu
650 1309 771 1345 intelligo
780 1309 848 1345 quid
858 1310 1034 1345 respondeas:

243 1351 287 1373 tua
308 1346 373 1382 lege,
386 1346 464 1373 dicis.
486 1346 557 1372 Esne
568 1347 650 1382 igitur
661 1348 760 1381 patriae
771 1347 938 1374 certissimus
951 1349 1036 1382 parri-

241 1383 319 1411 cida?
339 1383 506 1418 Sperabasne
517 1383 553 1414 id,
566 1388 596 1410 ut
607 1388 695 1418 patres
705 1384 849 1419 conscripti
860 1392 893 1411 ex
899 1385 1035 1420 republica

241 1420 365 1447 funditus
375 1420 546 1448 tollerentur?
561 1421 599 1448 Ne
609 1421 658 1448 hoc
669 1421 779 1456 quidem
790 1422 1036 1457 senatuirelinque-

242 1458 298 1489 bas,
311 1457 384 1493 quod
395 1467 474 1485 nemo
485 1466 613 1493 umquam
626 1458 733 1489 ademit.
748 1463 776 1485 ut
789 1458 867 1495 legati
879 1467 912 1486 ex
923 1460 982 1486 eius
993 1468 1036 1486 or-

240 1495 312 1522 dinis
333 1496 487 1522 auctoritate
507 1495 677 1531 legarentur?
705 1495 812 1522 Adeone
833 1496 882 1523 tibi
896 1496 1034 1523 sordidum

240 1533 384 1560 consilium
395 1533 534 1567 publicum
547 1533 636 1560 visum
648 1532 706 1560 est?
725 1532 1032 1565 adeoafssictussenatus,

240 1569 306 1597 adeo
326 1570 423 1597 misera
443 1575 468 1597 et
489 1574 618 1604 prostrata
633 1570 795 1605 respublica.
812 1575 843 1597 ut
858 1579 910 1598 non
926 1572 1035 1598 nuntios

241 1608 314 1642 pacis
329 1615 359 1633 ac
373 1607 448 1639 belli,
466 1616 518 1634 non
533 1612 656 1638 oratores.
670 1616 722 1634 non
733 1608 900 1642 interpretes,
913 1617 965 1635 non
977 1608 1035 1635 hel-

241 1644 285 1671 lici
300 1644 406 1671 consilii
421 1649 553 1675 auctores,
572 1653 623 1671 non
639 1645 774 1671 ministros
790 1646 910 1672 muneris
925 1647 1035 1680 provin-

240 1680 315 1708 cialis
326 1686 434 1708 senatus
446 1690 518 1708 more
528 1682 659 1708 maiorum
669 1681 787 1717 deligere
797 1681 903 1717 posset?
922 1684 964 1709 36.
975 1683 1035 1710 Eri-

241 1727 336 1753 pueras
347 1719 451 1745 senatui
463 1719 614 1754 provinciae
624 1719 804 1746 decernendae
811 1723 975 1754 potestatem.
983 1721 1035 1746 im-

240 1756 368 1790 peratoris
383 1755 518 1792 deligendi
535 1756 675 1787 iudicium.
687 1757 780 1783 aerarii
791 1756 1032 1791 dispensationem:

240 1801 309 1828 quae
324 1801 471 1828 numquam
487 1793 540 1820 sibi
556 1793 672 1828 populus
686 1794 822 1820 Romanus
836 1795 973 1828 appetivit,
986 1795 1033 1829 qui

240 1838 398 1865 numquam,
416 1835 445 1857 ut
461 1835 497 1861 tu.
515 1831 616 1857 summi
627 1831 733 1857 consilii
748 1830 969 1866 gubernationem
985 1840 1034 1858 au-

241 1866 308 1894 ferre
326 1872 436 1894 conatus
451 1872 500 1894 est.
522 1867 590 1903 Age:
618 1866 716 1894 tactum
731 1872 771 1894 est
782 1867 876 1894 horum
887 1867 991 1903 aliquid
1006 1869 1033 1895 in

240 1903 314 1931 aliis:
335 1904 382 1930 sed
398 1909 485 1931 tamen
501 1903 600 1931 factum
615 1909 663 1935 est,
677 1908 707 1930 ut
718 1904 834 1939 populus
845 1904 972 1941 deligeret
983 1906 1034 1932 im-

240 1946 397 1977 peratorem.
423 1941 489 1974 Quis
506 1941 605 1977 legatos
621 1950 749 1976 umquam
766 1941 870 1969 audivit
883 1943 942 1969 sine
956 1951 1034 1970 sena-

239 1978 430 2006 tusconsulto?¹
446 1978 514 2006 Ante
529 1983 555 2005 te
569 1987 661 2005 nemo:
683 1983 743 2014 post
753 1979 879 2006 continuo
889 1979 951 2007 fecit
961 1980 1033 2007 idem

239 2016 267 2042 in
288 2015 393 2042 duobus
410 2016 540 2051 prodigiis
555 2015 719 2051 reipublicae
734 2015 857 2043 Clodius:
883 2025 939 2052 quo
953 2018 1033 2045 etiam

239 2053 338 2080 maiore
354 2061 383 2079 es
394 2053 464 2080 malo
474 2053 640 2084 mactandus.
653 2053 725 2088 quod
736 2062 788 2080 non
799 2053 888 2081 solum
899 2054 967 2081 facto
977 2059 1031 2086 tuo.

239 2090 288 2117 sed
298 2090 377 2117 etiam
389 2090 512 2125 exemplo
518 2090 710 2126 rempublicam
719 2090 872 2122 vulnerasti,
881 2100 969 2127 neque
976 2096 1034 2119 tan-

239 2132 297 2155 tum
307 2128 366 2162 ipse
376 2137 404 2154 es
416 2128 565 2162 improbus,
582 2127 630 2154 sed
643 2129 722 2154 etiam
733 2128 798 2155 alios
808 2128 902 2155 docere
913 2129 1031 2156 voluisti.

293 2166 335 2191 37.
347 2164 388 2192 Ob
399 2165 477 2191 hasce
487 2173 580 2192 omnes
591 2173 642 2195 res.
655 2166 759 2192 sciasne
770 2166 1033 2194 teseverissimorum

239 2202 379 2229 hominum
391 2201 560 2233 Sabinorum.
573 2202 781 2229 fortissimorum
792 2203 920 2235 virorum.
933 2204 1034 2231 Marso-

239 2247 299 2266 rum
310 2243 335 2266 et
345 2239 525 2276 Pelignorum.
534 2239 675 2266 tribulium
682 2244 789 2266 tuorum
796 2240 895 2268 iudicio
902 2245 1029 2273 notatum.

238 2285 287 2303 nec
301 2281 361 2312 post
375 2277 485 2303 Romam
499 2277 632 2304 conditam
648 2282 750 2312 praeter
761 2282 787 2304 te
797 2277 923 2305 tribulem
936 2287 1033 2314 quem-

237 2322 319 2348 quam
326 2313 426 2340 tribum
433 2314 551 2350 Sergiam
559 2314 722 2349 perdidisse?
731 2315 892 2350 Atqueillud
898 2316 1033 2343 etiamau-

237 2351 294 2378 dire
300 2359 334 2378 ex
340 2355 364 2378 te
370 2352 458 2386 cupio:
466 2360 557 2387 quare.
565 2360 650 2387 quum
656 2360 706 2387 ego
712 2351 797 2388 legem
803 2352 836 2379 de
843 2353 945 2380 ambitu
950 2361 984 2380 ex
989 2362 1033 2380 se-

239 2389 439 2415 natusconsulto
449 2389 565 2420 tulerim.
578 2390 637 2416 sine
648 2390 673 2415 vi
686 2389 802 2421 tulerim.
815 2389 1031 2425 salvisauspiciis

239 2425 353 2456 tulerim,
371 2425 446 2452 salva
461 2426 518 2462 lege
531 2426 604 2453 Aelia
620 2431 646 2453 et
661 2426 744 2458 Fufia.
761 2431 790 2453 tu
805 2435 863 2453 eam
874 2435 934 2454 esse
945 2427 1030 2463 legem

239 2470 290 2488 non
302 2462 398 2496 putes?
412 2464 567 2498 praesertim
578 2472 663 2499 quum
674 2472 724 2499 ego
734 2463 841 2499 legibus
852 2465 1031 2500 tuis‚quoquo

240 2498 317 2525 modo
328 2499 394 2526 latae
403 2505 476 2532 sunt,
484 2509 600 2536 paream.
616 2500 705 2533 Quum
712 2509 770 2527 mea
777 2501 1027 2533 lexdilucidevetet‚

242 2543 374 2567 arausio,
398 2546 452 2567 ouo
474 2547 540 2568 ouis
559 2547 649 2564 rara-r
666 2547 868 2565 »aurunt-svs
886 2548 943 2571 sir.
962 2548 1031 2566 aaa·

240 2580 384 2599 nin-onas
398 2582 487 2606 nina.
503 2584 562 2601 sisi
576 2584 612 2602 ax
624 2584 815 2601 rssnuasro
829 2584 1029 2603 raiasrirnn

239 2617 301 2639 uie.
320 2617 390 2644 quae
403 2614 473 2637 tanta
488 2612 515 2638 in
531 2617 557 2638 te
570 2613 605 2639 sit
619 2612 742 2643 amentia.
756 2616 786 2638 ut
797 2612 825 2638 in
835 2612 893 2647 ipsa
903 2614 1030 2648 petitione

239 2645 396 2682 gladiatores
411 2647 508 2674 audeas
523 2649 602 2676 dare?
631 2657 696 2676 num
710 2657 792 2684 quem
807 2654 885 2684 putes
900 2650 975 2678 illius
990 2651 1027 2677 tui

1090 713 1101 740 ,

1091 230 1618 266 reperiri.quiseinterponat.quominus
1626 232 1882 268 reuamealegetias‘?

1146 267 1216 293 xvt.
1236 269 1277 293 38.
1290 268 1326 294 Ac
1340 268 1363 293 ai
1376 267 1439 294 haec
1449 269 1537 295 omnia
1551 270 1698 295 contemnis
1712 278 1741 295 ac
1752 269 1878 304 despicis.

1090 303 1162 338 quod
1184 304 1217 330 ita
1242 304 1289 330 tibi
1306 305 1480 339 persuaseris.
1498 310 1526 332 ut
1542 306 1628 340 palam
1645 306 1759 336 dictitas.
1777 312 1810 336 te.
1828 306 1881 333 diis

1091 341 1300 376 hominibusque
1315 342 1416 372 invitis.
1431 350 1519 368 amoro
1530 342 1556 369 in
1568 347 1591 369 te
1603 344 1752 370 incredibili
1764 343 1880 379 quodam

1091 378 1120 405 C.
1136 378 1255 405 Caesaris
1269 379 1366 409 omnia.
1379 387 1448 414 quae
1460 379 1536 409 velia.
1546 386 1766 407 consecuturum:
1783 381 1881 416 ecquid

1090 415 1215 446 audieris,
1237 416 1392 451 ecquisnam
1412 416 1460 443 tibi
1475 416 1580 447 dixerit.
1597 418 1626 444 C.
1643 418 1780 445 Caesarem
1797 427 1882 453 nuper

1090 452 1237 488 Aquileiae.
1250 461 1335 488 quum
1349 452 1381 480 de
1391 453 1555 488 quibusdam
1566 459 1636 480 esset
1648 456 1746 482 mentio
1757 455 1881 482 iactadi-

1091 491 1172 521 xisse.
1190 490 1219 516 C.
1232 489 1331 517 Attium
1344 491 1513 525 praeteritum
1525 491 1682 525 permoleste
1693 493 1795 523 tulisse.
1809 493 1880 527 quod

1090 528 1118 554 in
1137 527 1244 553 homine
1259 536 1393 554 summam
1411 528 1488 554 sidem
1506 528 1717 564 probitatemque
1730 535 1879 565 cognosset.

1089 565 1259 599 graviterque
1279 565 1358 592 etiam
1378 573 1407 591 ae
1428 564 1508 596 serre.
1529 570 1674 600 praetorem
1689 566 1806 601 aliquem
1821 575 1882 594 esse

1090 601 1199 632 sactum.
1212 602 1261 637 qui
1272 610 1285 628 a
1297 603 1354 628 suia
1366 602 1512 629 rationibus
1523 603 1713 629 dissensisse—2¹?
1732 609 1788 630 tum
1799 613 1881 639 quae-

1090 639 1159 666 sisse
1181 639 1340 674 quemdam.
1363 639 1396 666 de
1418 640 1521 666 Vatinio
1539 640 1767 675 quemadmodum
1788 641 1879 668 terret:

1091 677 1181 711 ipsum
1197 677 1376 711 respondisse.
1390 677 1524 704 Vatinium
1536 678 1564 704 in
1575 678 1710 704 tribunatu
1722 679 1804 713 gratis
1814 679 1880 705 nihil

1101 714 1199 741 eeisse:
1225 714 1271 749 qui
1287 714 1375 741 omnia
1392 714 1418 740 in
1437 715 1549 749 pecunia
1560 716 1702 750 posuisset.
1717 716 1814 742 honore
1824 724 1881 742 ani-

1090 760 1133 778 mo
1144 760 1229 786 aequo
1239 760 1327 778 carere
1337 751 1443 778 debere.
1469 752 1510 778 39.
1523 751 1598 784 Quod
1608 753 1631 778 ai
1643 753 1709 787 ipse.
1721 753 1768 787 qui
1776 758 1809 782 te.
1817 761 1881 780 suae

1089 788 1227 824 dignitatis
1247 788 1384 825 augendae
1403 797 1507 819 caussa.
1529 789 1648 824 periculo
1668 794 1721 820 tuo,
1743 789 1818 816 nullo
1832 799 1882 817 auo

1089 825 1194 855 delicto.
1214 825 1275 852 terri
1294 827 1466 861 praecipitem
1481 831 1521 853 est
1537 826 1612 853 facile
1630 835 1734 861 passus.
1753 832 1840 854 tamen
1857 833 1881 854 te

1089 864 1161 890 omni
1178 863 1276 890 honore
1291 863 1512 899 indignissimum
1528 864 1640 890 iudicat:
1666 865 1690 890 si
1705 869 1729 890 tc
1746 865 1840 893 vicini.
1858 865 1879 891 si

1089 900 1196 930 affines.
1221 901 1244 927 si
1266 900 1378 927 tribules
1401 901 1434 927 ita
1456 900 1582 932 oderunt.
1604 906 1634 927 ut
1653 901 1787 936 repulsam
1808 907 1880 929 tuom

1089 938 1258 973 triumphum
1279 946 1360 964 suum
1381 937 1521 965 duxerint:
1557 939 1581 964 ai
1597 947 1674 965 nemo
1689 939 1796 974 aspicit.
1813 940 1880 974 quin

1090 976 1260 1010 ingemiscat.
1279 984 1357 1002 nemo
1371 976 1533 1002 mentionem
1550 975 1619 1005 tacit.
1636 976 1702 1010 quin
1713 982 1878 1003 exsecretur:

1088 1013 1112 1039 si
1128 1013 1223 1043 vitant.
1242 1012 1362 1048 fugiunt.
1379 1012 1471 1039 audire
1486 1012 1519 1039 de
1535 1017 1560 1039 te
1575 1013 1680 1044 nolunt.
1705 1022 1790 1048 quum
1807 1013 1882 1040 vide-

1088 1054 1164 1080 runt.
1190 1054 1326 1085 tamquam
1351 1050 1503 1085 auspicium
1528 1050 1628 1076 malum
1648 1049 1826 1077 detestantur:
1857 1051 1880 1077 si

1087 1087 1191 1123 cognati
1207 1091 1352 1122 respuunt.
1370 1087 1482 1114 tribules
1497 1092 1681 1118 exsecrantur.
1698 1088 1778 1114 vicini
1794 1093 1881 1114 metu-

1088 1129 1144 1155 unt.
1162 1124 1255 1151 affines
1269 1124 1444 1155 erubescunt.
1460 1129 1579 1151 strumae
1591 1124 1708 1159 denique
1722 1125 1755 1151 ab
1770 1133 1815 1152 ore
1829 1126 1881 1151 im-

1088 1162 1170 1197 probo
1184 1161 1380 1197 demigrarunt.
1397 1167 1423 1188 et
1437 1162 1496 1188 aliis
1512 1163 1564 1188 iam
1579 1171 1609 1188 se
1626 1162 1688 1188 locis
1703 1162 1880 1189 collocarunt:

1087 1200 1110 1225 si
1125 1208 1154 1225 es
1169 1199 1262 1226 odium
1278 1199 1418 1234 publicum
1434 1198 1540 1234 populi,
1557 1204 1676 1230 senatus.
1692 1200 1880 1226 universorum

1088 1236 1227 1263 hominum
1256 1237 1467 1265 rusticanorum:
1493 1236 1560 1271 quid
1584 1241 1633 1266 est.
1659 1245 1740 1271 quam
1765 1237 1800 1264 ob
1824 1245 1880 1263 rem

1087 1278 1238 1308 praeturam
1258 1274 1347 1308 potius
1366 1278 1489 1308 exoptae.
1511 1282 1592 1308 quam
1613 1273 1742 1300 mortem?
1762 1282 1881 1309 praeser-

1088 1312 1135 1337 tim
1150 1320 1236 1346 quum
1257 1310 1412 1346 popularem
1429 1315 1454 1337 te
1469 1310 1536 1337 velis
1552 1319 1625 1342 esse.
1643 1319 1729 1346 neque
1745 1311 1798 1338 ulla
1814 1312 1841 1338 in
1853 1319 1881 1338 re

1087 1349 1187 1383 populo
1196 1349 1299 1384 gratius
1311 1348 1395 1374 facere
1407 1348 1504 1383 possis.

1143 1387 1184 1412 ⁴0.
1206 1385 1268 1416 Sed,
1289 1389 1319 1412 ut
1338 1385 1482 1421 aliquando
1501 1384 1652 1416 audiamus.
1672 1393 1754 1420 quam
1774 1385 1881 1420 copiose

1087 1423 1154 1449 milii
1175 1422 1208 1449 ad
1218 1427 1308 1459 rogata
1319 1422 1490 1458 respondeas.
1502 1422 1659 1449 concludam
1670 1423 1722 1449 iam
1734 1423 1881 1459 interroga-

1087 1461 1185 1487 tionem
1201 1468 1288 1487 meam
1303 1464 1383 1495 teque
1397 1461 1425 1486 in
1440 1465 1558 1486 extremo
1573 1468 1656 1495 pauca
1671 1460 1704 1486 de
1718 1460 1776 1495 ipsa
1785 1467 1880 1486 caussa

1087 1498 1194 1533 rogabo.
1220 1498 1302 1524 xvss.
1318 1497 1431 1529 Quaero,
1448 1506 1518 1532 quae
1528 1502 1598 1523 tanta
1610 1498 1636 1523 in
1649 1502 1673 1523 te
1684 1497 1795 1528 vanitas.
1810 1502 1880 1524 tanta

1087 1534 1180 1561 levitas
1194 1534 1284 1566 fuerit,
1295 1540 1325 1561 ut
1339 1535 1366 1561 in
1377 1534 1427 1561 boc
1437 1534 1536 1561 iudicio
1547 1535 1577 1561 Τ.
1589 1534 1706 1561 Annium
1718 1534 1814 1561 iisdem
1821 1543 1881 1561 ver-

1087 1572 1130 1598 bis
1155 1571 1292 1603 laudares,
1318 1571 1420 1607 quibus
1440 1580 1502 1598 eum
1524 1571 1632 1598 laudare
1653 1576 1679 1598 et
1701 1571 1764 1598 boni
1785 1572 1835 1598 viri
1855 1576 1881 1598 et

1085 1609 1149 1636 boui
1168 1609 1241 1636 cives
1260 1613 1465 1640 consueverunt,
1485 1617 1571 1643 quum
1591 1609 1619 1635 in
1638 1608 1763 1635 eumdem
1783 1617 1879 1643 nuper.

1086 1646 1119 1672 ab
1139 1646 1231 1672 eadem
1251 1645 1297 1672 illa
1319 1646 1467 1672 taeterrima
1487 1645 1555 1672 furia
1575 1645 1721 1680 productus
1740 1644 1773 1672 ad
1793 1654 1879 1681 popu-

1087 1683 1152 1714 lum.
1174 1682 1351 1718 cupidissime
1374 1682 1472 1709 falsum
1492 1683 1674 1709 testimonium
1695 1682 1815 1709 dixeris?
1837 1683 1879 1710 An

1085 1721 1136 1747 erit
1156 1720 1220 1746 haec
1239 1720 1312 1755 optio
1331 1724 1358 1746 et
1368 1724 1484 1754 potestas
1504 1723 1558 1751 tua.
1582 1725 1618 1749 ut.
1636 1728 1722 1755 quum
1738 1719 1880 1747 Clodianas

1062 1780 1064 1795 ἦ
1085 1765 1178 1792 operas
1205 1761 1232 1784 et
1257 1757 1464 1784 facinorosorum
1495 1756 1634 1783 hominum
1663 1761 1690 1783 et
1714 1757 1879 1791 perditorum

1085 1803 1196 1821 manum
1212 1794 1323 1825 videris.
1343 1794 1468 1821 Milonem
1484 1793 1566 1825 dicas.
1584 1793 1611 1820 id
1625 1793 1698 1829 quod
1715 1795 1743 1820 in
1753 1795 1880 1821 concione

1085 1831 1188 1863 dixisti,
1199 1831 1394 1868 gladiatoribus
1404 1836 1430 1858 et
1440 1831 1573 1858 bestiariis
1582 1831 1720 1858 obsedisse
1730 1831 1880 1866 rempubli-

1084 1877 1156 1896 cam:
1187 1877 1273 1904 quum
1293 1873 1381 1895 autem
1402 1868 1435 1895 ad
1455 1868 1521 1895 tales
1541 1869 1613 1895 viros
1628 1869 1746 1899 veneris,
1763 1877 1816 1895 non
1830 1877 1879 1895 au-

1084 1906 1148 1933 deas
1162 1907 1249 1932 civem
1267 1905 1398 1942 singulari
1413 1906 1524 1937 virtute.
1541 1905 1601 1936 fide.
1614 1906 1762 1932 constantia
1773 1906 1879 1941 vitupe-

1084 1943 1160 1970 rare?
1184 1945 1226 1970 tt.
1246 1943 1308 1974 Sed.
1325 1951 1412 1978 quum
1427 1943 1458 1969 T.
1473 1943 1591 1969 Annium
1603 1947 1674 1970 tanto
1684 1951 1763 1978 opere
1774 1942 1876 1975 laudes.

1084 1985 1110 2007 et
1129 1980 1277 2008 clarissimo
1297 1981 1354 2007 w‘ro
1370 1979 1526 2007 nonnullam
1548 1979 1697 2007 laudatione
1712 1985 1757 2007 tua
1771 1979 1879 2007 labecu-

1086 2018 1137 2044 lam
1158 2026 1298 2053 aspergas.
1319 2017 1357 2053 (in
1372 2017 1480 2044 illorum
1499 2018 1571 2044 enim
1591 2025 1704 2044 numero
1722 2017 1826 2044 mavult
1845 2018 1876 2044 T.
1915 2052 1919 2055 ι

1084 2055 1189 2082 Annius
1207 2063 1276 2086 esse.
1299 2055 1346 2090 qui
1366 2063 1381 2081 a
1401 2059 1426 2081 te
1445 2054 1652 2089 vituperantur.)
1674 2062 1769 2081 verum
1789 2059 1877 2082 tamen

1084 2101 1192 2128 quaero,
1203 2101 1289 2128 quum
1295 2091 1716 2127 inrepublicaadministranda‘l'.
1723 2092 1878 2119 Anniocum

1083 2130 1113 2156 P.
1125 2130 1212 2157 Sestio
1222 2129 1394 2157 consiliorum
1405 2130 1526 2156 omnium
1537 2129 1648 2156 societas
1660 2128 1748 2160 fuerit,
1759 2128 1877 2164 (idquod

1084 2176 1136 2194 non
1151 2167 1240 2194 solum
1255 2167 1398 2198 bonorum.
1415 2175 1510 2193 verum
1520 2167 1600 2193 etiam
1611 2166 1794 2201 improborum
1804 2166 1878 2193 iudi-

1083 2205 1124 2231 cio
1134 2204 1297 2231 declaratum
1307 2209 1362 2231 est:
1383 2208 1424 2230 est
1433 2203 1505 2230 enim
1516 2212 1578 2230 reus
1589 2207 1700 2238 uterque
1709 2202 1744 2229 ob
1754 2202 1876 2230 eamdem

1083 2250 1206 2268 caussam
1230 2246 1256 2268 et
1275 2241 1369 2268 eodem
1388 2241 1514 2268 crimine:
1545 2240 1612 2267 alter
1629 2240 1674 2266 die
1692 2239 1762 2266 dicta
1781 2239 1815 2267 ab
1833 2248 1874 2271 eo.

1083 2287 1165 2314 quem
1180 2283 1208 2305 tu
1224 2287 1310 2305 unum
1320 2278 1510 2313 improbiorem
1521 2286 1589 2309 esse,
1600 2285 1683 2312 quam
1694 2281 1728 2307 te.
1741 2285 1876 2304 nonnum-

1082 2325 1164 2351 quam
1183 2316 1254 2343 soles
1272 2315 1404 2343 confiteri:
1426 2315 1492 2342 alter
1506 2315 1560 2342 tuis
1574 2313 1707 2345 consiliis.
1724 2313 1772 2341 illo
1787 2319 1877 2342 tamen

1083 2353 1226 2380 adiuvante
1234 2353 1253 2388 :)
1271 2361 1380 2389 quaero.
1392 2353 1442 2388 qui
1451 2352 1539 2388 possis
1549 2359 1603 2382 eos.
1615 2359 1683 2386 quos
1689 2351 1802 2378 crimine
1811 2360 1876 2379 eon-

1081 2391 1187 2427 iungis,
1200 2390 1351 2417 testimonio
1365 2389 1529 2426 disiurgere.
1567 2389 1724 2415 Extremum
1739 2388 1809 2415 illud
1823 2393 1873 2419 ωε,

1082 2427 1155 2463 quod
1175 2428 1242 2454 mibi
1261 2428 1309 2454 abs
1325 2431 1351 2454 te
1365 2426 1520 2462 responderi
1535 2425 1630 2457 velim;
1645 2434 1732 2460 quum
1747 2425 1831 2452 multa
1846 2426 1874 2452 in

1082 2465 1280 2492 Albinovanum
1299 2464 1333 2491 de
1351 2463 1574 2500 praevaricatione
1593 2462 1710 2493 diceres.
1726 2462 1872 2494 dixerisne,

1081 2511 1129 2529 nec
1144 2502 1193 2529 tibi
1203 2502 1350 2537 placuisse,
1367 2509 1416 2528 nec
1425 2500 1576 2535 oportuisse
1586 2499 1705 2526 Sestium
1715 2499 1750 2526 de
1760 2500 1787 2526 vi
1797 2508 1874 2526 reum

1081 2539 1155 2566 fieri?
1174 2540 1271 2574 quavis
1282 2539 1348 2575 lege,
1363 2538 1460 2573 quovis
1470 2537 1581 2563 crimine
1591 2536 1771 2563 accusandum
1784 2537 1873 2571 potius

1081 2576 1184 2603 fuisse?
1202 2577 1282 2603 etiam
1302 2575 1371 2602 illud
1385 2575 1494 2605 dixeris.
1511 2583 1634 2601 caussam
1648 2574 1768 2605 Milonis,
1781 2573 1874 2601 fortis—

1080 2614 1143 2640 simi
1159 2614 1223 2644 viri,
1239 2614 1408 2640 coniunctam
1421 2620 1484 2638 cum
1499 2611 1549 2638 hoc
1560 2610 1726 2638 existimari?
1743 2619 1814 2646 quae
1825 2619 1873 2646 pro

1080 2659 1123 2677 me
1138 2659 1153 2678 a
1164 2650 1253 2678 Sestio
1262 2649 1329 2677 facta
1338 2649 1407 2681 sint.
1418 2649 1497 2676 bonis
1505 2657 1566 2676 esse
1577 2647 1672 2684 grata?
1690 2649 1748 2676 Non
1758 2656 1876 2686 coarguo
