1941 3052
356 140 541 167 ORATIO
572 141 616 167 111.

62 212 146 238 mium
159 220 230 242 acer,
248 211 361 237 nimium
372 211 518 238 vehemens
529 211 655 238 tribunus
667 210 755 246 plebis
767 209 857 237 Sulla-

62 258 93 276 na
111 249 247 275 rescindit.
281 258 315 275 ur
332 258 408 279 QUAE
427 258 533 276 orrruo
551 258 618 275 ιυκε
638 257 764 275 ιηιινΛτΑ
782 257 854 274 smr.

61 287 183 313 Etiamne
195 286 312 317 meliore,
326 295 405 321 quam
419 291 527 320 paterna
538 291 563 312 et
574 285 662 312 avita?
680 285 797 312 Meliore.
829 287 855 311 8.

62 324 94 350 At
105 324 154 350 hoc
166 323 268 350 Valeria
280 323 323 350 lex
334 332 386 350 non
397 323 474 349 dicit:
499 323 634 350 Corneliae
647 323 719 358 leges
731 331 783 349 non
794 331 858 349 san-

63 362 150 387 ciunt:
165 360 240 387 Sulla
251 361 308 395 ipse
320 370 371 387 non
383 361 510 396 postulat.
533 361 560 387 Si
572 361 616 387 isti
628 361 683 396 agri
695 365 797 395 partem
807 359 858 386 ali-

62 407 143 433 quam
159 398 239 429 iuris,
261 398 378 433 aliquam
395 398 601 425 similitudinem
618 399 738 432 propriae
750 406 857 432 posses-

62 436 159 466 sionis,
182 435 300 470 aliquam
316 445 391 470 spem
407 436 591 462 diuturnitatis
607 436 756 471 attingunt:
779 443 857 461 nemo

62 478 101 500 est
113 478 165 499 tam
176 473 320 508 impudens
331 474 458 503 istorum,
476 474 542 508 quin
558 473 599 508 agi
615 481 706 499 secum
725 472 857 507 praeclare

62 511 214 537 arbitretur.
255 511 295 536 Tu
307 519 377 541 vero,
395 510 482 541 Rulle,
499 511 565 545 quid
577 510 702 545 quaeris?
722 510 799 542 Quod
811 510 858 535 ha-

62 548 133 579 bent,
148 552 177 574 ut
188 547 320 574 habeant?
339 549 401 582 quis
412 547 500 574 vetat?
515 548 547 574 Ut
558 546 712 582 privatum‘?
732 552 757 573 at
772 548 807 573 ita
821 547 858 572 la-

62 590 119 612 tum
132 590 180 615 est,
195 590 223 611 ut
234 586 328 611 melior
339 586 378 611 tui
390 586 473 611 soceri
485 585 585 611 l'undus
597 585 725 619 Hirpinus
737 585 786 615 sit,
800 584 857 609 sive

62 632 124 659 ager
135 623 277 657 Hirpinus,
290 622 384 658 (totum
397 623 467 649 enim
480 621 618 657 possidet,)
629 630 710 657 quam
722 630 799 648 meus
810 630 858 655 pa-

62 665 154 687 ternus
165 661 308 695 avitusque
319 660 419 686 fundus
430 660 554 695 Arpinas
595 661 619 685 9.
636 659 665 685 Id
681 659 751 685 enim
767 667 855 685 caves.

62 698 170 732 Optimo
181 698 252 723 enim
264 698 321 724 iure
333 706 362 724 ea
373 702 436 723 sunt
447 697 564 732 profecto
575 697 695 731 praedia,
708 705 777 732 quae
788 697 858 730 opti-

63 744 105 761 ma
116 735 264 761 conditione
276 739 348 761 sunt.
384 735 487 765 Libera,
502 734 609 760 meliore
620 734 678 760 iure
689 738 762 765 sunt,
775 742 856 768 quam

62 782 148 799 serva.
189 772 280 807 Capite
292 772 340 798 hoc
351 773 452 803 omnia,
470 781 538 806 quae
549 771 715 802 serviebant,
737 780 789 797 non
800 779 857 796 ser-

64 811 144 836 vient.
181 809 270 836 Soluta
282 809 390 835 meliore
402 810 429 836 in
440 818 534 836 caussa
546 813 617 839 sunt,
631 817 713 844 quam
724 808 854 844 obligata:

62 847 154 873 eodem
171 848 256 882 capite
271 846 387 882 obligata
403 847 505 878 onmia,
528 847 550 873 si
566 846 645 873 modo
657 846 766 872 Sullana
782 850 854 876 sunt,

64 885 218 910 liberantur.
258 884 391 911 Immunia
411 884 591 911 commodiore
611 884 761 910 conditione
782 887 854 914 sunt,

62 931 143 957 quam
159 922 218 953 illa,
241 931 309 957 quae
324 923 472 957 pensitant:
495 930 543 957 ego
554 921 714 948 Tusculanis
730 930 777 956 pro
787 929 856 956 aqua

63 959 159 986 Crabra
171 959 282 995 vectigal
295 959 423 994 pendam,
436 960 499 994 quia
512 960 644 993 mancipio
656 959 770 985 fundum
783 967 857 984 acce—

62 998 103 1032 pi:
121 997 169 1023 sia
181 996 255 1023 Sulla
267 997 335 1023 mihi
346 997 424 1023 datus
436 1001 520 1028 esset,
537 997 610 1023 Rulli
624 996 680 1032 lege
692 1005 744 1023 non
755 996 857 1031 pende-

61 1043 127 1061 rem.
149 1035 191 1060 111.
207 1036 246 1060 10.
260 1034 343 1061 Video
354 1044 410 1065 vos,
423 1034 549 1067 Quirites,
563 1035 642 1060 sicuti
653 1043 694 1060 res
706 1035 764 1069 ipsa
775 1034 854 1069 cogit,

61 1072 222 1099 commoveri
239 1071 280 1098 vel
297 1071 363 1107 legis
380 1071 422 1098 vel
438 1072 563 1098 orationis
574 1071 754 1106 impudentia:
779 1071 854 1107 legiS,

62 1118 131 1144 quae
151 1109 193 1135 ius
215 1109 311 1136 melius
328 1109 447 1136 Sullanis
464 1109 580 1144 praediis
595 1110 751 1140 constituat,
774 1118 856 1144 quam

62 1147 193 1182 paternis:
210 1147 349 1179 orationis,
367 1156 435 1182 quae
451 1147 583 1174 eiusmodi
595 1156 689 1174 caussa
700 1146 857 1174 insimulare

61 1193 225 1220 quemquam
237 1185 345 1217 audeat,
359 1185 472 1211 rationes
484 1185 574 1212 Sullae
587 1186 700 1211 nimium
713 1186 858 1211 vehemen-

62 1227 101 1249 ter
112 1222 263 1249 defendere.
294 1223 328 1249 At
338 1223 361 1249 si
373 1222 418 1249 illa
430 1222 517 1249 solum
529 1223 656 1254 sanciret,
674 1231 743 1257 quae
758 1232 771 1248 a
783 1222 856 1248 Sulla

62 1264 151 1286 essent
171 1260 244 1292 data,
266 1265 394 1286 tacerem:
418 1260 496 1287 modo
516 1261 574 1295 ipse
590 1269 619 1286 se
635 1260 776 1287 Sullanum
798 1269 857 1286 esse

62 1297 239 1323 confiteretur.
280 1297 333 1323 Sed
348 1306 399 1324 non
412 1297 490 1324 modo
502 1297 556 1324 illis
567 1303 655 1329 cavet,
673 1307 766 1325 verum
778 1299 856 1324 etiam

62 1334 135 1361 aliud
147 1334 281 1369 quoddam
292 1343 377 1370 genus
388 1335 538 1362 donationis
551 1335 667 1362 inducit:
690 1340 715 1362 et
730 1336 766 1366 is,
784 1336 831 1370 qui
843 1344 857 1361 a

62 1381 104 1398 ine
117 1372 241 1398 Sullanas
252 1373 435 1407 possessiones
447 1372 554 1398 defendi
565 1373 735 1403 criminatur,
750 1382 801 1399 non
814 1382 857 1398 eas

62 1409 151 1436 solum
172 1410 269 1441 sancit,
294 1418 387 1436 verum
403 1410 461 1445 ipse
477 1418 559 1436 novas
575 1411 768 1446 assignationes
780 1411 858 1436 insti-

62 1447 121 1478 tuit,
135 1452 160 1473 et
171 1447 326 1482 repentinus
338 1447 412 1473 Sulla
425 1447 501 1474 nobis
512 1448 640 1474 exoritur.
684 1449 723 1474 ll.
740 1448 807 1474 Nam
818 1452 858 1474 at-

62 1485 174 1516 tendite,
193 1490 307 1520 quantas
323 1486 508 1512 concessiones
519 1494 643 1521 agrorum
655 1485 699 1512 hic
711 1491 800 1512 noster
809 1485 858 1512 ob-

61 1523 181 1558 iurgator
197 1531 251 1549 uno
266 1522 347 1549 verbo
364 1522 448 1549 lacere
459 1528 582 1549 conetur:
605 1532 680 1554 oms
696 1533 782 1555 nnn,
804 1533 858 1550 no-

61 1569 148 1591 mn,
175 1569 335 1592 concessn,
356 1570 494 1587 vunnu-A.
535 1560 635 1587 Patior:
656 1561 745 1587 audio.
786 1560 857 1593 Quid

61 1596 177 1624 deinde?
196 1607 344 1624 POSSESSA.
385 1598 438 1625 Hoc
450 1598 576 1624 tribunus
588 1598 675 1633 plebis
687 1598 857 1634 promulgare

61 1643 145 1661 ausus
160 1640 212 1666 est,
236 1640 279 1666 ut,
301 1635 373 1670 quod
389 1636 507 1671 quisque
521 1640 581 1671 post
592 1636 706 1662 Marium
722 1640 747 1662 et
759 1636 858 1663 Carbo-

62 1681 123 1699 nem
139 1672 263 1700 consules
279 1673 411 1708 possidet,
434 1673 461 1700 id
477 1681 507 1699 eo
523 1674 580 1700 iure
600 1678 713 1705 teneret,
736 1682 790 1709 quo
809 1673 857 1708 qui

61 1711 162 1745 optimo
182 1709 337 1745 privatum?
356 1711 471 1737 etiamne
491 1711 514 1737 si
536 1711 562 1737 vi
583 1710 678 1738 eiecit?
697 1712 812 1738 etiamne
833 1711 857 1737 si

60 1748 138 1778 clam,
147 1748 171 1774 si
182 1748 300 1783 precario
311 1749 420 1775 venitin
432 1748 648 1784 possessionem?
658 1749 728 1785 Ergo
740 1749 788 1775 hac
800 1748 858 1784 lege

61 1786 104 1812 ius
115 1785 208 1818 civile,
224 1794 335 1813 caussae
346 1786 560 1821 possessionum,
579 1791 730 1821 praetorum
746 1786 858 1813 interdi-

60 1827 101 1850 cta
117 1823 252 1850 tollentur.
293 1825 334 1850 ⁴2.
351 1824 409 1850 Non
425 1823 566 1850 mediocris
581 1832 624 1850 res
639 1832 726 1860 neque
743 1833 857 1860 parvum

61 1861 113 1887 sub
134 1861 184 1888 hoc
203 1861 285 1888 verbo
305 1860 421 1893 furtum,
443 1860 569 1894 Quirites,
593 1861 664 1888 latet.
696 1861 765 1888 Sunt
785 1862 856 1888 enim

61 1897 141 1925 multi
151 1899 209 1934 agri
221 1898 279 1935 lege
289 1898 410 1926 Cornelia
422 1898 565 1934 publicati,
583 1908 632 1926 nec
646 1900 773 1934 cuiquam
789 1899 858 1926 assi-

60 1937 134 1972 gnati
150 1944 237 1971 neque
252 1936 368 1969 venditi,
390 1937 438 1972 qui
454 1945 468 1963 a
485 1937 578 1971 paucis
594 1937 751 1964 hominibus
767 1937 858 1972 impu-

60 1973 219 2001 dentissime
229 1974 411 2010 possidentur.
443 1974 489 2001 His
500 1979 585 2006 cavet,
598 1974 647 2002 hos
658 1974 791 2006 defendit,
809 1975 858 2001 hos

650 140 703 166 DE
738 139 863 166 LEGE
898 139 1131 165 AGRARIA.
1163 138 1260 165 CAP.
1286 141 1292 164 l
1318 140 1400 165 —4.

885 600 887 643 1

885 646 887 698 l

1650 140 1695 165 41¹

907 209 1025 244 privatos
1037 209 1112 236 facit.-
1127 209 1184 241 hos,
1197 210 1318 244 inquam,
1331 218 1422 245 agros,
1436 218 1504 244 quos
1515 209 1588 235 Sulla
1601 210 1702 236 nemini

908 247 994 278 dedit,
1008 246 1105 273 Rullus
1117 256 1169 273 non
1181 246 1258 274 vobis
1270 247 1405 283 assignare
1417 247 1483 278 vult,
1497 246 1544 273 sed
1556 247 1594 273 eis
1605 247 1703 273 condo—

908 293 983 316 nare,
1000 285 1047 319 qui
1059 284 1205 319 possident.
1247 283 1374 311 Caussam
1385 293 1497 319 quaero,
1515 293 1562 310 cur
1573 293 1615 315 ea,
1634 293 1703 319 quae

908 322 1022 348 maiores
1033 322 1110 348 vobis
1120 322 1148 348 in
1160 321 1242 353 Italia,
1256 321 1356 353 Sicilia,
1370 322 1476 348 duabus
1489 321 1632 356 Hispaniis,
1647 322 1703 347 Ma-

908 359 1031 390 cedonia,
1049 360 1111 385 Asia
1122 359 1327 394 quaesiverunt,
1347 360 1437 385 venire
1449 359 1600 394 patiamini,
1617 368 1703 394 quum

908 405 951 428 ea,
968 405 1037 432 quae
1049 401 1135 423 vestra
1147 401 1223 428 sunt,
1241 397 1382 423 condonari
1400 396 1599 431 possessoribus
1611 396 1704 422 eadem

910 433 966 469 lege
980 434 1101 460 videatis.
1136 436 1172 460 ⁴3.
1185 435 1238 460 Iam
1251 439 1331 460 totam
1343 434 1428 469 legem
1439 433 1603 469 intelligetis,
1617 443 1704 468 quum

909 471 940 497 ad
953 480 1098 506 paucorum
1110 471 1317 498 dominationem
1330 473 1427 506 scripta
1440 472 1486 502 sit,
1501 476 1556 497 tum
1570 471 1601 497 ad
1614 471 1705 497 Sulla-

910 517 958 534 nae
979 509 1167 544 assignationis
1184 510 1298 535 rationes
1314 518 1372 535 esse
1389 508 1701 535 accommodatissimam.

909 546 976 572 Nam
992 555 1066 572 socer
1082 546 1162 572 liuius
1180 547 1220 572 vir
1236 546 1351 572 multum
1369 547 1454 573 bonus
1470 551 1522 572 est:
1546 555 1633 580 neque
1654 555 1704 581 ego

910 592 981 609 nunc
992 583 1024 609 de
1036 583 1110 609 illius
1122 584 1247 614 bonitate,
1262 584 1308 609 sed
1320 584 1353 609 de
1364 584 1454 618 generi
1468 583 1633 618 impudentia
1647 583 1704 609 dis-

910 626 983 655 puto.
1024 620 1070 647 Ille
1081 621 1166 651 enim,
1184 621 1255 655 quod
1267 621 1359 650 habet,
1374 622 1485 647 retinere
1498 621 1564 649 vult,
1579 629 1664 655 neque
1676 629 1704 646 se

909 658 1049 684 Sullanum
1063 667 1121 684 esse
1132 658 1294 684 dissimulat.
1336 659 1378 684 IV.
1401 659 1461 689 liic,
1480 663 1508 684 ut
1524 659 1581 693 ipse
1598 658 1701 688 habeat,

886 714 887 734 1
909 695 981 730 quod
1003 704 1054 721 non
1076 696 1167 726 habet,
1190 704 1259 730 quae
1280 695 1361 721 dubia
1377 701 1452 725 sunt,
1477 704 1522 730 per
1539 705 1585 721 vos
1601 696 1704 721 sancire

886 739 887 774 ξ
910 732 982 759 vult:
996 737 1029 763 et,
1043 741 1129 767 quum
1142 732 1203 767 plus
1215 738 1329 767 appetat,
1343 742 1423 767 quani
1438 734 1494 767 ipse
1506 733 1588 763 Sulla,
1603 733 1703 767 quibus

885 815 887 893 Ι

885 896 887 966 l

884 968 886 981 l

885 1033 887 1052 l

884 1112 887 1177 l

885 1178 887 1193 ι

885 1195 887 1222 l

885 1314 886 1319 ,
885 1281 985 1323 sisto

886 778 887 795 2
909 778 958 805 ego
978 770 1059 796 rebus
1080 771 1188 801 resisto,
1211 769 1335 796 Sullanas
1352 779 1393 796 res
1409 770 1550 797 defendere
1566 771 1701 796 criminor.

911 808 950 833 ⁴4.
968 807 1051 833 Habet
1062 816 1139 843 agros
1152 807 1307 838 nonnullos,
1326 808 1427 843 inquit,
1441 816 1515 834 socer
1527 817 1602 833 meus
1614 808 1705 834 deser-

910 849 949 871 tos
961 849 1042 879 atque
1055 844 1229 880 longinquos:
1243 845 1340 871 vendet
1351 854 1395 871 eos
1407 854 1464 871 mea
1478 845 1543 880 lege,
1553 846 1645 879 quanti
1658 854 1705 871 vo-

909 882 952 908 let.
984 882 1067 908 Habet
1079 883 1192 909 incertos
1205 891 1234 908 ac
1246 882 1320 909 nullo
1331 883 1387 909 iure
1399 891 1550 917 possessos:
1564 882 1705 908 confirma-

907 919 1008 946 buntur
1018 921 1118 955 optimo
1127 921 1194 946 iure.
1215 920 1298 946 Habet
1308 920 1444 955 publicos.-
1457 920 1564 946 reddam
1577 920 1703 954 privatos.

908 958 1028 992 Denique
1044 966 1088 984 eos
1105 957 1215 988 fundos,
1233 966 1301 992 quos
1313 958 1339 984 in
1351 967 1414 993 agro
1425 957 1540 984 Casinati
1553 958 1668 992 optimos
1680 962 1704 983 et

885 1008 886 1016 κ
909 994 1138 1022 fructuosissimos
1154 996 1332 1025 continuavit,
1353 1004 1437 1030 quum
1455 1004 1541 1030 usque
1557 1004 1587 1021 eo
1604 995 1705 1021 vicinos

909 1033 1098 1067 proscriberet,
1121 1033 1209 1068 quoad
1230 1032 1315 1059 oculis
1336 1032 1547 1059 consormando⁸
1564 1041 1595 1058 ex
1612 1032 1704 1058 multis

885 1063 887 1101 i
909 1070 1025 1105 praediis
1037 1079 1118 1096 unam
1131 1070 1207 1096 fundi
1220 1071 1354 1106 regionem
1371 1070 1537 1105 formamque
1554 1070 1702 1105 perfecerit,

908 1116 976 1142 quos
988 1117 1059 1134 nunc
1070 1117 1131 1134 cum
1144 1108 1234 1143 aliquo
1245 1113 1317 1134 metu
1330 1113 1412 1139 tenet,
1430 1109 1487 1134 sine
1505 1107 1558 1134 ulla
1569 1117 1632 1134 cura
1643 1117 1706 1142 pos-

908 1145 1016 1172 sidcbit.

967 1185 1006 1210 ⁴5.
1028 1183 1062 1210 Et
1077 1183 1217 1219 quoniam,
1235 1191 1287 1219 qua
1300 1182 1332 1209 de
1344 1191 1436 1209 caussa
1448 1187 1473 1210 et
1484 1191 1598 1226 quorum
1610 1191 1704 1209 caussa

885 1221 954 1250 ille
965 1221 1015 1248 hoc
1026 1221 1233 1257 promulgarit*,
1250 1222 1369 1247 ostendi:
1392 1221 1499 1247 doceat
1495 1230 1565 1256 ipse,
1579 1229 1643 1247 num
1657 1229 1706 1256 ego

885 1267 990 1299 quem
1001 1268 1183 1294 possessorem
1199 1258 1353 1289 defendam,
1375 1267 1459 1293 quum
1472 1259 1588 1294 agrariae
1601 1258 1652 1293 legi
1664 1267 1706 1284 re-

1027 1296 1128 1323 Silvam
1141 1296 1274 1323 Scantiam
1292 1296 1396 1322 vendis.
1438 1296 1557 1331 Populus
1570 1286 1704 1322 Ronianus

909 1334 1041 1369 possidet.
1064 1333 1188 1360 defendo.
1229 1334 1394 1368 Campanum
1407 1343 1438 1369 ab
1431 1343 1500 1359 rum
1512 1333 1622 1359 dividis.
1653 1333 1674 1359 ἲ
1676 1342 1705 1359 os

909 1373 973 1398 estis
985 1372 1011 1398 in
1024 1372 1206 1406 possessione:
1229 1380 1281 1397 non
1292 1372 1367 1397 cedo.
1407 1371 1506 1397 Deinde
1519 1370 1618 1401 ltaliae,
1637 1370 1705 1397 Sici-

912 1408 961 1435 liae
977 1414 1181 1444 ceterarumque
1192 1409 1389 1444 provinciarum
1402 1409 1585 1443 possessiones
1596 1408 1705 1434 venales

909 1455 938 1472 ac
950 1447 1111 1482 proscriptas
1123 1447 1171 1473 hac
1184 1446 1241 1482 lege
1254 1446 1339 1472 video.
1353 1447 1443 1472 Vestra
1456 1451 1518 1472 sunt
1530 1445 1646 1480 praedia,
1660 1454 1706 1471 ve-

908 1489 978 1510 strae
990 1484 1188 1519 possessiones:
1211 1484 1331 1510 resistam
1344 1489 1422 1518 atque
1434 1483 1603 1518 repugnabo,
1618 1491 1705 1518 neque

909 1522 1006 1557 patiar,
1030 1530 1043 1548 a
1060 1530 1197 1557 quoquam
1213 1521 1343 1556 populum
1357 1521 1504 1547 Romanum
1521 1521 1553 1546 de
1570 1521 1627 1546 suis
1644 1529 1705 1555 pos-

885 1577 887 1582 ·
909 1559 1076 1586 sessionibus
1093 1568 1135 1585 me
1150 1559 1260 1586 consule
1275 1558 1424 1584 demoveri:
1449 1559 1603 1593 praesertim
1619 1566 1704 1593 quum

910 1597 986 1623 vobis
998 1596 1064 1623 nihil
1077 1601 1228 1632 quaeratur.
1254 1597 1292 1622 ⁴6.
1305 1596 1357 1622 Hoc
1369 1596 1438 1622 enim
1452 1605 1498 1621 vos
1510 1597 1536 1621 in
1549 1604 1634 1621 errore
1647 1604 1707 1622 ver-

909 1635 962 1661 sari
973 1634 1077 1660 diutius
1090 1644 1141 1661 nou
1153 1638 1265 1669 oportet.
1307 1634 1376 1660 Num
1388 1634 1450 1668 quis
1464 1638 1581 1659 vestrum
1594 1633 1626 1659 ad
1639 1634 1702 1664 vim,

909 1672 942 1698 ad
954 1671 1067 1703 facinus,
1081 1672 1113 1698 ad
1125 1671 1233 1698 caedem
1245 1671 1460 1697 accommodatus
1472 1670 1529 1697 est?
1540 1671 1632 1697 Nemo,
1660 1671 1707 1697 At-

909 1710 956 1745 qui
968 1710 991 1736 ei
1003 1709 1095 1746 generi
1107 1709 1262 1740 hominum,
1277 1709 1343 1735 mihi
1354 1709 1465 1739 credite,
1480 1708 1632 1743 Campanus
1644 1717 1707 1744 ager

909 1752 934 1774 et
945 1747 1079 1782 praeclara
1091 1746 1135 1774 illa
1147 1746 1237 1782 Capua
1249 1751 1383 1773 servatur:
1402 1747 1534 1773 exercitus
1545 1751 1634 1772 contra
1647 1755 1703 1777 vos,

908 1790 999 1812 contra
1011 1785 1159 1812 libertatem
1171 1789 1301 1815 vestram,
1314 1788 1403 1810 contra
1416 1784 1462 1811 Cn.
1474 1783 1631 1818 Pompeium
1643 1792 1706 1810 con-

909 1823 1043 1850 stituitur:
1066 1827 1156 1849 contra
1168 1822 1236 1849 hanc
1247 1822 1341 1848 urbem
1355 1821 1458 1856 Capua:
1481 1826 1570 1847 contra
1587 1830 1634 1847 vos
1650 1830 1707 1847 ma—

909 1869 961 1887 nus
982 1860 1122 1887 hominum
1143 1859 1399 1887 audacissimorum.-
1421 1863 1510 1885 contra
1528 1859 1575 1885 Cn.
1593 1859 1707 1893 Pompe-

908 1899 965 1924 ium
982 1898 1074 1924 decem
1094 1897 1177 1924 duces
1195 1901 1392 1932 comparantur.
1434 1897 1547 1923 Veniant
1561 1905 1649 1922 coram
1669 1902 1703 1925 et,

909 1936 1037 1971 quoniam
1054 1944 1095 1962 me
1112 1935 1139 1961 in
1155 1940 1271 1961 vestram
1291 1935 1444 1961 concionem
1466 1934 1542 1961 vobis
1563 1933 1706 1970 flagitanti-

909 1973 961 2000 bus
972 1977 1195 2004 convocaveruut,
1208 1973 1351 2000 disserant.

1443 2738 1500 2765 52·
