1941 3052
334 140 661 168 EPISTOLARUM
690 142 743 167 AD
772 141 979 168 ATTICUM
1009 142 1090 169 LIB.
1112 143 1147 169 11.

223 210 390 237 CICERO
423 211 590 239 ATTICO
625 211 652 238 S.

99 250 122 275 t.
143 243 295 282 Epistolam
306 256 392 283 quum
404 257 417 274 a
430 253 453 274 te
465 249 543 275 avide
555 254 737 283 exspectarem
745 249 778 275 ad
789 258 837 276 ve-

41 293 164 320 sperum,
182 289 211 311 ut
226 285 310 318 soleo;
330 294 390 311 ecce
406 286 456 312 tibi
471 287 597 317 nuntius,
616 295 713 321 pueros
729 288 837 313 venisse

40 323 132 349 Roma.
174 323 256 353 Voco,
279 331 392 357 quaero,
415 323 513 358 ecquid
535 323 702 350 litterarum?
721 325 834 360 Negant.

40 359 110 392 Quid
122 360 171 390 ais,
185 360 306 394 inquam,
319 359 423 386 nihilne
435 369 448 386 a
461 359 759 395 Pomponio‘2Perterriti
772 370 836 388 voce

39 401 65 424 et
80 396 172 428 vultu,
189 396 306 423 confessi
322 402 385 424 sunt
396 406 424 423 se
435 399 585 432 accepisse,
603 398 650 424 sed
662 399 796 425 excidisse
808 400 834 425 in

38 435 93 461 via.
133 433 204 466 Quid
215 434 341 468 quaeris?
351 435 511 469 permoleste
522 435 582 462 tuli.
613 436 691 462 Nulla
703 437 775 462 enim
788 437 835 462 abs

38 476 64 499 te
78 479 126 506 per
140 471 189 498 hos
204 471 262 497 dies
278 472 390 506 epistola
406 473 494 498 inanis
510 472 599 507 aliqua
611 481 638 499 re
650 473 710 499 utili
723 479 747 500 et
757 475 835 500 suavi

38 513 157 536 venerat.
179 509 265 540 Nunc,
273 510 296 534 si
311 509 377 544 quid
390 510 416 535 in
427 518 457 535 ea
469 510 680 545 epistola,quam
691 516 751 537 ante
762 511 834 537 diem

37 554 94 573 xvr.
112 546 171 572 Kal.
188 546 251 572 Mai.
268 546 381 578 dedisti,
403 546 454 573 fuit
469 547 579 573 historia
595 547 723 583 dignum,
746 549 834 574 scribe

37 590 118 618 quam
131 584 264 618 primum,
281 593 314 610 ne
325 584 495 619 ignoremus:
513 586 555 611 sin
568 585 636 610 nihil
648 590 751 619 praeter
764 587 834 612 ioca-

37 621 151 651 tionem,
175 621 255 647 redde
273 621 299 647 id
317 622 417 656 ipsum.
458 622 491 648 Et
505 623 571 648 scito
585 622 728 648 Curionem
744 623 834 649 adole-

37 663 155 684 scentem
168 660 276 685 venisse
287 658 320 684 ad
333 667 374 684 me
386 659 540 686 salutatum.
582 659 664 685 Valde
676 660 734 686 eius
746 669 833 687 sermo

36 695 70 721 de
88 695 185 722 Publio
205 704 267 722 cum
284 696 337 722 tuis
359 695 454 722 litteris
476 697 649 732 congruebat.
690 698 750 732 Ipse
770 706 833 724 vero

37 733 190 759 mirandum
204 733 231 759 in
245 733 354 759 modum

166 785 203 789 —-
213 785 249 789 ——
259 785 296 789 —
310 780 380 803 reyes
389 773 471 796 odisse
479 773 608 804 superbos.

36 807 171 842 Peraeque
184 808 307 834 narrabat
319 808 455 833 incensam
470 817 529 834 esse
544 809 726 839 iuventutem,
744 818 832 844 neque

36 844 104 871 ferre
116 844 181 870 haee
192 853 281 879 posse.
321 845 390 871 Bene
404 845 548 872 habemus:
566 855 623 877 nos,
641 847 664 872 si
677 847 703 872 in
716 847 758 873 his
770 856 832 882 spes

35 887 89 913 est,
109 882 216 916 opinor,
244 881 319 908 aliud
338 891 459 917 agamus.
500 883 556 918 Ego
577 892 619 909 me
639 883 672 910 do
694 884 830 911 historiae.

35 919 218 954 Quamquam,
237 919 299 946 licet
314 928 356 946 me
367 919 507 946 Saufeium
524 925 602 955 putes
614 929 685 952 esse,
705 921 773 948 nihil
790 931 832 948 me

35 961 75 983 est
86 957 209 983 inertius.
250 959 275 983 ⁶2..
298 957 350 983 Sed
361 966 491 993 cognosce
503 959 598 984 itinera
614 964 715 991 nostra;
734 964 763 985 ut
778 964 832 986 sta-

34 999 103 1025 tuas,
115 994 162 1020 ubi
175 1003 222 1020 nos
234 995 344 1020 visurus
355 995 403 1021 sis.
426 995 453 1021 In
462 996 634 1022 Formianum
645 996 772 1022 volumus
785 1006 832 1023 ve-

34 1031 246 1058 nireParilibus:
261 1031 466 1067 inde(quoniam
473 1038 551 1067 putas
564 1034 831 1067 praetermittendum

0 1088 1 1091 .
34 1069 113 1095 nobis
128 1078 186 1095 esse
204 1069 253 1095 hoc
264 1074 382 1104 tempore
394 1070 500 1096 Cratera
513 1070 590 1097 illum
602 1070 758 1106 delicatum)
771 1072 829 1098 Kal.

0 1106 1 1124 i
33 1106 96 1133 Mai.
109 1106 142 1132 de
154 1107 294 1133 Formiano
306 1107 521 1141 proficiscemur,
542 1113 572 1134 ut
582 1108 655 1135 Antii
667 1109 754 1135 simus
765 1118 789 1136 a.
802 1109 829 1137 d.

35 1152 62 1170 ν.
79 1144 147 1170 Non.
165 1144 227 1170 Mai.
268 1144 338 1170 Ludi
354 1145 426 1170 enim
443 1145 516 1171 Antii
532 1145 616 1172 futuri
631 1151 695 1173 sunt
713 1156 727 1173 a
743 1155 780 1173 iv.
797 1147 830 1173 ad

33 1180 105 1216 prid.
118 1182 186 1208 Non.
199 1181 261 1208 Mai.
301 1182 354 1208 Eos
365 1182 453 1208 Tullia
468 1187 588 1217 spectare
600 1183 667 1210 vult.
709 1184 774 1210 Inde
785 1193 831 1211 co-

33 1219 89 1254 gito
110 1219 136 1245 in
158 1218 342 1245 Tusculanum
351 1240 357 1250 ,
379 1219 477 1246 deinde
494 1220 641 1254 Arpinum3
666 1221 776 1247 Romam
797 1221 830 1248 ad

33 1256 93 1282 Kal.
106 1257 165 1282 Iun.
192 1257 228 1282 Te
240 1257 322 1282 autin
338 1257 478 1283 Formiano
491 1262 536 1284 aut
545 1257 618 1284 Antii
629 1263 675 1285 aut
686 1259 713 1284 in
725 1259 831 1285 Tuscu—

33 1292 103 1324 lano,
119 1302 196 1324 cura,
214 1298 244 1320 ut
257 1294 408 1321 videamus.
449 1294 599 1329 Epistolam
610 1296 777 1331 superiorem
788 1305 831 1324 re-

33 1331 114 1357 stitue
127 1331 204 1358 nobis
216 1335 241 1358 et
252 1331 369 1367 appinge
380 1332 485 1367 aliquid
497 1333 569 1359 novi.

87 1400 128 1421 ΙΧ.
156 1402 186 1424 (ln
195 1402 275 1423 Antiati,
286 1403 371 1423 Cacsnrc,
382 1403 450 1421 Bibulo
460 1411 506 1421 ross.
518 1405 573 1428 595.)

91 1484 114 1509 1.
127 1478 159 1509 S.
172 1483 204 1510 V.
217 1484 245 1510 B.
258 1484 288 1510 E.
301 1483 390 1516 Quum
404 1485 470 1511 mihi
482 1485 735 1513 dixissetCaecilius
746 1495 826 1522 quae-

32 1524 87 1547 stor
98 1529 211 1555 puerum
223 1529 252 1547 se
264 1522 374 1548 Romam
391 1523 509 1554 mittere,
529 1523 593 1549 haec
607 1524 704 1558 scripsi
721 1525 827 1559 raptim,

32 1562 61 1584 ut
75 1562 134 1584 tuos
145 1557 270 1584 elicerem
283 1559 410 1586 mirificos
421 1568 483 1586 cum
495 1561 590 1587 Publio
601 1561 731 1596 dialogos,
743 1571 829 1596 quum

32 1603 86 1626 eos,
99 1594 132 1621 (le
143 1595 245 1630 quibus
256 1597 367 1628 scribis,
387 1601 442 1623 tum
461 1597 551 1629 illum,
570 1607 650 1633 quem
666 1599 744 1625 abdis
755 1604 780 1626 et
790 1600 829 1625 ais

32 1631 143 1667 longum
156 1641 224 1664 esse,
238 1642 307 1668 quae
318 1633 350 1660 ad
363 1643 392 1660 ea
404 1635 584 1669 responderis,
598 1637 778 1670 perscribere.-
796 1636 830 1662 il-

32 1668 87 1695 lum
101 1678 176 1701 vero,
190 1671 237 1705 qui
250 1671 369 1697 nondum
381 1672 490 1698 habitus
502 1678 555 1703 est,
571 1682 653 1708 quem
666 1673 710 1700 illa
723 1674 829 1709 βοῶπις,

31 1715 115 1742 quum
127 1716 141 1733 e
153 1707 262 1734 Solonio
276 1709 398 1740 redierit,
417 1709 449 1735 ad
464 1714 488 1736 tc
500 1715 540 1736 est
552 1711 680 1742 relatura,
696 1711 735 1737 sic
747 1711 829 1737 velim

31 1748 118 1779 putes,
133 1744 201 1771 nihil
214 1745 263 1772 hoc
274 1754 352 1781 posse
364 1747 431 1773 mihi
444 1756 502 1773 esse
515 1748 673 1775 iucundius.
714 1749 742 1774 Si
755 1758 826 1780 vero,

30 1789 99 1816 quae
110 1781 142 1808 de
154 1791 195 1808 me
207 1787 282 1819 pacta
294 1788 365 1815 sunt,
374 1793 403 1810 ea
415 1793 467 1811 nou
479 1790 629 1816 servantur,
643 1787 670 1813 in
677 1786 827 1818 caelosum,

33 1823 60 1845 ut
71 1819 137 1846 sciat
153 1819 196 1846 hic
212 1825 301 1847 noster
316 1821 559 1857 Hierosolymarius
576 1823 709 1850 traductor
723 1824 756 1850 ad
771 1824 830 1859 ple-

32 1855 106 1887 bem,
124 1865 205 1891 quam
222 1857 320 1884 bonam
336 1859 404 1885 meis
420 1860 574 1893 putissimis
589 1862 756 1888 orationibus
767 1870 829 1897 gra-

31 1893 94 1920 tiam
107 1893 240 1925 retulerit,
258 1904 373 1930 quarum
388 1902 513 1931 exspecta
525 1897 647 1925 divinam
659 1900 827 1934 παλιινῳὸιίιν.

29 1929 285 1965 Etenim,quautum
299 1934 451 1959 coniectura
463 1943 636 1970 auguramur,
645 1936 668 1962 si
680 1937 731 1963 crit
742 1936 830 1963 nebu-

31 1966 56 1993 lo
73 1968 122 1994 iste
137 1976 199 1994 cum
217 1968 260 1995 his
275 1969 399 2005 dynastis
415 1971 441 1997 iu
457 1972 556 2005 gratia,
583 1981 635 1999 non
648 1973 726 2000 modo
737 1974 770 2000 de
782 1983 829 2010 cy-

29 2005 90 2031 nico
109 2005 258 2036 consulari,
281 2007 329 2032 sed
351 2016 383 2033 ne
404 2007 436 2034 de
458 2009 517 2034 istis
533 2010 644 2043 quidem
661 2011 827 2044 piscinarum

15 2041 186 2073 ,Tritonibus
203 2044 298 2077 poterit
318 2053 346 2070 se
368 2045 474 2071 iactare.
516 2047 571 2072 Non
588 2047 660 2073 euim
680 2049 828 2082 poterimus

28 2078 84 2106 ulla
100 2088 159 2105 esso
176 2080 201 2106 iu
220 2080 336 2112 invidia,
359 2081 466 2116 spoliati
482 2083 580 2117 opibus
596 2089 621 2111 et
636 2084 680 2111 illa
695 2086 827 2112 senatoria

29 2117 156 2151 potentia.
193 2117 241 2143 Sin
253 2123 342 2145 autem
355 2119 388 2145 ab
401 2119 443 2145 his
454 2119 604 2152 dissentiet,
618 2123 668 2148 erit
678 2122 827 2149 absurdum

29 2153 57 2180 in
83 2162 130 2180 nos
157 2154 259 2182 invehi.
300 2156 491 2183 Verumtamen
516 2158 668 2186 invehatur.
711 2160 825 2191 Festive.

29 2190 97 2217 mihi
113 2191 205 2222 crede,
223 2197 248 2218 et
264 2193 366 2220 minore
382 2195 486 2225 sonitu,
503 2204 585 2230 quam
602 2201 737 2231 putaram,
753 2197 827 2224 orbis

29 2227 74 2255 hic
85 2228 112 2254 in
128 2229 266 2264 republica
278 2236 318 2257 est
328 2240 489 2258 conversus:
508 2233 588 2259 citius
601 2235 725 2265 omniuo,
744 2243 826 2269 quam

29 2266 158 2300 oportuit,
182 2266 208 2292 id
230 2267 309 2302 culpa
331 2268 451 2300 Catonis,
475 2269 521 2295 scd
544 2279 638 2297 rursus
657 2272 827 2306 improbitate

29 2301 155 2335 istorum,
173 2304 220 2339 qui
237 2306 371 2340 auspicia,
389 2307 437 2340 qui
449 2307 591 2334 Aemiliam
605 2308 704 2344 legem,
722 2310 770 2344 qui
784 2311 827 2336 Iu-

30 2339 102 2367 niam
118 2345 144 2367 et
155 2341 300 2373 Liciniam,
322 2344 370 2378 qui
382 2344 527 2370 Caeciliam
541 2350 566 2371 et
579 2346 682 2372 Didiam
700 2346 827 2382 neglexe-

30 2381 104 2410 runt;
122 2378 170 2413 qui
185 2380 274 2406 onmia
292 2380 409 2407 remedia
423 2381 588 2416 reipublicae
600 2383 765 2416 effuderunt,
778 2385 826 2419 qui

30 2421 124 2450 regna,
140 2416 188 2450 qui
200 2417 309 2451 praedia
321 2419 461 2444 tetrarchis
470 2440 475 2448 ,
492 2420 539 2454 qui
553 2420 685 2447 immunes
697 2422 826 2455 pecunius
848 2441 850 2447 ι

30 2451 123 2486 paucis
134 2452 274 2481 dederunt.
306 2457 331 2482 Ξ.
348 2455 430 2482 Video
443 2456 504 2485 iam,
517 2465 571 2491 quo
586 2457 688 2484 iuvidia
700 2463 823 2489 transeut,

30 2491 58 2515 et
66 2488 114 2515 ubi
124 2489 159 2516 sit
170 2490 330 2519 habitatura.
358 2493 430 2519 Nihil
445 2502 485 2519 me
497 2495 663 2521 existimaris
676 2504 762 2530 neque
775 2504 825 2522 usu

30 2532 117 2561 neque
126 2535 140 2553 a
151 2527 333 2563 Theophrasto
344 2530 482 2560 didicisse,
497 2531 549 2557 uisi
563 2531 637 2558 brevi
651 2537 768 2567 tempore
779 2533 827 2559 de-

31 2561 142 2604 siderari
158 2570 246 2592 nostra
263 2566 307 2593 illa
325 2573 443 2602 tempora
461 2568 572 2595 videris.
614 2569 719 2595 Etenim
736 2571 759 2596 si
776 2569 827 2596 suit

31 2600 164 2627 Invidiosa
175 2608 283 2630 senatus
294 2606 423 2639 potentia,
437 2614 522 2640 quum
533 2614 562 2632 ea
575 2615 626 2632 non
638 2607 670 2633 ad
683 2607 823 2642 populum,

32 2635 80 2663 sed
90 2637 123 2664 ud
135 2639 182 2665 tris
194 2639 315 2668 homiues
327 2643 516 2670 immoderatos
529 2643 634 2670 redacta
645 2645 688 2675 sit,
697 2645 763 2679 quid
773 2645 824 2671 ium

31 2680 124 2701 censes
145 2675 216 2702 l'ore‘?
237 2679 347 2713 proinde
370 2680 413 2707 isti
430 2680 491 2707 licet
508 2680 618 2713 fuciunt,
640 2690 708 2717 quos
725 2681 822 2713 volent,

862 797 863 803 ,
885 772 945 798 volo
956 773 1023 798 Non.
1036 773 1098 798 Mai.
1111 772 1244 806 proticisci
1260 774 1286 799 in
1297 773 1491 800 Tusculanum.

859 1757 861 1763 ⁴
881 1747 947 1782 quid
962 1747 1082 1774 futurum
1094 1753 1176 1778 esset,
1195 1748 1359 1774 indicabant.

1178 143 1198 169 E
1211 143 1239 169 P.
1261 145 1276 169 6
1295 159 1332 162 —
1355 145 1393 169 42.
1634 147 1683 172 829

887 212 1022 244 consules,
1035 213 1158 239 tribunos
1170 213 1266 248 plebis,
1282 213 1399 249 denique
1411 214 1490 240 etiam
1501 214 1601 241 Vatinii
1611 220 1683 241 stru-

888 259 960 276 mam
975 251 1116 277 sacerdotii
1136 251 1236 286 ὁιβάφῳ
1252 252 1380 284 vestiant;
1404 251 1511 278 videbis
1526 252 1603 278 brevi
1615 257 1683 279 tem-

887 296 950 322 pore
963 296 1073 323 magnos
1085 297 1137 314 non
1149 288 1227 314 modo
1241 297 1299 319 eos,
1317 290 1365 323 qui
1376 289 1445 315 nihil
1457 289 1620 320 titubarunt,
1635 290 1682 315 sed

888 326 967 350 etiam
980 325 1057 351 illum
1070 326 1173 360 ipsum,
1187 326 1235 360 qui
1246 326 1376 360 peccavit,
1390 326 1527 352 Catonem.
1567 328 1592 352 3.
1614 328 1681 353 Nam

888 370 935 387 nos
947 362 1071 396 quidem,
1090 363 1112 388 si
1129 371 1176 397 per
1187 363 1269 389 istum
1286 368 1361 389 tuum
1377 363 1496 390 sodalem
1507 363 1637 390 Publium
1649 364 1682 390 li-

887 399 971 430 cebit,
989 400 1153 433 σοψισῐεύεηι
1169 401 1332 435 cogitamus,
1350 401 1374 426 si
1390 400 1434 426 ille
1445 401 1517 436 cogit
1528 401 1606 430 ἄντα,
1623 406 1681 427 tum

887 436 1026 463 dumtaxat
1038 446 1085 463 nos
1095 437 1251 469 defendere,
1269 443 1306 468 et,
1324 438 1396 473 quod
1412 443 1452 464 est
1465 439 1606 473 proprium
1617 439 1682 465 artis

887 473 978 504 huius,
993 475 1184 510 ἐπαγγέλλομαι

943 511 1016 546 ἄνδρ’
1030 511 1230 545 &anguinea-3111,
1246 513 1287 538 ὅτε
1300 523 1336 542 τις
1346 512 1474 548 πρότερος
1482 513 1622 548 χαλεπήνῃ.

887 549 972 574 Patria
988 549 1102 582 propitia
1118 549 1165 575 sit:
1183 549 1263 575 habet
1279 558 1292 575 a
1309 550 1400 580 nobis,
1419 550 1524 576 etiamsi
1540 559 1591 576 non
1607 550 1678 585 plus,

886 594 967 620 quam
979 586 1100 612 debitum
1113 591 1165 617 est,
1183 586 1245 620 plus
1261 591 1343 617 certe,
1361 596 1442 622 quam
1453 587 1617 622 postulatum
1629 594 1678 614 est.

863 639 864 645 .
886 622 953 648 Male
970 623 1032 649 vehi
1049 623 1117 649 malo
1129 623 1180 649 alio
1191 624 1371 658 gubernante,
1390 633 1471 659 quam
1503 630 1556 651 tam
1568 626 1681 660 ingratis

863 675 864 695 l
886 660 1039 686 vectoribus
1051 661 1119 686 bene
1130 661 1290 696 gubernare.
1323 663 1346 688 t.
1366 661 1419 688 Sed
1432 662 1496 688 haec
1506 671 1594 688 coram
1606 671 1681 689 com-

862 697 864 733 }
885 697 1002 724 modius.

1043 699 1120 724 Nunc
1132 698 1209 729 audi,
1227 698 1300 733 quod
1312 700 1430 733 quaeris.
1470 700 1581 726 Antium
1593 709 1635 726 me
1647 709 1680 726 ex

885 735 1026 761 Formiano
1042 736 1160 770 recipere
1176 737 1263 771 cogito
1278 746 1302 762 a.
1320 736 1346 762 d.
1366 744 1390 762 v,
1408 737 1476 762 Non.
1493 737 1556 763 Mai.
1601 738 1680 764 Antio

1531 774 1582 800 Sed
1594 783 1679 809 quum

885 818 899 835 e
910 810 1051 836 Formiano
1063 810 1180 841 rediero,
1198 810 1246 844 (ibi
1262 819 1320 836 esse
1335 819 1421 845 usque
1437 811 1470 837 ad
1480 811 1551 846 prid.
1565 812 1677 838 Kalend.

884 847 946 873 Mai.
960 846 1041 882 volo,)
1057 846 1153 873 faciam
1169 848 1259 874 statim
1271 853 1295 874 te
1307 848 1456 874 certiorem.
1497 849 1618 875 Terentia
1631 850 1679 875 tibi

884 884 1009 911 salutem.
1049 886 1166 920 Κικέρων
1188 885 1202 911 ὃ
1221 886 1312 921 μικρὸς
1336 885 1482 916 ἀσπάζεται
1505 887 1580 913 Τίτον
1600 885 1679 920 Ἀθη-

883 933 965 949 vator.

936 1009 966 1029 x.
996 1011 1090 1030 (Cat-sair,
1101 1010 1170 1027 Bibulo
1181 1017 1227 1027 russi
1239 1012 1294 1031 UOR)

1069 1053 1237 1080 CICERO
1266 1054 1435 1081 ATTICO
1465 1054 1492 1081 S.

937 1087 1012 1118 Volo
1023 1100 1096 1117 ames
1108 1100 1194 1117 meam
1206 1093 1392 1118 constantiam.
1433 1092 1522 1119 Ludos
1533 1092 1606 1119 Antii
1618 1100 1680 1127 spe-

882 1134 952 1155 ctare
965 1138 1015 1155 non
1030 1129 1126 1163 placet.
1162 1129 1208 1155 Est
1220 1130 1292 1155 enim
1303 1129 1487 1161 ὑποσόλοικον,
1499 1139 1585 1164 quum
1597 1130 1679 1156 velim

883 1167 967 1193 vitare
977 1167 1098 1193 omnium
1111 1166 1270 1193 deliciarum
1283 1168 1481 1202 suspicionem,
1495 1173 1603 1202 repente
1615 1168 1679 1193 ἀνα-

882 1205 1028 1238 φαίνεσθαι
1041 1213 1092 1230 non
1105 1204 1192 1230 solum
1204 1204 1317 1231 delicate
1326 1226 1332 1236 ‚
1351 1204 1399 1231 sed
1411 1205 1490 1230 etiam
1503 1205 1591 1239 inepte
1603 1213 1680 1239 pere—

882 1242 1044 1276 grinantem.
1066 1241 1153 1273 Quare
1166 1251 1252 1276 usque
1264 1242 1297 1268 ad
1309 1243 1376 1268 Non.
1389 1242 1451 1268 Mai.
1463 1247 1488 1268 te
1499 1243 1526 1268 in
1538 1243 1680 1268 Formiano

882 1279 1053 1313 exspectabo.
1089 1280 1164 1305 Nunc
1177 1279 1225 1308 sac,
1240 1285 1268 1306 ut
1279 1280 1372 1310 sciam,
1387 1288 1440 1314 quo
1451 1280 1495 1305 die
1507 1285 1531 1305 te
1544 1280 1629 1305 visuri
1642 1280 1680 1305 si-

883 1325 953 1342 mus.
994 1318 1035 1342 Ab
1051 1316 1132 1350 Appii
1148 1317 1292 1347 For0,hora
1308 1322 1412 1352 quarta.
1453 1317 1582 1343 Dederam
1598 1317 1678 1343 aliam

852 1367 854 1394 ξ
883 1353 974 1388 paullo
984 1359 1044 1380 ante
1055 1353 1153 1380 Tribus
1165 1354 1305 1381 Tabernis.

936 1441 977 1461 ΧΙ,
1007 1443 1036 1463 (1η
1047 1442 1154 1462 Formiano,
1165 1442 1251 1462 mmm-e,
1263 1442 1331 1460 uiuat„
1342 1449 1387 1460 mu.
1398 1443 1454 1461 (μή)

1065 1485 1232 1512 CICERO
1262 1485 1431 1512 ATTICO
1461 1485 1490 1512 S.

940 1524 962 1549 l.
985 1517 1074 1549 Narro
1091 1523 1153 1549 tibi:
1173 1522 1251 1557 plane
1263 1523 1397 1559 relegatus
1410 1523 1477 1549 mihi
1490 1522 1591 1553 videor,
1605 1529 1678 1558 post-

882 1569 995 1595 eaquam
1012 1561 1039 1586 in
1057 1561 1198 1587 Formiano
1217 1569 1288 1587 sum.
1336 1561 1396 1586 Dies
1412 1561 1484 1586 euim
1507 1560 1598 1586 nullus
1611 1566 1675 1591 erat,

881 1598 954 1624 Antii
966 1607 1051 1632 quum
1063 1607 1160 1628 essem,
1169 1606 1223 1632 quo
1234 1597 1277 1624 die
1290 1607 1340 1624 non
1354 1598 1451 1624 melius
1463 1599 1570 1628 scirem,
1581 1599 1678 1624 Romae

881 1635 948 1670 quid
964 1640 1100 1671 ageretur,
1123 1644 1204 1670 quam
1220 1636 1252 1666 ii,
1271 1636 1318 1670 qui
1335 1640 1408 1662 erant
1424 1636 1531 1662 Romae.
1572 1636 1676 1662 Etenim

883 1672 984 1698 litterae
997 1678 1070 1703 tuae,
1088 1682 1140 1699 non
1153 1673 1240 1699 solum
1252 1673 1318 1708 quid
1332 1674 1442 1704 Itomae,
1460 1672 1507 1699 sed
1519 1674 1598 1699 etiam
1610 1673 1677 1708 quid

882 1710 909 1736 in
925 1710 1077 1745 republica,
1103 1719 1190 1745 neque
1206 1710 1293 1736 solum
1308 1710 1374 1745 quid
1387 1710 1473 1741 lieret,
1491 1719 1585 1736 verum
1598 1711 1677 1737 etiam

1403 1749 1493 1778 Nunc,
1512 1749 1564 1774 nisi
1577 1747 1677 1782 siquid

881 1793 914 1810 ex
925 1790 1110 1819 praetereunte
1123 1785 1222 1811 viatore
1235 1790 1377 1820 exceptum
1389 1790 1441 1813 est.
1456 1786 1524 1811 scire
1537 1785 1603 1811 nihil
1616 1794 1678 1820 pos-

880 1831 986 1849 sumus.
1027 1823 1114 1855 Quare
1129 1832 1294 1857 ‹piamquam
1312 1823 1363 1849 iam
1386 1828 1409 1849 te
1430 1824 1519 1857 ipsum
1541 1828 1676 1857 exspecto,

881 1865 969 1886 tamen
982 1861 1025 1886 isti
1042 1869 1138 1895 puero,
1156 1869 1237 1895 quem
1250 1860 1282 1886 ad
1296 1869 1337 1886 me
1349 1861 1437 1887 statim
1451 1861 1518 1886 iussi
1530 1869 1676 1890 recurrere,

880 1897 913 1923 da
924 1898 1102 1932 ponderosam
1119 1897 1237 1932 aliquam
1254 1898 1409 1933 epistolam,
1433 1897 1539 1932 plenam
1555 1899 1677 1924 omnium

881 1943 932 1961 non
945 1935 1023 1961 modo
1035 1940 1168 1965 actorum,
1186 1935 1233 1961 sed
1245 1936 1325 1962 etiam
1337 1936 1495 1970 opinionum
1509 1941 1628 1961 tuarum:
1648 1944 1677 1961 ac

880 1971 962 2003 diem,
976 1981 1030 2007 quo
1043 1973 1123 1999 Roma
1135 1973 1172 1998 sis
1184 1973 1317 2003 exiturus,
1333 1982 1396 1998 cura
1409 1978 1437 1998 ut
1448 1973 1541 1998 sciam.
1576 1974 1600 1998 2.
1624 1973 1677 1999 Nos

881 2009 908 2035 in
920 2010 1061 2036 Formiano
1077 2019 1135 2036 esse
1148 2010 1274 2036 volumus
1286 2019 1372 2045 usque
1384 2010 1417 2036 ad
1429 2010 1498 2044 prid.
1513 2011 1601 2036 Nonas
1614 2010 1674 2036 Mai.

880 2047 917 2072 Eo
932 2047 955 2073 si
971 2052 1031 2073 aute
1047 2056 1105 2073 eam
1122 2047 1194 2073 diem
1212 2056 1263 2074 non
1281 2048 1401 2078 veneris,
1422 2048 1518 2074 Itomae
1531 2052 1553 2073 te
1567 2047 1675 2074 sortasse

880 2083 988 2111 videbo.
1030 2085 1097 2111 Nam
1109 2085 1241 2119 Arpinum
1254 2085 1320 2120 quid
1332 2093 1381 2121 ego
1393 2090 1417 2111 te
1432 2084 1563 2111 invitem?

938 2122 1053 2157 Τρηχεΐ,
1066 2122 1118 2147 ἀλλ’
1133 2123 1226 2158 ἀγαθὴ
1238 2123 1423 2158 κουροτρόφος,
1437 2122 1490 2149 nih«
1503 2122 1585 2158 ijwye

935 2155 964 2192 ἧς
975 2160 1050 2194 γαίη,-
1060 2159 1171 2193 dompni
1183 2159 1376 2194 γλυκερώτερον
1391 2159 1453 2186 ἄλλο
1464 2159 1578 2186 famum.

879 2195 948 2221 llaec
961 2196 1052 2231 igitur,
1093 2196 1162 2222 Cura
1175 2202 1202 2222 ut
1214 2196 1313 2223 valeas.

934 2264 984 2285 xn.
1015 2266 1094 2289 (rr-t»...
1105 2267 1301 2286 'r.=1.e··»fi-,(··.mn,
1314 2267 1437 2284 u.i‚..1...-....‚
1452 2269 1489 2283 „aa
1502 2268 1505 2288 7

1062 2309 1230 2336 CICERO
1260 2310 1428 2336 ATTICO
1458 2310 1486 2336 S.

935 2348 957 2372 t.
980 2341 1089 2381 Negent
1111 2346 1150 2372 illi
1171 2346 1298 2373 Publium
1320 2346 1456 2381 plebeium
1479 2347 1577 2372 suctum
1600 2348 1671 2371 esse!

879 2384 932 2410 lloc
945 2393 1007 2410 vero
1019 2389 1187 2418 reguumest,
1197 2389 1221 2410 vt
1235 2383 1296 2410 sori-i
1309 2384 1383 2410 nullo
1394 2390 1469 2419 parto
1482 2389 1575 2418 potest.
1591 2384 1675 2409 timit-

879 2426 915 2448 tut
930 2421 962 2447 ad
980 2430 1022 2447 me
1037 2421 1163 2452 Publius,
1181 2421 1228 2455 qui
1244 2421 1401 2455 obsigueut,
1426 2421 1532 2450 iurabo,
1555 2422 1674 2446 ‹Imwnm

879 2463 1013 2488 nostrum,
1030 2458 1160 2494 collegam
1178 2458 1265 2489 Balbi,
1283 2459 1354 2485 Antii
1372 2459 1438 2484 mihi
1456 2468 1589 2485 inauri-asse.
1606 2468 1633 2483 sc
1648 2459 1672 2484 iu

878 2496 1000 2530 mispicio
1013 2495 1106 2522 fuisse.
1131 2498 1152 2521 O
1162 2505 1260 2522 suaves
1271 2495 1398 2531 epistolas
1410 2501 1478 2526 tuas,
1493 2505 1545 2521 uuo
1556 2501 1673 2530 tempor-1-

879 2533 945 2559 mihi
962 2532 1050 2563 dutus,
1073 2533 1154 2559 duas!
1179 2533 1281 2568 quibus
1302 2535 1440 2569 ειὶιιῃ-ἑλιιι
1460 2542 1529 2568 quae
1552 2533 1670 2562 reddam,

878 2571 981 2596 nescio:
1008 2570 1100 2596 deberi
1121 2570 1232 2605 quidem
1254 2570 1331 2605 plane
1357 2570 1447 2596 fatcor.
1491 2573 1512 2596 2.
1535 2570 1587 2596 Sed
1610 2570 1671 2596 vide

877 2607 1042 2643 συγκύρημα.
1083 2608 1248 2634 Emer-seram
1265 2608 1404 2634 comumde
1415 2617 1448 2634 ex
1464 2609 1562 2634 Antiati
1580 2608 1605 2634 iu
1618 2608 1671 2642 Ap-

878 2645 949 2679 piam
961 2644 994 2671 ad
1007 2645 1065 2670 Tris
1076 2645 1220 2675 Tabernas,
1235 2646 1301 2680 ipsis
1312 2645 1475 2676 Cerialibus,
1491 2654 1577 2680 qutun
1591 2646 1615 2671 in
1630 2654 1671 2670 uie

877 2683 990 2709 incurrit
1012 2682 1091 2709 Romu
1113 2683 1224 2709 veniens
1245 2683 1325 2709 Curio
1347 2691 1432 2709 iueus,
1473 2682 1574 2709 Ibidem
1600 2682 1671 2708 illico
