1941 3052
331 118 658 146 EPISTOLARUM
687 117 741 144 AD
769 115 998 143 DlVERSOS
1029 116 1110 142 LIB.
1132 115 1199 142 XII.
1230 115 1292 142 ΕΡ.
1317 116 1326 141 4
1350 130 1385 134 -
1408 115 1431 141 4.

59 200 184 229 pressum
200 195 248 222 est,
266 194 297 217 ut
310 190 379 216 mibi
395 190 536 217 videamur
550 198 629 216 omne
640 190 693 216 iam
704 188 737 215 ad
748 193 854 223 tempus

60 230 94 257 ab
113 229 160 256 illo
179 228 319 255 dumtaxat
339 227 527 254 sordidissimo
547 227 667 262 periculo
688 227 737 253 tuti
759 226 853 252 futuri.

59 267 173 302 Reliqua
193 274 290 301 magna
311 270 374 292 sunt
390 274 419 291 ac
437 264 533 297 multa,
561 264 610 291 sed
624 265 710 299 posita
726 264 816 290 omnia
827 263 854 288 in

60 305 149 331 vobis.
189 303 359 338 Quamquam
385 303 504 338 primum
529 301 651 337 quidque
676 300 854 336 explicemus.

60 342 137 373 Nam,
154 346 183 367 ut
193 341 281 367 adhuc
291 340 403 375 quidem
414 345 503 366 actum
515 344 563 370 est,
577 348 629 366 non
641 348 731 375 regno.
741 338 787 364 sed
794 346 855 373 rege

62 379 168 406 liberati
185 378 320 404 videmur.
343 377 483 404 Interfecto
494 377 567 403 enim
578 385 649 412 rege,
664 376 751 412 regios
762 383 855 402 omnes

62 421 144 443 nutus
155 420 273 442 tuemur.
295 416 388 450 Neque
400 423 463 441 vero
477 414 504 440 id
516 414 613 445 solum,
626 413 673 440 sed
685 413 774 443 etiam.
787 420 856 447 quae

62 454 120 489 ipse
136 453 191 484 ille,
208 453 232 479 si
244 453 352 483 viveret,
367 460 419 478 non
434 451 539 482 faceret,
554 460 583 478 ea
595 460 651 482 nos,
666 451 744 485 quasi
756 450 857 485 cogita-

62 496 88 518 ta
104 491 137 518 ab
154 490 209 521 illo,
228 490 385 524 probamus.
411 490 465 515 Nec
477 489 536 515 eius
550 488 661 523 quidem
673 489 711 514 rei
723 487 803 513 finem
816 487 858 512 vi-

62 528 122 555 deo.
149 527 267 554 Tabulae
288 527 420 562 figuntur:
444 526 628 552 immunitates
640 525 750 557 dantur;
774 532 858 559 pecu-

64 566 124 592 niae
149 565 283 591 maximae
303 564 507 590 describuntur:
548 562 656 589 exsules
676 562 855 588 reducuntur:

63 601 296 629 senatusconsulta
328 601 393 627 falsa
418 600 583 627 referuntur:
620 605 649 626 ut
674 597 858 626 tantummodo

62 639 157 667 odium
169 639 237 665 illud
249 639 367 665 hominis
379 638 480 672 impuri
491 642 517 663 et
527 637 665 664 servitutis
676 636 752 663 dolor
762 634 859 670 depul-
878 641 879 644 ’

63 686 111 704 sus
127 685 186 703 esse
198 676 329 706 videatur,
343 675 496 710 respublica
509 675 593 701 iaceat
602 675 630 700 in
642 674 684 700 his
696 673 860 708 perturbati-

63 714 173 744 onibus,
191 714 218 740 in
234 722 302 748 quas
317 721 375 739 eam
391 712 435 738 ille
447 712 570 738 coniecit.
592 713 617 738 2.
633 712 702 737 Haec
712 711 802 737 omnia
813 718 860 736 vo-

64 752 108 778 bis
124 756 188 778 sunt
206 750 383 785 expedienda,
401 758 450 775 nec
466 749 516 775 hoc
533 748 716 784 cogitandum,
730 749 794 774 satis
806 748 859 773 iam

64 789 164 816 habere
179 787 375 822 rempublicam
391 795 405 812 a
418 786 506 813 vobis.
531 787 615 812 Habet
626 785 672 812 illa
683 785 861 820 quidemtan-

65 831 132 857 tum.
146 830 278 860 quantum
289 832 439 859 numquam
450 824 519 850 mihi
531 825 559 850 in
571 828 687 849 mentem
700 824 774 849 venit
784 827 860 858 opta-

64 872 105 895 re3
133 862 181 889 sed
195 866 317 888 contenta
332 870 385 888 non
400 866 448 892 est.
462 866 496 892 et,
509 870 557 896 pro
568 860 755 896 magnitudine
765 865 791 887 et
802 861 861 887 ani-

65 901 103 927 mi
117 905 142 926 et
156 899 281 926 beneficii
300 900 391 929 vestri,
409 907 422 925 a
439 899 517 925 vobis
532 907 629 934 magna
640 898 784 924 desiderat.
806 897 861 924 Ad-

66 938 119 965 huc
140 937 195 963 ulta
210 945 274 963 suas
290 937 404 962 iniurias
421 940 460 962 est
480 945 528 971 per
547 945 595 962 vos
612 936 722 962 interitu
738 936 858 972 tyranni:

65 974 134 1002 nihil
145 974 272 1009 amplius.
294 973 454 1000 Ornamenta
467 982 529 1000 vero
540 982 589 1000 sua
600 981 669 1008 quae
676 971 862 1008 recuperavit?

64 1012 116 1043 An,
133 1011 206 1047 quod
222 1012 247 1037 ei
258 1016 362 1038 mortuo
373 1016 456 1046 paret,
468 1019 550 1046 quern
561 1011 656 1037 vivum
667 1010 735 1037 ferre
747 1019 799 1037 non
814 1018 862 1044 po—

65 1049 149 1077 terat‘?
172 1049 250 1075 cuius
260 1057 320 1075 aera
332 1048 442 1084 refigere
453 1048 629 1079 debebamus,
642 1049 702 1074 eius
712 1049 792 1075 etiam
803 1047 863 1074 chi-

66 1086 198 1122 rographa
209 1085 399 1112 defendimus?
418 1086 460 1121 (At
471 1086 543 1112 enim
555 1086 590 1112 ita
602 1085 795 1120 decrevimus.)
812 1085 863 1111 Fe—

65 1125 154 1151 cimus
170 1123 197 1150 id
213 1123 334 1158 quidem,
352 1123 520 1158 temporibus
535 1123 670 1153 cedentes,
688 1132 757 1158 quae
773 1122 864 1149 valent

67 1162 95 1188 in
109 1160 249 1196 republica
264 1160 428 1196 plurimum:
456 1161 504 1187 sed
516 1160 690 1187 immoderate
707 1160 820 1195 quidam
838 1164 864 1186 et

67 1200 170 1235 ingrate
186 1203 274 1225 nostra
291 1198 417 1224 facilitate
433 1198 590 1224 abutuntur.
612 1198 713 1224 Verum
725 1198 791 1224 haec
802 1206 864 1232 pro-

67 1236 175 1271 pediem
191 1241 216 1262 et
228 1235 311 1262 multa
321 1235 374 1262 alia
385 1244 484 1262 coram.
516 1236 625 1262 Interim
641 1236 681 1261 sic
692 1235 742 1262 tibi
751 1243 864 1270 persua-

66 1274 140 1304 deas.
155 1273 222 1299 mihi
234 1282 320 1308 quum
331 1273 507 1308 reipublicae,
520 1281 602 1307 quam
613 1281 720 1307 semper
730 1273 864 1299 habuica-

67 1311 213 1341 rissimam,
235 1315 292 1336 tum
308 1311 406 1337 amoris
421 1311 504 1337 nostri
518 1319 622 1341 caussa,
641 1311 774 1337 maximae
784 1319 864 1337 curae
885 1319 887 1326 ι

67 1356 127 1375 esse
137 1353 210 1375 tuam
222 1347 392 1383 dignitatem.
413 1348 449 1374 Da
460 1356 577 1382 operam,
592 1352 621 1374 ut
632 1347 731 1374 valeas.

119 1418 148 1438 lt.
168 1417 245 1438 ΑΒΘ.
262 1417 368 1442 nutritur
378 1418 405 1438 it‘
415 1417 512 1438 Antonio
523 1420 544 1438 et
554 1418 581 1437 de
591 1417 712 1445 republica.

254 1455 341 1477 (Rom-e.
351 1455 441 1475 Antonio,
451 1455 551 1472 Dolabella
562 1461 608 1472 tuus.
628 1456 682 1475 710.)

205 1490 242 1516 M.
263 1490 293 1516 T.
316 1490 345 1516 C.
367 1490 393 1516 S.
416 1490 445 1516 P.
467 1490 497 1516 D.
519 1490 548 1516 C.
571 1489 720 1516 CASSIO.

124 1538 147 1562 ⁴.
169 1531 357 1562 Vehementer
372 1535 461 1567 laetor,
480 1535 529 1562 tibi
545 1535 652 1570 probari
668 1536 827 1562 sententiam
839 1540 865 1562 et

67 1574 215 1601 orationem
235 1581 336 1605 meam;
369 1581 422 1608 qua
442 1573 465 1600 si
485 1573 595 1608 saepius
616 1574 655 1600 uti
677 1573 780 1604 liceret,
795 1572 863 1600 nihil

68 1616 140 1637 esset
161 1611 261 1645 negotii
281 1609 432 1636 libertatem
449 1615 474 1637 et
490 1610 686 1645 rempublicam
704 1611 862 1645 reciperare.

67 1648 123 1675 Sed
140 1648 219 1675 homo
228 1656 321 1674 amens
333 1652 358 1674 et
369 1647 491 1682 perditus
504 1648 643 1683 multoque
655 1649 864 1683 nequior,quam

68 1685 114 1712 ille
131 1686 198 1720 ipse.
211 1694 292 1720 quem
304 1689 333 1711 tu
344 1686 544 1720 nequissimum
556 1686 676 1712 occisum
687 1694 746 1712 esse
757 1686 862 1717 dixisti,

69 1723 160 1750 caedis
171 1723 279 1749 initium
290 1723 410 1757 quaerit:
433 1722 591 1758 nullamque
602 1723 682 1749 aliam
693 1724 728 1750 ob
739 1732 863 1750 caussam

69 1769 112 1787 me
123 1765 257 1787 auctorem
269 1759 353 1786 fuisse
364 1760 485 1787 Caesaris
501 1760 679 1787 interficiendi
695 1761 862 1792 criminatur,

69 1798 133 1828 nisi,
151 1802 181 1824 ut
196 1798 223 1823 in
239 1806 282 1823 me
297 1798 416 1824 veterani
431 1798 586 1824 incitentur.
608 1797 684 1830 Quod
696 1807 746 1834 ego
757 1799 865 1833 pericu-

70 1834 127 1862 lum
148 1843 200 1861 non
216 1835 376 1861 extimesco:
403 1835 482 1862 modo
498 1836 581 1862 vestri
598 1835 660 1862 facti
675 1835 789 1872 gloriam
802 1844 864 1862 cum

70 1880 129 1898 mea
147 1871 225 1898 laude
240 1873 430 1899 communicet.
462 1873 499 1899 lta
517 1881 566 1899 nec
585 1873 684 1904 Pisoni,
703 1874 751 1908 qui
764 1875 791 1900 in
802 1882 864 1900 eum

70 1910 176 1944 primus
195 1909 319 1935 invectus
330 1914 370 1936 est
380 1909 454 1936 nullo
465 1910 641 1941 assentiente„
665 1919 714 1937 nec
725 1911 802 1941 mihi.
817 1911 865 1946 qui

70 1946 144 1973 idem
159 1946 296 1972 tricesimo
309 1950 369 1981 post
383 1946 427 1972 die
442 1946 502 1978 feci,
516 1955 564 1973 nec
574 1948 603 1973 P.
626 1947 750 1979 Servilio.
763 1949 811 1983 qui
824 1957 865 1975 me

70 1989 113 2011 est
126 1987 296 2014 consecutus,
309 1988 365 2009 tuto
376 1984 402 2010 in
415 1989 538 2010 senatum
550 1985 643 2011 venire
656 1984 727 2011 licet.
749 1985 865 2012 Caedem

70 2021 144 2048 enim
155 2020 286 2056 gladiator
295 2021 401 2055 quaerit
411 2021 525 2056 eiusque
538 2022 645 2048 initium
657 2031 680 2048 a.
696 2022 723 2048 d.
738 2031 797 2049 xm.
814 2023 867 2049 Ka·

72 2058 145 2085 lend.
162 2058 256 2084 Octob.
277 2066 290 2083 a
307 2066 349 2084 me
359 2067 388 2084 se
400 2057 533 2085 facturum
544 2059 659 2093 putavit.
681 2060 715 2086 At
725 2068 806 2094 quam
819 2069 867 2095 pa-

71 2100 144 2123 ratus
160 2100 278 2126 venerat,
295 2103 381 2130 quum
402 2096 429 2122 in
445 2096 510 2122 villa
525 2096 624 2122 Metelli
639 2096 792 2132 complures
807 2098 867 2124 dies

71 2137 267 2160 commentatus
283 2133 366 2158 esset!
393 2132 467 2165 Quae
482 2139 570 2160 autem
583 2134 610 2160 in
624 2133 717 2160 lustris
728 2139 754 2161 et
765 2135 790 2161 in
804 2135 867 2161 vino

71 2170 260 2198 commentatio
276 2170 363 2204 potuit
377 2170 454 2196 esse?
478 2171 569 2206 ltaque
585 2171 712 2197 omnibus
727 2177 767 2198 est
780 2173 864 2202 visus,

72 2211 102 2234 ut
116 2207 149 2234 ad
165 2212 190 2234 te
207 2211 281 2233 antea
298 2207 405 2242 scripsi,
424 2216 531 2234 vomere
542 2217 592 2234 suo
603 2217 685 2240 more,
702 2218 754 2235 non
765 2209 865 2236 dicere.

72 2246 98 2272 2.
127 2245 224 2278 Quare.
247 2243 320 2279 quod
340 2245 447 2275 scribis.
471 2249 495 2271 te
511 2245 653 2277 confidere,
671 2246 826 2273 auctoritate
842 2251 868 2273 et

72 2281 225 2318 eloquentia
246 2286 335 2308 nostra
351 2281 455 2317 aliquid
471 2282 564 2317 prolici
581 2291 668 2317 posse,
687 2283 820 2314 nonnihil.
839 2288 868 2310 ut

73 2319 101 2346 in
117 2319 197 2346 tantis
213 2319 301 2350 malis,
319 2324 360 2345 est
374 2319 534 2354 profectum.
557 2319 686 2356 intelligit
695 2321 768 2347 enim
781 2329 868 2355 popu-

73 2355 116 2384 lus
130 2357 267 2384 Romanus
282 2361 335 2383 tres
349 2364 409 2383 esse
419 2356 583 2387 consulares.
599 2358 656 2392 qui,
669 2358 742 2392 quia„
755 2366 824 2392 quae
833 2358 868 2384 de

74 2393 212 2429 republica
230 2394 299 2420 bene
314 2395 457 2425 senserint.
477 2393 560 2420 libere
579 2393 660 2421 locuti
676 2400 747 2425 sunt.
767 2400 822 2421 tuto
841 2395 867 2421 in

73 2436 196 2458 senatum
212 2432 304 2458 venire
321 2440 372 2458 non
389 2432 502 2466 possint.
530 2432 583 2457 Nec
599 2436 639 2458 est
650 2436 784 2466 praeterea
795 2431 867 2467 quod

73 2468 223 2503 quidquam
237 2473 387 2503 exspectes.
413 2469 488 2495 Tuus
504 2469 576 2495 enim
593 2469 761 2495 necessarius
779 2468 869 2495 affini-

74 2509 126 2532 tate
136 2514 204 2533 nova
215 2505 371 2533 delectatur.
394 2507 485 2541 ltaque
497 2506 549 2532 iam
562 2515 613 2532 non
625 2511 665 2532 est
675 2506 814 2532 studiosus
827 2505 868 2532 lu-

73 2541 169 2570 dorum
202 2543 362 2579 infinitoque
388 2543 477 2570 fratris
503 2544 541 2570 tui
569 2543 666 2578 plausu
691 2543 866 2578 dirumpitur.

74 2578 147 2606 Alter
161 2580 225 2607 item
236 2580 326 2607 affinis
337 2581 415 2608 novis
425 2581 626 2608 commentariis
637 2581 758 2608 Caesaris
769 2580 868 2607 delini—

75 2619 118 2643 tus
137 2621 186 2644 est.
217 2617 270 2644 Sed
289 2618 354 2645 haec
370 2618 533 2645 tolerabilia:
562 2617 630 2644 illud
647 2627 698 2645 non
716 2617 866 2649 ferendum,

74 2653 148 2690 quod
158 2658 206 2686 est.
219 2655 268 2691 qui
279 2660 367 2684 vestro
378 2664 447 2683 anno
457 2655 545 2683 tilium
556 2664 637 2683 suum
649 2655 787 2683 consulem
795 2655 869 2683 sutu-

1650 115 1701 140 753

906 197 966 215 rum
977 192 1052 223 putet
1060 208 1066 218 ,
1077 187 1112 213 ob
1123 194 1237 222 eamque
1248 194 1372 213 caussam
1383 194 1412 212 se
1423 185 1489 212 huic
1504 183 1600 211 latroni
1611 183 1704 211 deser-

907 227 964 252 vire
979 234 1042 260 prae
1057 233 1086 251 se
1103 224 1177 251 ferat.
1203 226 1227 250 3.
1241 224 1308 250 Nam
1320 224 1350 250 L.
1363 223 1446 254 Cotta,
1460 222 1602 249 familiaris
1614 231 1701 252 meus,

908 262 980 289 fatali
995 262 1112 297 quadam
1124 261 1320 296 desperatione,
1334 266 1363 287 ut
1377 261 1421 291 ait,
1436 261 1527 287 minus
1540 260 1567 285 in
1579 264 1703 286 senatum

907 301 991 326 venit.
1013 300 1042 326 L.
1056 299 1161 330 Caesar,
1174 299 1293 333 optimus
1305 303 1330 325 et
1341 297 1590 328 fortissimuscivis,
1600 296 1704 323 valetu-

907 337 970 363 dine
985 336 1142 371 impeditur.
1169 336 1226 362 Ser.
1253 335 1400 370 Sulpicius,
1419 340 1443 361 et
1459 343 1566 362 summa
1587 334 1706 361 auctori-

907 379 958 401 tate
973 379 999 400 et
1012 375 1113 409 optime
1124 374 1251 402 sentiens,
1266 382 1317 400 non
1329 373 1413 399 adest.
1435 372 1572 407 Reliquos
1585 371 1706 406 exceptis

908 412 1066 447 designatis,
1084 412 1193 447 ignosce
1208 411 1286 441 mihi,
1305 411 1329 437 si
1345 419 1397 436 non
1414 418 1526 436 numero
1537 408 1704 435 consulares.

909 449 997 475 Habes
1014 453 1134 475 auctores
1150 448 1258 474 consilii
1274 447 1393 482 publici:
1421 448 1469 482 qui
1485 455 1614 473 numerus
1626 446 1706 472 etiam

910 486 989 512 bonis
1010 486 1091 512 rebus
1120 486 1237 520 exiguus
1261 490 1345 517 essetg
1378 484 1446 520 quid
1466 492 1560 511 censes
1575 482 1708 518 perditis?

909 523 996 555 Quare
1012 532 1074 558 spes
1091 528 1131 549 est
1146 523 1235 549 omnis
1250 523 1277 548 in
1296 522 1386 553 vobis;
1425 522 1474 556 qui
1489 522 1513 547 si
1530 520 1630 547 idcirco
1642 520 1707 547 abe-

909 561 968 591 stis.
982 565 1011 587 ut
1022 561 1081 587 sitis
1093 560 1120 586 in
1131 565 1200 590 tuto.
1227 568 1260 586 ne
1274 560 1302 586 in
1314 559 1392 585 vobis
1405 559 1527 594 quidem.
1549 558 1595 584 Sin
1602 557 1707 592 aliquid

910 598 1024 633 dignum
1046 602 1133 623 vestra
1153 597 1237 632 gloria
1253 597 1390 632 cogitatis=
1418 596 1501 622 velim
1517 595 1601 621 salvis
1617 595 1706 621 nobis.

910 635 957 661 Sin
973 635 1000 661 id
1011 636 1110 665 minus.
1124 643 1166 660 res
1178 639 1266 661 tamen
1278 633 1387 669 publica
1399 642 1447 668 per
1458 642 1506 659 vos
1516 633 1593 659 brevi
1604 638 1709 667 tempo-

911 681 938 699 re
954 673 997 698 ius
1013 681 1094 698 suum
1110 672 1278 706 reciperabit.
1300 670 1708 707 Egotuisnequedesumneque

911 709 1000 736 deero.
1026 709 1078 741 Qui
1093 710 1151 735 sive
1166 709 1200 735 ad
1212 718 1254 735 me
1266 708 1380 735 referent
1391 708 1449 734 sive
1461 716 1523 738 non,
1537 716 1595 733 mea
1607 707 1657 733 tibi
1670 712 1709 733 ta-

912 756 974 774 men
988 746 1175 773 benevolentia
1187 746 1309 781 fidesque
1320 745 1510 780 praestabitur.
1550 744 1625 771 Vale.

965 816 1006 837 lu.
1025 816 1101 836 ΑΒΘ.
1121 815 1230 840 querelae
1240 816 1267 836 ile
1276 822 1330 842 rep.‚
1342 814 1440 835 Antonio
1451 814 1544 840 eiusque
1554 813 1630 834 sociis.

1099 853 1186 875 (Romae,
1196 851 1286 873 Antonio,
1296 851 1397 869 Dolabelln
1407 858 1453 869 coss.
1469 852 1524 872 710.)

970 936 994 961 ⁴.
1015 930 1110 970 Auget
1124 939 1188 961 tuus
1207 934 1312 960 amicus
1328 933 1445 959 furorem
1456 933 1484 958 in
1495 931 1568 958 dies:
1590 932 1710 966 primum

914 973 941 998 in
952 976 1052 1003 statua,
1069 980 1151 1007 quam
1163 972 1253 1006 posuit
1265 972 1292 997 iu
1304 971 1410 1000 rostris.
1429 969 1567 1004 inscripsit
1583 977 1712 994 PARENT!

913 1019 1019 1037 ornus
1044 1018 1166 1036 neutro:
1190 1013 1219 1035 ut
1233 1017 1284 1034 non
1301 1008 1380 1034 modo
1392 1007 1492 1037 sicarii,
1505 1006 1553 1033 sed
1566 1007 1619 1032 iam
1631 1006 1712 1032 etiam

914 1047 1064 1082 parricidae
1076 1046 1249 1078 indicemini,
1273 1045 1341 1080 quid
1354 1045 1428 1075 dico.
1445 1043 1624 1071 iudicemini‘?
1639 1043 1712 1069 iudi-

913 1094 1007 1111 cemur
1021 1085 1125 1119 potius:
1154 1084 1237 1110 vestri
1256 1084 1328 1109 enim
1345 1082 1523 1118 pulcherrimi
1538 1081 1658 1108 factiille
1669 1080 1712 1106 fu—

915 1123 1003 1149 riosus
1014 1130 1056 1148 me
1067 1122 1219 1157 principem
1230 1120 1296 1147 dicit
1307 1120 1403 1147 fuisse.
1425 1120 1533 1146 Utinam
1544 1118 1657 1154 quidem
1670 1118 1713 1144 fu-

914 1160 1011 1186 issem!
1038 1159 1169 1186 molestus
1184 1158 1262 1185 nobis
1278 1167 1331 1185 non
1347 1162 1427 1184 esset.
1456 1157 1508 1183 Sed
1525 1157 1575 1183 hoc
1591 1161 1712 1182 vestrum

915 1202 968 1224 est:
991 1197 1064 1232 quod
1075 1205 1161 1232 quum
1173 1196 1318 1231 praeteriit,
1335 1196 1438 1222 utinam
1446 1192 1659 1228 haberem,quid
1666 1201 1714 1219 vo-

916 1235 958 1261 bis
969 1234 1062 1262 darem
1073 1234 1194 1261 consilii!
1218 1233 1271 1260 Sed
1284 1242 1316 1259 ne
1329 1233 1396 1259 mihi
1408 1232 1519 1267 quidem
1532 1232 1585 1266 ipsi
1597 1231 1711 1265 reperio,

915 1272 983 1308 quid
999 1271 1153 1299 faciendum
1169 1272 1213 1298 sit.
1240 1270 1311 1303 Quid
1322 1271 1395 1297 enim
1406 1274 1454 1301 est,
1468 1268 1540 1304 quod
1552 1273 1642 1294 contra
1657 1268 1713 1293 vim

916 1310 975 1336 sine
986 1310 1014 1336 vi
1026 1309 1084 1336 fieri
1094 1308 1198 1344 possit?
1217 1310 1242 1335 2.
1258 1308 1409 1335 Consilium
1421 1315 1500 1334 omne
1512 1311 1600 1333 autem
1612 1305 1662 1332 hoc
1674 1310 1715 1331 est

917 1347 1040 1377 illorum,
1063 1351 1093 1373 ut
1113 1351 1226 1373 mortem
1241 1346 1363 1373 Caesaris
1383 1348 1590 1380 persequantur.
1622 1343 1714 1376 ltaque

916 1394 940 1411 a.
953 1384 980 1411 d.
996 1389 1065 1411 sext.
1078 1384 1146 1410 Non.
1161 1383 1255 1410 Octob.
1272 1383 1419 1418 productus
1433 1383 1461 1408 in
1471 1381 1626 1408 concionem
1638 1389 1652 1406 a
1664 1379 1715 1406 Ca-

917 1423 1001 1453 nutio,
1015 1422 1172 1456 turpissime
1187 1420 1232 1447 ille
1243 1420 1356 1455 quidem
1367 1420 1506 1446 discessit:
1529 1418 1577 1444 sed
1589 1423 1676 1444 tamen
1684 1425 1713 1443 ea

917 1460 987 1486 dixit
1001 1459 1034 1486 de
1050 1458 1286 1485 conservatoribus
1301 1458 1415 1493 patriae.
1433 1465 1503 1492 quae
1518 1455 1574 1482 dici
1585 1455 1716 1481 deberent

917 1497 950 1523 de
961 1496 1154 1532 proditoribus.
1181 1496 1216 1522 De
1229 1504 1271 1522 me
1283 1495 1394 1530 quidem
1407 1503 1458 1521 non
1469 1493 1633 1523 dubitanter,
1647 1493 1714 1527 quin

916 1535 1006 1561 omnia
1021 1534 1055 1561 de
1070 1542 1128 1560 meo
1143 1533 1257 1560 consilio
1272 1538 1298 1559 et
1314 1542 1361 1559 vos
1377 1531 1524 1562 fecissetis,
1542 1535 1567 1557 et
1583 1530 1715 1557 Canutius

917 1572 1024 1599 faceret.
1063 1571 1155 1598 Cetera
1169 1570 1324 1597 cuiusmodi
1335 1570 1403 1601 sint,
1417 1578 1451 1596 ex
1463 1569 1512 1595 hoc
1524 1567 1628 1598 iudica.
1641 1566 1714 1602 quod

917 1610 1003 1646 legato
1021 1614 1066 1636 tuo
1082 1609 1210 1635 viaticum
1227 1609 1394 1642 eripuerunt.
1417 1606 1488 1639 Quid
1499 1614 1544 1632 eos
1557 1606 1715 1639 interpreta-

916 1648 939 1674 ri
954 1652 1046 1682 putas.
1064 1655 1150 1682 quum
1167 1646 1216 1673 hoc
1229 1644 1349 1672 faciunt?
1369 1644 1409 1671 Ad
1421 1644 1525 1670 hostem
1537 1642 1641 1669 scilicet
1653 1650 1716 1676 por-

917 1686 976 1712 tari.
998 1684 1020 1711 O
1031 1693 1086 1710 rem
1099 1683 1238 1710 miseram!
1261 1683 1402 1709 dominum
1413 1681 1481 1708 ferre
1494 1690 1545 1707 non
1561 1680 1713 1715 potuimus:

916 1730 1045 1749 conservo
1056 1722 1200 1748 servimus.
1223 1721 1256 1747 Et
1267 1725 1354 1747 tamen
1367 1728 1409 1746 me
1423 1719 1534 1754 quidem
1547 1717 1651 1744 favente
1659 1726 1716 1743 ma-

916 1761 972 1797 gis,
990 1768 1073 1794 quam
1089 1763 1227 1794 sperante,
1246 1759 1326 1784 etiam
1341 1766 1413 1784 nunc
1425 1756 1523 1783 residet
1539 1764 1602 1790 spes
1618 1755 1644 1781 in
1661 1755 1717 1780 vir-

917 1803 971 1825 tute
987 1803 1042 1825 tua.
1077 1796 1129 1823 Sed
1141 1796 1189 1822 ubi
1203 1800 1267 1822 sunt
1277 1794 1389 1830 copiae?
1407 1795 1443 1821 De
1459 1793 1564 1829 reliquo
1581 1792 1650 1819 malo
1666 1792 1717 1818 tei-

916 1844 997 1871 psum
1017 1840 1106 1862 tecum
1127 1833 1217 1869 loqui,
1238 1842 1322 1869 quam
1343 1837 1432 1859 nostra
1452 1831 1523 1858 dicta
1544 1837 1706 1866 cognoscere

917 1872 992 1901 Vale.

970 1943 1009 1964 lv.
1027 1942 1104 1963 ΑΗΘ.
1121 1940 1241 1962 Antonium
1253 1939 1345 1961 cue-ari
1360 1938 1502 1967 nuper-titan
1518 1944 1568 1958 ene
1578 1936 1646 1957 dolet.
1671 1936 1716 1956 Ait-

917 1976 951 1997 dit
960 1977 987 1997 de
998 1980 1084 2000 nen-tu.
1095 1976 1122 1996 ile
1132 1975 1226 2004 populo,
1237 1976 1264 1996 de
1274 1974 1356 2000 leg-ti·
1366 1975 1392 1995 ιιΙ
1404 1973 1523 1995 Antonium
1531 1989 1536 1997 ,
1548 1973 1575 1993 ile
1586 1971 1717 1993 {lulahellne

917 2011 1061 2039 expeditione
1071 2011 1171 2036 syrinu.
1203 2013 1291 2036 (Rom-e,
1301 2011 1393 2032 Antonin,
1403 2011 1504 2029 Dolabell-
1515 2016 1560 2027 cun.
1573 2011 1629 2030 710.)

1057 2057 1093 2083 M.
1115 2057 1145 2083 T.
1167 2056 1197 2083 C.
1220 2056 1248 2082 S.
1270 2056 1300 2082 P.
1321 2056 1352 2082 D.
1374 2054 1404 2081 C.
1422 2053 1574 2081 CASSIO.

975 2100 997 2125 Ι.
1019 2093 1133 2124 Vellem
1147 2098 1241 2124 Idibus
1252 2098 1354 2124 Martiis
1371 2105 1412 2123 me
1428 2095 1461 2122 ad
1476 2103 1586 2122 caenum
1603 2095 1717 2121 invitas-

917 2144 975 2162 ses:
999 2135 1175 2170 reliquiarum
1198 2134 1265 2161 nihil
1288 2134 1393 2160 fuisset.
1435 2133 1511 2159 Nunc
1527 2141 1569 2159 me
1586 2132 1717 2166 reliquiae

919 2177 1161 2203 vestraecxercent.
1170 2171 1312 2206 etquidem
1324 2175 1427 2206 praeter
1437 2175 1538 2196 ceteros
1550 2178 1606 2196 mc:
1619 2177 1717 2204 quum-

918 2219 1000 2245 quam
1016 2210 1139 2245 egregios
1159 2208 1285 2235 consules
1307 2208 1453 2237 habemus,
1475 2207 1522 2233 sed
1545 2207 1717 2241 turpissimos

918 2246 1087 2273 consulares:
1104 2251 1226 2272 senatum
1240 2245 1343 2275 fortem,
1356 2244 1404 2271 sed
1417 2244 1508 2270 infimo
1519 2252 1656 2279 quemque
1670 2243 1717 2268 lic-

919 2293 982 2311 noro
1003 2283 1191 2310 fortissimum.
1233 2282 1334 2317 Populo
1350 2291 1412 2308 vero
1428 2281 1496 2308 nihil
1513 2281 1622 2310 fortius.
1648 2279 1716 2306 nibil

920 2321 1027 2351 melius,
1041 2320 1169 2355 ltaliaque
1181 2320 1317 2346 universa.
1350 2318 1422 2345 Nihil
1434 2324 1522 2345 autem
1536 2318 1641 2344 foedius
1654 2317 1717 2343 Phi-

921 2359 993 2393 lippo
1004 2363 1029 2384 et
1042 2358 1150 2388 Pisone,
1170 2357 1276 2393 legatis.
1296 2356 1364 2383 nihil
1376 2355 1548 2391 flagitiosius:
1566 2356 1614 2390 qui
1630 2363 1715 2389 quum

919 2401 1009 2421 essent
1024 2395 1115 2426 missi,
1138 2399 1167 2421 ut
1182 2395 1296 2421 Antonio
1311 2403 1344 2420 cx
1360 2398 1469 2420 sentitus
1484 2393 1615 2419 sententia
1631 2397 1717 2418 certas

921 2442 962 2459 res
974 2433 1140 2464 numini-eun
1158 2441 1243 2467 quum
1261 2431 1305 2457 illc
1320 2440 1411 2457 curum
1429 2439 1517 2456 rerum
1531 2429 1598 2456 ιιιιΙΙί
1610 2429 1716 2464 paruis-

920 2475 972 2500 set.
991 2469 1060 2496 ultro
1076 2470 1109 2495 ab
1122 2469 1168 2496 illo
1179 2469 1211 2495 ad
1224 2478 1271 2495 nos
1285 2467 1461 2495 intolerabilia
1473 2466 1605 2501 postulata
1617 2465 1718 2493 retule-

921 2512 991 2533 runt.
1033 2508 1123 2542 ltaque
1138 2506 1171 2533 ad
1187 2516 1234 2533 uos
1250 2507 1431 2533 concurritur:
1451 2504 1568 2539 factique
1585 2505 1637 2531 iam
1651 2504 1676 2530 in
1689 2513 1716 2530 rc

919 2544 1029 2571 salutari
1051 2544 1193 2579 populares
1214 2553 1319 2570 sumuS.
1360 2545 1384 2569 2.
1407 2542 1460 2569 sod
1482 2547 1509 2568 tu
1528 2541 1594 2576 quid
1611 2550 1714 2577 ageres.

919 2581 986 2617 quid
998 2586 1120 2611 acturus,
1139 2582 1185 2608 ubi
1197 2581 1314 2616 denique
1326 2589 1413 2610 esscS,
1431 2579 1593 2607 nesciebam.
1636 2579 1715 2606 Fauna

921 2619 1073 2649 nuntiabat.
1092 2624 1116 2646 te
1127 2628 1186 2645 csse
1198 2619 1223 2645 in
1235 2618 1355 2654 Syriam:
1374 2623 1464 2644 auctor
1479 2622 1535 2644 crat
1551 2626 1638 2644 nemo.
1681 2617 1715 2642 De

920 2657 1008 2688 Bruto,
1016 2665 1070 2692 quo
1080 2657 1192 2692 propius
1203 2661 1252 2687 est.
1264 2665 1295 2683 co
1306 2656 1422 2683 firmiora
1433 2654 1560 2682 videntur
1569 2662 1716 2690 esse.quao

1470 2706 1501 2730 95
