1941 3052
504 129 558 155 DE
592 128 822 155 ORATORE
857 130 1141 157 LIB.11.CAP.
1177 132 1326 158 52—57.

97 199 218 234 superior
230 197 371 230 cavillatio,
386 198 450 224 haec
461 198 541 225 altera
552 199 676 226 dicacitas
691 200 823 226 nominata
837 203 885 225 est.

97 237 165 262 Leve
180 244 275 262 nomen
289 235 369 262 habet
383 240 494 271 utraque
509 237 564 263 res!
581 238 682 272 quippe
697 237 755 263 leve
765 237 836 262 enim
848 240 888 262 est

96 277 180 300 totum
195 273 244 299 hoc
258 273 342 299 risum
358 281 473 299 movere,
513 275 572 301 2⁴9.
588 274 786 305 Verumtamen,
803 278 832 300 ut
846 273 888 300 di-

95 311 147 341 cis,
168 310 278 341 Antoni,
304 309 421 336 multum
444 311 471 336 in
489 312 592 337 caussis
611 320 737 346 persaepe
757 310 844 346 lepore
863 315 888 337 et

95 347 197 374 facetiis
216 347 307 382 profici
327 347 392 373 vidi.
433 347 486 374 Sed
504 357 589 383 quum
607 349 635 375 in
654 348 700 375 illo
717 357 813 384 genere
827 357 888 383 per-

97 389 192 420 petuae
206 384 358 411 festivitatis
372 393 413 410 ars
428 394 480 411 non
494 385 673 412 desideretur:
698 386 801 421 (natura
815 387 886 411 enim

96 422 172 458 fingit
187 422 307 448 homines
321 426 347 448 et
359 426 429 448 creat
440 423 584 449 imitatores
596 427 621 449 et
634 428 778 449 narratores
790 422 887 449 facetos

95 463 121 486 et
135 459 211 485 vultu
226 459 368 485 adiuvante
382 463 407 485 et
421 468 484 486 voce
497 465 522 486 et
541 460 599 495 ipso
616 468 712 495 genere
732 459 887 494 sermonis:)

95 501 153 524 tum
167 505 229 522 vero
242 497 270 522 in
284 496 333 522 hoc
347 496 427 524 altero
441 497 586 523 dicacitatis
599 497 666 532 quid
680 497 759 523 habet
772 505 814 522 ars
826 496 884 528 loci,

95 542 180 569 quum
194 537 254 560 ante
267 533 336 560 illud
350 533 430 561 facete
448 535 549 560 dictum
568 535 696 560 emissum
715 534 822 560 haerere
840 534 887 559 de-

95 571 167 602 beat,
191 579 273 605 quam
296 571 404 606 cogitari
427 572 546 606 potuisse
563 570 703 597 videatur?
739 572 795 598 220.
816 570 886 603 Quid

95 609 166 635 enim
180 608 224 634 hic
238 617 314 634 meus
329 608 407 635 frater
420 609 452 635 ab
466 613 520 635 arte
538 609 659 635 adiuvari
677 608 775 643 potuit,
800 617 885 643 quum

95 654 109 672 a
122 645 248 680 Philippo
261 646 446 681 interrogatus,
459 646 525 680 quid
538 645 650 676 latraret,
663 646 756 671 Furem
765 654 792 671 se
801 648 886 672 videre

94 682 249 718 respondit?
277 682 347 714 Quid
367 683 393 709 in
411 684 483 709 omni
501 683 617 709 oratione
632 682 743 709 Crassus
758 682 799 709 vel
814 682 886 717 apud

93 720 274 747 centumviros
285 724 373 746 contra
383 719 535 746 Scaevolam
547 720 588 746 vel
603 724 691 746 contra
706 724 884 746 accusatorem

93 758 218 788 Brutum,
243 765 328 792 quum
348 765 394 791 pro
413 758 460 784 Cn.
480 757 586 784 Plancio
605 757 721 784 diceret?
752 758 832 789 Nam,
857 757 885 783 id

93 794 166 830 quod
185 798 214 820 tu
237 794 304 820 milii
328 795 437 826 tribuis,
458 795 568 826 Antoni,
589 794 683 821 Crasso
701 799 740 820 est
763 795 883 821 omnium

94 831 223 858 sententia
245 831 454 858 concedendum.
495 833 553 859 Non
571 833 643 858 enim
666 832 720 858 fere
738 833 883 867 quisquam

94 869 238 904 reperietur
251 873 353 904 praeter
366 869 438 896 hunc
452 870 479 896 in
493 875 605 904 utroque
619 878 715 905 genere
730 869 827 904 leporis
838 878 885 895 ex-

92 906 191 932 cellens
205 910 230 932 et
243 906 298 938 illo,
315 907 386 941 quod
401 907 427 933 in
442 908 618 941 perpetuitate
631 907 771 938 sermonis,
784 911 810 933 et
823 907 880 938 hoc,

91 943 164 978 quod
182 943 209 970 in
227 943 358 970 celeritate
376 949 455 979 atque
473 945 544 970 dicto
562 949 610 970 est.
650 946 708 971 224.
731 945 797 970 Nam
820 944 884 970 haec

91 985 218 1016 perpetua
235 985 324 1007 contra
338 982 490 1008 Scaevolam
505 982 618 1008 Curiana
635 981 755 1008 defensio
773 986 823 1008 tota
843 990 884 1007 re-

91 1018 222 1045 dundavit
235 1018 365 1045 hilaritate
379 1019 494 1054 quadam
508 1024 534 1045 et
546 1020 617 1051 ioco;
645 1019 715 1045 dicta
734 1019 778 1045 illa
793 1019 883 1045 brevia

93 1064 144 1082 non
159 1056 262 1082 habuit.
302 1056 428 1083 Parcebat
441 1058 512 1083 enim
532 1057 676 1083 adversarii
694 1056 830 1092 dignitati3
855 1057 882 1082 in

93 1101 144 1128 ,1110
157 1093 215 1128 ipse
228 1093 350 1120 servabat
363 1103 453 1127 suam,
478 1094 551 1129 quod
568 1098 608 1120 est
621 1094 777 1120 hominibus
791 1093 882 1120 facetis

91 1135 116 1156 et
129 1130 265 1157 dicacibus
280 1130 480 1163 difficillimum,
494 1132 591 1158 habere
602 1132 742 1158 hominum
754 1132 881 1157 rationem

90 1172 115 1194 et
128 1172 278 1202 temporum
293 1172 317 1194 et
331 1177 369 1200 ea,
385 1178 453 1204 quae
467 1173 617 1200 occurrunt,
634 1177 719 1203 quum
734 1168 881 1194 salsissime

90 1204 142 1231 dici
156 1205 272 1239 possint,
292 1209 390 1233 tenere.
430 1207 521 1241 Itaque
536 1206 658 1233 nonnulli
673 1205 780 1232 ridiculi
794 1205 882 1232 homi-

90 1250 136 1268 nes
150 1242 199 1269 hoc
213 1243 303 1277 ipsum
318 1252 370 1270 non
384 1244 486 1270 insulse
500 1244 715 1278 interpretantur.
756 1245 814 1270 ⁶222.
837 1244 881 1269 Di-

89 1287 147 1306 cere
161 1280 231 1306 enim
246 1281 320 1307 aiunt
332 1281 463 1312 Ennium,
480 1283 607 1314 flammam
621 1290 636 1307 a
650 1283 764 1314 sapiente
776 1282 881 1314 facilius

89 1325 132 1343 ore
145 1320 171 1343 in
185 1319 289 1343 ardente
303 1321 424 1352 opprimi,
443 1328 520 1352 quam
534 1321 598 1344 bona
612 1320 682 1344 (licta
696 1322 792 1344 teneat:
816 1317 880 1344 haec

88 1354 190 1381 scilicet
203 1355 271 1381 bona
285 1354 363 1387 dicta,
379 1364 447 1390 quae
461 1355 530 1382 salsa
544 1356 610 1387 sint,
631 1364 691 1381 nam
707 1364 736 1381 ea
750 1355 818 1381 (licta
834 1364 881 1390 ap—

87 1391 221 1426 pellantur
235 1393 340 1426 proprio
353 1394 405 1419 iarn
421 1393 535 1419 nomine.
576 1393 628 1419 LV.
651 1392 703 1419 Sed
717 1396 746 1418 ut
760 1393 787 1418 in
801 1392 881 1418 Scae—

88 1429 146 1455 vola
160 1430 292 1456 continuit
305 1439 333 1456 ea
349 1430 460 1457 Crassus
474 1435 553 1465 atque
567 1430 613 1456 illo
627 1429 707 1456 altero
721 1438 831 1465 genere,
852 1430 879 1456 in

87 1475 141 1501 quo
155 1466 223 1493 nulli
237 1467 322 1493 aculei
336 1467 558 1494 contumeliarum
574 1468 688 1498 inerant,
709 1476 832 1493 caussam
848 1467 880 1492 il—

88 1503 140 1530 lam
154 1503 417 1539 disputationemque
432 1505 504 1535 lusit,
521 1505 560 1531 sic
574 1506 600 1531 in
615 1505 704 1535 Bruto,
720 1512 801 1539 quem
816 1504 879 1530 ode-

87 1545 133 1572 rat,
150 1545 176 1567 et
188 1550 269 1576 quem
288 1541 400 1577 dignum
419 1542 578 1568 contumelia
593 1542 739 1572 iudicabat,
766 1546 879 1576 utroque

86 1587 182 1614 genere
196 1580 335 1614 pugnavit.
366 1581 425 1607 223.
441 1578 526 1611 Quam
542 1579 624 1605 multa
639 1579 671 1605 (10
686 1578 797 1609 balneis,
811 1588 878 1613 quas

86 1624 171 1650 nuper
184 1615 229 1642 ille
244 1616 410 1648 vendiderat.
436 1625 516 1651 quam
535 1616 618 1643 multa
636 1616 669 1642 de
684 1617 782 1642 amisso
797 1617 878 1651 patri-

86 1653 174 1680 monio
187 1653 269 1680 dixit!
289 1658 369 1689 atque
383 1654 428 1680 illa
442 1654 546 1687 brevia,
566 1662 652 1689 quum
666 1653 711 1680 ille
725 1653 836 1685 diceret,
852 1662 878 1679 se

84 1693 138 1717 sine
152 1699 244 1717 caussa
257 1693 365 1718 sudare:
379 1692 484 1719 Minime
498 1694 598 1722 mirum,
614 1691 710 1726 inquit,
726 1693 799 1717 inodo
813 1694 878 1717 euim

85 1730 163 1754 existi
175 1730 205 1754 de
219 1730 322 1755 balucis.
343 1729 549 1756 Innumerabilia
561 1728 747 1755 huiuscemodi
759 1728 875 1760 fuerunt,

85 1765 131 1792 sed
149 1774 201 1792 non
220 1766 310 1792 minus
328 1766 444 1793 iucunda
462 1766 507 1792 illa
526 1771 661 1801 perpetua.
702 1766 791 1798 Quum
806 1767 876 1792 00101

84 1803 182 1829 Brutus
200 1802 267 1830 duos
287 1803 396 1830 lectores
414 1804 554 1830 excitasset
573 1808 598 1830 et
620 1803 694 1829 alteri
718 1803 751 1829 (10
774 1803 876 1829 colonia

85 1839 249 1867 Narbonensi
261 1840 349 1867 Crassi
360 1841 504 1868 orationem
518 1841 655 1877 legendam
667 1840 793 1872 dedisset,
801 1840 875 1867 alteri

84 1877 117 1904 de
132 1877 189 1913 lege
203 1878 329 1910 Servilia,
354 1883 379 1905 et
392 1887 477 1914 quum
492 1879 620 1905 contraria
634 1879 703 1904 inter
717 1887 775 1904 sese
789 1878 822 1904 de
835 1887 876 1904 re-

84 1914 190 1949 publica
204 1916 289 1950 capita
303 1915 467 1947 contulisset,
490 1920 578 1942 noster
592 1916 634 1942 hic
649 1915 809 1942 facetissime
824 1920 876 1942 tres

83 1952 165 1987 patris
176 1953 248 1979 Bruti
263 1952 296 1979 de
309 1953 366 1980 iure
380 1953 453 1980 civili
469 1952 573 1979 libellos
588 1953 674 1980 tribus
690 1953 815 1988 legendos
830 1953 876 1979 de-

82 1989 131 2015 dit.
165 1991 223 2017 224.
245 1990 287 2017 Ex
301 1989 368 2017 libro
382 1991 476 2025 primo,
493 1999 566 2017 roan:
582 1999 676 2022 ΕνεΝιτ,
693 2000 722 2017 υτ
736 2000 759 2016 m
774 1999 876 2016 Pulveri-

83 2035 135 2053 Mri
149 2036 265 2054 essenus.
305 2028 392 2058 Brute,
413 2030 564 2061 testificatur
575 2032 658 2061 pater,
674 2036 699 2054 se
714 2029 760 2054 tibi
773 2028 876 2053 Priver-

83 2068 166 2090 natem
183 2067 290 2098 [undum
308 2066 448 2099 reliquisse.
488 2065 587 2091 Deinde
605 2073 638 2091 ex
657 2064 725 2091 libro
746 2065 872 2096 secundo,

82 2109 106 2127 m
120 2110 210 2127 ΑιΒΛΝο
223 2111 318 2128 annuus
332 2111 377 2129 aco
390 2111 420 2128 Ετ
432 2111 525 2129 mneos
540 2111 624 2129 FILIUS.
662 2102 771 2135 Sapiens
784 2105 876 2129 videli-

83 2143 120 2165 cet
133 2141 205 2165 homo
219 2148 275 2165 cum
287 2141 380 2172 primis
392 2144 495 2166 nostrae
508 2142 621 2166 civitatis
635 2144 710 2165 norat
727 2141 794 2166 hunc
811 2149 875 2173 qur-

82 2178 169 2210 qitem;
183 2177 315 2206 metuebat,
331 2185 370 2207 ne,
383 2185 460 2210 quum
473 2176 496 2203 is
508 2178 572 2203 nihil
585 2178 694 2207 liaberet,
710 2178 775 2203 iziliil
788 2186 839 2203 esse
853 2181 876 2203 ei

83 2215 197 2240 relictum
210 2218 353 2246 putaretur.
375 2214 443 2240 Tum
457 2222 490 2240 ex
506 2213 571 2240 libro
585 2214 668 2246 tertio,
685 2214 712 2240 in
726 2222 780 2249 quo
794 2214 873 2241 finem

82 2250 214 2277 scribendi
230 2250 290 2277 feeit
304 2250 350 2286 (tot
363 2251 443 2282 enim,
460 2256 489 2277 ut
502 2251 593 2278 audivi
607 2250 760 2278 Scaevolam
775 2251 871 2284 dicere,

82 2292 146 2314 sunt
160 2288 214 2314 veri
228 2288 302 2314 Bruti
319 2288 397 2323 libri),
407 2297 430 2314 m
444 2298 536 2315 ’10101111
550 2297 625 2315 roura
641 2298 771 2316 1550011105
785 2298 830 2315 11110
845 2299 873 2316 nr

82 2334 176 2352 11101005
190 2334 275 2352 Funus.
300 2326 348 2351 Ubi
360 2330 418 2352 sunt
433 2328 453 2352 ii
465 2328 547 2360 fundi,
563 2326 650 2358 Brute,
665 2335 728 2360 quos
742 2328 787 2353 tibi
798 2331 874 2360 pater

80 2363 190 2396 publicis
204 2365 392 2389 commentariis
405 2366 566 2396 consignatos
578 2363 703 2397 reliquit?
733 2363 805 2395 Quod
823 2367 874 2390 uisi

79 2401 197 2433 puberem
212 2404 243 2431 te,
258 2400 355 2435 inquit,
372 2403 423 2426 iam
438 2402 548 2430 haberet,
563 2405 684 2433 quartum
698 2402 791 2427 tibrum
806 2410 873 2427 com-

79 2439 204 2470 posuisset
217 2441 240 2463 et
253 2446 279 2463 se
292 2439 367 2463 eliam
382 2441 408 2464 in
423 2439 519 2463 balneis
533 2439 610 2463 lotum
620 2446 675 2463 cum
685 2439 739 2471 filio
747 2441 872 2471 scriptum

80 2474 233 2507 reliquisset.
274 2475 333 2501 225.
354 2474 420 2507 Quis
435 2479 474 2501 est
492 2474 587 2510 igitur,
612 2475 659 2509 qui
679 2483 730 2502 non
749 2474 869 2507 fateatur,

81 2509 130 2537 hoc
148 2510 236 2546 lepore
253 2516 332 2546 atque
351 2512 392 2538 his
416 2511 517 2538 facetiis
540 2520 591 2538 non
615 2512 705 2538 minus
728 2511 870 2539 refutatum

81 2554 139 2574 esse
152 2547 276 2580 Brutum,
297 2557 378 2584 quam
393 2549 446 2575 illis
461 2549 615 2585 tragoediis,
639 2557 707 2584 quas
721 2549 776 2585 egit
789 2549 868 2580 idem,

79 2592 164 2619 quum
182 2594 246 2612 casu
264 2586 291 2612 in
310 2586 402 2613 eadem
418 2595 511 2613 caussa
527 2585 639 2623 [sunere]
656 2586 790 2613 efferretur
803 2595 871 2613 0005

81 2621 173 2648 lunia?
192 2622 241 2649 l‘ro
251 2623 290 2649 Dii
302 2623 472 2655 immortales,
484 2632 552 2659 quae
568 2623 618 2650 fuit
631 2623 685 2655 illa,
701 2628 799 2659 quantu
815 2624 868 2650 vis!

81 2666 160 2694 quam
173 2659 364 2695 inexspectata!
380 2669 461 2696 quam
472 2661 622 2696 repentina!
637 2669 732 2697 quum,
745 2661 870 2688 coniectis
891 2685 893 2689 ,

1684 139 1731 163 407

939 199 1037 231 oculis,
1061 204 1139 236 gestu
1158 202 1231 228 omni
1250 203 1413 235 imminenti,
1438 213 1543 231 summa
1561 208 1689 241 gravitate
1707 213 1733 234 et

938 237 1071 264 celeritate
1089 238 1245 270 verborum,
1271 240 1362 270 Brute,
1386 243 1448 274 quid
1468 242 1557 268 sedes?
1577 246 1639 276 quid
1660 246 1732 271 ittam

939 283 1017 300 (mum
1028 278 1101 308 patri
1114 279 1235 302 nuntiare
1248 279 1287 303 vis
1301 278 1362 303 tuo?
1380 280 1442 311 qm’d
1455 281 1508 305 illis
1521 282 1649 311 omuibus,
1670 291 1732 315 quo-

939 320 996 338 rum
1009 315 1134 346 imayines
1147 315 1208 339 duci
1221 316 1290 340 vides
1305 313 1329 351 [Ρ
1343 314 1413 351 quid]
1429 318 1570 343 maioribus
1584 318 1653 344 tuis?
1671 321 1733 352 quid

939 349 966 374 L.
982 349 1075 380 Bruto,
1095 353 1140 383 qui
1153 352 1219 376 hunc
1230 354 1352 384 poputum
1365 354 1496 379 dominatu
1510 357 1580 387 reyio
1595 355 1733 382 liberavit?

939 388 1001 419 quid
1015 391 1037 412 te
1049 386 1154 420 facere?
1169 390 1210 413 cui
1223 391 1268 418 rei,
1282 392 1324 414 cui
1335 391 1442 422 qloriae,
1454 393 1496 416 cui
1510 394 1600 417 virtuti
1612 392 1733 418 studere?

936 426 1125 455 ρων-1100010710
1138 425 1272 458 augendo?
1304 428 1362 453 226.
1387 432 1414 454 at
1427 429 1454 453 id
1468 436 1517 454 non
1531 433 1566 454 est
1581 431 1730 456 nobilitatis.

938 460 988 486 Sed
1001 463 1043 494 sac
1057 470 1121 491 esse,
1144 464 1207 488 nibil
1220 468 1346 496 superest,-
1368 466 1485 491 libidines
1499 470 1577 492 totum
1591 469 1732 499 dissipare-

938 502 1006 523 runt.
1027 499 1067 524 An
1081 500 1134 525 iuri
1148 499 1237 525 civili?
1251 505 1286 526 est
1298 506 1441 533 paternum.
1463 502 1513 528 Sed
1523 505 1598 534 dicet,
1612 508 1642 533 le,
1655 513 1731 537 quum

938 536 1012 560 aedes
1026 537 1156 566 venderes,
1172 544 1202 561 ue
1217 539 1242 562 in
1256 541 1322 564 rutis
1336 541 1436 572 quidem
1450 544 1473 565 et
1487 543 1568 566 caesis
1580 542 1671 567 solium
1687 543 1731 567 tibi

935 576 1072 604 paternum
1089 575 1220 605 recepisse.
1259 575 1297 600 An
1320 578 1359 601 rei
1379 576 1508 602 militari?
1529 580 1573 611 qui
1593 587 1731 612 numquam

939 613 1025 634 castra
1039 611 1149 635 videris!
1161 611 1201 636 Au
1214 612 1390 645 eloquentiae?
1403 622 1469 647 quae
1482 616 1554 641 nulla
1565 618 1636 641 estin
1648 621 1683 648 te:
1698 621 1729 646 et,

937 648 1062 679 quidquid
1076 651 1112 673 est
1125 650 1194 674 vocis
1207 657 1238 674 ac
1253 650 1366 682 linquae,
1392 659 1462 676 omne
1480 654 1507 677 in
1521 654 1595 678 istum
1611 655 1731 685 turpissi-

937 692 1005 708 mum
1020 684 1163 710 calumniae
1182 691 1314 718 quaestum
1332 689 1476 714 contulisti!
1507 689 1542 714 Tu
1562 691 1641 715 lucem
1659 693 1730 723 aspi-

938 729 993 746 cere
1006 720 1105 746 audes?
1126 726 1152 747 lu
1166 723 1210 748 hos
1223 723 1339 749 intueri?
1360 729 1385 750 tu
1401 728 1427 750 in
1439 728 1508 758 sore,
1525 731 1550 751 tu
1566 729 1592 752 in
1609 728 1687 757 Urbe,
1703 732 1730 753 lu

936 759 963 783 in
978 759 1070 783 civium
1084 767 1136 784 esse
1150 760 1302 792 conspectu?
1321 765 1347 786 ta
1362 763 1433 787 illam
1446 767 1580 791 mortuam.
1597 769 1622 790 tu
1638 767 1730 797 1011191-

936 803 979 821 nes
992 797 1062 828 ipsas
1076 804 1126 821 non
1138 798 1332 828 perhorrescis?
1346 801 1436 831 quibus
1447 808 1496 825 nou
1506 803 1578 826 mocio
1589 803 1727 831 imitandis,

935 834 978 858 sed
996 841 1026 858 ne
1044 834 1200 860 collocandis
1219 837 1318 868 quidem
1337 838 1381 861 tibi
1401 838 1481 862 ullum
1496 839 1577 863 locum
1594 840 1728 871 reliquisti.

935 869 1000 896 LVl.
1023 870 1082 895 ⁶227.
1105 870 1157 896 Sed
1173 870 1236 897 haec
1251 873 1347 907 tragica
1362 877 1441 908 atque
1455 874 1560 900 divina:
1586 874 1667 901 faceta
1681 884 1729 901 au-

936 911 987 933 tem
1003 911 1028 933 et
1041 907 1142 933 urbana
1156 909 1361 936 innumerabilia
1376 919 1409 936 ex
1423 919 1475 937 una
1489 913 1654 938 contentione
1673 922 1730 938 nie-

935 944 1062 970 ministis.
1102 945 1156 971 Nec
1174 946 1245 972 enim
1267 948 1398 973 contentio
1422 949 1504 974 maior
1526 958 1655 984 umquam
1679 949 1729 976 fuit

935 990 983 1007 nec
997 981 1068 1016 apud
1083 982 1213 1017 populum
1227 984 1333 1019 gravior
1345 986 1436 1017 oratio,
1448 995 1528 1020 quam
1544 986 1625 1013 huius
1640 992 1728 1014 contra

935 1018 1063 1054 collegam
1077 1020 1105 1045 in
1120 1029 1230 1046 censura
1246 1030 1339 1056 nuper,
1356 1031 1442 1057 neque
1454 1023 1541 1058 lepore
1551 1029 1576 1050 et
1587 1024 1728 1051 festivitate

933 1056 1072 1082 conditior.

987 1093 1074 1125 Quare
1085 1094 1140 1125 tibi,
1154 1094 1260 1126 Antoni,
1274 1100 1419 1132 utrumque
1430 1098 1567 1129 assentior,
1577 1103 1601 1124 et
1612 1098 1727 1125 multum

933 1130 1040 1157 facetias
1059 1131 1086 1157 in
1104 1131 1217 1159 dicendo
1235 1133 1361 1167 prodesse
1380 1143 1467 1169 saepe,
1488 1140 1512 1161 et
1527 1144 1570 1161 eas
1585 1141 1639 1162 arte
1654 1136 1728 1162 nullo

932 1168 1011 1194 modo
1025 1177 1103 1203 posse
1118 1169 1194 1195 tradi.
1233 1169 1303 1196 Illud
1317 1172 1426 1206 quidem
1441 1172 1557 1199 admiror
1571 1178 1595 1199 te
1610 1173 1686 1199 nobis
1701 1174 1727 1200 10

932 1214 962 1231 00
980 1214 1077 1241 genere
1096 1207 1222 1233 tribuisse
1236 1211 1347 1239 tantum,
1365 1214 1390 1235 et
1406 1218 1456 1236 non
1471 1210 1553 1236 huius
1568 1211 1603 1237 rei
1619 1220 1727 1246 quoque

931 1242 1048 1277 palmam
1067 1248 1096 1270 ut
1117 1249 1265 1271 ceterarum
1283 1245 1376 1273 Crasso
1398 1247 1536 1273 detulisse.
1578 1250 1636 1275 228.
1659 1249 1726 1274 Tum

931 1281 1077 1312 Antonius,
1097 1281 1153 1316 Ego
1168 1290 1230 1308 vero
1245 1283 1279 1309 ita
1294 1283 1430 1315 fec-issem,
1452 1285 1553 1320 inquit,
1574 1287 1626 1312 nisi
1645 1286 1727 1312 inter-

932 1317 997 1344 dum
1015 1318 1042 1344 in
1062 1318 1111 1344 1100
1129 1319 1223 1345 Crasso
1240 1320 1362 1354 paullum
1381 1322 1539 1349 inviderem.
1580 1324 1645 1349 Nam
1669 1332 1727 1349 esse

931 1356 1056 1390 quamvis
1071 1355 1185 1382 facetum
1200 1362 1279 1392 atque
1293 1358 1403 1391 salsum,
1425 1368 1476 1386 non
1491 1361 1571 1386 nimis
1585 1365 1623 1386 est
1638 1369 1685 1395 per
1698 1369 1726 1386 se

932 1393 1021 1427 ipsum
1036 1393 1226 1426 invidendum,
1243 1395 1298 1426 5011,
1312 1404 1396 1430 quum
1408 1398 1528 1423 omnium
1543 1398 1577 1423 sit
1592 1399 1726 1424 venustis-

932 1430 1018 1456 simus
1033 1435 1057 1456 et
1072 1431 1283 1463 urbanissimus,
1304 1434 1425 1460 oninium
1439 1435 1629 1469 gravissimum
1645 1440 1670 1461 et
1684 1444 1726 1461 50-

931 1467 1104 1493 verissimum
1119 1472 1144 1494 et
1158 1476 1216 1494 esse
1231 1474 1256 1495 et
1270 1470 1367 1501 videri,
1393 1471 1464 1505 quod
1483 1472 1526 1498 isti
1541 1473 1651 1508 contigit
1666 1473 1722 1503 uni,

931 1504 958 1531 id
976 1505 1043 1530 mihi
1066 1505 1112 1531 vix
1134 1505 1273 1532 ferendum
1298 1507 1447 1534 videbatur.
1488 1510 1545 1536 229.
1569 1510 1616 1535 Hic
1639 1518 1724 1544 quum

931 1542 1064 1568 arrisisset
1086 1543 1144 1577 ipse
1168 1542 1293 1575 Crassus,
1314 1544 1450 1576 Attamen,
1476 1546 1564 1581 inquit
1581 1547 1722 1577 Antonius,

930 1587 1015 1614 quum
1030 1583 1111 1605 artem
1127 1588 1185 1606 esse
1200 1580 1363 1612 facetiarum,
1380 1582 1439 1614 Iuli,
1457 1592 1579 1618 negares,
1596 1585 1723 1618 aperuisti

930 1616 1072 1651 quiddam,
1101 1617 1172 1651 quod
1200 1619 1417 1653 praecipiendum
1444 1621 1587 1647 videretur.
1629 1621 1722 1648 11011011

929 1654 1001 1680 enim
1015 1654 1106 1680 dixisti
1122 1655 1250 1681 rationem
1264 1661 1383 1690 oportere
1398 1657 1546 1689 hominum,
1563 1659 1608 1689 rei,
1622 1664 1724 1693 tempo-

929 1691 974 1722 ris,
992 1700 1024 1717 ne
1037 1691 1103 1726 quid
1119 1692 1192 1718 iocus
1207 1692 1239 1718 de
1253 1694 1381 1728 gravitate
1396 1695 1560 1730 decerperet,
1576 1696 1647 1731 quod
1662 1697 1723 1730 qui-

929 1728 989 1754 dem
1012 1729 1040 1755 10
1064 1729 1159 1763 11110115
1177 1738 1190 1755 0
1210 1730 1303 1757 Crasso
1326 1731 1461 1758 observari
1484 1733 1558 1759 solet.
1599 1733 1650 1759 Sed
1675 1734 1722 1759 1100

928 1771 1098 1801 praeceptum
1112 1768 1404 1801 praetermittendarum
1416 1774 1455 1796 est
1466 1769 1628 1801 facetiarum.
1637 1779 1722 1805 quum

928 1803 970 1829 his
993 1803 1060 1830 011111
1085 1812 1153 1839 opus
1176 1805 1220 1831 sit.
1262 1806 1314 1832 Nos
1337 1811 1425 1833 autem
1448 1807 1581 1842 quomodo
1605 1813 1719 1839 utamur,

928 1850 1013 1876 quum
1028 1850 1097 1876 opus
1111 1842 1154 1870 sit,
1167 1843 1332 1876 quaerimus,
1346 1848 1374 1869 ut
1389 1844 1414 1870 in
1429 1845 1611 1871 adversarium
1627 1850 1650 1871 01
1666 1854 1722 1871 1110-

928 1879 1013 1910 xime,
1029 1879 1052 1905 si
1067 1879 1125 1905 eius
1139 1879 1252 1906 stultitia
1267 1881 1361 1914 poterit
1375 1882 1481 1917 agitari,
1504 1883 1530 1908 in
1547 1887 1639 1908 1051001
1654 1882 1722 1909 5101-

928 1920 994 1947 tum,
1011 1916 1150 1950 cupidum,
1168 1916 1267 1948 levem,
1284 1918 1307 1944 si
1323 1917 1398 1944 facile
1414 1919 1534 1945 11011111105
1549 1920 1665 1946 audituri
1682 1921 1721 1946 vi-

927 1953 1072 1980 debuntur.
1113 1955 1170 1980 230.
1193 1954 1309 1981 Omnino
1322 1956 1499 1990 probabiliora
1513 1962 1584 1987 sunt,
1601 1966 1668 1992 quae
1684 1957 1721 1983 lu-

926 1991 1015 2017 cessiti
1030 1990 1155 2022 dicimus,
1172 2000 1253 2026 11110111
1267 2001 1336 2027 (11100
1350 1994 1460 2028 priores.
1501 1994 1566 2020 Nam
1581 2000 1605 2020 et
1620 1995 1720 2030 ingenii

926 2028 1047 2054 celeritas
1062 2028 1145 2055 maior
1158 2033 1211 2060 est,
1232 2038 1301 2064 quae
1316 2036 1422 2065 apparet
1437 2032 1464 2057 iu
1479 2032 1675 2066 respondendo,
1696 2038 1720 2058 01

928 2065 1100 2092 11011100110115
1119 2070 1159 2092 est
1176 2068 1322 2101 responsio,
1364 2068 1492 2095 Videmur
1509 2070 1579 2095 011101
1602 2070 1718 2104 quieturi

927 2102 1020 2134 fuisse,
1034 2103 1085 2129 nisi
1100 2111 1222 2130 essemus
1238 2104 1361 2136 lacessiti,
1375 2110 1403 2131 ut
1418 2106 1444 2131 in
1459 2106 1507 2132 15ιο
1523 2107 1580 2141 11150
1594 2107 1718 2132 concione

927 2140 994 2166 niliil
1013 2140 1067 2166 fero
1085 2140 1186 2166 (lictum
1206 2146 1246 2167 est
1264 2142 1297 2168 ab
1312 2142 1373 2173 1100,
1398 2143 1469 2177 quod
1484 2144 1592 2178 quidem
1609 2143 1718 2169 facetius

926 2177 1027 2204 dictum
1043 2177 1190 2209 videretur,
1214 2179 1286 2213 quod
1307 2188 1356 2206 non
1372 2185 1529 2214 provocatus
1543 2181 1716 2215 responderit.

925 2215 987 2241 Erat
1001 2220 1088 2241 autem
1104 2219 1173 2241 tanta
1187 2216 1304 2251 gravitas
1316 2217 1341 2242 iu
1354 2218 1473 2248 Domitio,
1487 2222 1555 2244 10010
1566 2219 1715 2248 auctoritas

926 2257 968 2284 ut,
982 2252 1057 2287 quod
1071 2257 1141 2278 esset
1155 2253 1187 2278 ab
1201 2262 1231 2279 00
1245 2254 1392 2284 obiectum,
1411 2254 1497 2289 lepore
1513 2256 1597 2290 inagis
1611 2255 1717 2281 elevan-

925 2289 999 2321 dum,
1016 2298 1097 2324 quani
1112 2291 1278 2317 contentione
1294 2290 1469 2327 frangendum
1485 2292 1628 2318 videretur.

982 2327 1056 2353 LVll.
1079 2328 1138 2353 23¹.
1160 2327 1228 2353 Tum
1244 2328 1395 2362 Sulpicius,
1415 2329 1485 2360 Quid
1500 2329 1600 2363 igitur?
1618 2330 1713 2364 iuquit,

924 2364 1056 2398 patiemur
1074 2364 1225 2395 Caesarem.
1250 2366 1296 2399 qui
1315 2374 1477 2400 quamquam
1498 2366 1592 2392 Crasso
1611 2366 1716 2392 facetias

923 2401 1052 2431 concedit.
1070 2406 1156 2427 100100
1172 2401 1256 2427 multo
1270 2403 1296 2428 in
1311 2411 1341 2428 eo
1355 2403 1443 2428 studio
1458 2403 1542 2438 magis
1557 2404 1613 2438 ipse
1627 2403 1716 2430 010110-

924 2443 975 2469 1111,
1001 2446 1052 2464 0011
1070 2438 1202 2472 explicare
1222 2439 1298 2465 uobis
1317 2444 1400 2465 totum
1417 2448 1503 2475 genus
1529 2440 1577 2466 1100
1601 2441 1712 2470 iocandi,

923 2475 1002 2510 quale
1016 2475 1050 2501 sit
1063 2480 1088 2501 01
1104 2475 1173 2501 uude
1188 2475 1313 2508 dui-utur3
1343 2477 1496 2511 praesertim
1516 2486 1600 2512 quum
1617 2483 1714 2504 1001001

923 2513 977 2539 vim
996 2517 1022 2538 et
1040 2512 1180 2538 utilitatem
1199 2512 1262 2538 salis
1281 2517 1306 2539 ot
1324 2514 1481 2540 urbanitatis
1504 2523 1562 2541 esso
1586 2515 1716 2541 fatentur?

921 2549 992 2582 Quid
1005 2550 1038 2581 si,
1054 2549 1142 2584 iuquit
1156 2549 1390 2580 1011115,055001101
1403 2551 1516 2578 Antonio
1529 2552 1636 2583 dicenti,
1653 2553 1715 2579 nul-

923 2586 973 2613 luiu
988 2595 1047 2613 csse
1061 2591 1142 2613 011001
1157 2586 1240 2613 salis?
1268 2589 1324 2614 ⁶232.
1340 2589 1386 2615 llic
1399 2597 1484 2624 quum
1499 2589 1637 2624 Sulpicius
1652 2591 1713 2616 reti-

921 2624 1029 2655 cuisset,
1051 2624 1133 2656 Quasi
1148 2633 1218 2656 vero,
1235 2625 1322 2660 inquit
1336 2625 1457 2657 Crassus,
1474 2626 1567 2653 11011101
1582 2628 1710 2662 ipsorum,

921 2661 953 2689 de
971 2662 1072 2697 quibus
1091 2662 1222 2689 Antonius
1244 2662 1344 2689 iamdiu
1370 2663 1499 2699 loquitur.
1524 2673 1566 2691 urs
1590 2664 1643 2691 ullu
1667 2665 1710 2691 sit.

1450 2710 1505 2736 14·
