<?xml version="1.0" encoding="UTF-8"?>
<!DOCTYPE html PUBLIC "-//W3C//DTD XHTML 1.0 Transitional//EN"
    "http://www.w3.org/TR/xhtml1/DTD/xhtml1-transitional.dtd">
<html xmlns="http://www.w3.org/1999/xhtml" xml:lang="en" lang="en">
 <head>
  <title>
</title>
<meta http-equiv="Content-Type" content="text/html;charset=utf-8" />
  <meta name='ocr-system' content='tesseract 3.04.00' />
  <meta name='ocr-capabilities' content='ocr_page ocr_carea ocr_par ocr_line ocrx_word'/>
</head>
<body>
  <div class='ocr_page' id='page_1' title='image "./operaomniaunovol00ciceuoft_0928.png"; bbox 0 0 1941 3052; ppageno 0'>
   <div class='ocr_carea' id='block_1_1' title="bbox 241 134 1051 160">
    <p class='ocr_par' dir='ltr' id='par_1_1' title="bbox 241 134 1051 160">
     <span class='ocr_line' id='line_1_1' title="bbox 241 134 1051 160; baseline 0.002 -2"><span class='ocrx_word' id='word_1_1' title='bbox 241 135 287 159; x_wconf 67' lang='lat' dir='ltr'>ssot</span> <span class='ocrx_word' id='word_1_2' title='bbox 812 136 866 160; x_wconf 81' lang='lat' dir='ltr'>l00.</span> <span class='ocrx_word' id='word_1_3' title='bbox 902 134 935 160; x_wconf 74' lang='lat' dir='ltr'>M.</span> <span class='ocrx_word' id='word_1_4' title='bbox 970 134 1000 160; x_wconf 76' lang='grc' dir='ltr'>Τ.</span> <span class='ocrx_word' id='word_1_5' title='bbox 1032 135 1051 160; x_wconf 76' lang='lat' dir='ltr'>C</span> 
     </span>
    </p>
   </div>
   <div class='ocr_carea' id='block_1_2' title="bbox 1067 134 1307 162">
    <p class='ocr_par' dir='ltr' id='par_1_2' title="bbox 1067 134 1307 162">
     <span class='ocr_line' id='line_1_2' title="bbox 1067 134 1307 162; baseline 0.008 -2"><span class='ocrx_word' id='word_1_6' title='bbox 1067 134 1307 162; x_wconf 74' lang='lat' dir='ltr'>lCERssNlS</span> 
     </span>
    </p>
   </div>
   <div class='ocr_carea' id='block_1_3' title="bbox 241 202 1878 243">
    <p class='ocr_par' dir='ltr' id='par_1_3' title="bbox 241 202 1878 243">
     <span class='ocr_line' id='line_1_3' title="bbox 241 202 1878 243; baseline 0.005 -16"><span class='ocrx_word' id='word_1_7' title='bbox 241 213 291 230; x_wconf 82' lang='lat' dir='ltr'>non</span> <span class='ocrx_word' id='word_1_8' title='bbox 314 212 422 238; x_wconf 61' lang='lat' dir='ltr'>possum</span> <span class='ocrx_word' id='word_1_9' title='bbox 444 212 506 238; x_wconf 73' lang='lat' dir='ltr'>prun</span> <span class='ocrx_word' id='word_1_10' title='bbox 527 202 586 228; x_wconf 75' lang='lat' dir='ltr'>netu</span> <span class='ocrx_word' id='word_1_11' title='bbox 608 207 633 228; x_wconf 73' lang='lat' dir='ltr'>et</span> <span class='ocrx_word' id='word_1_12' title='bbox 648 203 737 228; x_wconf 72' lang='lat' dir='ltr'>dolore</span> <span class='ocrx_word' id='word_1_13' title='bbox 754 202 857 229; x_wconf 70' lang='lat' dir='ltr'>diutius</span> <span class='ocrx_word' id='word_1_14' title='bbox 874 204 899 229; x_wconf 88' lang='lat' dir='ltr'>in</span> <span class='ocrx_word' id='word_1_15' title='bbox 918 203 966 229; x_wconf 82' lang='lat' dir='ltr'>boc</span> <span class='ocrx_word' id='word_1_16' title='bbox 979 203 1034 229; x_wconf 83' lang='lat' dir='ltr'>loco</span> <span class='ocrx_word' id='word_1_17' title='bbox 1054 203 1064 243; x_wconf 63' lang='lat' dir='ltr'>ll</span> <span class='ocrx_word' id='word_1_18' title='bbox 1086 204 1117 230; x_wconf 77' lang='lat' dir='ltr'>ad</span> <span class='ocrx_word' id='word_1_19' title='bbox 1135 214 1176 230; x_wconf 87' lang='lat' dir='ltr'>me</span> <span class='ocrx_word' id='word_1_20' title='bbox 1192 211 1262 232; x_wconf 59' lang='lat' dir='ltr'>‹ms-et</span> <span class='ocrx_word' id='word_1_21' title='bbox 1279 205 1438 233; x_wconf 73' lang='lat' dir='ltr'>litterarum:</span> <span class='ocrx_word' id='word_1_22' title='bbox 1471 208 1538 234; x_wconf 75' lang='lat' dir='ltr'>nit-il</span> <span class='ocrx_word' id='word_1_23' title='bbox 1550 214 1617 235; x_wconf 71' lang='lat' dir='ltr'>erat:</span> <span class='ocrx_word' id='word_1_24' title='bbox 1649 208 1760 243; x_wconf 76' lang='lat' dir='ltr'>epistola</span> <span class='ocrx_word' id='word_1_25' title='bbox 1774 209 1878 236; x_wconf 70' lang='lat' dir='ltr'>Vatinio</span> 
     </span>
    </p>
   </div>
   <div class='ocr_carea' id='block_1_4' title="bbox 240 239 1058 387">
    <p class='ocr_par' dir='ltr' id='par_1_4' title="bbox 240 239 1058 387">
     <span class='ocr_line' id='line_1_4' title="bbox 240 239 1058 289; baseline 0 -24"><span class='ocrx_word' id='word_1_26' title='bbox 240 241 407 266; x_wconf 76' lang='lat' dir='ltr'>ronuuorari.</span> <span class='ocrx_word' id='word_1_27' title='bbox 449 241 562 265; x_wconf 79' lang='lat' dir='ltr'>&#39;l&#39;nntum</span> <span class='ocrx_word' id='word_1_28' title='bbox 575 239 671 268; x_wconf 67' lang='lat' dir='ltr'>(liram.</span> <span class='ocrx_word' id='word_1_29' title='bbox 690 240 756 265; x_wconf 80' lang='lat' dir='ltr'>nibil</span> <span class='ocrx_word' id='word_1_30' title='bbox 771 241 836 266; x_wconf 81' lang='lat' dir='ltr'>milii</span> <span class='ocrx_word' id='word_1_31' title='bbox 850 241 952 273; x_wconf 62' lang='lat' dir='ltr'>gratius</span> <span class='ocrx_word' id='word_1_32' title='bbox 963 250 1031 270; x_wconf 61' lang='lat' dir='ltr'>enne,</span> <span class='ocrx_word' id='word_1_33' title='bbox 1055 255 1058 289; x_wconf 44' lang='lat'>1</span> 
     </span>
     <span class='ocr_line' id='line_1_5' title="bbox 240 276 1057 312; baseline 0.001 -10"><span class='ocrx_word' id='word_1_34' title='bbox 240 287 321 312; x_wconf 84' lang='lat' dir='ltr'>quum</span> <span class='ocrx_word' id='word_1_35' title='bbox 341 277 412 311; x_wconf 84' lang='lat' dir='ltr'>quod</span> <span class='ocrx_word' id='word_1_36' title='bbox 433 286 489 302; x_wconf 77' lang='lat' dir='ltr'>eam</span> <span class='ocrx_word' id='word_1_37' title='bbox 511 276 613 309; x_wconf 65' lang='lat' dir='ltr'>diligis.</span> <span class='ocrx_word' id='word_1_38' title='bbox 654 278 678 302; x_wconf 90' lang='lat'>7.</span> <span class='ocrx_word' id='word_1_39' title='bbox 704 277 779 308; x_wconf 78' lang='lat' dir='ltr'>Quod</span> <span class='ocrx_word' id='word_1_40' title='bbox 803 277 915 307; x_wconf 65' lang='lat' dir='ltr'>litteras,</span> <span class='ocrx_word' id='word_1_41' title='bbox 933 278 1034 312; x_wconf 80' lang='lat' dir='ltr'>quibus</span> <span class='ocrx_word' id='word_1_42' title='bbox 1056 302 1057 306; x_wconf 70' lang='grc'>,</span> 
     </span>
     <span class='ocr_line' id='line_1_6' title="bbox 241 313 1034 349; baseline 0.003 -10"><span class='ocrx_word' id='word_1_43' title='bbox 241 320 318 349; x_wconf 62' lang='lat' dir='ltr'>{nutus</span> <span class='ocrx_word' id='word_1_44' title='bbox 329 323 397 348; x_wconf 62' lang='lat' dir='ltr'>opus</span> <span class='ocrx_word' id='word_1_45' title='bbox 409 322 476 341; x_wconf 73' lang='lat' dir='ltr'>esse.</span> <span class='ocrx_word' id='word_1_46' title='bbox 490 313 689 342; x_wconf 55' lang='lat' dir='ltr'>curusdandnsu</span> <span class='ocrx_word' id='word_1_47' title='bbox 707 313 926 341; x_wconf 66' lang='lat' dir='ltr'>saciscommode.</span> <span class='ocrx_word' id='word_1_48' title='bbox 949 316 1034 346; x_wconf 84' lang='lat' dir='ltr'>Ouin—</span> 
     </span>
     <span class='ocr_line' id='line_1_7' title="bbox 241 350 1031 387; baseline 0 -10"><span class='ocrx_word' id='word_1_49' title='bbox 241 357 296 377; x_wconf 85' lang='lat' dir='ltr'>tum</span> <span class='ocrx_word' id='word_1_50' title='bbox 319 351 413 379; x_wconf 76' lang='lat' dir='ltr'>lilium,</span> <span class='ocrx_word' id='word_1_51' title='bbox 431 350 496 378; x_wconf 83' lang='lat' dir='ltr'>vidi.</span> <span class='ocrx_word' id='word_1_52' title='bbox 511 351 557 384; x_wconf 83' lang='lat' dir='ltr'>qui</span> <span class='ocrx_word' id='word_1_53' title='bbox 570 351 642 376; x_wconf 77' lang='lat' dir='ltr'>Sami</span> <span class='ocrx_word' id='word_1_54' title='bbox 657 350 776 380; x_wconf 74' lang='lat' dir='ltr'>vidisset,</span> <span class='ocrx_word' id='word_1_55' title='bbox 791 357 891 386; x_wconf 79' lang='lat' dir='ltr'>patrem</span> <span class='ocrx_word' id='word_1_56' title='bbox 906 352 1031 387; x_wconf 71' lang='lat' dir='ltr'>Sicyone:</span> 
     </span>
    </p>
   </div>
   <div class='ocr_carea' id='block_1_5' title="bbox 240 382 1057 432">
    <p class='ocr_par' dir='ltr' id='par_1_5' title="bbox 240 382 1057 432">
     <span class='ocr_line' id='line_1_8' title="bbox 240 382 1057 432; baseline 0.002 -20"><span class='ocrx_word' id='word_1_57' title='bbox 240 397 354 422; x_wconf 78' lang='lat' dir='ltr'>quorum</span> <span class='ocrx_word' id='word_1_58' title='bbox 368 387 570 421; x_wconf 68' lang='lat' dir='ltr'>‹ln-precatioest</span> <span class='ocrx_word' id='word_1_59' title='bbox 582 387 678 413; x_wconf 74' lang='lat' dir='ltr'>facilis.</span> <span class='ocrx_word' id='word_1_60' title='bbox 716 388 820 414; x_wconf 76' lang='lat' dir='ltr'>Utinam</span> <span class='ocrx_word' id='word_1_61' title='bbox 835 389 882 418; x_wconf 73' lang='lat' dir='ltr'>illi„</span> <span class='ocrx_word' id='word_1_62' title='bbox 896 390 943 424; x_wconf 85' lang='lat' dir='ltr'>qui</span> <span class='ocrx_word' id='word_1_63' title='bbox 958 390 1033 423; x_wconf 69' lang='lat' dir='ltr'>prius</span> <span class='ocrx_word' id='word_1_64' title='bbox 1056 382 1057 432; x_wconf 48' lang='lat' dir='ltr'>i</span> 
     </span>
    </p>
   </div>
   <div class='ocr_carea' id='block_1_6' title="bbox 243 424 1064 463">
    <p class='ocr_par' dir='ltr' id='par_1_6' title="bbox 243 424 1064 463">
     <span class='ocr_line' id='line_1_9' title="bbox 243 424 1064 463; baseline 0.004 -14"><span class='ocrx_word' id='word_1_65' title='bbox 243 425 317 450; x_wconf 89' lang='lat' dir='ltr'>illum</span> <span class='ocrx_word' id='word_1_66' title='bbox 332 424 460 453; x_wconf 72' lang='lat' dir='ltr'>viderint.</span> <span class='ocrx_word' id='word_1_67' title='bbox 480 433 520 449; x_wconf 87' lang='lat' dir='ltr'>me</span> <span class='ocrx_word' id='word_1_68' title='bbox 533 424 603 458; x_wconf 85' lang='lat' dir='ltr'>apud</span> <span class='ocrx_word' id='word_1_69' title='bbox 616 433 676 450; x_wconf 82' lang='lat' dir='ltr'>euin</span> <span class='ocrx_word' id='word_1_70' title='bbox 691 425 774 451; x_wconf 79' lang='lat' dir='ltr'>velint</span> <span class='ocrx_word' id='word_1_71' title='bbox 785 425 907 452; x_wconf 83' lang='lat' dir='ltr'>adiutum</span> <span class='ocrx_word' id='word_1_72' title='bbox 921 431 1031 454; x_wconf 80' lang='lat' dir='ltr'>tantum.</span> <span class='ocrx_word' id='word_1_73' title='bbox 1056 435 1064 463; x_wconf 32' lang='lat' dir='ltr'>ff*</span> 
     </span>
    </p>
   </div>
   <div class='ocr_carea' id='block_1_7' title="bbox 240 460 1057 673">
    <p class='ocr_par' dir='ltr' id='par_1_7' title="bbox 240 460 1057 673">
     <span class='ocr_line' id='line_1_10' title="bbox 240 460 1033 497; baseline 0.003 -10"><span class='ocrx_word' id='word_1_74' title='bbox 240 466 370 496; x_wconf 75' lang='lat' dir='ltr'>qinmtum</span> <span class='ocrx_word' id='word_1_75' title='bbox 387 470 436 494; x_wconf 67' lang='lat' dir='ltr'>ego</span> <span class='ocrx_word' id='word_1_76' title='bbox 450 460 508 486; x_wconf 79' lang='lat' dir='ltr'>illos</span> <span class='ocrx_word' id='word_1_77' title='bbox 521 461 630 490; x_wconf 74' lang='lat' dir='ltr'>vellem.</span> <span class='ocrx_word' id='word_1_78' title='bbox 655 463 676 487; x_wconf 71' lang='lat' dir='ltr'>si</span> <span class='ocrx_word' id='word_1_79' title='bbox 689 462 755 496; x_wconf 84' lang='lat' dir='ltr'>quid</span> <span class='ocrx_word' id='word_1_80' title='bbox 768 463 887 497; x_wconf 74' lang='lat' dir='ltr'>possem!</span> <span class='ocrx_word' id='word_1_81' title='bbox 919 466 942 489; x_wconf 75' lang='lat'>8.</span> <span class='ocrx_word' id='word_1_82' title='bbox 958 464 1033 495; x_wconf 78' lang='lat' dir='ltr'>Quod</span> 
     </span>
     <span class='ocr_line' id='line_1_11' title="bbox 241 498 1057 535; baseline 0.004 -12"><span class='ocrx_word' id='word_1_83' title='bbox 241 507 331 533; x_wconf 72' lang='lat' dir='ltr'>rogas,</span> <span class='ocrx_word' id='word_1_84' title='bbox 351 503 377 524; x_wconf 91' lang='lat' dir='ltr'>ut</span> <span class='ocrx_word' id='word_1_85' title='bbox 395 499 420 524; x_wconf 93' lang='lat' dir='ltr'>in</span> <span class='ocrx_word' id='word_1_86' title='bbox 439 498 533 524; x_wconf 87' lang='lat' dir='ltr'>bonam</span> <span class='ocrx_word' id='word_1_87' title='bbox 551 504 651 532; x_wconf 82' lang='lat' dir='ltr'>partem</span> <span class='ocrx_word' id='word_1_88' title='bbox 668 500 812 533; x_wconf 72' lang='lat' dir='ltr'>accipiam.</span> <span class='ocrx_word' id='word_1_89' title='bbox 831 501 853 526; x_wconf 72' lang='lat' dir='ltr'>si</span> <span class='ocrx_word' id='word_1_90' title='bbox 869 509 921 535; x_wconf 87' lang='lat' dir='ltr'>qua</span> <span class='ocrx_word' id='word_1_91' title='bbox 938 501 991 526; x_wconf 82' lang='lat' dir='ltr'>sint</span> <span class='ocrx_word' id='word_1_92' title='bbox 1008 502 1033 526; x_wconf 89' lang='lat' dir='ltr'>in</span> <span class='ocrx_word' id='word_1_93' title='bbox 1056 500 1057 522; x_wconf 63' lang='lat' dir='ltr'>i</span> 
     </span>
     <span class='ocr_line' id='line_1_12' title="bbox 240 531 1057 576; baseline 0.004 -15"><span class='ocrx_word' id='word_1_94' title='bbox 240 536 294 561; x_wconf 75' lang='lat' dir='ltr'>tuis</span> <span class='ocrx_word' id='word_1_95' title='bbox 307 535 410 565; x_wconf 70' lang='lat' dir='ltr'>litteris,</span> <span class='ocrx_word' id='word_1_96' title='bbox 424 544 492 570; x_wconf 83' lang='lat' dir='ltr'>quae</span> <span class='ocrx_word' id='word_1_97' title='bbox 503 544 544 561; x_wconf 82' lang='lat' dir='ltr'>me</span> <span class='ocrx_word' id='word_1_98' title='bbox 557 536 705 562; x_wconf 85' lang='lat' dir='ltr'>mordeant:</span> <span class='ocrx_word' id='word_1_99' title='bbox 722 546 771 571; x_wconf 72' lang='lat' dir='ltr'>ego</span> <span class='ocrx_word' id='word_1_100' title='bbox 784 546 845 563; x_wconf 90' lang='lat' dir='ltr'>vero</span> <span class='ocrx_word' id='word_1_101' title='bbox 858 538 1031 572; x_wconf 77' lang='lat' dir='ltr'>inoptimam;</span> <span class='ocrx_word' id='word_1_102' title='bbox 1056 531 1057 576; x_wconf 61' lang='lat' dir='ltr'>l</span> 
     </span>
     <span class='ocr_line' id='line_1_13' title="bbox 241 573 1057 607; baseline 0.004 -9"><span class='ocrx_word' id='word_1_103' title='bbox 241 578 319 607; x_wconf 84' lang='lat' dir='ltr'>teque</span> <span class='ocrx_word' id='word_1_104' title='bbox 341 581 416 607; x_wconf 72' lang='lat' dir='ltr'>rogo.</span> <span class='ocrx_word' id='word_1_105' title='bbox 441 577 468 598; x_wconf 88' lang='lat' dir='ltr'>ut</span> <span class='ocrx_word' id='word_1_106' title='bbox 480 578 582 607; x_wconf 72' lang='lat' dir='ltr'>apertev</span> <span class='ocrx_word' id='word_1_107' title='bbox 597 573 825 607; x_wconf 85' lang='lat' dir='ltr'>quemadmodum</span> <span class='ocrx_word' id='word_1_108' title='bbox 839 574 917 605; x_wconf 80' lang='lat' dir='ltr'>sacis,</span> <span class='ocrx_word' id='word_1_109' title='bbox 932 575 1034 601; x_wconf 77' lang='lat' dir='ltr'>scribas</span> <span class='ocrx_word' id='word_1_110' title='bbox 1056 581 1057 594; x_wconf 72' lang='lat' dir='ltr'>l</span> 
     </span>
     <span class='ocr_line' id='line_1_14' title="bbox 240 610 1057 652; baseline 0.006 -19"><span class='ocrx_word' id='word_1_111' title='bbox 240 610 272 634; x_wconf 73' lang='lat' dir='ltr'>:ul</span> <span class='ocrx_word' id='word_1_112' title='bbox 291 618 331 635; x_wconf 90' lang='lat' dir='ltr'>me</span> <span class='ocrx_word' id='word_1_113' title='bbox 347 610 450 639; x_wconf 68' lang='lat' dir='ltr'>omnia,</span> <span class='ocrx_word' id='word_1_114' title='bbox 471 610 551 644; x_wconf 85' lang='lat' dir='ltr'>idque</span> <span class='ocrx_word' id='word_1_115' title='bbox 564 610 645 636; x_wconf 83' lang='lat' dir='ltr'>facias</span> <span class='ocrx_word' id='word_1_116' title='bbox 655 620 737 645; x_wconf 91' lang='lat' dir='ltr'>quam</span> <span class='ocrx_word' id='word_1_117' title='bbox 749 612 918 646; x_wconf 75' lang='lat' dir='ltr'>saepissime.</span> <span class='ocrx_word' id='word_1_118' title='bbox 960 612 1032 638; x_wconf 82' lang='lat' dir='ltr'>Vale.</span> <span class='ocrx_word' id='word_1_119' title='bbox 1055 616 1057 652; x_wconf 47' lang='grc' dir='ltr'><em>ξ</em></span> 
     </span>
     <span class='ocr_line' id='line_1_15' title="bbox 244 646 549 673; baseline 0.007 -3"><span class='ocrx_word' id='word_1_120' title='bbox 244 655 296 672; x_wconf 70' lang='lat' dir='ltr'>xiv.</span> <span class='ocrx_word' id='word_1_121' title='bbox 313 646 423 673; x_wconf 81' lang='lat' dir='ltr'>Kalend.</span> <span class='ocrx_word' id='word_1_122' title='bbox 447 647 549 673; x_wconf 87' lang='lat' dir='ltr'>lanuar.</span> 
     </span>
    </p>
   </div>
   <div class='ocr_carea' id='block_1_8' title="bbox 376 718 886 742">
    <p class='ocr_par' dir='ltr' id='par_1_8' title="bbox 376 718 886 742">
     <span class='ocr_line' id='line_1_16' title="bbox 376 718 886 742; baseline 0.008 -8"><span class='ocrx_word' id='word_1_123' title='bbox 376 718 486 739; x_wconf 67' lang='lat' dir='ltr'>(munuli-ii.</span> <span class='ocrx_word' id='word_1_124' title='bbox 497 719 574 735; x_wconf 62' lang='lat' dir='ltr'>(mour</span> <span class='ocrx_word' id='word_1_125' title='bbox 585 719 608 735; x_wconf 84' lang='lat' dir='ltr'>ll.</span> <span class='ocrx_word' id='word_1_126' title='bbox 620 721 664 735; x_wconf 58' lang='lat' dir='ltr'>mn*</span> <span class='ocrx_word' id='word_1_127' title='bbox 685 719 766 736; x_wconf 67' lang='lat' dir='ltr'>inurit-n</span> <span class='ocrx_word' id='word_1_128' title='bbox 775 726 820 738; x_wconf 73' lang='lat' dir='ltr'>cun.</span> <span class='ocrx_word' id='word_1_129' title='bbox 832 722 886 742; x_wconf 74' lang='lat'>706.)</span> 
     </span>
    </p>
   </div>
   <div class='ocr_carea' id='block_1_9' title="bbox 224 761 1057 1245">
    <p class='ocr_par' dir='ltr' id='par_1_9' title="bbox 224 761 1057 1245">
     <span class='ocr_line' id='line_1_17' title="bbox 426 761 850 789; baseline 0.005 -2"><span class='ocrx_word' id='word_1_130' title='bbox 426 761 595 788; x_wconf 77' lang='lat' dir='ltr'>CICERO</span> <span class='ocrx_word' id='word_1_131' title='bbox 627 762 795 789; x_wconf 74' lang='lat' dir='ltr'>ATTICO</span> <span class='ocrx_word' id='word_1_132' title='bbox 823 763 850 789; x_wconf 85' lang='lat' dir='ltr'>S.</span> 
     </span>
     <span class='ocr_line' id='line_1_18' title="bbox 296 792 1034 834; baseline 0.004 -11"><span class='ocrx_word' id='word_1_133' title='bbox 296 799 318 823; x_wconf 70' lang='lat' dir='ltr'>l.</span> <span class='ocrx_word' id='word_1_134' title='bbox 341 792 461 829; x_wconf 82' lang='lat' dir='ltr'>Quantis</span> <span class='ocrx_word' id='word_1_135' title='bbox 476 799 549 824; x_wconf 85' lang='lat' dir='ltr'>curis</span> <span class='ocrx_word' id='word_1_136' title='bbox 565 798 679 829; x_wconf 74' lang='lat' dir='ltr'>alliciar.</span> <span class='ocrx_word' id='word_1_137' title='bbox 698 800 747 825; x_wconf 88' lang='lat' dir='ltr'>etsi</span> <span class='ocrx_word' id='word_1_138' title='bbox 759 799 876 834; x_wconf 79' lang='lat' dir='ltr'>profecto</span> <span class='ocrx_word' id='word_1_139' title='bbox 890 799 980 830; x_wconf 77' lang='lat' dir='ltr'>videS.</span> <span class='ocrx_word' id='word_1_140' title='bbox 995 805 1034 827; x_wconf 83' lang='lat' dir='ltr'>ta-</span> 
     </span>
     <span class='ocr_line' id='line_1_19' title="bbox 241 836 1034 872; baseline 0.005 -12"><span class='ocrx_word' id='word_1_141' title='bbox 241 843 301 860; x_wconf 87' lang='lat' dir='ltr'>men</span> <span class='ocrx_word' id='word_1_142' title='bbox 317 843 462 870; x_wconf 74' lang='lat' dir='ltr'>cognosces</span> <span class='ocrx_word' id='word_1_143' title='bbox 478 844 511 862; x_wconf 79' lang='lat' dir='ltr'>cx</span> <span class='ocrx_word' id='word_1_144' title='bbox 529 836 608 870; x_wconf 85' lang='lat' dir='ltr'>Lepta</span> <span class='ocrx_word' id='word_1_145' title='bbox 620 841 645 862; x_wconf 89' lang='lat' dir='ltr'>et</span> <span class='ocrx_word' id='word_1_146' title='bbox 655 837 787 863; x_wconf 88' lang='lat' dir='ltr'>Trebatio.</span> <span class='ocrx_word' id='word_1_147' title='bbox 828 838 959 864; x_wconf 84' lang='lat' dir='ltr'>Maximas</span> <span class='ocrx_word' id='word_1_148' title='bbox 971 846 1034 872; x_wconf 90' lang='lat' dir='ltr'>poe-</span> 
     </span>
     <span class='ocr_line' id='line_1_20' title="bbox 240 872 1034 909; baseline 0.005 -12"><span class='ocrx_word' id='word_1_149' title='bbox 240 881 288 898; x_wconf 84' lang='lat' dir='ltr'>nas</span> <span class='ocrx_word' id='word_1_150' title='bbox 300 872 387 906; x_wconf 89' lang='lat' dir='ltr'>pendo</span> <span class='ocrx_word' id='word_1_151' title='bbox 399 873 554 899; x_wconf 83' lang='lat' dir='ltr'>temeritatis</span> <span class='ocrx_word' id='word_1_152' title='bbox 567 882 652 905; x_wconf 84' lang='lat' dir='ltr'>meae;</span> <span class='ocrx_word' id='word_1_153' title='bbox 673 882 754 908; x_wconf 82' lang='lat' dir='ltr'>quam</span> <span class='ocrx_word' id='word_1_154' title='bbox 767 879 793 900; x_wconf 92' lang='lat' dir='ltr'>tu</span> <span class='ocrx_word' id='word_1_155' title='bbox 805 875 975 909; x_wconf 85' lang='lat' dir='ltr'>prudentiam</span> <span class='ocrx_word' id='word_1_156' title='bbox 983 876 1034 901; x_wconf 89' lang='lat' dir='ltr'>mi-</span> 
     </span>
     <span class='ocr_line' id='line_1_21' title="bbox 240 908 1034 946; baseline 0.005 -12"><span class='ocrx_word' id='word_1_157' title='bbox 240 908 268 934; x_wconf 84' lang='lat' dir='ltr'>bi</span> <span class='ocrx_word' id='word_1_158' title='bbox 281 909 367 935; x_wconf 82' lang='lat' dir='ltr'>videri</span> <span class='ocrx_word' id='word_1_159' title='bbox 380 910 434 935; x_wconf 82' lang='lat' dir='ltr'>vis:</span> <span class='ocrx_word' id='word_1_160' title='bbox 458 919 544 945; x_wconf 88' lang='lat' dir='ltr'>neque</span> <span class='ocrx_word' id='word_1_161' title='bbox 557 915 580 936; x_wconf 86' lang='lat' dir='ltr'>te</span> <span class='ocrx_word' id='word_1_162' title='bbox 591 910 718 941; x_wconf 84' lang='lat' dir='ltr'>deterreo.</span> <span class='ocrx_word' id='word_1_163' title='bbox 732 920 786 946; x_wconf 91' lang='lat' dir='ltr'>quo</span> <span class='ocrx_word' id='word_1_164' title='bbox 798 913 888 938; x_wconf 86' lang='lat' dir='ltr'>minus</span> <span class='ocrx_word' id='word_1_165' title='bbox 900 912 926 938; x_wconf 89' lang='lat' dir='ltr'>id</span> <span class='ocrx_word' id='word_1_166' title='bbox 938 912 1034 946; x_wconf 92' lang='lat' dir='ltr'>dispu-</span> 
     </span>
     <span class='ocr_line' id='line_1_22' title="bbox 240 944 1057 983; baseline 0.006 -12"><span class='ocrx_word' id='word_1_167' title='bbox 240 951 292 975; x_wconf 76' lang='lat' dir='ltr'>tes,</span> <span class='ocrx_word' id='word_1_168' title='bbox 318 946 474 981; x_wconf 81' lang='lat' dir='ltr'>scribasque</span> <span class='ocrx_word' id='word_1_169' title='bbox 491 947 522 973; x_wconf 89' lang='lat' dir='ltr'>ad</span> <span class='ocrx_word' id='word_1_170' title='bbox 539 956 581 973; x_wconf 87' lang='lat' dir='ltr'>me</span> <span class='ocrx_word' id='word_1_171' title='bbox 596 957 677 982; x_wconf 86' lang='lat' dir='ltr'>quam</span> <span class='ocrx_word' id='word_1_172' title='bbox 694 949 863 983; x_wconf 79' lang='lat' dir='ltr'>saepissime.</span> <span class='ocrx_word' id='word_1_173' title='bbox 905 949 1032 975; x_wconf 78' lang='lat' dir='ltr'>Nonnihil</span> <span class='ocrx_word' id='word_1_174' title='bbox 1055 944 1057 977; x_wconf 62' lang='lat' dir='ltr'>,l</span> 
     </span>
     <span class='ocr_line' id='line_1_23' title="bbox 224 978 1031 1021; baseline 0.006 -13"><span class='ocrx_word' id='word_1_175' title='bbox 224 978 311 1009; x_wconf 86' lang='lat' dir='ltr'>¹enim</span> <span class='ocrx_word' id='word_1_176' title='bbox 333 992 374 1009; x_wconf 82' lang='lat' dir='ltr'>nie</span> <span class='ocrx_word' id='word_1_177' title='bbox 391 983 479 1010; x_wconf 91' lang='lat' dir='ltr'>levant</span> <span class='ocrx_word' id='word_1_178' title='bbox 495 989 553 1010; x_wconf 89' lang='lat' dir='ltr'>tuae</span> <span class='ocrx_word' id='word_1_179' title='bbox 571 984 671 1011; x_wconf 74' lang='lat' dir='ltr'>litterae</span> <span class='ocrx_word' id='word_1_180' title='bbox 688 986 736 1011; x_wconf 82' lang='lat' dir='ltr'>boc</span> <span class='ocrx_word' id='word_1_181' title='bbox 749 991 876 1021; x_wconf 87' lang='lat' dir='ltr'>tempore.</span> <span class='ocrx_word' id='word_1_182' title='bbox 917 986 966 1012; x_wconf 89' lang='lat' dir='ltr'>Per</span> <span class='ocrx_word' id='word_1_183' title='bbox 977 995 1031 1017; x_wconf 87' lang='lat' dir='ltr'>eos.</span> 
     </span>
     <span class='ocr_line' id='line_1_24' title="bbox 239 1021 1056 1058; baseline 0.005 -12"><span class='ocrx_word' id='word_1_184' title='bbox 239 1021 288 1055; x_wconf 91' lang='lat' dir='ltr'>qui</span> <span class='ocrx_word' id='word_1_185' title='bbox 304 1025 392 1047; x_wconf 87' lang='lat' dir='ltr'>nostra</span> <span class='ocrx_word' id='word_1_186' title='bbox 404 1030 497 1047; x_wconf 80' lang='lat' dir='ltr'>caussa</span> <span class='ocrx_word' id='word_1_187' title='bbox 510 1021 617 1052; x_wconf 83' lang='lat' dir='ltr'>volunt.</span> <span class='ocrx_word' id='word_1_188' title='bbox 633 1022 775 1058; x_wconf 76' lang='lat' dir='ltr'>valentque</span> <span class='ocrx_word' id='word_1_189' title='bbox 786 1023 858 1057; x_wconf 91' lang='lat' dir='ltr'>apud</span> <span class='ocrx_word' id='word_1_190' title='bbox 870 1023 957 1054; x_wconf 84' lang='lat' dir='ltr'>illum,</span> <span class='ocrx_word' id='word_1_191' title='bbox 971 1023 1034 1050; x_wconf 90' lang='lat' dir='ltr'>dili-</span> <span class='ocrx_word' id='word_1_192' title='bbox 1055 1052 1056 1055; x_wconf 47' lang='lat'>,</span> 
     </span>
     <span class='ocr_line' id='line_1_25' title="bbox 239 1056 1056 1096; baseline 0.004 -12"><span class='ocrx_word' id='word_1_193' title='bbox 239 1058 396 1093; x_wconf 79' lang='lat' dir='ltr'>gentissinie</span> <span class='ocrx_word' id='word_1_194' title='bbox 411 1058 555 1085; x_wconf 84' lang='lat' dir='ltr'>contendas</span> <span class='ocrx_word' id='word_1_195' title='bbox 566 1068 634 1093; x_wconf 89' lang='lat' dir='ltr'>opus</span> <span class='ocrx_word' id='word_1_196' title='bbox 645 1065 693 1090; x_wconf 86' lang='lat' dir='ltr'>est,</span> <span class='ocrx_word' id='word_1_197' title='bbox 707 1069 754 1094; x_wconf 92' lang='lat' dir='ltr'>per</span> <span class='ocrx_word' id='word_1_198' title='bbox 765 1061 877 1087; x_wconf 89' lang='lat' dir='ltr'>Balbum</span> <span class='ocrx_word' id='word_1_199' title='bbox 884 1060 1033 1096; x_wconf 88' lang='lat' dir='ltr'>etOppium</span> <span class='ocrx_word' id='word_1_200' title='bbox 1055 1056 1056 1079; x_wconf 65' lang='lat' dir='ltr'>l</span> 
     </span>
     <span class='ocr_line' id='line_1_26' title="bbox 240 1095 1056 1133; baseline 0.005 -12"><span class='ocrx_word' id='word_1_201' title='bbox 240 1096 366 1124; x_wconf 82' lang='lat' dir='ltr'>maxime,</span> <span class='ocrx_word' id='word_1_202' title='bbox 383 1100 411 1122; x_wconf 92' lang='lat' dir='ltr'>ut</span> <span class='ocrx_word' id='word_1_203' title='bbox 423 1095 455 1121; x_wconf 92' lang='lat' dir='ltr'>de</span> <span class='ocrx_word' id='word_1_204' title='bbox 467 1104 509 1122; x_wconf 93' lang='lat' dir='ltr'>me</span> <span class='ocrx_word' id='word_1_205' title='bbox 520 1097 956 1133; x_wconf 81' lang='lat' dir='ltr'>scribantquamdiligentissime.</span> <span class='ocrx_word' id='word_1_206' title='bbox 979 1098 1034 1133; x_wconf 89' lang='lat' dir='ltr'>Op-</span> <span class='ocrx_word' id='word_1_207' title='bbox 1054 1099 1056 1119; x_wconf 73' lang='lat' dir='ltr'>l</span> 
     </span>
     <span class='ocr_line' id='line_1_27' title="bbox 239 1133 1034 1170; baseline 0.005 -12"><span class='ocrx_word' id='word_1_208' title='bbox 239 1140 393 1167; x_wconf 82' lang='lat' dir='ltr'>pugnamur</span> <span class='ocrx_word' id='word_1_209' title='bbox 403 1133 489 1163; x_wconf 76' lang='lat' dir='ltr'>enim,</span> <span class='ocrx_word' id='word_1_210' title='bbox 508 1138 537 1159; x_wconf 90' lang='lat' dir='ltr'>ut</span> <span class='ocrx_word' id='word_1_211' title='bbox 547 1133 640 1163; x_wconf 85' lang='lat' dir='ltr'>audi0.</span> <span class='ocrx_word' id='word_1_212' title='bbox 655 1139 679 1160; x_wconf 88' lang='lat' dir='ltr'>et</span> <span class='ocrx_word' id='word_1_213' title='bbox 691 1143 704 1161; x_wconf 89' lang='lat' dir='ltr'>a</span> <span class='ocrx_word' id='word_1_214' title='bbox 716 1135 903 1169; x_wconf 87' lang='lat' dir='ltr'>praesentibus</span> <span class='ocrx_word' id='word_1_215' title='bbox 917 1135 1034 1170; x_wconf 90' lang='lat' dir='ltr'>quibus-</span> 
     </span>
     <span class='ocr_line' id='line_1_28' title="bbox 238 1168 1034 1204; baseline 0.005 -9"><span class='ocrx_word' id='word_1_216' title='bbox 238 1168 300 1195; x_wconf 87' lang='lat' dir='ltr'>dam</span> <span class='ocrx_word' id='word_1_217' title='bbox 316 1174 341 1196; x_wconf 88' lang='lat' dir='ltr'>et</span> <span class='ocrx_word' id='word_1_218' title='bbox 356 1178 403 1204; x_wconf 89' lang='lat' dir='ltr'>per</span> <span class='ocrx_word' id='word_1_219' title='bbox 419 1169 528 1196; x_wconf 79' lang='lat' dir='ltr'>litteras,</span> <span class='ocrx_word' id='word_1_220' title='bbox 569 1171 604 1196; x_wconf 87' lang='lat' dir='ltr'>lis</span> <span class='ocrx_word' id='word_1_221' title='bbox 616 1171 650 1197; x_wconf 92' lang='lat' dir='ltr'>ita</span> <span class='ocrx_word' id='word_1_222' title='bbox 664 1172 872 1202; x_wconf 82' lang='lat' dir='ltr'>occurrendum,</span> <span class='ocrx_word' id='word_1_223' title='bbox 887 1177 915 1199; x_wconf 87' lang='lat' dir='ltr'>ut</span> <span class='ocrx_word' id='word_1_224' title='bbox 927 1173 965 1198; x_wconf 89' lang='lat' dir='ltr'>rei</span> <span class='ocrx_word' id='word_1_225' title='bbox 977 1181 1034 1199; x_wconf 88' lang='lat' dir='ltr'>ma—</span> 
     </span>
     <span class='ocr_line' id='line_1_29' title="bbox 238 1206 1056 1245; baseline 0.005 -13"><span class='ocrx_word' id='word_1_226' title='bbox 238 1207 352 1241; x_wconf 79' lang='lat' dir='ltr'>gnitudo</span> <span class='ocrx_word' id='word_1_227' title='bbox 373 1206 498 1241; x_wconf 87' lang='lat' dir='ltr'>postulat.</span> <span class='ocrx_word' id='word_1_228' title='bbox 538 1209 563 1234; x_wconf 71' lang='lat'>⁶2.</span> <span class='ocrx_word' id='word_1_229' title='bbox 589 1208 705 1234; x_wconf 87' lang='lat' dir='ltr'>Furnius</span> <span class='ocrx_word' id='word_1_230' title='bbox 719 1209 842 1240; x_wconf 81' lang='lat' dir='ltr'>estillic,</span> <span class='ocrx_word' id='word_1_231' title='bbox 859 1210 927 1236; x_wconf 89' lang='lat' dir='ltr'>mihi</span> <span class='ocrx_word' id='word_1_232' title='bbox 942 1210 1034 1236; x_wconf 88' lang='lat' dir='ltr'>inimi·</span> <span class='ocrx_word' id='word_1_233' title='bbox 1054 1237 1056 1245; x_wconf 31' lang='lat' dir='ltr'>y</span> 
     </span>
    </p>
   </div>
   <div class='ocr_carea' id='block_1_10' title="bbox 293 715 352 736">
    <p class='ocr_par' dir='ltr' id='par_1_10' title="bbox 293 715 352 736">
     <span class='ocr_line' id='line_1_30' title="bbox 293 715 352 736; baseline -0.034 0"><span class='ocrx_word' id='word_1_234' title='bbox 293 716 310 736; x_wconf 78' lang='lat' dir='ltr'>V</span> <span class='ocrx_word' id='word_1_235' title='bbox 314 715 352 736; x_wconf 86' lang='lat' dir='ltr'>tu.</span> 
     </span>
    </p>
   </div>
   <div class='ocr_carea' id='block_1_11' title="bbox 1056 688 1510 723">
    <p class='ocr_par' dir='ltr' id='par_1_11' title="bbox 1056 688 1510 723">
     <span class='ocr_line' id='line_1_31' title="bbox 1056 688 1510 723; baseline 0.004 -10"><span class='ocrx_word' id='word_1_236' title='bbox 1056 699 1057 702; x_wconf 48' lang='lat'>¹</span> <span class='ocrx_word' id='word_1_237' title='bbox 1086 696 1145 715; x_wconf 82' lang='lat' dir='ltr'>nor.</span> <span class='ocrx_word' id='word_1_238' title='bbox 1164 688 1223 713; x_wconf 77' lang='lat' dir='ltr'>eius</span> <span class='ocrx_word' id='word_1_239' title='bbox 1234 688 1343 721; x_wconf 68' lang='lat' dir='ltr'>signnm</span> <span class='ocrx_word' id='word_1_240' title='bbox 1356 689 1510 723; x_wconf 78' lang='lat' dir='ltr'>Pomponia.</span> 
     </span>
    </p>
   </div>
   <div class='ocr_carea' id='block_1_12' title="bbox 1062 242 1878 310">
    <p class='ocr_par' dir='ltr' id='par_1_12' title="bbox 1062 242 1878 310">
     <span class='ocr_line' id='line_1_32' title="bbox 1062 242 1877 274; baseline 0.007 -8"><span class='ocrx_word' id='word_1_241' title='bbox 1062 245 1063 253; x_wconf 68' lang='lat'>¹</span> <span class='ocrx_word' id='word_1_242' title='bbox 1085 247 1110 267; x_wconf 77' lang='lat' dir='ltr'>et</span> <span class='ocrx_word' id='word_1_243' title='bbox 1131 242 1240 274; x_wconf 65' lang='lat' dir='ltr'>Ligurio</span> <span class='ocrx_word' id='word_1_244' title='bbox 1261 242 1354 271; x_wconf 59' lang='lat' dir='ltr'>ulte-rm</span> <span class='ocrx_word' id='word_1_245' title='bbox 1391 244 1456 269; x_wconf 64' lang='lat' dir='ltr'>iuni</span> <span class='ocrx_word' id='word_1_246' title='bbox 1478 245 1510 270; x_wconf 79' lang='lat' dir='ltr'>ad</span> <span class='ocrx_word' id='word_1_247' title='bbox 1526 254 1571 271; x_wconf 70' lang='lat' dir='ltr'>eon</span> <span class='ocrx_word' id='word_1_248' title='bbox 1586 245 1697 272; x_wconf 74' lang='lat' dir='ltr'>deferri:</span> <span class='ocrx_word' id='word_1_249' title='bbox 1732 246 1770 272; x_wconf 87' lang='lat' dir='ltr'>illi</span> <span class='ocrx_word' id='word_1_250' title='bbox 1787 246 1819 272; x_wconf 76' lang='lat' dir='ltr'>ad</span> <span class='ocrx_word' id='word_1_251' title='bbox 1835 255 1877 272; x_wconf 83' lang='lat' dir='ltr'>me</span> 
     </span>
     <span class='ocr_line' id='line_1_33' title="bbox 1062 260 1878 310; baseline 0.007 -7"><span class='ocrx_word' id='word_1_252' title='bbox 1062 260 1064 309; x_wconf 75' lang='lat' dir='ltr'>l</span> <span class='ocrx_word' id='word_1_253' title='bbox 1086 279 1174 304; x_wconf 60' lang='lat' dir='ltr'>statim</span> <span class='ocrx_word' id='word_1_254' title='bbox 1191 279 1313 305; x_wconf 69' lang='lat' dir='ltr'>ardentes</span> <span class='ocrx_word' id='word_1_255' title='bbox 1324 279 1414 306; x_wconf 87' lang='lat' dir='ltr'>dolore</span> <span class='ocrx_word' id='word_1_256' title='bbox 1428 288 1569 310; x_wconf 78' lang='lat' dir='ltr'>venerunt.</span> <span class='ocrx_word' id='word_1_257' title='bbox 1592 283 1679 308; x_wconf 69' lang='lat' dir='ltr'>scelus</span> <span class='ocrx_word' id='word_1_258' title='bbox 1693 283 1809 309; x_wconf 72' lang='lat' dir='ltr'>bominis</span> <span class='ocrx_word' id='word_1_259' title='bbox 1823 283 1878 309; x_wconf 74' lang='lat' dir='ltr'>cla-</span> 
     </span>
    </p>
   </div>
   <div class='ocr_carea' id='block_1_13' title="bbox 1056 317 1877 387">
    <p class='ocr_par' dir='ltr' id='par_1_13' title="bbox 1056 317 1877 387">
     <span class='ocr_line' id='line_1_34' title="bbox 1056 317 1877 354; baseline 0.009 -14"><span class='ocrx_word' id='word_1_260' title='bbox 1056 337 1064 345; x_wconf 64' lang='grc'>,,</span> <span class='ocrx_word' id='word_1_261' title='bbox 1087 321 1201 343; x_wconf 67' lang='lat' dir='ltr'>mantea:</span> <span class='ocrx_word' id='word_1_262' title='bbox 1235 317 1360 350; x_wconf 64' lang='lat' dir='ltr'>epistolas</span> <span class='ocrx_word' id='word_1_263' title='bbox 1382 318 1449 343; x_wconf 84' lang='lat' dir='ltr'>mibi</span> <span class='ocrx_word' id='word_1_264' title='bbox 1466 318 1587 351; x_wconf 64' lang='lat' dir='ltr'>legerunt</span> <span class='ocrx_word' id='word_1_265' title='bbox 1605 320 1697 354; x_wconf 68' lang='lat' dir='ltr'>pli-nus</span> <span class='ocrx_word' id='word_1_266' title='bbox 1712 321 1833 346; x_wconf 90' lang='lat' dir='ltr'>omnium</span> <span class='ocrx_word' id='word_1_267' title='bbox 1851 321 1877 347; x_wconf 88' lang='lat' dir='ltr'>in</span> 
     </span>
     <span class='ocr_line' id='line_1_35' title="bbox 1056 345 1311 387; baseline 0.008 -9"><span class='ocrx_word' id='word_1_268' title='bbox 1056 345 1064 371; x_wconf 55' lang='lat'>3¹¹</span> <span class='ocrx_word' id='word_1_269' title='bbox 1087 362 1128 378; x_wconf 81' lang='lat' dir='ltr'>nie</span> <span class='ocrx_word' id='word_1_270' title='bbox 1143 353 1311 387; x_wconf 81' lang='lat' dir='ltr'>probrorum.</span> 
     </span>
    </p>
   </div>
   <div class='ocr_carea' id='block_1_14' title="bbox 1062 355 1878 1245">
    <p class='ocr_par' dir='ltr' id='par_1_14' title="bbox 1085 355 1878 717">
     <span class='ocr_line' id='line_1_36' title="bbox 1354 355 1875 387; baseline 0.008 -8"><span class='ocrx_word' id='word_1_271' title='bbox 1354 355 1399 380; x_wconf 81' lang='lat' dir='ltr'>llic</span> <span class='ocrx_word' id='word_1_272' title='bbox 1413 355 1538 387; x_wconf 71' lang='lat' dir='ltr'>Liquriun</span> <span class='ocrx_word' id='word_1_273' title='bbox 1550 355 1650 383; x_wconf 72' lang='lat' dir='ltr'>furere:</span> <span class='ocrx_word' id='word_1_274' title='bbox 1674 366 1702 382; x_wconf 72' lang='lat' dir='ltr'>ne</span> <span class='ocrx_word' id='word_1_275' title='bbox 1713 366 1785 383; x_wconf 85' lang='lat' dir='ltr'>enun</span> <span class='ocrx_word' id='word_1_276' title='bbox 1798 359 1875 387; x_wconf 69' lang='lat' dir='ltr'>scire.</span> 
     </span>
     <span class='ocr_line' id='line_1_37' title="bbox 1085 390 1877 421; baseline 0.008 -6"><span class='ocrx_word' id='word_1_277' title='bbox 1085 398 1192 416; x_wconf 70' lang='lat' dir='ltr'>nummo</span> <span class='ocrx_word' id='word_1_278' title='bbox 1205 390 1280 416; x_wconf 88' lang='lat' dir='ltr'>illum</span> <span class='ocrx_word' id='word_1_279' title='bbox 1293 392 1318 417; x_wconf 92' lang='lat' dir='ltr'>in</span> <span class='ocrx_word' id='word_1_280' title='bbox 1329 391 1391 417; x_wconf 85' lang='lat' dir='ltr'>odio</span> <span class='ocrx_word' id='word_1_281' title='bbox 1403 391 1486 417; x_wconf 68' lang='lat' dir='ltr'>suisne</span> <span class='ocrx_word' id='word_1_282' title='bbox 1497 393 1616 419; x_wconf 71' lang='lat' dir='ltr'>Caesari:</span> <span class='ocrx_word' id='word_1_283' title='bbox 1639 393 1714 420; x_wconf 90' lang='lat' dir='ltr'>illum</span> <span class='ocrx_word' id='word_1_284' title='bbox 1727 400 1813 420; x_wconf 74' lang='lat' dir='ltr'>tamen</span> <span class='ocrx_word' id='word_1_285' title='bbox 1826 403 1877 421; x_wconf 89' lang='lat' dir='ltr'>non</span> 
     </span>
     <span class='ocr_line' id='line_1_38' title="bbox 1087 427 1878 465; baseline 0.008 -13"><span class='ocrx_word' id='word_1_286' title='bbox 1087 427 1165 453; x_wconf 86' lang='lat' dir='ltr'>modo</span> <span class='ocrx_word' id='word_1_287' title='bbox 1186 427 1294 457; x_wconf 66' lang='lat' dir='ltr'>favisse.</span> <span class='ocrx_word' id='word_1_288' title='bbox 1317 429 1363 453; x_wconf 72' lang='lat' dir='ltr'>sed</span> <span class='ocrx_word' id='word_1_289' title='bbox 1385 434 1410 454; x_wconf 86' lang='lat' dir='ltr'>et</span> <span class='ocrx_word' id='word_1_290' title='bbox 1432 434 1530 455; x_wconf 81' lang='lat' dir='ltr'>tantam</span> <span class='ocrx_word' id='word_1_291' title='bbox 1553 429 1590 455; x_wconf 84' lang='lat' dir='ltr'>illi</span> <span class='ocrx_word' id='word_1_292' title='bbox 1611 432 1752 465; x_wconf 83' lang='lat' dir='ltr'>pecuniam</span> <span class='ocrx_word' id='word_1_293' title='bbox 1769 431 1878 457; x_wconf 72' lang='lat' dir='ltr'>dedisse</span> 
     </span>
     <span class='ocr_line' id='line_1_39' title="bbox 1088 464 1878 502; baseline 0.006 -13"><span class='ocrx_word' id='word_1_294' title='bbox 1088 464 1194 490; x_wconf 76' lang='lat' dir='ltr'>lionoris</span> <span class='ocrx_word' id='word_1_295' title='bbox 1215 466 1267 490; x_wconf 89' lang='lat' dir='ltr'>mei</span> <span class='ocrx_word' id='word_1_296' title='bbox 1283 474 1388 491; x_wconf 65' lang='lat' dir='ltr'>(atissa.</span> <span class='ocrx_word' id='word_1_297' title='bbox 1429 466 1481 491; x_wconf 84' lang='lat' dir='ltr'>lloc</span> <span class='ocrx_word' id='word_1_298' title='bbox 1496 475 1546 499; x_wconf 64' lang='lat' dir='ltr'>ego</span> <span class='ocrx_word' id='word_1_299' title='bbox 1561 466 1650 492; x_wconf 83' lang='lat' dir='ltr'>dolore</span> <span class='ocrx_word' id='word_1_300' title='bbox 1665 474 1784 502; x_wconf 76' lang='lat' dir='ltr'>accepto.</span> <span class='ocrx_word' id='word_1_301' title='bbox 1805 468 1878 495; x_wconf 75' lang='lat' dir='ltr'>volui</span> 
     </span>
     <span class='ocr_line' id='line_1_40' title="bbox 1086 502 1878 540; baseline 0.008 -14"><span class='ocrx_word' id='word_1_302' title='bbox 1086 502 1154 527; x_wconf 74' lang='lat' dir='ltr'>scire</span> <span class='ocrx_word' id='word_1_303' title='bbox 1163 522 1168 530; x_wconf 87' lang='grc'>,</span> <span class='ocrx_word' id='word_1_304' title='bbox 1189 502 1255 536; x_wconf 85' lang='lat' dir='ltr'>quid</span> <span class='ocrx_word' id='word_1_305' title='bbox 1267 503 1420 537; x_wconf 68' lang='lat' dir='ltr'>scripsisset</span> <span class='ocrx_word' id='word_1_306' title='bbox 1431 503 1463 528; x_wconf 75' lang='lat' dir='ltr'>ad</span> <span class='ocrx_word' id='word_1_307' title='bbox 1477 509 1587 530; x_wconf 78' lang='lat' dir='ltr'>ceteros.</span> <span class='ocrx_word' id='word_1_308' title='bbox 1629 505 1680 538; x_wconf 61' lang='lat' dir='ltr'>{pai</span> <span class='ocrx_word' id='word_1_309' title='bbox 1692 506 1764 531; x_wconf 86' lang='lat' dir='ltr'>enim</span> <span class='ocrx_word' id='word_1_310' title='bbox 1777 506 1815 532; x_wconf 83' lang='lat' dir='ltr'>illi</span> <span class='ocrx_word' id='word_1_311' title='bbox 1828 514 1878 540; x_wconf 82' lang='lat' dir='ltr'>pu-</span> 
     </span>
     <span class='ocr_line' id='line_1_41' title="bbox 1087 539 1877 577; baseline 0.006 -13"><span class='ocrx_word' id='word_1_312' title='bbox 1087 539 1139 564; x_wconf 86' lang='lat' dir='ltr'>tavi</span> <span class='ocrx_word' id='word_1_313' title='bbox 1158 539 1337 573; x_wconf 70' lang='lat' dir='ltr'>perniciosum</span> <span class='ocrx_word' id='word_1_314' title='bbox 1351 539 1418 569; x_wconf 77' lang='lat' dir='ltr'>sore.</span> <span class='ocrx_word' id='word_1_315' title='bbox 1437 541 1459 566; x_wconf 64' lang='lat' dir='ltr'>ai</span> <span class='ocrx_word' id='word_1_316' title='bbox 1471 541 1531 566; x_wconf 72' lang='lat' dir='ltr'>eius</span> <span class='ocrx_word' id='word_1_317' title='bbox 1543 541 1591 566; x_wconf 69' lang='lat' dir='ltr'>hoe</span> <span class='ocrx_word' id='word_1_318' title='bbox 1604 546 1705 568; x_wconf 74' lang='lat' dir='ltr'>tantum</span> <span class='ocrx_word' id='word_1_319' title='bbox 1717 542 1806 568; x_wconf 71' lang='lat' dir='ltr'>scelus</span> <span class='ocrx_word' id='word_1_320' title='bbox 1817 552 1877 577; x_wconf 87' lang='lat' dir='ltr'>per-</span> 
     </span>
     <span class='ocr_line' id='line_1_42' title="bbox 1085 576 1874 613; baseline 0.008 -13"><span class='ocrx_word' id='word_1_321' title='bbox 1085 576 1257 602; x_wconf 72' lang='lat' dir='ltr'>crebruisset.</span> <span class='ocrx_word' id='word_1_322' title='bbox 1299 577 1417 609; x_wconf 67' lang='lat' dir='ltr'>Cognovi</span> <span class='ocrx_word' id='word_1_323' title='bbox 1433 577 1555 603; x_wconf 86' lang='lat' dir='ltr'>eiusdem</span> <span class='ocrx_word' id='word_1_324' title='bbox 1565 579 1685 613; x_wconf 68' lang='lat' dir='ltr'>generis:</span> <span class='ocrx_word' id='word_1_325' title='bbox 1718 579 1750 605; x_wconf 76' lang='lat' dir='ltr'>ad</span> <span class='ocrx_word' id='word_1_326' title='bbox 1762 584 1786 606; x_wconf 83' lang='lat' dir='ltr'>te</span> <span class='ocrx_word' id='word_1_327' title='bbox 1798 581 1874 606; x_wconf 66' lang='lat' dir='ltr'>misi:</span> 
     </span>
     <span class='ocr_line' id='line_1_43' title="bbox 1085 613 1876 648; baseline 0.006 -10"><span class='ocrx_word' id='word_1_328' title='bbox 1085 621 1153 647; x_wconf 74' lang='lat' dir='ltr'>quas</span> <span class='ocrx_word' id='word_1_329' title='bbox 1164 614 1186 639; x_wconf 86' lang='lat' dir='ltr'>si</span> <span class='ocrx_word' id='word_1_330' title='bbox 1202 613 1310 647; x_wconf 78' lang='lat' dir='ltr'>putabis</span> <span class='ocrx_word' id='word_1_331' title='bbox 1326 614 1364 640; x_wconf 86' lang='lat' dir='ltr'>illi</span> <span class='ocrx_word' id='word_1_332' title='bbox 1383 615 1433 648; x_wconf 83' lang='lat' dir='ltr'>ipsi</span> <span class='ocrx_word' id='word_1_333' title='bbox 1451 615 1514 640; x_wconf 84' lang='lat' dir='ltr'>utile</span> <span class='ocrx_word' id='word_1_334' title='bbox 1525 624 1583 641; x_wconf 75' lang='lat' dir='ltr'>esse</span> <span class='ocrx_word' id='word_1_335' title='bbox 1595 615 1684 646; x_wconf 77' lang='lat' dir='ltr'>reddi.</span> <span class='ocrx_word' id='word_1_336' title='bbox 1699 616 1806 648; x_wconf 54' lang='lat' dir='ltr'>redden</span> <span class='ocrx_word' id='word_1_337' title='bbox 1839 617 1876 643; x_wconf 88' lang='lat' dir='ltr'>nil</span> 
     </span>
     <span class='ocr_line' id='line_1_44' title="bbox 1087 650 1878 688; baseline 0.006 -13"><span class='ocrx_word' id='word_1_338' title='bbox 1087 659 1127 675; x_wconf 92' lang='lat' dir='ltr'>me</span> <span class='ocrx_word' id='word_1_339' title='bbox 1146 650 1240 677; x_wconf 82' lang='lat' dir='ltr'>laedet.</span> <span class='ocrx_word' id='word_1_340' title='bbox 1282 651 1347 677; x_wconf 76' lang='lat' dir='ltr'>Nam</span> <span class='ocrx_word' id='word_1_341' title='bbox 1358 651 1430 685; x_wconf 81' lang='lat' dir='ltr'>quod</span> <span class='ocrx_word' id='word_1_342' title='bbox 1443 653 1590 687; x_wconf 73' lang='lat' dir='ltr'>resignatae</span> <span class='ocrx_word' id='word_1_343' title='bbox 1603 658 1677 679; x_wconf 69' lang='lat' dir='ltr'>sunt:</span> <span class='ocrx_word' id='word_1_344' title='bbox 1714 653 1806 683; x_wconf 70' lang='lat' dir='ltr'>habet.</span> <span class='ocrx_word' id='word_1_345' title='bbox 1818 655 1878 688; x_wconf 90' lang='lat' dir='ltr'>opi-</span> 
     </span>
     <span class='ocr_line' id='line_1_45' title="bbox 1552 690 1877 717; baseline 0.003 -2"><span class='ocrx_word' id='word_1_346' title='bbox 1552 690 1604 715; x_wconf 85' lang='lat' dir='ltr'>llac</span> <span class='ocrx_word' id='word_1_347' title='bbox 1617 690 1660 715; x_wconf 83' lang='lat' dir='ltr'>ille</span> <span class='ocrx_word' id='word_1_348' title='bbox 1671 690 1814 716; x_wconf 77' lang='lat' dir='ltr'>acerbitate</span> <span class='ocrx_word' id='word_1_349' title='bbox 1827 691 1877 717; x_wconf 88' lang='lat' dir='ltr'>ini-</span> 
     </span>
    </p>

    <p class='ocr_par' dir='ltr' id='par_1_15' title="bbox 1062 725 1877 1059">
     <span class='ocr_line' id='line_1_46' title="bbox 1086 725 1877 760; baseline 0.004 -10"><span class='ocrx_word' id='word_1_350' title='bbox 1086 725 1122 750; x_wconf 87' lang='lat' dir='ltr'>tio</span> <span class='ocrx_word' id='word_1_351' title='bbox 1142 726 1320 758; x_wconf 63' lang='lat' dir='ltr'>navigationis</span> <span class='ocrx_word' id='word_1_352' title='bbox 1340 735 1425 760; x_wconf 86' lang='lat' dir='ltr'>quum</span> <span class='ocrx_word' id='word_1_353' title='bbox 1447 735 1513 752; x_wconf 79' lang='lat' dir='ltr'>usus</span> <span class='ocrx_word' id='word_1_354' title='bbox 1533 732 1616 755; x_wconf 72' lang='lat' dir='ltr'>esset.</span> <span class='ocrx_word' id='word_1_355' title='bbox 1640 732 1710 753; x_wconf 83' lang='lat' dir='ltr'>tanto</span> <span class='ocrx_word' id='word_1_356' title='bbox 1731 736 1772 753; x_wconf 88' lang='lat' dir='ltr'>me</span> <span class='ocrx_word' id='word_1_357' title='bbox 1787 727 1877 754; x_wconf 80' lang='lat' dir='ltr'>dolore</span> 
     </span>
     <span class='ocr_line' id='line_1_47' title="bbox 1062 762 1874 799; baseline 0.004 -12"><span class='ocrx_word' id='word_1_358' title='bbox 1062 787 1063 790; x_wconf 70' lang='grc'>,</span> <span class='ocrx_word' id='word_1_359' title='bbox 1085 762 1184 791; x_wconf 77' lang='lat' dir='ltr'>all&#39;ecit.</span> <span class='ocrx_word' id='word_1_360' title='bbox 1204 768 1230 788; x_wconf 85' lang='lat' dir='ltr'>ut</span> <span class='ocrx_word' id='word_1_361' title='bbox 1246 768 1336 796; x_wconf 83' lang='lat' dir='ltr'>postea</span> <span class='ocrx_word' id='word_1_362' title='bbox 1354 764 1495 789; x_wconf 82' lang='lat' dir='ltr'>iacuerim:</span> <span class='ocrx_word' id='word_1_363' title='bbox 1529 772 1615 798; x_wconf 86' lang='lat' dir='ltr'>neque</span> <span class='ocrx_word' id='word_1_364' title='bbox 1632 773 1703 790; x_wconf 88' lang='lat' dir='ltr'>nunc</span> <span class='ocrx_word' id='word_1_365' title='bbox 1715 769 1767 790; x_wconf 84' lang='lat' dir='ltr'>tam</span> <span class='ocrx_word' id='word_1_366' title='bbox 1780 773 1826 799; x_wconf 84' lang='lat' dir='ltr'>pro</span> <span class='ocrx_word' id='word_1_367' title='bbox 1838 774 1874 793; x_wconf 79' lang='lat' dir='ltr'>se.</span> 
     </span>
     <span class='ocr_line' id='line_1_48' title="bbox 1062 799 1877 833; baseline 0.005 -9"><span class='ocrx_word' id='word_1_368' title='bbox 1062 802 1063 817; x_wconf 69' lang='lat' dir='ltr'>l</span> <span class='ocrx_word' id='word_1_369' title='bbox 1085 808 1166 833; x_wconf 90' lang='lat' dir='ltr'>quam</span> <span class='ocrx_word' id='word_1_370' title='bbox 1186 804 1275 826; x_wconf 84' lang='lat' dir='ltr'>contra</span> <span class='ocrx_word' id='word_1_371' title='bbox 1297 808 1352 830; x_wconf 76' lang='lat' dir='ltr'>me,</span> <span class='ocrx_word' id='word_1_372' title='bbox 1376 799 1493 826; x_wconf 83' lang='lat' dir='ltr'>laborare</span> <span class='ocrx_word' id='word_1_373' title='bbox 1511 800 1619 826; x_wconf 82' lang='lat' dir='ltr'>dicitur.</span> <span class='ocrx_word' id='word_1_374' title='bbox 1659 803 1684 827; x_wconf 78' lang='lat'>3.</span> <span class='ocrx_word' id='word_1_375' title='bbox 1700 802 1735 828; x_wconf 85' lang='lat' dir='ltr'>lta</span> <span class='ocrx_word' id='word_1_376' title='bbox 1750 802 1877 828; x_wconf 71' lang='lat' dir='ltr'>omnibus</span> 
     </span>
     <span class='ocr_line' id='line_1_49' title="bbox 1062 826 1876 873; baseline 0.002 -11"><span class='ocrx_word' id='word_1_377' title='bbox 1062 826 1063 842; x_wconf 50' lang='lat'>¹</span> <span class='ocrx_word' id='word_1_378' title='bbox 1085 837 1165 862; x_wconf 86' lang='lat' dir='ltr'>rebus</span> <span class='ocrx_word' id='word_1_379' title='bbox 1182 845 1288 872; x_wconf 74' lang='lat' dir='ltr'>urgeor3</span> <span class='ocrx_word' id='word_1_380' title='bbox 1321 846 1390 872; x_wconf 85' lang='lat' dir='ltr'>quas</span> <span class='ocrx_word' id='word_1_381' title='bbox 1401 838 1533 863; x_wconf 81' lang='lat' dir='ltr'>sustinere</span> <span class='ocrx_word' id='word_1_382' title='bbox 1546 838 1592 864; x_wconf 84' lang='lat' dir='ltr'>vix</span> <span class='ocrx_word' id='word_1_383' title='bbox 1603 847 1727 872; x_wconf 79' lang='lat' dir='ltr'>possum.</span> <span class='ocrx_word' id='word_1_384' title='bbox 1745 838 1787 864; x_wconf 87' lang='lat' dir='ltr'>vel</span> <span class='ocrx_word' id='word_1_385' title='bbox 1799 838 1876 873; x_wconf 82' lang='lat' dir='ltr'>plane</span> 
     </span>
     <span class='ocr_line' id='line_1_50' title="bbox 1062 858 1877 910; baseline 0.005 -12"><span class='ocrx_word' id='word_1_386' title='bbox 1062 858 1064 894; x_wconf 68' lang='lat' dir='ltr'>l</span> <span class='ocrx_word' id='word_1_387' title='bbox 1085 873 1159 899; x_wconf 88' lang='lat' dir='ltr'>nullo</span> <span class='ocrx_word' id='word_1_388' title='bbox 1175 874 1253 900; x_wconf 87' lang='lat' dir='ltr'>modo</span> <span class='ocrx_word' id='word_1_389' title='bbox 1269 883 1390 908; x_wconf 86' lang='lat' dir='ltr'>possum.</span> <span class='ocrx_word' id='word_1_390' title='bbox 1430 875 1536 906; x_wconf 72' lang='lat' dir='ltr'>Quibus</span> <span class='ocrx_word' id='word_1_391' title='bbox 1548 876 1573 901; x_wconf 90' lang='lat' dir='ltr'>in</span> <span class='ocrx_word' id='word_1_392' title='bbox 1587 876 1703 901; x_wconf 81' lang='lat' dir='ltr'>miseriis</span> <span class='ocrx_word' id='word_1_393' title='bbox 1716 885 1766 902; x_wconf 89' lang='lat' dir='ltr'>una</span> <span class='ocrx_word' id='word_1_394' title='bbox 1779 881 1818 902; x_wconf 89' lang='lat' dir='ltr'>est</span> <span class='ocrx_word' id='word_1_395' title='bbox 1830 885 1877 910; x_wconf 87' lang='lat' dir='ltr'>pro</span> 
     </span>
     <span class='ocr_line' id='line_1_51' title="bbox 1062 906 1876 947; baseline 0.004 -11"><span class='ocrx_word' id='word_1_396' title='bbox 1062 906 1063 944; x_wconf 66' lang='lat' dir='ltr'>i</span> <span class='ocrx_word' id='word_1_397' title='bbox 1083 911 1220 941; x_wconf 80' lang='lat' dir='ltr'>omnibus,</span> <span class='ocrx_word' id='word_1_398' title='bbox 1233 911 1304 946; x_wconf 89' lang='lat' dir='ltr'>quod</span> <span class='ocrx_word' id='word_1_399' title='bbox 1317 912 1393 937; x_wconf 83' lang='lat' dir='ltr'>istam</span> <span class='ocrx_word' id='word_1_400' title='bbox 1407 913 1540 942; x_wconf 75' lang='lat' dir='ltr'>miseram.</span> <span class='ocrx_word' id='word_1_401' title='bbox 1555 918 1636 947; x_wconf 81' lang='lat' dir='ltr'>patre.</span> <span class='ocrx_word' id='word_1_402' title='bbox 1646 914 1815 947; x_wconf 77' lang='lat' dir='ltr'>patrimonio,</span> <span class='ocrx_word' id='word_1_403' title='bbox 1825 913 1876 939; x_wconf 77' lang='lat' dir='ltr'>sor-</span> 
     </span>
     <span class='ocr_line' id='line_1_52' title="bbox 1062 945 1877 986; baseline 0.004 -13"><span class='ocrx_word' id='word_1_404' title='bbox 1062 945 1063 986; x_wconf 55' lang='lat'>}</span> <span class='ocrx_word' id='word_1_405' title='bbox 1085 952 1147 974; x_wconf 91' lang='lat' dir='ltr'>tuna</span> <span class='ocrx_word' id='word_1_406' title='bbox 1158 949 1230 974; x_wconf 90' lang='lat' dir='ltr'>omni</span> <span class='ocrx_word' id='word_1_407' title='bbox 1242 948 1382 982; x_wconf 81' lang='lat' dir='ltr'>spoliatam</span> <span class='ocrx_word' id='word_1_408' title='bbox 1395 949 1556 984; x_wconf 90' lang='lat' dir='ltr'>relinquam.</span> <span class='ocrx_word' id='word_1_409' title='bbox 1596 950 1683 981; x_wconf 82' lang='lat' dir='ltr'>Quare</span> <span class='ocrx_word' id='word_1_410' title='bbox 1695 955 1732 980; x_wconf 87' lang='lat' dir='ltr'>te.</span> <span class='ocrx_word' id='word_1_411' title='bbox 1756 950 1877 985; x_wconf 87' lang='lat' dir='ltr'>utpolli-</span> 
     </span>
     <span class='ocr_line' id='line_1_53' title="bbox 1062 985 1875 1020; baseline 0.002 -9"><span class='ocrx_word' id='word_1_412' title='bbox 1062 990 1063 994; x_wconf 61' lang='lat'>¹</span> <span class='ocrx_word' id='word_1_413' title='bbox 1085 986 1166 1015; x_wconf 83' lang='lat' dir='ltr'>ceris.</span> <span class='ocrx_word' id='word_1_414' title='bbox 1190 985 1280 1011; x_wconf 86' lang='lat' dir='ltr'>videre</span> <span class='ocrx_word' id='word_1_415' title='bbox 1302 986 1380 1020; x_wconf 88' lang='lat' dir='ltr'>plane</span> <span class='ocrx_word' id='word_1_416' title='bbox 1400 986 1492 1012; x_wconf 88' lang='lat' dir='ltr'>velim.</span> <span class='ocrx_word' id='word_1_417' title='bbox 1532 986 1621 1013; x_wconf 77' lang='lat' dir='ltr'>Alium</span> <span class='ocrx_word' id='word_1_418' title='bbox 1638 988 1724 1014; x_wconf 90' lang='lat' dir='ltr'>enim.</span> <span class='ocrx_word' id='word_1_419' title='bbox 1741 987 1785 1013; x_wconf 85' lang='lat' dir='ltr'>cui</span> <span class='ocrx_word' id='word_1_420' title='bbox 1803 987 1875 1013; x_wconf 83' lang='lat' dir='ltr'>illam</span> 
     </span>
     <span class='ocr_line' id='line_1_54' title="bbox 1062 1022 1877 1059; baseline 0.004 -12"><span class='ocrx_word' id='word_1_421' title='bbox 1062 1024 1063 1034; x_wconf 68' lang='lat'>¹</span> <span class='ocrx_word' id='word_1_422' title='bbox 1084 1022 1283 1053; x_wconf 70' lang='lat' dir='ltr'>commendem,</span> <span class='ocrx_word' id='word_1_423' title='bbox 1308 1023 1392 1049; x_wconf 84' lang='lat' dir='ltr'>habeo</span> <span class='ocrx_word' id='word_1_424' title='bbox 1403 1024 1551 1055; x_wconf 86' lang='lat' dir='ltr'>neminem;</span> <span class='ocrx_word' id='word_1_425' title='bbox 1581 1025 1708 1059; x_wconf 83' lang='lat' dir='ltr'>quoniam</span> <span class='ocrx_word' id='word_1_426' title='bbox 1721 1025 1877 1059; x_wconf 79' lang='lat' dir='ltr'>man-iquo-</span> 
     </span>
    </p>

    <p class='ocr_par' dir='ltr' id='par_1_16' title="bbox 1062 1059 1876 1208">
     <span class='ocr_line' id='line_1_55' title="bbox 1084 1059 1875 1095; baseline 0.005 -11"><span class='ocrx_word' id='word_1_427' title='bbox 1084 1068 1137 1094; x_wconf 91' lang='lat' dir='ltr'>que</span> <span class='ocrx_word' id='word_1_428' title='bbox 1153 1059 1246 1085; x_wconf 87' lang='lat' dir='ltr'>eadem</span> <span class='ocrx_word' id='word_1_429' title='bbox 1263 1060 1383 1086; x_wconf 77' lang='lat' dir='ltr'>intellexi</span> <span class='ocrx_word' id='word_1_430' title='bbox 1394 1069 1452 1086; x_wconf 85' lang='lat' dir='ltr'>esse</span> <span class='ocrx_word' id='word_1_431' title='bbox 1465 1067 1563 1095; x_wconf 81' lang='lat' dir='ltr'>parata,</span> <span class='ocrx_word' id='word_1_432' title='bbox 1577 1069 1645 1095; x_wconf 75' lang='lat' dir='ltr'>quae</span> <span class='ocrx_word' id='word_1_433' title='bbox 1657 1062 1734 1087; x_wconf 86' lang='lat' dir='ltr'>mihi.</span> <span class='ocrx_word' id='word_1_434' title='bbox 1775 1061 1826 1087; x_wconf 83' lang='lat' dir='ltr'>Sed</span> <span class='ocrx_word' id='word_1_435' title='bbox 1837 1084 1840 1088; x_wconf 86' lang='lat'>.</span> <span class='ocrx_word' id='word_1_436' title='bbox 1853 1063 1875 1088; x_wconf 86' lang='lat' dir='ltr'>si</span> 
     </span>
     <span class='ocr_line' id='line_1_56' title="bbox 1062 1081 1873 1127; baseline 0.002 -5"><span class='ocrx_word' id='word_1_437' title='bbox 1062 1081 1064 1117; x_wconf 68' lang='lat' dir='ltr'>l</span> <span class='ocrx_word' id='word_1_438' title='bbox 1085 1105 1127 1122; x_wconf 88' lang='lat' dir='ltr'>me</span> <span class='ocrx_word' id='word_1_439' title='bbox 1144 1106 1195 1123; x_wconf 93' lang='lat' dir='ltr'>non</span> <span class='ocrx_word' id='word_1_440' title='bbox 1210 1097 1342 1127; x_wconf 78' lang='lat' dir='ltr'>offendes,</span> <span class='ocrx_word' id='word_1_441' title='bbox 1360 1098 1425 1124; x_wconf 86' lang='lat' dir='ltr'>satis</span> <span class='ocrx_word' id='word_1_442' title='bbox 1441 1103 1528 1124; x_wconf 85' lang='lat' dir='ltr'>tamen</span> <span class='ocrx_word' id='word_1_443' title='bbox 1545 1098 1640 1124; x_wconf 84' lang='lat' dir='ltr'>habeto</span> <span class='ocrx_word' id='word_1_444' title='bbox 1651 1099 1873 1124; x_wconf 66' lang='lat' dir='ltr'>commendatam.</span> 
     </span>
     <span class='ocr_line' id='line_1_57' title="bbox 1062 1129 1875 1171; baseline 0.004 -12"><span class='ocrx_word' id='word_1_445' title='bbox 1062 1129 1063 1159; x_wconf 75' lang='lat' dir='ltr'>l</span> <span class='ocrx_word' id='word_1_446' title='bbox 1084 1139 1265 1169; x_wconf 81' lang='lat' dir='ltr'>patruumque</span> <span class='ocrx_word' id='word_1_447' title='bbox 1276 1135 1302 1160; x_wconf 92' lang='lat' dir='ltr'>in</span> <span class='ocrx_word' id='word_1_448' title='bbox 1315 1143 1354 1164; x_wconf 76' lang='lat' dir='ltr'>ea.</span> <span class='ocrx_word' id='word_1_449' title='bbox 1371 1140 1501 1169; x_wconf 86' lang='lat' dir='ltr'>quantum</span> <span class='ocrx_word' id='word_1_450' title='bbox 1514 1136 1621 1170; x_wconf 87' lang='lat' dir='ltr'>poteris.</span> <span class='ocrx_word' id='word_1_451' title='bbox 1636 1136 1766 1171; x_wconf 80' lang='lat' dir='ltr'>mitigato.</span> <span class='ocrx_word' id='word_1_452' title='bbox 1808 1137 1875 1162; x_wconf 81' lang='lat' dir='ltr'>llaec</span> 
     </span>
     <span class='ocr_line' id='line_1_58' title="bbox 1062 1167 1876 1208; baseline 0.004 -12"><span class='ocrx_word' id='word_1_453' title='bbox 1062 1167 1063 1190; x_wconf 60' lang='lat' dir='ltr'>l</span> <span class='ocrx_word' id='word_1_454' title='bbox 1085 1171 1117 1196; x_wconf 91' lang='lat' dir='ltr'>ad</span> <span class='ocrx_word' id='word_1_455' title='bbox 1141 1175 1165 1197; x_wconf 88' lang='lat' dir='ltr'>te</span> <span class='ocrx_word' id='word_1_456' title='bbox 1181 1171 1224 1197; x_wconf 89' lang='lat' dir='ltr'>die</span> <span class='ocrx_word' id='word_1_457' title='bbox 1241 1171 1321 1198; x_wconf 87' lang='lat' dir='ltr'>natali</span> <span class='ocrx_word' id='word_1_458' title='bbox 1337 1180 1396 1198; x_wconf 87' lang='lat' dir='ltr'>meo</span> <span class='ocrx_word' id='word_1_459' title='bbox 1411 1173 1522 1207; x_wconf 83' lang='lat' dir='ltr'>scripsi:</span> <span class='ocrx_word' id='word_1_460' title='bbox 1555 1181 1608 1206; x_wconf 89' lang='lat' dir='ltr'>quo</span> <span class='ocrx_word' id='word_1_461' title='bbox 1621 1173 1722 1199; x_wconf 88' lang='lat' dir='ltr'>utinam</span> <span class='ocrx_word' id='word_1_462' title='bbox 1733 1179 1876 1208; x_wconf 84' lang='lat' dir='ltr'>susceptus</span> 
     </span>
    </p>

    <p class='ocr_par' dir='ltr' id='par_1_17' title="bbox 1085 1209 1875 1245">
     <span class='ocr_line' id='line_1_59' title="bbox 1085 1209 1875 1245; baseline 0.004 -11"><span class='ocrx_word' id='word_1_463' title='bbox 1085 1216 1137 1234; x_wconf 91' lang='lat' dir='ltr'>non</span> <span class='ocrx_word' id='word_1_464' title='bbox 1153 1216 1253 1239; x_wconf 78' lang='lat' dir='ltr'>essem,</span> <span class='ocrx_word' id='word_1_465' title='bbox 1274 1213 1320 1235; x_wconf 86' lang='lat' dir='ltr'>aut</span> <span class='ocrx_word' id='word_1_466' title='bbox 1335 1217 1367 1235; x_wconf 90' lang='lat' dir='ltr'>ne</span> <span class='ocrx_word' id='word_1_467' title='bbox 1382 1209 1449 1243; x_wconf 84' lang='lat' dir='ltr'>quid</span> <span class='ocrx_word' id='word_1_468' title='bbox 1464 1218 1497 1236; x_wconf 84' lang='lat' dir='ltr'>ex</span> <span class='ocrx_word' id='word_1_469' title='bbox 1515 1209 1608 1235; x_wconf 87' lang='lat' dir='ltr'>eadem</span> <span class='ocrx_word' id='word_1_470' title='bbox 1625 1214 1707 1236; x_wconf 87' lang='lat' dir='ltr'>matre</span> <span class='ocrx_word' id='word_1_471' title='bbox 1722 1215 1812 1245; x_wconf 81' lang='lat' dir='ltr'>postea</span> <span class='ocrx_word' id='word_1_472' title='bbox 1829 1219 1875 1237; x_wconf 83' lang='lat' dir='ltr'>na-</span> 
     </span>
    </p>
   </div>
   <div class='ocr_carea' id='block_1_15' title="bbox 238 1244 1702 1282">
    <p class='ocr_par' dir='ltr' id='par_1_18' title="bbox 238 1244 1702 1282">
     <span class='ocr_line' id='line_1_60' title="bbox 238 1244 1702 1282; baseline 0.003 -13"><span class='ocrx_word' id='word_1_473' title='bbox 238 1245 376 1270; x_wconf 83' lang='lat' dir='ltr'>cissimus.</span> <span class='ocrx_word' id='word_1_474' title='bbox 410 1244 526 1276; x_wconf 86' lang='lat' dir='ltr'>Quintus</span> <span class='ocrx_word' id='word_1_475' title='bbox 538 1245 611 1271; x_wconf 86' lang='lat' dir='ltr'>misit</span> <span class='ocrx_word' id='word_1_476' title='bbox 623 1245 708 1271; x_wconf 86' lang='lat' dir='ltr'>lilium</span> <span class='ocrx_word' id='word_1_477' title='bbox 721 1255 772 1272; x_wconf 91' lang='lat' dir='ltr'>non</span> <span class='ocrx_word' id='word_1_478' title='bbox 784 1246 872 1273; x_wconf 90' lang='lat' dir='ltr'>solum</span> <span class='ocrx_word' id='word_1_479' title='bbox 883 1247 926 1273; x_wconf 91' lang='lat' dir='ltr'>sui</span> <span class='ocrx_word' id='word_1_480' title='bbox 937 1247 1034 1282; x_wconf 87' lang='lat' dir='ltr'>depre-</span> <span class='ocrx_word' id='word_1_481' title='bbox 1054 1253 1057 1271; x_wconf 73' lang='grc' dir='ltr'><strong><em>ι</em></strong></span> <span class='ocrx_word' id='word_1_482' title='bbox 1085 1250 1141 1272; x_wconf 92' lang='lat' dir='ltr'>tum</span> <span class='ocrx_word' id='word_1_483' title='bbox 1153 1246 1235 1272; x_wconf 74' lang='lat' dir='ltr'>esset!</span> <span class='ocrx_word' id='word_1_484' title='bbox 1258 1245 1336 1272; x_wconf 83' lang='lat' dir='ltr'>l&#39;lura</span> <span class='ocrx_word' id='word_1_485' title='bbox 1347 1246 1464 1272; x_wconf 88' lang='lat' dir='ltr'>scribere</span> <span class='ocrx_word' id='word_1_486' title='bbox 1475 1245 1537 1273; x_wconf 87' lang='lat' dir='ltr'>ssetu</span> <span class='ocrx_word' id='word_1_487' title='bbox 1549 1246 1702 1282; x_wconf 86' lang='lat' dir='ltr'>prohibeor.</span> 
     </span>
    </p>
   </div>
   <div class='ocr_carea' id='block_1_16' title="bbox 239 1281 812 1311">
    <p class='ocr_par' dir='ltr' id='par_1_19' title="bbox 239 1281 812 1311">
     <span class='ocr_line' id='line_1_61' title="bbox 239 1281 812 1311; baseline 0.005 -4"><span class='ocrx_word' id='word_1_488' title='bbox 239 1286 368 1311; x_wconf 64' lang='lat' dir='ltr'>calorem.</span> <span class='ocrx_word' id='word_1_489' title='bbox 391 1281 437 1307; x_wconf 71' lang='lat' dir='ltr'>scd</span> <span class='ocrx_word' id='word_1_490' title='bbox 458 1283 536 1307; x_wconf 71' lang='lat' dir='ltr'>ellam</span> <span class='ocrx_word' id='word_1_491' title='bbox 553 1287 733 1309; x_wconf 63' lang='lat' dir='ltr'>accusatorem</span> <span class='ocrx_word' id='word_1_492' title='bbox 750 1284 812 1310; x_wconf 74' lang='lat' dir='ltr'>mei,</span> 
     </span>
    </p>
   </div>
   <div class='ocr_carea' id='block_1_17' title="bbox 236 1356 1056 1613">
    <p class='ocr_par' dir='ltr' id='par_1_20' title="bbox 236 1356 1056 1613">
     <span class='ocr_line' id='line_1_62' title="bbox 239 1356 1056 1392; baseline 0.002 -11"><span class='ocrx_word' id='word_1_493' title='bbox 239 1356 296 1390; x_wconf 88' lang='lat' dir='ltr'>ipse</span> <span class='ocrx_word' id='word_1_494' title='bbox 307 1364 454 1390; x_wconf 87' lang='lat' dir='ltr'>omnesque</span> <span class='ocrx_word' id='word_1_495' title='bbox 466 1356 525 1382; x_wconf 87' lang='lat' dir='ltr'>eius</span> <span class='ocrx_word' id='word_1_496' title='bbox 537 1357 627 1383; x_wconf 85' lang='lat' dir='ltr'>amici.</span> <span class='ocrx_word' id='word_1_497' title='bbox 665 1358 757 1392; x_wconf 85' lang='lat' dir='ltr'>Neque</span> <span class='ocrx_word' id='word_1_498' title='bbox 769 1367 832 1384; x_wconf 82' lang='lat' dir='ltr'>vero</span> <span class='ocrx_word' id='word_1_499' title='bbox 842 1358 956 1390; x_wconf 82' lang='lat' dir='ltr'>desistit,</span> <span class='ocrx_word' id='word_1_500' title='bbox 971 1359 1034 1385; x_wconf 92' lang='lat' dir='ltr'>ubi-</span> <span class='ocrx_word' id='word_1_501' title='bbox 1054 1364 1056 1383; x_wconf 87' lang='grc' dir='ltr'>Ι</span> 
     </span>
     <span class='ocr_line' id='line_1_63' title="bbox 238 1393 917 1427; baseline 0.007 -10"><span class='ocrx_word' id='word_1_502' title='bbox 238 1401 354 1427; x_wconf 84' lang='lat' dir='ltr'>cumque</span> <span class='ocrx_word' id='word_1_503' title='bbox 374 1397 426 1423; x_wconf 85' lang='lat' dir='ltr'>est,</span> <span class='ocrx_word' id='word_1_504' title='bbox 440 1393 529 1419; x_wconf 89' lang='lat' dir='ltr'>omnia</span> <span class='ocrx_word' id='word_1_505' title='bbox 542 1395 568 1420; x_wconf 93' lang='lat' dir='ltr'>in</span> <span class='ocrx_word' id='word_1_506' title='bbox 581 1402 623 1420; x_wconf 90' lang='lat' dir='ltr'>me</span> <span class='ocrx_word' id='word_1_507' title='bbox 635 1394 775 1421; x_wconf 85' lang='lat' dir='ltr'>maledicta</span> <span class='ocrx_word' id='word_1_508' title='bbox 787 1395 917 1422; x_wconf 80' lang='lat' dir='ltr'>conferre.</span> 
     </span>
     <span class='ocr_line' id='line_1_64' title="bbox 239 1430 1032 1464; baseline 0.006 -9"><span class='ocrx_word' id='word_1_509' title='bbox 239 1430 306 1456; x_wconf 88' lang='lat' dir='ltr'>mihi</span> <span class='ocrx_word' id='word_1_510' title='bbox 327 1438 455 1464; x_wconf 89' lang='lat' dir='ltr'>umquam</span> <span class='ocrx_word' id='word_1_511' title='bbox 478 1435 530 1456; x_wconf 85' lang='lat' dir='ltr'>tam</span> <span class='ocrx_word' id='word_1_512' title='bbox 551 1431 710 1458; x_wconf 82' lang='lat' dir='ltr'>incredibile</span> <span class='ocrx_word' id='word_1_513' title='bbox 731 1432 840 1463; x_wconf 82' lang='lat' dir='ltr'>accidit,</span> <span class='ocrx_word' id='word_1_514' title='bbox 859 1433 926 1459; x_wconf 87' lang='lat' dir='ltr'>nibil</span> <span class='ocrx_word' id='word_1_515' title='bbox 942 1434 970 1460; x_wconf 90' lang='lat' dir='ltr'>in</span> <span class='ocrx_word' id='word_1_516' title='bbox 990 1433 1032 1460; x_wconf 91' lang='lat' dir='ltr'>his</span> 
     </span>
     <span class='ocr_line' id='line_1_65' title="bbox 238 1467 1032 1505; baseline 0.006 -13"><span class='ocrx_word' id='word_1_517' title='bbox 238 1467 316 1493; x_wconf 88' lang='lat' dir='ltr'>malis</span> <span class='ocrx_word' id='word_1_518' title='bbox 339 1471 392 1493; x_wconf 88' lang='lat' dir='ltr'>tam</span> <span class='ocrx_word' id='word_1_519' title='bbox 413 1467 550 1494; x_wconf 89' lang='lat' dir='ltr'>acerbum.</span> <span class='ocrx_word' id='word_1_520' title='bbox 590 1468 642 1500; x_wconf 89' lang='lat' dir='ltr'>Qui</span> <span class='ocrx_word' id='word_1_521' title='bbox 658 1477 692 1495; x_wconf 79' lang='lat' dir='ltr'>ex</span> <span class='ocrx_word' id='word_1_522' title='bbox 708 1469 766 1504; x_wconf 87' lang='lat' dir='ltr'>ipso</span> <span class='ocrx_word' id='word_1_523' title='bbox 777 1469 929 1502; x_wconf 84' lang='lat' dir='ltr'>audissent,</span> <span class='ocrx_word' id='word_1_524' title='bbox 947 1479 1032 1505; x_wconf 92' lang='lat' dir='ltr'>quum</span> 
     </span>
     <span class='ocr_line' id='line_1_66' title="bbox 237 1504 1033 1542; baseline 0.006 -13"><span class='ocrx_word' id='word_1_525' title='bbox 237 1504 351 1540; x_wconf 79' lang='lat' dir='ltr'>Sicyone</span> <span class='ocrx_word' id='word_1_526' title='bbox 368 1504 455 1539; x_wconf 90' lang='lat' dir='ltr'>palam</span> <span class='ocrx_word' id='word_1_527' title='bbox 477 1505 569 1531; x_wconf 90' lang='lat' dir='ltr'>multis</span> <span class='ocrx_word' id='word_1_528' title='bbox 585 1505 757 1533; x_wconf 85' lang='lat' dir='ltr'>audientibus</span> <span class='ocrx_word' id='word_1_529' title='bbox 775 1506 940 1542; x_wconf 73' lang='lat' dir='ltr'>loqueretur,</span> <span class='ocrx_word' id='word_1_530' title='bbox 958 1507 1033 1534; x_wconf 81' lang='lat' dir='ltr'>nefa-</span> 
     </span>
     <span class='ocr_line' id='line_1_67' title="bbox 237 1541 1032 1580; baseline 0.005 -13"><span class='ocrx_word' id='word_1_531' title='bbox 237 1542 275 1567; x_wconf 89' lang='lat' dir='ltr'>ria</span> <span class='ocrx_word' id='word_1_532' title='bbox 291 1542 422 1576; x_wconf 85' lang='lat' dir='ltr'>quaedam</span> <span class='ocrx_word' id='word_1_533' title='bbox 438 1541 470 1567; x_wconf 88' lang='lat' dir='ltr'>ad</span> <span class='ocrx_word' id='word_1_534' title='bbox 483 1551 524 1568; x_wconf 90' lang='lat' dir='ltr'>me</span> <span class='ocrx_word' id='word_1_535' title='bbox 536 1542 712 1577; x_wconf 88' lang='lat' dir='ltr'>pertulerunt.</span> <span class='ocrx_word' id='word_1_536' title='bbox 753 1545 828 1570; x_wconf 86' lang='lat' dir='ltr'>Nosti</span> <span class='ocrx_word' id='word_1_537' title='bbox 839 1553 939 1580; x_wconf 83' lang='lat' dir='ltr'>genus,</span> <span class='ocrx_word' id='word_1_538' title='bbox 952 1545 1032 1571; x_wconf 88' lang='lat' dir='ltr'>etiam</span> 
     </span>
     <span class='ocr_line' id='line_1_68' title="bbox 236 1578 1030 1613; baseline 0.006 -9"><span class='ocrx_word' id='word_1_539' title='bbox 236 1584 364 1613; x_wconf 82' lang='lat' dir='ltr'>expertus</span> <span class='ocrx_word' id='word_1_540' title='bbox 378 1588 407 1605; x_wconf 92' lang='lat' dir='ltr'>es</span> <span class='ocrx_word' id='word_1_541' title='bbox 423 1578 546 1611; x_wconf 84' lang='lat' dir='ltr'>sortasse;</span> <span class='ocrx_word' id='word_1_542' title='bbox 580 1581 607 1606; x_wconf 90' lang='lat' dir='ltr'>in</span> <span class='ocrx_word' id='word_1_543' title='bbox 624 1588 666 1606; x_wconf 90' lang='lat' dir='ltr'>me</span> <span class='ocrx_word' id='word_1_544' title='bbox 682 1580 709 1606; x_wconf 89' lang='lat' dir='ltr'>id</span> <span class='ocrx_word' id='word_1_545' title='bbox 719 1585 759 1607; x_wconf 88' lang='lat' dir='ltr'>est</span> <span class='ocrx_word' id='word_1_546' title='bbox 769 1589 848 1608; x_wconf 86' lang='lat' dir='ltr'>omne</span> <span class='ocrx_word' id='word_1_547' title='bbox 858 1590 1030 1608; x_wconf 88' lang='lat' dir='ltr'>conversum.</span> 
     </span>
    </p>
   </div>
   <div class='ocr_carea' id='block_1_18' title="bbox 236 1616 1056 1651">
    <p class='ocr_par' dir='ltr' id='par_1_21' title="bbox 236 1616 1056 1651">
     <span class='ocr_line' id='line_1_69' title="bbox 236 1616 1056 1651; baseline 0.005 -10"><span class='ocrx_word' id='word_1_548' title='bbox 236 1616 290 1642; x_wconf 86' lang='lat' dir='ltr'>Sed</span> <span class='ocrx_word' id='word_1_549' title='bbox 309 1624 394 1651; x_wconf 81' lang='lat' dir='ltr'>augeo</span> <span class='ocrx_word' id='word_1_550' title='bbox 414 1617 647 1643; x_wconf 88' lang='lat' dir='ltr'>commemorando</span> <span class='ocrx_word' id='word_1_551' title='bbox 668 1617 800 1650; x_wconf 85' lang='lat' dir='ltr'>dolorem,</span> <span class='ocrx_word' id='word_1_552' title='bbox 822 1623 848 1644; x_wconf 89' lang='lat' dir='ltr'>et</span> <span class='ocrx_word' id='word_1_553' title='bbox 868 1618 936 1646; x_wconf 82' lang='lat' dir='ltr'>facio</span> <span class='ocrx_word' id='word_1_554' title='bbox 951 1620 1032 1645; x_wconf 89' lang='lat' dir='ltr'>etiam</span> <span class='ocrx_word' id='word_1_555' title='bbox 1054 1618 1056 1636; x_wconf 50' lang='grc' dir='ltr'><strong>ἶ</strong></span> 
     </span>
    </p>
   </div>
   <div class='ocr_carea' id='block_1_19' title="bbox 336 1644 1056 1686">
    <p class='ocr_par' dir='ltr' id='par_1_22' title="bbox 336 1644 1056 1686">
     <span class='ocr_line' id='line_1_70' title="bbox 336 1644 1056 1686; baseline 0.007 -8"><span class='ocrx_word' id='word_1_556' title='bbox 336 1654 422 1685; x_wconf 85' lang='lat' dir='ltr'>Quare</span> <span class='ocrx_word' id='word_1_557' title='bbox 438 1653 471 1679; x_wconf 85' lang='lat' dir='ltr'>ad</span> <span class='ocrx_word' id='word_1_558' title='bbox 483 1653 551 1680; x_wconf 87' lang='lat' dir='ltr'>illud</span> <span class='ocrx_word' id='word_1_559' title='bbox 562 1654 654 1681; x_wconf 90' lang='lat' dir='ltr'>redeo:</span> <span class='ocrx_word' id='word_1_560' title='bbox 677 1663 753 1686; x_wconf 70' lang='lat' dir='ltr'>cura„</span> <span class='ocrx_word' id='word_1_561' title='bbox 771 1660 800 1682; x_wconf 93' lang='lat' dir='ltr'>ut</span> <span class='ocrx_word' id='word_1_562' title='bbox 810 1655 893 1682; x_wconf 88' lang='lat' dir='ltr'>huius</span> <span class='ocrx_word' id='word_1_563' title='bbox 905 1657 943 1682; x_wconf 86' lang='lat' dir='ltr'>rei</span> <span class='ocrx_word' id='word_1_564' title='bbox 954 1665 1033 1683; x_wconf 87' lang='lat' dir='ltr'>caus·</span> <span class='ocrx_word' id='word_1_565' title='bbox 1054 1644 1056 1680; x_wconf 73' lang='lat' dir='ltr'>l</span> 
     </span>
    </p>
   </div>
   <div class='ocr_carea' id='block_1_20' title="bbox 235 1653 296 1679">
    <p class='ocr_par' dir='ltr' id='par_1_23' title="bbox 235 1653 296 1679">
     <span class='ocr_line' id='line_1_71' title="bbox 235 1653 296 1679; baseline 0 0"><span class='ocrx_word' id='word_1_566' title='bbox 235 1653 296 1679; x_wconf 89' lang='lat' dir='ltr'>tibi.</span> 
     </span>
    </p>
   </div>
   <div class='ocr_carea' id='block_1_21' title="bbox 240 1276 1063 1362">
    <p class='ocr_par' dir='ltr' id='par_1_24' title="bbox 240 1276 1063 1362">
     <span class='ocr_line' id='line_1_72' title="bbox 854 1276 1063 1311; baseline 0 -1"><span class='ocrx_word' id='word_1_567' title='bbox 854 1285 960 1310; x_wconf 87' lang='lat' dir='ltr'>Dictitat</span> <span class='ocrx_word' id='word_1_568' title='bbox 975 1293 1003 1311; x_wconf 89' lang='lat' dir='ltr'>se</span> <span class='ocrx_word' id='word_1_569' title='bbox 1019 1293 1033 1310; x_wconf 91' lang='lat' dir='ltr'>a</span> <span class='ocrx_word' id='word_1_570' title='bbox 1054 1276 1063 1309; x_wconf 67' lang='lat' dir='ltr'>i</span> 
     </span>
     <span class='ocr_line' id='line_1_73' title="bbox 240 1318 1057 1362; baseline 0.006 -19"><span class='ocrx_word' id='word_1_571' title='bbox 240 1327 283 1344; x_wconf 87' lang='lat' dir='ltr'>me</span> <span class='ocrx_word' id='word_1_572' title='bbox 304 1318 375 1352; x_wconf 88' lang='lat' dir='ltr'>apud</span> <span class='ocrx_word' id='word_1_573' title='bbox 392 1318 531 1344; x_wconf 81' lang='lat' dir='ltr'>Caesarem</span> <span class='ocrx_word' id='word_1_574' title='bbox 547 1321 712 1355; x_wconf 80' lang='lat' dir='ltr'>oppugnari!</span> <span class='ocrx_word' id='word_1_575' title='bbox 744 1321 817 1355; x_wconf 89' lang='lat' dir='ltr'>quod</span> <span class='ocrx_word' id='word_1_576' title='bbox 829 1321 926 1348; x_wconf 78' lang='lat' dir='ltr'>refellit</span> <span class='ocrx_word' id='word_1_577' title='bbox 938 1322 1034 1348; x_wconf 88' lang='lat' dir='ltr'>Caesar</span> <span class='ocrx_word' id='word_1_578' title='bbox 1054 1323 1057 1362; x_wconf 83' lang='grc' dir='ltr'>Ι</span> 
     </span>
    </p>
   </div>
   <div class='ocr_carea' id='block_1_22' title="bbox 958 1395 1063 1422">
    <p class='ocr_par' dir='ltr' id='par_1_25' title="bbox 958 1395 1063 1422">
     <span class='ocr_line' id='line_1_74' title="bbox 958 1395 1063 1422; baseline 0 0"><span class='ocrx_word' id='word_1_579' title='bbox 958 1395 1032 1422; x_wconf 89' lang='lat' dir='ltr'>Nihil</span> <span class='ocrx_word' id='word_1_580' title='bbox 1062 1409 1063 1413; x_wconf 65' lang='lat'><em>=</em></span> 
     </span>
    </p>
   </div>
   <div class='ocr_carea' id='block_1_23' title="bbox 1135 1315 1557 1339">
    <p class='ocr_par' dir='ltr' id='par_1_26' title="bbox 1135 1315 1557 1339">
     <span class='ocr_line' id='line_1_75' title="bbox 1135 1315 1557 1339; baseline -0.002 -4"><span class='ocrx_word' id='word_1_581' title='bbox 1135 1315 1164 1335; x_wconf 79' lang='grc' dir='ltr'>Χ.</span> <span class='ocrx_word' id='word_1_582' title='bbox 1188 1317 1299 1339; x_wconf 63' lang='lat' dir='ltr'>(Brundisii.</span> <span class='ocrx_word' id='word_1_583' title='bbox 1309 1318 1388 1336; x_wconf 69' lang='lat' dir='ltr'>cauare</span> <span class='ocrx_word' id='word_1_584' title='bbox 1400 1320 1491 1335; x_wconf 70' lang='lat' dir='ltr'>ductat-nc</span> <span class='ocrx_word' id='word_1_585' title='bbox 1503 1320 1557 1339; x_wconf 44' lang='lat' dir='ltr'>rofi.</span> 
     </span>
    </p>
   </div>
   <div class='ocr_carea' id='block_1_24' title="bbox 1080 1360 1878 1691">
    <p class='ocr_par' dir='ltr' id='par_1_27' title="bbox 1270 1360 1688 1387">
     <span class='ocr_line' id='line_1_76' title="bbox 1270 1360 1688 1387; baseline 0 0"><span class='ocrx_word' id='word_1_586' title='bbox 1270 1360 1370 1387; x_wconf 91' lang='lat' dir='ltr'>ClCE</span> <span class='ocrx_word' id='word_1_587' title='bbox 1385 1361 1437 1387; x_wconf 69' lang='grc' dir='ltr'>ΠΟ</span> <span class='ocrx_word' id='word_1_588' title='bbox 1467 1360 1633 1387; x_wconf 72' lang='lat' dir='ltr'>ATTICO</span> <span class='ocrx_word' id='word_1_589' title='bbox 1661 1360 1688 1387; x_wconf 89' lang='lat' dir='ltr'>S.</span> 
     </span>
    </p>

    <p class='ocr_par' dir='ltr' id='par_1_28' title="bbox 1080 1393 1878 1691">
     <span class='ocr_line' id='line_1_77' title="bbox 1142 1393 1875 1433; baseline 0 -9"><span class='ocrx_word' id='word_1_590' title='bbox 1142 1398 1165 1424; x_wconf 78' lang='lat' dir='ltr'>l.</span> <span class='ocrx_word' id='word_1_591' title='bbox 1182 1393 1229 1423; x_wconf 82' lang='lat' dir='ltr'>Ad</span> <span class='ocrx_word' id='word_1_592' title='bbox 1240 1406 1313 1424; x_wconf 87' lang='lat' dir='ltr'>meas</span> <span class='ocrx_word' id='word_1_593' title='bbox 1324 1398 1497 1424; x_wconf 86' lang='lat' dir='ltr'>incredibiles</span> <span class='ocrx_word' id='word_1_594' title='bbox 1507 1398 1690 1433; x_wconf 82' lang='lat' dir='ltr'>aegritudines</span> <span class='ocrx_word' id='word_1_595' title='bbox 1698 1397 1802 1433; x_wconf 77' lang='lat' dir='ltr'>aliquid</span> <span class='ocrx_word' id='word_1_596' title='bbox 1813 1399 1875 1424; x_wconf 83' lang='lat' dir='ltr'>novi</span> 
     </span>
     <span class='ocr_line' id='line_1_78' title="bbox 1082 1434 1878 1470; baseline 0 -9"><span class='ocrx_word' id='word_1_597' title='bbox 1082 1435 1185 1462; x_wconf 85' lang='lat' dir='ltr'>accedit</span> <span class='ocrx_word' id='word_1_598' title='bbox 1196 1443 1230 1461; x_wconf 83' lang='lat' dir='ltr'>ex</span> <span class='ocrx_word' id='word_1_599' title='bbox 1242 1436 1285 1466; x_wconf 84' lang='lat' dir='ltr'>iis,</span> <span class='ocrx_word' id='word_1_600' title='bbox 1299 1443 1368 1470; x_wconf 87' lang='lat' dir='ltr'>quae</span> <span class='ocrx_word' id='word_1_601' title='bbox 1382 1434 1415 1461; x_wconf 90' lang='lat' dir='ltr'>de</span> <span class='ocrx_word' id='word_1_602' title='bbox 1430 1435 1484 1467; x_wconf 92' lang='lat' dir='ltr'>QQ.</span> <span class='ocrx_word' id='word_1_603' title='bbox 1501 1435 1533 1461; x_wconf 92' lang='lat' dir='ltr'>ad</span> <span class='ocrx_word' id='word_1_604' title='bbox 1549 1444 1591 1461; x_wconf 89' lang='lat' dir='ltr'>me</span> <span class='ocrx_word' id='word_1_605' title='bbox 1605 1435 1762 1462; x_wconf 82' lang='lat' dir='ltr'>afferuntur.</span> <span class='ocrx_word' id='word_1_606' title='bbox 1786 1435 1814 1461; x_wconf 81' lang='lat' dir='ltr'>P.</span> <span class='ocrx_word' id='word_1_607' title='bbox 1828 1435 1878 1461; x_wconf 88' lang='lat' dir='ltr'>Te-</span> 
     </span>
     <span class='ocr_line' id='line_1_79' title="bbox 1080 1473 1878 1507; baseline 0 -9"><span class='ocrx_word' id='word_1_608' title='bbox 1080 1473 1193 1503; x_wconf 86' lang='lat' dir='ltr'>rentius,</span> <span class='ocrx_word' id='word_1_609' title='bbox 1208 1481 1285 1499; x_wconf 90' lang='lat' dir='ltr'>meus</span> <span class='ocrx_word' id='word_1_610' title='bbox 1296 1473 1474 1501; x_wconf 81' lang='lat' dir='ltr'>necessarius.</span> <span class='ocrx_word' id='word_1_611' title='bbox 1489 1481 1585 1507; x_wconf 87' lang='lat' dir='ltr'>operas</span> <span class='ocrx_word' id='word_1_612' title='bbox 1597 1474 1623 1498; x_wconf 94' lang='lat' dir='ltr'>in</span> <span class='ocrx_word' id='word_1_613' title='bbox 1635 1478 1712 1507; x_wconf 89' lang='lat' dir='ltr'>portu</span> <span class='ocrx_word' id='word_1_614' title='bbox 1724 1477 1750 1499; x_wconf 87' lang='lat' dir='ltr'>et</span> <span class='ocrx_word' id='word_1_615' title='bbox 1760 1473 1878 1506; x_wconf 87' lang='lat' dir='ltr'>scriptu-</span> 
     </span>
     <span class='ocr_line' id='line_1_80' title="bbox 1080 1509 1876 1545; baseline -0.001 -9"><span class='ocrx_word' id='word_1_616' title='bbox 1080 1518 1108 1535; x_wconf 91' lang='lat' dir='ltr'>ra</span> <span class='ocrx_word' id='word_1_617' title='bbox 1120 1510 1199 1536; x_wconf 71' lang='lat' dir='ltr'>Asiae</span> <span class='ocrx_word' id='word_1_618' title='bbox 1211 1518 1260 1545; x_wconf 88' lang='lat' dir='ltr'>pro</span> <span class='ocrx_word' id='word_1_619' title='bbox 1271 1511 1400 1545; x_wconf 81' lang='lat' dir='ltr'>magistro</span> <span class='ocrx_word' id='word_1_620' title='bbox 1409 1509 1492 1536; x_wconf 89' lang='lat' dir='ltr'>dedit.</span> <span class='ocrx_word' id='word_1_621' title='bbox 1511 1510 1670 1542; x_wconf 89' lang='lat' dir='ltr'>lsQuintum</span> <span class='ocrx_word' id='word_1_622' title='bbox 1683 1510 1769 1535; x_wconf 88' lang='lat' dir='ltr'>lilium</span> <span class='ocrx_word' id='word_1_623' title='bbox 1776 1509 1876 1544; x_wconf 79' lang='lat' dir='ltr'>Ephesi</span> 
     </span>
     <span class='ocr_line' id='line_1_81' title="bbox 1083 1545 1875 1580; baseline 0 -9"><span class='ocrx_word' id='word_1_624' title='bbox 1083 1545 1153 1572; x_wconf 81' lang='lat' dir='ltr'>vidit</span> <span class='ocrx_word' id='word_1_625' title='bbox 1164 1553 1199 1572; x_wconf 79' lang='lat' dir='ltr'>vi.</span> <span class='ocrx_word' id='word_1_626' title='bbox 1221 1545 1260 1572; x_wconf 81' lang='lat' dir='ltr'>td.</span> <span class='ocrx_word' id='word_1_627' title='bbox 1277 1546 1401 1572; x_wconf 88' lang='lat' dir='ltr'>Decemb.</span> <span class='ocrx_word' id='word_1_628' title='bbox 1411 1567 1417 1576; x_wconf 84' lang='grc'>,</span> <span class='ocrx_word' id='word_1_629' title='bbox 1429 1554 1547 1580; x_wconf 88' lang='lat' dir='ltr'>eumque</span> <span class='ocrx_word' id='word_1_630' title='bbox 1558 1545 1678 1572; x_wconf 83' lang='lat' dir='ltr'>studiose</span> <span class='ocrx_word' id='word_1_631' title='bbox 1690 1551 1796 1580; x_wconf 85' lang='lat' dir='ltr'>propter</span> <span class='ocrx_word' id='word_1_632' title='bbox 1807 1547 1875 1571; x_wconf 81' lang='lat' dir='ltr'>ami-</span> 
     </span>
     <span class='ocr_line' id='line_1_82' title="bbox 1083 1582 1875 1617; baseline 0 -9"><span class='ocrx_word' id='word_1_633' title='bbox 1083 1583 1174 1609; x_wconf 85' lang='lat' dir='ltr'>citiam</span> <span class='ocrx_word' id='word_1_634' title='bbox 1186 1588 1302 1609; x_wconf 90' lang='lat' dir='ltr'>nostram</span> <span class='ocrx_word' id='word_1_635' title='bbox 1314 1584 1451 1610; x_wconf 83' lang='lat' dir='ltr'>invitavit:</span> <span class='ocrx_word' id='word_1_636' title='bbox 1478 1591 1618 1617; x_wconf 89' lang='lat' dir='ltr'>quumque</span> <span class='ocrx_word' id='word_1_637' title='bbox 1628 1591 1662 1609; x_wconf 86' lang='lat' dir='ltr'>ex</span> <span class='ocrx_word' id='word_1_638' title='bbox 1672 1591 1704 1609; x_wconf 87' lang='lat' dir='ltr'>eo</span> <span class='ocrx_word' id='word_1_639' title='bbox 1716 1582 1749 1608; x_wconf 89' lang='lat' dir='ltr'>de</span> <span class='ocrx_word' id='word_1_640' title='bbox 1761 1591 1803 1608; x_wconf 88' lang='lat' dir='ltr'>me</span> <span class='ocrx_word' id='word_1_641' title='bbox 1814 1591 1875 1617; x_wconf 86' lang='lat' dir='ltr'>per-</span> 
     </span>
     <span class='ocr_line' id='line_1_83' title="bbox 1083 1619 1873 1651; baseline -0.003 -5"><span class='ocrx_word' id='word_1_642' title='bbox 1083 1624 1243 1651; x_wconf 86' lang='lat' dir='ltr'>contaretur,</span> <span class='ocrx_word' id='word_1_643' title='bbox 1283 1629 1345 1646; x_wconf 89' lang='lat' dir='ltr'>eum</span> <span class='ocrx_word' id='word_1_644' title='bbox 1361 1620 1415 1646; x_wconf 87' lang='lat' dir='ltr'>sibi</span> <span class='ocrx_word' id='word_1_645' title='bbox 1431 1621 1466 1646; x_wconf 84' lang='lat' dir='ltr'>ita</span> <span class='ocrx_word' id='word_1_646' title='bbox 1486 1620 1588 1646; x_wconf 87' lang='lat' dir='ltr'>dixisse</span> <span class='ocrx_word' id='word_1_647' title='bbox 1614 1619 1750 1649; x_wconf 89' lang='lat' dir='ltr'>narrabat,</span> <span class='ocrx_word' id='word_1_648' title='bbox 1767 1628 1796 1645; x_wconf 89' lang='lat' dir='ltr'>se</span> <span class='ocrx_word' id='word_1_649' title='bbox 1807 1619 1873 1645; x_wconf 86' lang='lat' dir='ltr'>mihi</span> 
     </span>
     <span class='ocr_line' id='line_1_84' title="bbox 1083 1656 1876 1691; baseline -0.001 -8"><span class='ocrx_word' id='word_1_650' title='bbox 1083 1665 1142 1682; x_wconf 86' lang='lat' dir='ltr'>esse</span> <span class='ocrx_word' id='word_1_651' title='bbox 1154 1657 1388 1689; x_wconf 66' lang='lat' dir='ltr'>inimicissimumg</span> <span class='ocrx_word' id='word_1_652' title='bbox 1406 1656 1587 1691; x_wconf 90' lang='lat' dir='ltr'>volumenque</span> <span class='ocrx_word' id='word_1_653' title='bbox 1597 1657 1651 1682; x_wconf 83' lang='lat' dir='ltr'>sibi</span> <span class='ocrx_word' id='word_1_654' title='bbox 1661 1656 1876 1683; x_wconf 83' lang='lat' dir='ltr'>ostendisseora-</span> 
     </span>
    </p>
   </div>
   <div class='ocr_carea' id='block_1_25' title="bbox 235 1686 1875 1729">
    <p class='ocr_par' dir='ltr' id='par_1_29' title="bbox 235 1686 1875 1729">
     <span class='ocr_line' id='line_1_85' title="bbox 235 1686 1875 1729; baseline 0.002 -14"><span class='ocrx_word' id='word_1_655' title='bbox 235 1698 274 1721; x_wconf 83' lang='lat' dir='ltr'>sa,</span> <span class='ocrx_word' id='word_1_656' title='bbox 287 1690 377 1716; x_wconf 86' lang='lat' dir='ltr'>dedita</span> <span class='ocrx_word' id='word_1_657' title='bbox 386 1699 474 1725; x_wconf 82' lang='lat' dir='ltr'>opera,</span> <span class='ocrx_word' id='word_1_658' title='bbox 489 1691 699 1726; x_wconf 85' lang='lat' dir='ltr'>mittataliquem</span> <span class='ocrx_word' id='word_1_659' title='bbox 710 1692 819 1719; x_wconf 88' lang='lat' dir='ltr'>Balbus.</span> <span class='ocrx_word' id='word_1_660' title='bbox 859 1692 900 1719; x_wconf 85' lang='lat' dir='ltr'>Ad</span> <span class='ocrx_word' id='word_1_661' title='bbox 911 1702 980 1728; x_wconf 87' lang='lat' dir='ltr'>quos</span> <span class='ocrx_word' id='word_1_662' title='bbox 990 1694 1034 1720; x_wconf 89' lang='lat' dir='ltr'>vi-</span> <span class='ocrx_word' id='word_1_663' title='bbox 1054 1686 1056 1719; x_wconf 69' lang='lat' dir='ltr'>l</span> <span class='ocrx_word' id='word_1_664' title='bbox 1084 1694 1177 1724; x_wconf 79' lang='lat' dir='ltr'>tionis.</span> <span class='ocrx_word' id='word_1_665' title='bbox 1195 1703 1276 1728; x_wconf 88' lang='lat' dir='ltr'>quam</span> <span class='ocrx_word' id='word_1_666' title='bbox 1293 1694 1365 1729; x_wconf 90' lang='lat' dir='ltr'>apud</span> <span class='ocrx_word' id='word_1_667' title='bbox 1380 1694 1519 1721; x_wconf 87' lang='lat' dir='ltr'>Caesarem</span> <span class='ocrx_word' id='word_1_668' title='bbox 1531 1698 1619 1720; x_wconf 83' lang='lat' dir='ltr'>contra</span> <span class='ocrx_word' id='word_1_669' title='bbox 1632 1702 1674 1719; x_wconf 91' lang='lat' dir='ltr'>me</span> <span class='ocrx_word' id='word_1_670' title='bbox 1685 1698 1755 1720; x_wconf 86' lang='lat' dir='ltr'>esset</span> <span class='ocrx_word' id='word_1_671' title='bbox 1767 1693 1875 1719; x_wconf 85' lang='lat' dir='ltr'>habitu-</span> 
     </span>
    </p>
   </div>
   <div class='ocr_carea' id='block_1_26' title="bbox 236 1727 914 1791">
    <p class='ocr_par' dir='ltr' id='par_1_30' title="bbox 236 1727 914 1791">
     <span class='ocr_line' id='line_1_86' title="bbox 236 1727 914 1758; baseline 0.004 -5"><span class='ocrx_word' id='word_1_672' title='bbox 236 1727 358 1758; x_wconf 81' lang='lat' dir='ltr'>debitur‚</span> <span class='ocrx_word' id='word_1_673' title='bbox 390 1727 473 1754; x_wconf 84' lang='lat' dir='ltr'>velim</span> <span class='ocrx_word' id='word_1_674' title='bbox 497 1737 576 1755; x_wconf 91' lang='lat' dir='ltr'>cures</span> <span class='ocrx_word' id='word_1_675' title='bbox 596 1728 697 1756; x_wconf 87' lang='lat' dir='ltr'>litteras</span> <span class='ocrx_word' id='word_1_676' title='bbox 718 1738 777 1756; x_wconf 90' lang='lat' dir='ltr'>meo</span> <span class='ocrx_word' id='word_1_677' title='bbox 797 1730 914 1757; x_wconf 89' lang='lat' dir='ltr'>nomine.</span> 
     </span>
     <span class='ocr_line' id='line_1_87' title="bbox 236 1764 467 1791; baseline 0.009 -2"><span class='ocrx_word' id='word_1_678' title='bbox 236 1772 273 1791; x_wconf 76' lang='lat' dir='ltr'>v1.</span> <span class='ocrx_word' id='word_1_679' title='bbox 289 1764 347 1791; x_wconf 87' lang='lat' dir='ltr'>Kal.</span> <span class='ocrx_word' id='word_1_680' title='bbox 362 1765 467 1791; x_wconf 86' lang='lat' dir='ltr'>Ianuar.</span> 
     </span>
    </p>
   </div>
   <div class='ocr_carea' id='block_1_27' title="bbox 289 1834 723 1859">
    <p class='ocr_par' dir='ltr' id='par_1_31' title="bbox 289 1834 723 1859">
     <span class='ocr_line' id='line_1_88' title="bbox 289 1834 723 1859; baseline 0.002 -5"><span class='ocrx_word' id='word_1_681' title='bbox 289 1834 330 1854; x_wconf 76' lang='lat' dir='ltr'>[X.</span> <span class='ocrx_word' id='word_1_682' title='bbox 354 1835 466 1859; x_wconf 76' lang='lat' dir='ltr'>(Brundisii,</span> <span class='ocrx_word' id='word_1_683' title='bbox 476 1835 554 1853; x_wconf 68' lang='lat' dir='ltr'>caesare</span> <span class='ocrx_word' id='word_1_684' title='bbox 564 1836 656 1854; x_wconf 78' lang='lat' dir='ltr'>dictatore</span> <span class='ocrx_word' id='word_1_685' title='bbox 667 1837 723 1859; x_wconf 78' lang='lat'>707.)</span> 
     </span>
    </p>
   </div>
   <div class='ocr_carea' id='block_1_28' title="bbox 422 1878 856 1908">
    <p class='ocr_par' dir='ltr' id='par_1_32' title="bbox 422 1878 856 1908">
     <span class='ocr_line' id='line_1_89' title="bbox 422 1878 856 1908; baseline 0.009 -4"><span class='ocrx_word' id='word_1_686' title='bbox 422 1878 589 1905; x_wconf 83' lang='lat' dir='ltr'>CICERO</span> <span class='ocrx_word' id='word_1_687' title='bbox 623 1879 792 1907; x_wconf 84' lang='lat' dir='ltr'><strong>ATTICO</strong></span> <span class='ocrx_word' id='word_1_688' title='bbox 827 1881 856 1908; x_wconf 91' lang='lat' dir='ltr'>S.</span> 
     </span>
    </p>
   </div>
   <div class='ocr_carea' id='block_1_29' title="bbox 294 1908 1055 1949">
    <p class='ocr_par' dir='ltr' id='par_1_33' title="bbox 294 1908 1055 1949">
     <span class='ocr_line' id='line_1_90' title="bbox 294 1908 1055 1949; baseline 0.007 -9"><span class='ocrx_word' id='word_1_689' title='bbox 294 1915 317 1940; x_wconf 81' lang='lat' dir='ltr'>l.</span> <span class='ocrx_word' id='word_1_690' title='bbox 338 1910 400 1949; x_wconf 86' lang='lat' dir='ltr'>Ego</span> <span class='ocrx_word' id='word_1_691' title='bbox 420 1923 483 1941; x_wconf 86' lang='lat' dir='ltr'>vero</span> <span class='ocrx_word' id='word_1_692' title='bbox 503 1920 529 1942; x_wconf 87' lang='lat' dir='ltr'>et</span> <span class='ocrx_word' id='word_1_693' title='bbox 548 1916 663 1947; x_wconf 75' lang='lat' dir='ltr'>incaute,</span> <span class='ocrx_word' id='word_1_694' title='bbox 686 1921 716 1943; x_wconf 90' lang='lat' dir='ltr'>ut</span> <span class='ocrx_word' id='word_1_695' title='bbox 735 1918 846 1949; x_wconf 87' lang='lat' dir='ltr'>scribis,</span> <span class='ocrx_word' id='word_1_696' title='bbox 864 1922 890 1944; x_wconf 88' lang='lat' dir='ltr'>et</span> <span class='ocrx_word' id='word_1_697' title='bbox 903 1917 1027 1949; x_wconf 74' lang='lat' dir='ltr'>celerius.</span> <span class='ocrx_word' id='word_1_698' title='bbox 1052 1908 1055 1939; x_wconf 59' lang='grc' dir='ltr'><strong><em>ἶ</em></strong></span> 
     </span>
    </p>
   </div>
   <div class='ocr_carea' id='block_1_30' title="bbox 233 1951 1054 2560">
    <p class='ocr_par' dir='ltr' id='par_1_34' title="bbox 234 1951 1054 2137">
     <span class='ocr_line' id='line_1_91' title="bbox 235 1951 1054 1990; baseline 0.006 -13"><span class='ocrx_word' id='word_1_699' title='bbox 235 1959 317 1986; x_wconf 89' lang='lat' dir='ltr'>quam</span> <span class='ocrx_word' id='word_1_700' title='bbox 327 1952 453 1985; x_wconf 87' lang='lat' dir='ltr'>oportuit,</span> <span class='ocrx_word' id='word_1_701' title='bbox 470 1951 529 1983; x_wconf 79' lang='lat' dir='ltr'>feci,</span> <span class='ocrx_word' id='word_1_702' title='bbox 543 1954 630 1979; x_wconf 90' lang='lat' dir='ltr'>necin</span> <span class='ocrx_word' id='word_1_703' title='bbox 643 1953 697 1979; x_wconf 86' lang='lat' dir='ltr'>ulla</span> <span class='ocrx_word' id='word_1_704' title='bbox 708 1963 769 1980; x_wconf 86' lang='lat' dir='ltr'>sum</span> <span class='ocrx_word' id='word_1_705' title='bbox 781 1963 840 1989; x_wconf 79' lang='lat' dir='ltr'>spe;</span> <span class='ocrx_word' id='word_1_706' title='bbox 869 1956 971 1990; x_wconf 92' lang='lat' dir='ltr'>quippe</span> <span class='ocrx_word' id='word_1_707' title='bbox 981 1956 1029 1990; x_wconf 89' lang='lat' dir='ltr'>qui</span> <span class='ocrx_word' id='word_1_708' title='bbox 1052 1972 1054 1979; x_wconf 53' lang='grc' dir='ltr'><strong><em>ι</em></strong></span> 
     </span>
     <span class='ocr_line' id='line_1_92' title="bbox 235 1988 1053 2026; baseline 0.007 -13"><span class='ocrx_word' id='word_1_709' title='bbox 235 1988 441 2022; x_wconf 72' lang='lat' dir='ltr'>exceptionibus</span> <span class='ocrx_word' id='word_1_710' title='bbox 452 1989 600 2016; x_wconf 82' lang='lat' dir='ltr'>edictorum</span> <span class='ocrx_word' id='word_1_711' title='bbox 615 1991 742 2017; x_wconf 88' lang='lat' dir='ltr'>retinear:</span> <span class='ocrx_word' id='word_1_712' title='bbox 764 2000 833 2026; x_wconf 89' lang='lat' dir='ltr'>quae</span> <span class='ocrx_word' id='word_1_713' title='bbox 848 1993 871 2018; x_wconf 88' lang='lat' dir='ltr'>si</span> <span class='ocrx_word' id='word_1_714' title='bbox 883 2001 934 2018; x_wconf 93' lang='lat' dir='ltr'>non</span> <span class='ocrx_word' id='word_1_715' title='bbox 941 1997 1030 2019; x_wconf 80' lang='lat' dir='ltr'>essent</span> <span class='ocrx_word' id='word_1_716' title='bbox 1052 1997 1053 2019; x_wconf 73' lang='grc' dir='ltr'>ἶ</span> 
     </span>
     <span class='ocr_line' id='line_1_93' title="bbox 235 2021 1054 2060; baseline 0.007 -10"><span class='ocrx_word' id='word_1_717' title='bbox 235 2025 377 2051; x_wconf 85' lang='lat' dir='ltr'>sedulitate</span> <span class='ocrx_word' id='word_1_718' title='bbox 396 2025 516 2057; x_wconf 77' lang='lat' dir='ltr'>effectae,</span> <span class='ocrx_word' id='word_1_719' title='bbox 534 2030 560 2053; x_wconf 81' lang='lat' dir='ltr'>et</span> <span class='ocrx_word' id='word_1_720' title='bbox 576 2027 762 2054; x_wconf 89' lang='lat' dir='ltr'>benevolentia</span> <span class='ocrx_word' id='word_1_721' title='bbox 778 2034 836 2060; x_wconf 75' lang='lat' dir='ltr'>tua,</span> <span class='ocrx_word' id='word_1_722' title='bbox 856 2029 946 2056; x_wconf 87' lang='lat' dir='ltr'>liceret</span> <span class='ocrx_word' id='word_1_723' title='bbox 961 2030 1029 2056; x_wconf 89' lang='lat' dir='ltr'>mihi</span> <span class='ocrx_word' id='word_1_724' title='bbox 1052 2021 1054 2058; x_wconf 74' lang='lat' dir='ltr'>l</span> 
     </span>
     <span class='ocr_line' id='line_1_94' title="bbox 235 2062 1053 2101; baseline 0.006 -13"><span class='ocrx_word' id='word_1_725' title='bbox 235 2063 309 2089; x_wconf 90' lang='lat' dir='ltr'>abire</span> <span class='ocrx_word' id='word_1_726' title='bbox 325 2063 352 2088; x_wconf 89' lang='lat' dir='ltr'>in</span> <span class='ocrx_word' id='word_1_727' title='bbox 368 2062 527 2089; x_wconf 86' lang='lat' dir='ltr'>solitudines</span> <span class='ocrx_word' id='word_1_728' title='bbox 543 2063 657 2099; x_wconf 85' lang='lat' dir='ltr'>aliquas.</span> <span class='ocrx_word' id='word_1_729' title='bbox 698 2065 775 2091; x_wconf 89' lang='lat' dir='ltr'>Nunc</span> <span class='ocrx_word' id='word_1_730' title='bbox 791 2075 823 2092; x_wconf 90' lang='lat' dir='ltr'>ne</span> <span class='ocrx_word' id='word_1_731' title='bbox 835 2066 862 2092; x_wconf 83' lang='lat' dir='ltr'>id</span> <span class='ocrx_word' id='word_1_732' title='bbox 874 2066 984 2101; x_wconf 91' lang='lat' dir='ltr'>quidem</span> <span class='ocrx_word' id='word_1_733' title='bbox 998 2067 1031 2093; x_wconf 92' lang='lat' dir='ltr'>li-</span> <span class='ocrx_word' id='word_1_734' title='bbox 1052 2062 1053 2074; x_wconf 60' lang='lat'>¹</span> 
     </span>
     <span class='ocr_line' id='line_1_95' title="bbox 234 2099 1030 2137; baseline 0.006 -12"><span class='ocrx_word' id='word_1_735' title='bbox 234 2105 285 2126; x_wconf 86' lang='lat' dir='ltr'>cet.</span> <span class='ocrx_word' id='word_1_736' title='bbox 325 2099 396 2132; x_wconf 88' lang='lat' dir='ltr'>Quid</span> <span class='ocrx_word' id='word_1_737' title='bbox 419 2105 508 2126; x_wconf 83' lang='lat' dir='ltr'>autem</span> <span class='ocrx_word' id='word_1_738' title='bbox 530 2109 572 2127; x_wconf 88' lang='lat' dir='ltr'>me</span> <span class='ocrx_word' id='word_1_739' title='bbox 591 2102 678 2132; x_wconf 81' lang='lat' dir='ltr'>iuvat,</span> <span class='ocrx_word' id='word_1_740' title='bbox 703 2103 775 2137; x_wconf 92' lang='lat' dir='ltr'>quod</span> <span class='ocrx_word' id='word_1_741' title='bbox 792 2108 852 2129; x_wconf 89' lang='lat' dir='ltr'>ante</span> <span class='ocrx_word' id='word_1_742' title='bbox 868 2104 965 2130; x_wconf 86' lang='lat' dir='ltr'>initum</span> <span class='ocrx_word' id='word_1_743' title='bbox 982 2105 1030 2130; x_wconf 90' lang='lat' dir='ltr'>tri-</span> 
     </span>
    </p>

    <p class='ocr_par' dir='ltr' id='par_1_35' title="bbox 234 2137 1054 2320">
     <span class='ocr_line' id='line_1_96' title="bbox 235 2137 1054 2173; baseline 0.006 -11"><span class='ocrx_word' id='word_1_744' title='bbox 235 2137 367 2163; x_wconf 89' lang='lat' dir='ltr'>bunatum</span> <span class='ocrx_word' id='word_1_745' title='bbox 379 2138 450 2167; x_wconf 89' lang='lat' dir='ltr'>veni,</span> <span class='ocrx_word' id='word_1_746' title='bbox 463 2138 486 2163; x_wconf 89' lang='lat' dir='ltr'>si</span> <span class='ocrx_word' id='word_1_747' title='bbox 500 2138 599 2172; x_wconf 83' lang='lat' dir='ltr'>ipsum,</span> <span class='ocrx_word' id='word_1_748' title='bbox 613 2139 687 2173; x_wconf 89' lang='lat' dir='ltr'>quod</span> <span class='ocrx_word' id='word_1_749' title='bbox 699 2140 769 2171; x_wconf 81' lang='lat' dir='ltr'>veni,</span> <span class='ocrx_word' id='word_1_750' title='bbox 782 2140 950 2167; x_wconf 71' lang='lat' dir='ltr'>nihiliuvat‘?</span> <span class='ocrx_word' id='word_1_751' title='bbox 963 2142 1028 2172; x_wconf 80' lang='lat' dir='ltr'>Iam,</span> <span class='ocrx_word' id='word_1_752' title='bbox 1052 2143 1054 2155; x_wconf 66' lang='lat'><em>*</em></span> 
     </span>
     <span class='ocr_line' id='line_1_97' title="bbox 235 2158 1053 2212; baseline 0.007 -13"><span class='ocrx_word' id='word_1_753' title='bbox 235 2174 303 2209; x_wconf 90' lang='lat' dir='ltr'>quid</span> <span class='ocrx_word' id='word_1_754' title='bbox 316 2182 421 2208; x_wconf 88' lang='lat' dir='ltr'>sperem</span> <span class='ocrx_word' id='word_1_755' title='bbox 438 2174 471 2201; x_wconf 83' lang='lat' dir='ltr'>ab</span> <span class='ocrx_word' id='word_1_756' title='bbox 482 2183 525 2206; x_wconf 92' lang='lat' dir='ltr'>eo,</span> <span class='ocrx_word' id='word_1_757' title='bbox 547 2176 595 2210; x_wconf 93' lang='lat' dir='ltr'>qui</span> <span class='ocrx_word' id='word_1_758' title='bbox 607 2176 675 2202; x_wconf 90' lang='lat' dir='ltr'>mihi</span> <span class='ocrx_word' id='word_1_759' title='bbox 687 2177 790 2203; x_wconf 86' lang='lat' dir='ltr'>amicus</span> <span class='ocrx_word' id='word_1_760' title='bbox 802 2186 950 2212; x_wconf 88' lang='lat' dir='ltr'>numquam</span> <span class='ocrx_word' id='word_1_761' title='bbox 963 2177 1026 2205; x_wconf 78' lang='lat' dir='ltr'>suit:</span> <span class='ocrx_word' id='word_1_762' title='bbox 1052 2158 1053 2198; x_wconf 73' lang='lat' dir='ltr'>l</span> 
     </span>
     <span class='ocr_line' id='line_1_98' title="bbox 234 2204 1053 2250; baseline 0.007 -14"><span class='ocrx_word' id='word_1_763' title='bbox 234 2220 320 2246; x_wconf 89' lang='lat' dir='ltr'>quum</span> <span class='ocrx_word' id='word_1_764' title='bbox 342 2212 395 2237; x_wconf 88' lang='lat' dir='ltr'>iam</span> <span class='ocrx_word' id='word_1_765' title='bbox 417 2211 474 2247; x_wconf 83' lang='lat' dir='ltr'>lege</span> <span class='ocrx_word' id='word_1_766' title='bbox 494 2213 574 2239; x_wconf 89' lang='lat' dir='ltr'>etiam</span> <span class='ocrx_word' id='word_1_767' title='bbox 594 2214 646 2239; x_wconf 89' lang='lat' dir='ltr'>sim</span> <span class='ocrx_word' id='word_1_768' title='bbox 667 2213 804 2240; x_wconf 80' lang='lat' dir='ltr'>consectus</span> <span class='ocrx_word' id='word_1_769' title='bbox 825 2219 851 2241; x_wconf 89' lang='lat' dir='ltr'>et</span> <span class='ocrx_word' id='word_1_770' title='bbox 865 2215 1030 2250; x_wconf 78' lang='lat' dir='ltr'>oppressus?</span> <span class='ocrx_word' id='word_1_771' title='bbox 1052 2204 1053 2229; x_wconf 67' lang='lat' dir='ltr'>l</span> 
     </span>
     <span class='ocr_line' id='line_1_99' title="bbox 234 2248 1053 2287; baseline 0.006 -13"><span class='ocrx_word' id='word_1_772' title='bbox 234 2248 359 2281; x_wconf 87' lang='lat' dir='ltr'>Quotidie</span> <span class='ocrx_word' id='word_1_773' title='bbox 371 2249 423 2275; x_wconf 84' lang='lat' dir='ltr'>iam</span> <span class='ocrx_word' id='word_1_774' title='bbox 436 2249 510 2276; x_wconf 84' lang='lat' dir='ltr'>Balbi</span> <span class='ocrx_word' id='word_1_775' title='bbox 521 2249 555 2275; x_wconf 85' lang='lat' dir='ltr'>ad</span> <span class='ocrx_word' id='word_1_776' title='bbox 567 2258 609 2276; x_wconf 93' lang='lat' dir='ltr'>me</span> <span class='ocrx_word' id='word_1_777' title='bbox 620 2250 722 2277; x_wconf 86' lang='lat' dir='ltr'>litterae</span> <span class='ocrx_word' id='word_1_778' title='bbox 734 2251 930 2287; x_wconf 84' lang='lat' dir='ltr'>languidiores;</span> <span class='ocrx_word' id='word_1_779' title='bbox 957 2252 1029 2279; x_wconf 92' lang='lat' dir='ltr'>mul·</span> <span class='ocrx_word' id='word_1_780' title='bbox 1052 2251 1053 2280; x_wconf 73' lang='lat'>1</span> 
     </span>
     <span class='ocr_line' id='line_1_100' title="bbox 234 2285 1028 2320; baseline 0.008 -9"><span class='ocrx_word' id='word_1_781' title='bbox 234 2291 331 2320; x_wconf 88' lang='lat' dir='ltr'>taeque</span> <span class='ocrx_word' id='word_1_782' title='bbox 343 2285 488 2312; x_wconf 90' lang='lat' dir='ltr'>multorum</span> <span class='ocrx_word' id='word_1_783' title='bbox 500 2287 532 2313; x_wconf 86' lang='lat' dir='ltr'>ad</span> <span class='ocrx_word' id='word_1_784' title='bbox 545 2286 636 2318; x_wconf 84' lang='lat' dir='ltr'>illum,</span> <span class='ocrx_word' id='word_1_785' title='bbox 653 2287 763 2315; x_wconf 83' lang='lat' dir='ltr'>fortasse</span> <span class='ocrx_word' id='word_1_786' title='bbox 774 2294 865 2315; x_wconf 89' lang='lat' dir='ltr'>contra</span> <span class='ocrx_word' id='word_1_787' title='bbox 877 2298 929 2316; x_wconf 85' lang='lat' dir='ltr'>me.</span> <span class='ocrx_word' id='word_1_788' title='bbox 969 2290 1028 2316; x_wconf 84' lang='lat' dir='ltr'>Meo</span> 
     </span>
    </p>

    <p class='ocr_par' dir='ltr' id='par_1_36' title="bbox 233 2323 1052 2560">
     <span class='ocr_line' id='line_1_101' title="bbox 235 2323 1052 2359; baseline 0.007 -11"><span class='ocrx_word' id='word_1_789' title='bbox 235 2323 301 2349; x_wconf 72' lang='lat' dir='ltr'>vitio</span> <span class='ocrx_word' id='word_1_790' title='bbox 321 2331 410 2357; x_wconf 87' lang='lat' dir='ltr'>pere0.</span> <span class='ocrx_word' id='word_1_791' title='bbox 450 2323 524 2350; x_wconf 89' lang='lat' dir='ltr'>Nihil</span> <span class='ocrx_word' id='word_1_792' title='bbox 546 2324 614 2350; x_wconf 91' lang='lat' dir='ltr'>mihi</span> <span class='ocrx_word' id='word_1_793' title='bbox 630 2325 694 2351; x_wconf 90' lang='lat' dir='ltr'>mali</span> <span class='ocrx_word' id='word_1_794' title='bbox 709 2334 789 2352; x_wconf 86' lang='lat' dir='ltr'>casus</span> <span class='ocrx_word' id='word_1_795' title='bbox 804 2326 905 2359; x_wconf 73' lang='lat' dir='ltr'>attulit3</span> <span class='ocrx_word' id='word_1_796' title='bbox 937 2327 1028 2353; x_wconf 90' lang='lat' dir='ltr'>omnia</span> <span class='ocrx_word' id='word_1_797' title='bbox 1051 2323 1052 2336; x_wconf 71' lang='lat'>³</span> 
     </span>
     <span class='ocr_line' id='line_1_102' title="bbox 233 2360 1028 2399; baseline 0.006 -14"><span class='ocrx_word' id='word_1_798' title='bbox 233 2360 313 2394; x_wconf 87' lang='lat' dir='ltr'>culpa</span> <span class='ocrx_word' id='word_1_799' title='bbox 328 2365 460 2387; x_wconf 83' lang='lat' dir='ltr'>contracta</span> <span class='ocrx_word' id='word_1_800' title='bbox 474 2366 547 2388; x_wconf 90' lang='lat' dir='ltr'>sunt.</span> <span class='ocrx_word' id='word_1_801' title='bbox 587 2362 644 2396; x_wconf 83' lang='lat' dir='ltr'>Ego</span> <span class='ocrx_word' id='word_1_802' title='bbox 658 2363 744 2393; x_wconf 68' lang='lat' dir='ltr'>enim,</span> <span class='ocrx_word' id='word_1_803' title='bbox 761 2371 847 2398; x_wconf 91' lang='lat' dir='ltr'>quum</span> <span class='ocrx_word' id='word_1_804' title='bbox 864 2372 952 2399; x_wconf 84' lang='lat' dir='ltr'>genus</span> <span class='ocrx_word' id='word_1_805' title='bbox 963 2363 1028 2390; x_wconf 89' lang='lat' dir='ltr'>belli</span> 
     </span>
     <span class='ocr_line' id='line_1_103' title="bbox 235 2397 1029 2435; baseline 0.005 -12"><span class='ocrx_word' id='word_1_806' title='bbox 235 2397 368 2428; x_wconf 74' lang='lat' dir='ltr'>viderem,</span> <span class='ocrx_word' id='word_1_807' title='bbox 391 2398 521 2432; x_wconf 91' lang='lat' dir='ltr'>imparata</span> <span class='ocrx_word' id='word_1_808' title='bbox 541 2403 567 2424; x_wconf 87' lang='lat' dir='ltr'>et</span> <span class='ocrx_word' id='word_1_809' title='bbox 581 2399 687 2425; x_wconf 85' lang='lat' dir='ltr'>infirma</span> <span class='ocrx_word' id='word_1_810' title='bbox 701 2401 792 2426; x_wconf 90' lang='lat' dir='ltr'>omnia</span> <span class='ocrx_word' id='word_1_811' title='bbox 807 2406 897 2427; x_wconf 91' lang='lat' dir='ltr'>contra</span> <span class='ocrx_word' id='word_1_812' title='bbox 913 2402 1029 2435; x_wconf 89' lang='lat' dir='ltr'>paratis-</span> 
     </span>
     <span class='ocr_line' id='line_1_104' title="bbox 234 2434 1028 2473; baseline 0.008 -14"><span class='ocrx_word' id='word_1_813' title='bbox 234 2434 317 2460; x_wconf 86' lang='lat' dir='ltr'>simos</span> <span class='ocrx_word' id='word_1_814' title='bbox 328 2435 474 2467; x_wconf 80' lang='lat' dir='ltr'>sciveram;</span> <span class='ocrx_word' id='word_1_815' title='bbox 506 2435 583 2470; x_wconf 88' lang='lat' dir='ltr'>(quid</span> <span class='ocrx_word' id='word_1_816' title='bbox 600 2435 740 2471; x_wconf 72' lang='lat' dir='ltr'>facerem?)</span> <span class='ocrx_word' id='word_1_817' title='bbox 772 2446 950 2473; x_wconf 81' lang='lat' dir='ltr'>ceperamque</span> <span class='ocrx_word' id='word_1_818' title='bbox 963 2446 1028 2464; x_wconf 86' lang='lat' dir='ltr'>con-</span> 
     </span>
     <span class='ocr_line' id='line_1_105' title="bbox 233 2462 1052 2508; baseline 0.007 -12"><span class='ocrx_word' id='word_1_819' title='bbox 233 2470 326 2497; x_wconf 86' lang='lat' dir='ltr'>silium</span> <span class='ocrx_word' id='word_1_820' title='bbox 342 2480 393 2498; x_wconf 93' lang='lat' dir='ltr'>non</span> <span class='ocrx_word' id='word_1_821' title='bbox 408 2476 461 2498; x_wconf 90' lang='lat' dir='ltr'>tam</span> <span class='ocrx_word' id='word_1_822' title='bbox 472 2471 551 2503; x_wconf 84' lang='lat' dir='ltr'>sorte,</span> <span class='ocrx_word' id='word_1_823' title='bbox 564 2481 646 2507; x_wconf 86' lang='lat' dir='ltr'>quam</span> <span class='ocrx_word' id='word_1_824' title='bbox 658 2473 726 2499; x_wconf 86' lang='lat' dir='ltr'>mihi</span> <span class='ocrx_word' id='word_1_825' title='bbox 738 2479 842 2508; x_wconf 89' lang='lat' dir='ltr'>praeter</span> <span class='ocrx_word' id='word_1_826' title='bbox 851 2480 953 2501; x_wconf 90' lang='lat' dir='ltr'>ceteros</span> <span class='ocrx_word' id='word_1_827' title='bbox 963 2483 1029 2501; x_wconf 89' lang='lat' dir='ltr'>con·</span> <span class='ocrx_word' id='word_1_828' title='bbox 1050 2462 1052 2496; x_wconf 79' lang='lat' dir='ltr'>l</span> 
     </span>
     <span class='ocr_line' id='line_1_106' title="bbox 234 2497 1052 2560; baseline 0.007 -27"><span class='ocrx_word' id='word_1_829' title='bbox 234 2507 394 2534; x_wconf 86' lang='lat' dir='ltr'>cedendum.</span> <span class='ocrx_word' id='word_1_830' title='bbox 434 2511 459 2535; x_wconf 73' lang='lat'>2.</span> <span class='ocrx_word' id='word_1_831' title='bbox 477 2509 552 2535; x_wconf 89' lang='lat' dir='ltr'>Cessi</span> <span class='ocrx_word' id='word_1_832' title='bbox 563 2510 640 2540; x_wconf 80' lang='lat' dir='ltr'>meis,</span> <span class='ocrx_word' id='word_1_833' title='bbox 654 2510 696 2536; x_wconf 88' lang='lat' dir='ltr'>vel</span> <span class='ocrx_word' id='word_1_834' title='bbox 707 2511 797 2544; x_wconf 88' lang='lat' dir='ltr'>potius</span> <span class='ocrx_word' id='word_1_835' title='bbox 808 2512 898 2545; x_wconf 83' lang='lat' dir='ltr'>parui:</span> <span class='ocrx_word' id='word_1_836' title='bbox 921 2520 955 2538; x_wconf 86' lang='lat' dir='ltr'>ex</span> <span class='ocrx_word' id='word_1_837' title='bbox 965 2513 1028 2547; x_wconf 85' lang='lat' dir='ltr'>qui·</span> <span class='ocrx_word' id='word_1_838' title='bbox 1049 2497 1052 2560; x_wconf 55' lang='lat' dir='ltr'>l</span> 
     </span>
    </p>
   </div>
   <div class='ocr_carea' id='block_1_31' title="bbox 1050 2371 1053 2459">
    <p class='ocr_par' dir='ltr' id='par_1_37' title="bbox 1050 2371 1053 2459">
     <span class='ocr_line' id='line_1_107' title="bbox 1050 2371 1053 2459; baseline 0 593"><span class='ocrx_word' id='word_1_839' title='bbox 1050 2371 1053 2459; x_wconf 95' lang='lat' dir='ltr'> </span> 
     </span>
    </p>
   </div>
   <div class='ocr_carea' id='block_1_32' title="bbox 233 2543 1052 2694">
    <p class='ocr_par' dir='ltr' id='par_1_38' title="bbox 233 2543 1052 2694">
     <span class='ocr_line' id='line_1_108' title="bbox 234 2543 1028 2582; baseline 0.008 -13"><span class='ocrx_word' id='word_1_840' title='bbox 234 2543 285 2569; x_wconf 89' lang='lat' dir='ltr'>bus</span> <span class='ocrx_word' id='word_1_841' title='bbox 297 2552 367 2571; x_wconf 90' lang='lat' dir='ltr'>unus</span> <span class='ocrx_word' id='word_1_842' title='bbox 380 2554 432 2580; x_wconf 89' lang='lat' dir='ltr'>qua</span> <span class='ocrx_word' id='word_1_843' title='bbox 444 2551 532 2572; x_wconf 88' lang='lat' dir='ltr'>mente</span> <span class='ocrx_word' id='word_1_844' title='bbox 544 2545 632 2577; x_wconf 84' lang='lat' dir='ltr'>fuerit,</span> <span class='ocrx_word' id='word_1_845' title='bbox 647 2547 679 2578; x_wconf 87' lang='lat' dir='ltr'>is,</span> <span class='ocrx_word' id='word_1_846' title='bbox 692 2555 773 2582; x_wconf 89' lang='lat' dir='ltr'>quem</span> <span class='ocrx_word' id='word_1_847' title='bbox 781 2552 808 2574; x_wconf 93' lang='lat' dir='ltr'>tu</span> <span class='ocrx_word' id='word_1_848' title='bbox 815 2548 1028 2575; x_wconf 88' lang='lat' dir='ltr'>mihicommen-</span> 
     </span>
     <span class='ocr_line' id='line_1_109' title="bbox 234 2579 1051 2640; baseline 0.007 -34"><span class='ocrx_word' id='word_1_849' title='bbox 234 2579 291 2610; x_wconf 75' lang='lat' dir='ltr'>daS.</span> <span class='ocrx_word' id='word_1_850' title='bbox 305 2589 450 2616; x_wconf 81' lang='lat' dir='ltr'>cognosces</span> <span class='ocrx_word' id='word_1_851' title='bbox 459 2591 493 2609; x_wconf 80' lang='lat' dir='ltr'>ex</span> <span class='ocrx_word' id='word_1_852' title='bbox 504 2584 591 2618; x_wconf 90' lang='lat' dir='ltr'>ipsius</span> <span class='ocrx_word' id='word_1_853' title='bbox 604 2583 707 2615; x_wconf 83' lang='lat' dir='ltr'>litteris,</span> <span class='ocrx_word' id='word_1_854' title='bbox 720 2593 789 2619; x_wconf 89' lang='lat' dir='ltr'>quas</span> <span class='ocrx_word' id='word_1_855' title='bbox 800 2585 833 2611; x_wconf 90' lang='lat' dir='ltr'>ad</span> <span class='ocrx_word' id='word_1_856' title='bbox 844 2590 868 2611; x_wconf 93' lang='lat' dir='ltr'>te</span> <span class='ocrx_word' id='word_1_857' title='bbox 879 2590 905 2612; x_wconf 91' lang='lat' dir='ltr'>et</span> <span class='ocrx_word' id='word_1_858' title='bbox 916 2586 948 2612; x_wconf 92' lang='lat' dir='ltr'>ad</span> <span class='ocrx_word' id='word_1_859' title='bbox 960 2585 1027 2612; x_wconf 81' lang='lat' dir='ltr'>alios</span> <span class='ocrx_word' id='word_1_860' title='bbox 1049 2601 1051 2640; x_wconf 56' lang='lat'><strong>⁴</strong></span> 
     </span>
     <span class='ocr_line' id='line_1_110' title="bbox 235 2617 1027 2655; baseline 0.009 -13"><span class='ocrx_word' id='word_1_861' title='bbox 235 2617 322 2649; x_wconf 80' lang='lat' dir='ltr'>misit3</span> <span class='ocrx_word' id='word_1_862' title='bbox 353 2626 421 2652; x_wconf 91' lang='lat' dir='ltr'>quas</span> <span class='ocrx_word' id='word_1_863' title='bbox 436 2627 485 2654; x_wconf 84' lang='lat' dir='ltr'>ego</span> <span class='ocrx_word' id='word_1_864' title='bbox 497 2629 646 2655; x_wconf 80' lang='lat' dir='ltr'>numquam</span> <span class='ocrx_word' id='word_1_865' title='bbox 657 2621 839 2655; x_wconf 83' lang='lat' dir='ltr'>aperuissem,</span> <span class='ocrx_word' id='word_1_866' title='bbox 852 2623 905 2648; x_wconf 87' lang='lat' dir='ltr'>nisi</span> <span class='ocrx_word' id='word_1_867' title='bbox 917 2631 959 2649; x_wconf 91' lang='lat' dir='ltr'>res</span> <span class='ocrx_word' id='word_1_868' title='bbox 970 2627 1027 2649; x_wconf 80' lang='lat' dir='ltr'>acta</span> 
     </span>
     <span class='ocr_line' id='line_1_111' title="bbox 233 2642 1052 2694; baseline 0.009 -15"><span class='ocrx_word' id='word_1_869' title='bbox 233 2654 272 2679; x_wconf 90' lang='lat' dir='ltr'>sic</span> <span class='ocrx_word' id='word_1_870' title='bbox 283 2659 366 2681; x_wconf 87' lang='lat' dir='ltr'>esset:</span> <span class='ocrx_word' id='word_1_871' title='bbox 388 2654 492 2683; x_wconf 78' lang='lat' dir='ltr'>delatus</span> <span class='ocrx_word' id='word_1_872' title='bbox 503 2662 542 2683; x_wconf 88' lang='lat' dir='ltr'>est</span> <span class='ocrx_word' id='word_1_873' title='bbox 552 2657 586 2683; x_wconf 90' lang='lat' dir='ltr'>ad</span> <span class='ocrx_word' id='word_1_874' title='bbox 596 2665 639 2684; x_wconf 89' lang='lat' dir='ltr'>me</span> <span class='ocrx_word' id='word_1_875' title='bbox 649 2657 808 2691; x_wconf 81' lang='lat' dir='ltr'>fasciculus;</span> <span class='ocrx_word' id='word_1_876' title='bbox 831 2659 909 2690; x_wconf 84' lang='lat' dir='ltr'>solvi,</span> <span class='ocrx_word' id='word_1_877' title='bbox 925 2660 949 2685; x_wconf 89' lang='lat' dir='ltr'>si</span> <span class='ocrx_word' id='word_1_878' title='bbox 959 2659 1026 2694; x_wconf 89' lang='lat' dir='ltr'>quid</span> <span class='ocrx_word' id='word_1_879' title='bbox 1049 2642 1052 2682; x_wconf 85' lang='lat' dir='ltr'>l</span> 
     </span>
    </p>
   </div>
   <div class='ocr_carea' id='block_1_33' title="bbox 955 1723 1874 1762">
    <p class='ocr_par' dir='ltr' id='par_1_39' title="bbox 955 1723 1874 1762">
     <span class='ocr_line' id='line_1_112' title="bbox 955 1723 1874 1762; baseline -0.001 -5"><span class='ocrx_word' id='word_1_880' title='bbox 955 1730 1030 1757; x_wconf 91' lang='lat' dir='ltr'>Vale.</span> <span class='ocrx_word' id='word_1_881' title='bbox 1054 1723 1056 1744; x_wconf 60' lang='lat' dir='ltr'>l</span> <span class='ocrx_word' id='word_1_882' title='bbox 1084 1739 1143 1762; x_wconf 81' lang='lat' dir='ltr'>rus;</span> <span class='ocrx_word' id='word_1_883' title='bbox 1177 1731 1260 1757; x_wconf 88' lang='lat' dir='ltr'>multa</span> <span class='ocrx_word' id='word_1_884' title='bbox 1276 1740 1289 1757; x_wconf 89' lang='lat' dir='ltr'>a</span> <span class='ocrx_word' id='word_1_885' title='bbox 1305 1740 1333 1757; x_wconf 90' lang='lat' dir='ltr'>se</span> <span class='ocrx_word' id='word_1_886' title='bbox 1345 1731 1415 1757; x_wconf 90' lang='lat' dir='ltr'>dicta</span> <span class='ocrx_word' id='word_1_887' title='bbox 1425 1736 1515 1757; x_wconf 88' lang='lat' dir='ltr'>contra</span> <span class='ocrx_word' id='word_1_888' title='bbox 1527 1731 1586 1756; x_wconf 90' lang='lat' dir='ltr'>eius</span> <span class='ocrx_word' id='word_1_889' title='bbox 1596 1731 1755 1756; x_wconf 86' lang='lat' dir='ltr'>amentiam:</span> <span class='ocrx_word' id='word_1_890' title='bbox 1791 1730 1874 1756; x_wconf 84' lang='lat' dir='ltr'>multa</span> 
     </span>
    </p>
   </div>
   <div class='ocr_carea' id='block_1_34' title="bbox 1083 1767 1874 1802">
    <p class='ocr_par' dir='ltr' id='par_1_40' title="bbox 1083 1767 1874 1802">
     <span class='ocr_line' id='line_1_113' title="bbox 1083 1767 1874 1802; baseline 0 -8"><span class='ocrx_word' id='word_1_891' title='bbox 1083 1773 1173 1802; x_wconf 88' lang='lat' dir='ltr'>postea</span> <span class='ocrx_word' id='word_1_892' title='bbox 1184 1768 1269 1794; x_wconf 82' lang='lat' dir='ltr'>Patris</span> <span class='ocrx_word' id='word_1_893' title='bbox 1280 1769 1415 1794; x_wconf 86' lang='lat' dir='ltr'>consimili</span> <span class='ocrx_word' id='word_1_894' title='bbox 1427 1768 1526 1794; x_wconf 86' lang='lat' dir='ltr'>scelere</span> <span class='ocrx_word' id='word_1_895' title='bbox 1537 1776 1628 1793; x_wconf 86' lang='lat' dir='ltr'>secum</span> <span class='ocrx_word' id='word_1_896' title='bbox 1636 1767 1764 1799; x_wconf 81' lang='lat' dir='ltr'>Quintum</span> <span class='ocrx_word' id='word_1_897' title='bbox 1773 1773 1874 1802; x_wconf 84' lang='lat' dir='ltr'>patrem</span> 
     </span>
    </p>
   </div>
   <div class='ocr_carea' id='block_1_35' title="bbox 1054 1804 1874 1880">
    <p class='ocr_par' dir='ltr' id='par_1_41' title="bbox 1054 1804 1874 1880">
     <span class='ocr_line' id='line_1_114' title="bbox 1054 1804 1874 1839; baseline 0 -8"><span class='ocrx_word' id='word_1_898' title='bbox 1054 1835 1055 1838; x_wconf 14' lang='grc' dir='ltr'><strong>Ἴ</strong></span> <span class='ocrx_word' id='word_1_899' title='bbox 1085 1805 1216 1831; x_wconf 88' lang='lat' dir='ltr'>locutum:</span> <span class='ocrx_word' id='word_1_900' title='bbox 1247 1806 1326 1831; x_wconf 86' lang='lat' dir='ltr'>cuius</span> <span class='ocrx_word' id='word_1_901' title='bbox 1342 1805 1458 1831; x_wconf 81' lang='lat' dir='ltr'>furorem</span> <span class='ocrx_word' id='word_1_902' title='bbox 1474 1814 1507 1831; x_wconf 88' lang='lat' dir='ltr'>ex</span> <span class='ocrx_word' id='word_1_903' title='bbox 1523 1805 1557 1831; x_wconf 86' lang='lat' dir='ltr'>iis</span> <span class='ocrx_word' id='word_1_904' title='bbox 1572 1804 1707 1839; x_wconf 84' lang='lat' dir='ltr'>epistolis,</span> <span class='ocrx_word' id='word_1_905' title='bbox 1727 1813 1795 1839; x_wconf 86' lang='lat' dir='ltr'>quas</span> <span class='ocrx_word' id='word_1_906' title='bbox 1806 1805 1840 1830; x_wconf 82' lang='lat' dir='ltr'>ad</span> <span class='ocrx_word' id='word_1_907' title='bbox 1851 1811 1874 1832; x_wconf 90' lang='lat' dir='ltr'>te</span> 
     </span>
     <span class='ocr_line' id='line_1_115' title="bbox 1054 1840 1457 1880; baseline 0 -12"><span class='ocrx_word' id='word_1_908' title='bbox 1054 1840 1055 1880; x_wconf 29' lang='grc' dir='ltr'>ζ</span> <span class='ocrx_word' id='word_1_909' title='bbox 1084 1843 1159 1872; x_wconf 75' lang='lat' dir='ltr'>misi,</span> <span class='ocrx_word' id='word_1_910' title='bbox 1173 1843 1325 1877; x_wconf 87' lang='lat' dir='ltr'>perspicere</span> <span class='ocrx_word' id='word_1_911' title='bbox 1336 1843 1457 1877; x_wconf 87' lang='lat' dir='ltr'>potuisti.</span> 
     </span>
    </p>
   </div>
   <div class='ocr_carea' id='block_1_36' title="bbox 1079 1841 1875 2462">
    <p class='ocr_par' dir='ltr' id='par_1_42' title="bbox 1079 1841 1875 2462">
     <span class='ocr_line' id='line_1_116' title="bbox 1498 1841 1875 1868; baseline 0 0"><span class='ocrx_word' id='word_1_912' title='bbox 1498 1842 1566 1868; x_wconf 78' lang='lat' dir='ltr'>Haec</span> <span class='ocrx_word' id='word_1_913' title='bbox 1578 1842 1627 1868; x_wconf 90' lang='lat' dir='ltr'>tibi</span> <span class='ocrx_word' id='word_1_914' title='bbox 1638 1841 1723 1868; x_wconf 86' lang='lat' dir='ltr'>dolori</span> <span class='ocrx_word' id='word_1_915' title='bbox 1734 1850 1793 1868; x_wconf 88' lang='lat' dir='ltr'>esse</span> <span class='ocrx_word' id='word_1_916' title='bbox 1804 1848 1875 1868; x_wconf 87' lang='lat' dir='ltr'>certo</span> 
     </span>
     <span class='ocr_line' id='line_1_117' title="bbox 1082 1878 1874 1914; baseline 0 -9"><span class='ocrx_word' id='word_1_917' title='bbox 1082 1880 1151 1906; x_wconf 91' lang='lat' dir='ltr'>scio:</span> <span class='ocrx_word' id='word_1_918' title='bbox 1184 1888 1226 1905; x_wconf 92' lang='lat' dir='ltr'>me</span> <span class='ocrx_word' id='word_1_919' title='bbox 1237 1879 1348 1914; x_wconf 88' lang='lat' dir='ltr'>quidem</span> <span class='ocrx_word' id='word_1_920' title='bbox 1359 1880 1522 1909; x_wconf 80' lang='lat' dir='ltr'>excruciant,</span> <span class='ocrx_word' id='word_1_921' title='bbox 1536 1884 1561 1905; x_wconf 86' lang='lat' dir='ltr'>et</span> <span class='ocrx_word' id='word_1_922' title='bbox 1571 1887 1602 1905; x_wconf 86' lang='lat' dir='ltr'>eo</span> <span class='ocrx_word' id='word_1_923' title='bbox 1614 1879 1709 1914; x_wconf 74' lang='lat' dir='ltr'>magiS.</span> <span class='ocrx_word' id='word_1_924' title='bbox 1722 1878 1794 1913; x_wconf 85' lang='lat' dir='ltr'>quod</span> <span class='ocrx_word' id='word_1_925' title='bbox 1806 1879 1874 1905; x_wconf 86' lang='lat' dir='ltr'>mihi</span> 
     </span>
     <span class='ocr_line' id='line_1_118' title="bbox 1082 1915 1872 1951; baseline -0.001 -8"><span class='ocrx_word' id='word_1_926' title='bbox 1082 1925 1144 1943; x_wconf 91' lang='lat' dir='ltr'>cum</span> <span class='ocrx_word' id='word_1_927' title='bbox 1164 1916 1218 1942; x_wconf 91' lang='lat' dir='ltr'>illis</span> <span class='ocrx_word' id='word_1_928' title='bbox 1239 1925 1271 1943; x_wconf 92' lang='lat' dir='ltr'>ne</span> <span class='ocrx_word' id='word_1_929' title='bbox 1286 1916 1418 1951; x_wconf 89' lang='lat' dir='ltr'>querendi</span> <span class='ocrx_word' id='word_1_930' title='bbox 1434 1916 1545 1951; x_wconf 88' lang='lat' dir='ltr'>quidem</span> <span class='ocrx_word' id='word_1_931' title='bbox 1560 1915 1648 1942; x_wconf 89' lang='lat' dir='ltr'>locum</span> <span class='ocrx_word' id='word_1_932' title='bbox 1667 1915 1787 1942; x_wconf 79' lang='lat' dir='ltr'>futurum</span> <span class='ocrx_word' id='word_1_933' title='bbox 1799 1922 1872 1951; x_wconf 88' lang='lat' dir='ltr'>puto.</span> 
     </span>
     <span class='ocr_line' id='line_1_119' title="bbox 1082 1953 1873 1989; baseline -0.001 -9"><span class='ocrx_word' id='word_1_934' title='bbox 1082 1955 1106 1980; x_wconf 71' lang='lat'>2.</span> <span class='ocrx_word' id='word_1_935' title='bbox 1129 1954 1166 1980; x_wconf 90' lang='lat' dir='ltr'>De</span> <span class='ocrx_word' id='word_1_936' title='bbox 1181 1953 1314 1980; x_wconf 80' lang='lat' dir='ltr'>Africanis</span> <span class='ocrx_word' id='word_1_937' title='bbox 1330 1954 1411 1980; x_wconf 89' lang='lat' dir='ltr'>rebus</span> <span class='ocrx_word' id='word_1_938' title='bbox 1427 1953 1503 1989; x_wconf 80' lang='lat' dir='ltr'>longe</span> <span class='ocrx_word' id='word_1_939' title='bbox 1515 1953 1567 1980; x_wconf 89' lang='lat' dir='ltr'>alia</span> <span class='ocrx_word' id='word_1_940' title='bbox 1578 1953 1665 1984; x_wconf 75' lang='lat' dir='ltr'>nobis,</span> <span class='ocrx_word' id='word_1_941' title='bbox 1678 1961 1708 1979; x_wconf 90' lang='lat' dir='ltr'>ac</span> <span class='ocrx_word' id='word_1_942' title='bbox 1719 1958 1747 1979; x_wconf 95' lang='lat' dir='ltr'>tu</span> <span class='ocrx_word' id='word_1_943' title='bbox 1757 1954 1873 1988; x_wconf 85' lang='lat' dir='ltr'>scripse-</span> 
     </span>
     <span class='ocr_line' id='line_1_120' title="bbox 1082 1990 1874 2021; baseline -0.001 -4"><span class='ocrx_word' id='word_1_944' title='bbox 1082 1999 1136 2021; x_wconf 77' lang='lat' dir='ltr'>ras,</span> <span class='ocrx_word' id='word_1_945' title='bbox 1155 1991 1323 2017; x_wconf 88' lang='lat' dir='ltr'>nuntiantur.</span> <span class='ocrx_word' id='word_1_946' title='bbox 1363 1990 1437 2017; x_wconf 82' lang='lat' dir='ltr'>Nihil</span> <span class='ocrx_word' id='word_1_947' title='bbox 1447 1992 1520 2017; x_wconf 88' lang='lat' dir='ltr'>enim</span> <span class='ocrx_word' id='word_1_948' title='bbox 1532 1990 1636 2016; x_wconf 84' lang='lat' dir='ltr'>firmius</span> <span class='ocrx_word' id='word_1_949' title='bbox 1647 1999 1706 2016; x_wconf 89' lang='lat' dir='ltr'>esse</span> <span class='ocrx_word' id='word_1_950' title='bbox 1716 1990 1818 2021; x_wconf 62' lang='lat' dir='ltr'>dicunt,</span> <span class='ocrx_word' id='word_1_951' title='bbox 1832 1992 1874 2016; x_wconf 92' lang='lat' dir='ltr'>ni-</span> 
     </span>
     <span class='ocr_line' id='line_1_121' title="bbox 1082 2027 1874 2062; baseline -0.001 -8"><span class='ocrx_word' id='word_1_952' title='bbox 1082 2028 1120 2054; x_wconf 93' lang='lat' dir='ltr'>hil</span> <span class='ocrx_word' id='word_1_953' title='bbox 1136 2029 1265 2062; x_wconf 89' lang='lat' dir='ltr'>paratius.</span> <span class='ocrx_word' id='word_1_954' title='bbox 1306 2028 1416 2054; x_wconf 77' lang='lat' dir='ltr'>Accedit</span> <span class='ocrx_word' id='word_1_955' title='bbox 1427 2028 1554 2062; x_wconf 81' lang='lat' dir='ltr'>Hispania</span> <span class='ocrx_word' id='word_1_956' title='bbox 1566 2033 1592 2054; x_wconf 88' lang='lat' dir='ltr'>et</span> <span class='ocrx_word' id='word_1_957' title='bbox 1602 2027 1714 2053; x_wconf 85' lang='lat' dir='ltr'>alienata</span> <span class='ocrx_word' id='word_1_958' title='bbox 1726 2027 1812 2060; x_wconf 78' lang='lat' dir='ltr'>ltalia3</span> <span class='ocrx_word' id='word_1_959' title='bbox 1836 2027 1874 2053; x_wconf 89' lang='lat' dir='ltr'>le-</span> 
     </span>
     <span class='ocr_line' id='line_1_122' title="bbox 1081 2064 1873 2101; baseline -0.001 -10"><span class='ocrx_word' id='word_1_960' title='bbox 1081 2066 1192 2101; x_wconf 83' lang='lat' dir='ltr'>gionum</span> <span class='ocrx_word' id='word_1_961' title='bbox 1213 2073 1262 2091; x_wconf 89' lang='lat' dir='ltr'>nec</span> <span class='ocrx_word' id='word_1_962' title='bbox 1282 2066 1324 2091; x_wconf 81' lang='lat' dir='ltr'>vis</span> <span class='ocrx_word' id='word_1_963' title='bbox 1345 2065 1439 2092; x_wconf 89' lang='lat' dir='ltr'>eadem</span> <span class='ocrx_word' id='word_1_964' title='bbox 1461 2073 1510 2091; x_wconf 89' lang='lat' dir='ltr'>nec</span> <span class='ocrx_word' id='word_1_965' title='bbox 1530 2064 1667 2097; x_wconf 80' lang='lat' dir='ltr'>voluntas;</span> <span class='ocrx_word' id='word_1_966' title='bbox 1699 2064 1816 2090; x_wconf 83' lang='lat' dir='ltr'>urbanae</span> <span class='ocrx_word' id='word_1_967' title='bbox 1831 2073 1873 2090; x_wconf 88' lang='lat' dir='ltr'>res</span> 
     </span>
     <span class='ocr_line' id='line_1_123' title="bbox 1082 2101 1872 2137; baseline -0.001 -9"><span class='ocrx_word' id='word_1_968' title='bbox 1082 2103 1210 2137; x_wconf 90' lang='lat' dir='ltr'>perditae.</span> <span class='ocrx_word' id='word_1_969' title='bbox 1237 2105 1262 2129; x_wconf 85' lang='lat'>3.</span> <span class='ocrx_word' id='word_1_970' title='bbox 1277 2102 1350 2134; x_wconf 90' lang='lat' dir='ltr'>Quid</span> <span class='ocrx_word' id='word_1_971' title='bbox 1360 2108 1408 2133; x_wconf 72' lang='lat' dir='ltr'>est.</span> <span class='ocrx_word' id='word_1_972' title='bbox 1423 2102 1470 2128; x_wconf 90' lang='lat' dir='ltr'>ubi</span> <span class='ocrx_word' id='word_1_973' title='bbox 1482 2102 1661 2137; x_wconf 76' lang='lat' dir='ltr'>acquiescam.</span> <span class='ocrx_word' id='word_1_974' title='bbox 1678 2102 1731 2128; x_wconf 90' lang='lat' dir='ltr'>nisi</span> <span class='ocrx_word' id='word_1_975' title='bbox 1741 2101 1872 2136; x_wconf 87' lang='lat' dir='ltr'>quamdiu</span> 
     </span>
     <span class='ocr_line' id='line_1_124' title="bbox 1082 2138 1869 2175; baseline 0 -10"><span class='ocrx_word' id='word_1_976' title='bbox 1082 2145 1141 2166; x_wconf 89' lang='lat' dir='ltr'>tuas</span> <span class='ocrx_word' id='word_1_977' title='bbox 1163 2139 1263 2166; x_wconf 90' lang='lat' dir='ltr'>litteras</span> <span class='ocrx_word' id='word_1_978' title='bbox 1285 2139 1361 2175; x_wconf 77' lang='lat' dir='ltr'>lego‘?</span> <span class='ocrx_word' id='word_1_979' title='bbox 1391 2148 1461 2174; x_wconf 87' lang='lat' dir='ltr'>quae</span> <span class='ocrx_word' id='word_1_980' title='bbox 1479 2144 1569 2165; x_wconf 85' lang='lat' dir='ltr'>essent</span> <span class='ocrx_word' id='word_1_981' title='bbox 1582 2138 1700 2173; x_wconf 81' lang='lat' dir='ltr'>profecto</span> <span class='ocrx_word' id='word_1_982' title='bbox 1713 2138 1869 2166; x_wconf 74' lang='lat' dir='ltr'>crebriores.</span> 
     </span>
     <span class='ocr_line' id='line_1_125' title="bbox 1081 2175 1871 2211; baseline -0.001 -9"><span class='ocrx_word' id='word_1_983' title='bbox 1081 2177 1104 2202; x_wconf 89' lang='lat' dir='ltr'>si</span> <span class='ocrx_word' id='word_1_984' title='bbox 1119 2176 1187 2211; x_wconf 92' lang='lat' dir='ltr'>quid</span> <span class='ocrx_word' id='word_1_985' title='bbox 1203 2176 1329 2207; x_wconf 82' lang='lat' dir='ltr'>haberes,</span> <span class='ocrx_word' id='word_1_986' title='bbox 1342 2185 1396 2211; x_wconf 89' lang='lat' dir='ltr'>quo</span> <span class='ocrx_word' id='word_1_987' title='bbox 1407 2181 1515 2211; x_wconf 88' lang='lat' dir='ltr'>putares</span> <span class='ocrx_word' id='word_1_988' title='bbox 1526 2184 1613 2202; x_wconf 87' lang='lat' dir='ltr'>meam</span> <span class='ocrx_word' id='word_1_989' title='bbox 1625 2175 1774 2202; x_wconf 84' lang='lat' dir='ltr'>molestiam</span> <span class='ocrx_word' id='word_1_990' title='bbox 1785 2176 1871 2202; x_wconf 90' lang='lat' dir='ltr'>minui</span> 
     </span>
     <span class='ocr_line' id='line_1_126' title="bbox 1080 2212 1871 2249; baseline -0.003 -9"><span class='ocrx_word' id='word_1_991' title='bbox 1080 2222 1169 2248; x_wconf 87' lang='lat' dir='ltr'>posse.</span> <span class='ocrx_word' id='word_1_992' title='bbox 1209 2213 1262 2239; x_wconf 87' lang='lat' dir='ltr'>Sed</span> <span class='ocrx_word' id='word_1_993' title='bbox 1274 2218 1362 2240; x_wconf 82' lang='lat' dir='ltr'>tamen</span> <span class='ocrx_word' id='word_1_994' title='bbox 1374 2218 1398 2240; x_wconf 89' lang='lat' dir='ltr'>te</span> <span class='ocrx_word' id='word_1_995' title='bbox 1410 2222 1482 2249; x_wconf 81' lang='lat' dir='ltr'>rogo,</span> <span class='ocrx_word' id='word_1_996' title='bbox 1497 2222 1528 2240; x_wconf 90' lang='lat' dir='ltr'>ne</span> <span class='ocrx_word' id='word_1_997' title='bbox 1541 2213 1700 2239; x_wconf 77' lang='lat' dir='ltr'>intermittas</span> <span class='ocrx_word' id='word_1_998' title='bbox 1710 2212 1828 2238; x_wconf 84' lang='lat' dir='ltr'>scribere</span> <span class='ocrx_word' id='word_1_999' title='bbox 1839 2212 1871 2238; x_wconf 94' lang='lat' dir='ltr'>ad</span> 
     </span>
     <span class='ocr_line' id='line_1_127' title="bbox 1081 2249 1873 2285; baseline -0.003 -8"><span class='ocrx_word' id='word_1_1000' title='bbox 1081 2259 1136 2281; x_wconf 77' lang='lat' dir='ltr'>me,</span> <span class='ocrx_word' id='word_1_1001' title='bbox 1159 2250 1296 2285; x_wconf 90' lang='lat' dir='ltr'>quidquid</span> <span class='ocrx_word' id='word_1_1002' title='bbox 1311 2252 1374 2281; x_wconf 78' lang='lat' dir='ltr'>erit,</span> <span class='ocrx_word' id='word_1_1003' title='bbox 1391 2259 1504 2285; x_wconf 84' lang='lat' dir='ltr'>eosque,</span> <span class='ocrx_word' id='word_1_1004' title='bbox 1522 2251 1571 2285; x_wconf 91' lang='lat' dir='ltr'>qui</span> <span class='ocrx_word' id='word_1_1005' title='bbox 1586 2250 1653 2276; x_wconf 90' lang='lat' dir='ltr'>mihi</span> <span class='ocrx_word' id='word_1_1006' title='bbox 1665 2254 1718 2275; x_wconf 82' lang='lat' dir='ltr'>tam</span> <span class='ocrx_word' id='word_1_1007' title='bbox 1728 2249 1873 2276; x_wconf 87' lang='lat' dir='ltr'>crudeliter</span> 
     </span>
     <span class='ocr_line' id='line_1_128' title="bbox 1081 2288 1868 2322; baseline -0.004 -8"><span class='ocrx_word' id='word_1_1008' title='bbox 1081 2288 1185 2314; x_wconf 87' lang='lat' dir='ltr'>inimici</span> <span class='ocrx_word' id='word_1_1009' title='bbox 1208 2292 1283 2318; x_wconf 73' lang='lat' dir='ltr'>sunt,</span> <span class='ocrx_word' id='word_1_1010' title='bbox 1305 2288 1327 2314; x_wconf 88' lang='lat' dir='ltr'>si</span> <span class='ocrx_word' id='word_1_1011' title='bbox 1347 2288 1437 2314; x_wconf 89' lang='lat' dir='ltr'>odisse</span> <span class='ocrx_word' id='word_1_1012' title='bbox 1452 2296 1504 2314; x_wconf 91' lang='lat' dir='ltr'>non</span> <span class='ocrx_word' id='word_1_1013' title='bbox 1519 2292 1602 2322; x_wconf 85' lang='lat' dir='ltr'>potes,</span> <span class='ocrx_word' id='word_1_1014' title='bbox 1643 2294 1752 2312; x_wconf 85' lang='lat' dir='ltr'>accuses</span> <span class='ocrx_word' id='word_1_1015' title='bbox 1767 2291 1868 2312; x_wconf 83' lang='lat' dir='ltr'>tamen:</span> 
     </span>
     <span class='ocr_line' id='line_1_129' title="bbox 1080 2324 1870 2359; baseline -0.003 -8"><span class='ocrx_word' id='word_1_1016' title='bbox 1080 2333 1132 2351; x_wconf 90' lang='lat' dir='ltr'>non</span> <span class='ocrx_word' id='word_1_1017' title='bbox 1144 2330 1173 2351; x_wconf 90' lang='lat' dir='ltr'>ut</span> <span class='ocrx_word' id='word_1_1018' title='bbox 1189 2324 1293 2359; x_wconf 88' lang='lat' dir='ltr'>aliquid</span> <span class='ocrx_word' id='word_1_1019' title='bbox 1311 2325 1448 2359; x_wconf 80' lang='lat' dir='ltr'>proficias,</span> <span class='ocrx_word' id='word_1_1020' title='bbox 1471 2324 1519 2351; x_wconf 90' lang='lat' dir='ltr'>sed</span> <span class='ocrx_word' id='word_1_1021' title='bbox 1534 2329 1564 2350; x_wconf 88' lang='lat' dir='ltr'>ut</span> <span class='ocrx_word' id='word_1_1022' title='bbox 1578 2324 1628 2350; x_wconf 93' lang='lat' dir='ltr'>tibi</span> <span class='ocrx_word' id='word_1_1023' title='bbox 1644 2331 1686 2349; x_wconf 91' lang='lat' dir='ltr'>me</span> <span class='ocrx_word' id='word_1_1024' title='bbox 1704 2332 1795 2349; x_wconf 84' lang='lat' dir='ltr'>carum</span> <span class='ocrx_word' id='word_1_1025' title='bbox 1811 2332 1870 2350; x_wconf 89' lang='lat' dir='ltr'>esse</span> 
     </span>
     <span class='ocr_line' id='line_1_130' title="bbox 1079 2359 1868 2391; baseline -0.003 -3"><span class='ocrx_word' id='word_1_1026' title='bbox 1079 2363 1205 2388; x_wconf 89' lang='lat' dir='ltr'>sentiant.</span> <span class='ocrx_word' id='word_1_1027' title='bbox 1232 2361 1311 2388; x_wconf 85' lang='lat' dir='ltr'>Plura</span> <span class='ocrx_word' id='word_1_1028' title='bbox 1322 2362 1355 2388; x_wconf 90' lang='lat' dir='ltr'>ad</span> <span class='ocrx_word' id='word_1_1029' title='bbox 1368 2367 1392 2388; x_wconf 87' lang='lat' dir='ltr'>te</span> <span class='ocrx_word' id='word_1_1030' title='bbox 1403 2361 1531 2391; x_wconf 80' lang='lat' dir='ltr'>scribam,</span> <span class='ocrx_word' id='word_1_1031' title='bbox 1543 2362 1567 2387; x_wconf 88' lang='lat' dir='ltr'>si</span> <span class='ocrx_word' id='word_1_1032' title='bbox 1579 2360 1646 2387; x_wconf 87' lang='lat' dir='ltr'>mihi</span> <span class='ocrx_word' id='word_1_1033' title='bbox 1657 2359 1690 2386; x_wconf 85' lang='lat' dir='ltr'>ad</span> <span class='ocrx_word' id='word_1_1034' title='bbox 1701 2368 1747 2386; x_wconf 87' lang='lat' dir='ltr'>eas</span> <span class='ocrx_word' id='word_1_1035' title='bbox 1759 2360 1868 2390; x_wconf 81' lang='lat' dir='ltr'>litteras,</span> 
     </span>
     <span class='ocr_line' id='line_1_131' title="bbox 1079 2396 1869 2434; baseline -0.003 -9"><span class='ocrx_word' id='word_1_1036' title='bbox 1079 2407 1147 2434; x_wconf 91' lang='lat' dir='ltr'>quas</span> <span class='ocrx_word' id='word_1_1037' title='bbox 1167 2400 1290 2433; x_wconf 86' lang='lat' dir='ltr'>proxime</span> <span class='ocrx_word' id='word_1_1038' title='bbox 1308 2399 1342 2425; x_wconf 91' lang='lat' dir='ltr'>ad</span> <span class='ocrx_word' id='word_1_1039' title='bbox 1362 2404 1386 2426; x_wconf 90' lang='lat' dir='ltr'>te</span> <span class='ocrx_word' id='word_1_1040' title='bbox 1406 2398 1482 2429; x_wconf 73' lang='lat' dir='ltr'>dedi,</span> <span class='ocrx_word' id='word_1_1041' title='bbox 1506 2398 1685 2432; x_wconf 86' lang='lat' dir='ltr'>rescripseris.</span> <span class='ocrx_word' id='word_1_1042' title='bbox 1718 2396 1789 2423; x_wconf 68' lang='lat' dir='ltr'>Vale.</span> <span class='ocrx_word' id='word_1_1043' title='bbox 1819 2405 1869 2423; x_wconf 82' lang='lat' dir='ltr'>xn.</span> 
     </span>
     <span class='ocr_line' id='line_1_132' title="bbox 1080 2436 1406 2462; baseline 0 0"><span class='ocrx_word' id='word_1_1044' title='bbox 1080 2436 1138 2462; x_wconf 83' lang='lat' dir='ltr'>Kal.</span> <span class='ocrx_word' id='word_1_1045' title='bbox 1163 2436 1239 2462; x_wconf 83' lang='lat' dir='ltr'>Febr.</span> <span class='ocrx_word' id='word_1_1046' title='bbox 1403 2450 1406 2455; x_wconf 83' lang='lat'>·</span> 
     </span>
    </p>
   </div>
   <div class='ocr_carea' id='block_1_37' title="bbox 1079 2488 1869 2658">
    <p class='ocr_par' dir='ltr' id='par_1_43' title="bbox 1079 2488 1869 2658">
     <span class='ocr_line' id='line_1_133' title="bbox 1126 2488 1555 2528; baseline -0.007 -3"><span class='ocrx_word' id='word_1_1047' title='bbox 1126 2505 1167 2526; x_wconf 76' lang='lat' dir='ltr'>XI.</span> <span class='ocrx_word' id='word_1_1048' title='bbox 1190 2507 1302 2528; x_wconf 69' lang='lat' dir='ltr'>(Brundisii,</span> <span class='ocrx_word' id='word_1_1049' title='bbox 1313 2488 1490 2525; x_wconf 51' lang='grc' dir='ltr'>(ἳιεικιῖιὶιι-ιψιυιε</span> <span class='ocrx_word' id='word_1_1050' title='bbox 1501 2508 1555 2527; x_wconf 62' lang='lat'>701.)</span> 
     </span>
     <span class='ocr_line' id='line_1_134' title="bbox 1261 2547 1682 2576; baseline -0.007 0"><span class='ocrx_word' id='word_1_1051' title='bbox 1261 2548 1426 2576; x_wconf 82' lang='lat' dir='ltr'>CICERO</span> <span class='ocrx_word' id='word_1_1052' title='bbox 1458 2547 1624 2574; x_wconf 80' lang='lat' dir='ltr'>ATTICO</span> <span class='ocrx_word' id='word_1_1053' title='bbox 1654 2547 1682 2574; x_wconf 90' lang='lat' dir='ltr'>S.</span> 
     </span>
     <span class='ocr_line' id='line_1_135' title="bbox 1136 2583 1866 2613; baseline -0.004 0"><span class='ocrx_word' id='word_1_1054' title='bbox 1136 2588 1158 2612; x_wconf 75' lang='lat' dir='ltr'>l.</span> <span class='ocrx_word' id='word_1_1055' title='bbox 1181 2583 1329 2613; x_wconf 72' lang='lat' dir='ltr'>Confectus</span> <span class='ocrx_word' id='word_1_1056' title='bbox 1345 2587 1399 2612; x_wconf 87' lang='lat' dir='ltr'>iam</span> <span class='ocrx_word' id='word_1_1057' title='bbox 1413 2585 1532 2611; x_wconf 88' lang='lat' dir='ltr'>cruciatu</span> <span class='ocrx_word' id='word_1_1058' title='bbox 1545 2585 1724 2611; x_wconf 79' lang='lat' dir='ltr'>maximorum</span> <span class='ocrx_word' id='word_1_1059' title='bbox 1735 2584 1866 2613; x_wconf 75' lang='lat' dir='ltr'>dolorum.</span> 
     </span>
     <span class='ocr_line' id='line_1_136' title="bbox 1079 2621 1869 2658; baseline -0.004 -8"><span class='ocrx_word' id='word_1_1060' title='bbox 1079 2632 1126 2654; x_wconf 78' lang='lat' dir='ltr'>ne,</span> <span class='ocrx_word' id='word_1_1061' title='bbox 1153 2624 1177 2650; x_wconf 91' lang='lat' dir='ltr'>si</span> <span class='ocrx_word' id='word_1_1062' title='bbox 1187 2624 1223 2650; x_wconf 88' lang='lat' dir='ltr'>sit</span> <span class='ocrx_word' id='word_1_1063' title='bbox 1232 2623 1353 2658; x_wconf 84' lang='lat' dir='ltr'>quidem,</span> <span class='ocrx_word' id='word_1_1064' title='bbox 1365 2622 1438 2657; x_wconf 89' lang='lat' dir='ltr'>quod</span> <span class='ocrx_word' id='word_1_1065' title='bbox 1449 2621 1482 2648; x_wconf 82' lang='lat' dir='ltr'>ad</span> <span class='ocrx_word' id='word_1_1066' title='bbox 1493 2626 1517 2648; x_wconf 85' lang='lat' dir='ltr'>te</span> <span class='ocrx_word' id='word_1_1067' title='bbox 1527 2621 1640 2648; x_wconf 86' lang='lat' dir='ltr'>debeam</span> <span class='ocrx_word' id='word_1_1068' title='bbox 1651 2622 1777 2652; x_wconf 81' lang='lat' dir='ltr'>scribere,</span> <span class='ocrx_word' id='word_1_1069' title='bbox 1791 2621 1869 2648; x_wconf 76' lang='lat' dir='ltr'>facile</span> 
     </span>
    </p>
   </div>
   <div class='ocr_carea' id='block_1_38' title="bbox 1078 2658 1866 2695">
    <p class='ocr_par' dir='ltr' id='par_1_44' title="bbox 1078 2658 1866 2695">
     <span class='ocr_line' id='line_1_137' title="bbox 1078 2658 1866 2695; baseline -0.003 -9"><span class='ocrx_word' id='word_1_1070' title='bbox 1078 2660 1106 2686; x_wconf 92' lang='lat' dir='ltr'>id</span> <span class='ocrx_word' id='word_1_1071' title='bbox 1125 2661 1240 2695; x_wconf 82' lang='lat' dir='ltr'>exsequi</span> <span class='ocrx_word' id='word_1_1072' title='bbox 1260 2661 1374 2695; x_wconf 87' lang='lat' dir='ltr'>possim:</span> <span class='ocrx_word' id='word_1_1073' title='bbox 1399 2659 1448 2685; x_wconf 86' lang='lat' dir='ltr'>hoc</span> <span class='ocrx_word' id='word_1_1074' title='bbox 1463 2660 1567 2686; x_wconf 79' lang='lat' dir='ltr'>minus.</span> <span class='ocrx_word' id='word_1_1075' title='bbox 1584 2659 1657 2693; x_wconf 91' lang='lat' dir='ltr'>quod</span> <span class='ocrx_word' id='word_1_1076' title='bbox 1672 2668 1714 2685; x_wconf 86' lang='lat' dir='ltr'>res</span> <span class='ocrx_word' id='word_1_1077' title='bbox 1729 2658 1803 2685; x_wconf 82' lang='lat' dir='ltr'>nulla</span> <span class='ocrx_word' id='word_1_1078' title='bbox 1817 2664 1866 2688; x_wconf 80' lang='lat' dir='ltr'>est.</span> 
     </span>
    </p>
   </div>
  </div>
 </body>
</html>
