1941 3052
419 155 509 182 PRO
541 156 571 182 L.
606 155 862 182 CORNELIO
895 155 1062 181 BALBO.
1104 155 1247 181 CAP.t

63 227 197 258 obiicitur,
206 230 297 253 natum
308 235 368 253 esse
379 227 514 260 Gadibus3
527 226 599 262 quod
612 231 690 262 negat
700 235 786 252 nemo.
808 225 858 252 Ce-

64 270 149 291 terum
165 269 300 290 accusator
315 263 425 295 fatetur,
444 265 516 290 hunc
532 265 559 290 in
575 265 699 298 Hispania
711 264 858 290 durissimo

63 302 134 328 bello
148 310 209 328 cum
221 300 252 333 Q.
270 301 383 333 Metello,
397 310 459 327 cum
471 301 499 328 C.
516 302 649 332 Memmio,
663 302 727 327 etin
737 301 822 327 classe
833 305 858 327 et

62 339 90 365 in
102 339 219 365 exercitu
230 338 322 369 fuisse,
331 343 364 369 et.
374 340 551 374 utPompeius
562 339 588 365 in
596 339 749 373 Hispaniam
756 338 859 364 venerit

62 376 274 410 Memmiumque
287 376 383 402 habere
392 381 561 411 quaestorem
572 377 695 411 coeperit,
709 384 857 410 numquam

63 422 77 440 a
88 413 213 440 Memmio
224 413 395 445 discessisse,
414 414 604 449 Karthaginem
621 422 775 448 possessum
793 413 855 443 isse,

63 450 198 477 acerrimis
214 450 268 476 illis
285 451 392 485 praeliis
406 456 432 477 et
443 451 580 482 maximis,
595 450 756 477 Sucronensi
767 455 792 476 et
805 451 859 476 Tu-

62 488 157 519 riensi,
179 487 347 519 interfuisse,
364 497 425 514 cum
441 489 566 523 Pompeio
581 488 613 514 ad
629 492 778 514 extremum
795 487 858 513 belli

63 529 170 560 tempus
182 525 275 552 fuisse.
307 528 331 552 6,
345 526 413 552 Haec
424 530 488 552 sunt
498 525 596 560 praelia
608 525 737 552 Cornelii:
760 525 819 551 talis
832 525 857 550 in

63 562 258 597 rempublicam
284 567 400 589 nostram
423 563 508 594 labor,
531 562 688 593 assiduitas,
711 562 856 592 dimicatio,

63 600 149 626 virtus
174 600 255 635 digna
275 609 382 627 summo
402 601 567 635 imperatore,
591 608 653 635 spes
669 608 716 634 pro
731 599 858 634 periculis

63 638 251 672 praemiorum.
291 638 409 664 Praemia
425 638 535 672 quidem
550 638 608 672 ipsa
624 646 675 663 non
687 641 750 663 sunt
761 638 788 662 in
800 637 858 662 eius

64 674 140 706 sacto,
153 675 200 709 qui
212 675 325 710 adeptus
336 680 383 706 est,
397 675 483 701 sedin
494 675 561 706 eius,
575 675 623 709 qui
634 674 717 700 dedit.
749 675 791 700 111.
809 674 859 700 Do-

64 717 141 738 natus
157 713 241 747 igitur
255 717 295 738 est
310 713 344 739 ob
360 721 404 738 eas
419 721 528 738 caussas
543 721 557 738 a
569 711 616 738 Cn.
630 711 754 746 Pompeio
765 711 859 737 civita-

63 754 97 776 te.
131 749 160 775 1d
178 754 315 776 accusator
334 758 386 776 non
408 754 500 785 negat:
517 749 565 775 sed
581 749 764 783 reprehendit3
787 753 816 774 ut
831 749 858 774 in

63 786 185 813 Cornelio
200 796 293 813 caussa
309 788 396 822 ipsius
408 787 542 821 probetur,
556 795 640 821 poena
652 790 808 821 quaeratur,
831 786 858 812 in

64 824 188 858 Pompeio
199 833 292 850 caussa
305 824 431 855 laedatur,
445 833 529 859 poena
540 824 576 850 sit
589 823 672 850 nulla.
694 823 738 849 Sic
750 823 856 854 samam,

63 862 102 888 sic
120 862 332 888 innocentissimi
351 862 468 888 hominis
484 861 617 892 fortunas,
635 861 858 896 praestantissimi

64 899 230 933 imperatoris
242 898 339 925 factum
350 899 520 925 condemnari
532 898 635 925 volunt.
668 899 738 934 Ergo
750 900 776 925 in
787 898 859 924 iudi-

63 937 135 962 cium
151 941 232 971 caput
243 936 366 967 Cornelii,
381 936 480 962 factum
491 937 612 971 Pompeii
624 940 742 962 vocatur.
784 936 859 961 Hunc

63 974 134 1000 enim
149 974 175 1000 in
188 982 216 1000 ea
228 974 343 1005 civitate,
352 974 380 1000 in
391 983 444 1009 qua
456 974 490 1000 sit
501 978 588 1004 natus,
603 973 792 1000 honestissimo
804 973 859 999 loco

63 1015 155 1037 natum
167 1019 226 1037 esse
236 1011 360 1038 concedis
372 1015 397 1038 et
408 1011 441 1038 ab
452 1012 561 1038 ineunte
572 1015 663 1042 aetate,
673 1010 771 1037 relictis
779 1011 859 1037 rebus

62 1049 120 1074 suis
131 1049 270 1079 omnibus,
284 1049 312 1075 in
326 1049 423 1075 nostris
434 1048 521 1079 bellis,
536 1049 633 1075 nostris
644 1057 705 1074 cum
717 1048 860 1082 imperato-

63 1086 138 1112 ribus
152 1094 212 1112 esse
223 1091 368 1117 versatum,
378 1086 481 1112 nullius
493 1086 600 1117 laboris,
615 1086 860 1112 nulliusobsessio-

63 1124 114 1154 nis,
129 1123 231 1150 nullius
243 1123 336 1158 praelii
347 1129 484 1159 expertem
496 1123 590 1150 fuisse.
616 1124 685 1149 Haec
696 1128 760 1150 sunt
771 1124 859 1150 omnia

62 1169 147 1196 quum
164 1160 241 1196 plena
257 1161 357 1193 laudis,
376 1166 433 1188 tum
446 1162 551 1196 propria
563 1161 692 1188 Cornelii:
716 1162 801 1187 necin
817 1161 859 1186 his

62 1198 143 1225 rebus
162 1199 263 1225 crimen
284 1203 324 1225 est
345 1198 444 1225 ullum.
474 1200 500 1225 7.
514 1199 564 1225 Ubi
585 1199 668 1234 igitur
687 1202 728 1225 est
741 1197 861 1225 crimen‘?

62 1250 99 1255 —
107 1235 184 1268 Quod
200 1245 261 1262 eum
272 1237 416 1271 Pompeius
427 1237 534 1262 civitate
545 1235 663 1262 donavit.
676 1251 714 1256 —--
742 1237 860 1262 Huiusce

62 1272 183 1300 crimen?
202 1274 326 1300 Minime:
349 1274 402 1300 uisi
417 1274 501 1300 honos
517 1274 665 1309 ignominia
679 1274 797 1308 putanda
809 1278 858 1300 est.

63 1310 148 1337 Cuius
168 1310 269 1346 igitur?
292 1312 330 1337 Re
349 1319 410 1337 vera
426 1311 543 1337 nullius:
570 1312 673 1337 actione
688 1312 858 1342 accusatoris,

63 1349 122 1374 eius
134 1349 224 1379 unius,
240 1349 288 1383 qui
300 1348 417 1375 donavit.
439 1348 491 1380 Qui
502 1349 524 1374 si
537 1348 757 1384 adductusgratia
771 1350 860 1375 minus

63 1385 190 1412 idoneum
212 1386 347 1412 hominem
369 1386 487 1420 praemio
502 1385 646 1419 affecisset;
671 1385 738 1422 [qui]
756 1387 860 1412 etiamsi

63 1423 151 1449 virum
168 1423 282 1454 bonum,
300 1423 347 1449 sed
363 1432 415 1450 non
431 1424 466 1450 ita
483 1424 622 1456 meritum,
645 1424 668 1449 si
685 1424 802 1458 denique
812 1423 862 1449 ali-

62 1461 138 1495 quid,
151 1460 223 1495 quod
235 1469 286 1487 non
297 1466 396 1492 contra,
409 1469 439 1487 ac
451 1461 548 1492 liceret,
558 1461 656 1487 factum
664 1461 805 1492 diceretur,
813 1461 860 1487 sed

62 1502 161 1529 contra,
183 1504 262 1533 atque
273 1503 417 1533 oporteret:
440 1503 448 1525 t
467 1507 527 1525 men
543 1503 614 1525 esset
624 1499 712 1525 omnis
727 1499 860 1525 eiusmodi

62 1535 235 1570 reprehensio
254 1544 267 1561 a
288 1536 378 1567 vobis,
396 1536 443 1562 iud
471 1545 513 1567 es,
530 1536 706 1571 repudianda.
737 1538 761 1562 8.
784 1537 862 1562 Nunc

62 1581 125 1599 vero
145 1573 211 1608 quid
230 1573 348 1600 dicitur?
366 1573 433 1608 quid
448 1574 484 1600 ait
498 1573 653 1600 accusator?
673 1573 768 1599 secisse
783 1574 862 1600 Pom-

62 1611 166 1645 peium,
184 1610 257 1645 quod
268 1612 291 1636 ei
304 1610 388 1637 facere
400 1619 451 1637 non
464 1610 586 1637 licuerit‘?
605 1611 677 1646 quod
688 1611 798 1646 gravius
810 1615 858 1642 est,

62 1656 152 1682 quam,
162 1648 184 1674 si
196 1648 223 1674 id
236 1647 335 1674 facturn
346 1648 379 1674 ab
391 1648 615 1683 eodiceret,quod
627 1657 678 1675 non
691 1649 860 1683 oportuisset.

62 1685 110 1712 Est
129 1685 201 1711 enim
222 1684 339 1720 aliquid,
361 1686 434 1721 quod
450 1695 502 1712 non
518 1690 648 1720 operteat,
666 1686 772 1712 etiamsi
789 1686 858 1712 licet.

61 1722 200 1757 Quidquid
213 1731 275 1749 vero
286 1731 338 1749 non
351 1723 419 1755 lieet,
433 1728 502 1750 certe
514 1732 566 1750 non
577 1727 689 1758 oportet.

116 1761 159 1786 1v.
181 1760 230 1786 Hic
250 1769 298 1796 ego
314 1769 386 1787 nunc
400 1766 509 1787 cuncter
523 1761 563 1787 sic
573 1769 659 1796 agere,
681 1760 794 1791 iudices,
808 1769 860 1787 non

61 1805 120 1824 esse
141 1796 181 1824 fas
196 1797 328 1829 dubitare,
346 1799 422 1833 quin,
440 1798 514 1833 quod
531 1798 580 1825 Cn.
594 1799 751 1833 Pompeium
764 1798 861 1824 fecisse

61 1839 171 1866 constet,
193 1835 221 1862 id
242 1844 294 1862 non
313 1835 402 1862 solum
423 1835 556 1867 decuisse,
574 1836 621 1862 sed
637 1837 716 1862 etiam
732 1836 861 1862 debuisse

61 1871 211 1899 fateamur?
238 1874 264 1899 9.
280 1872 350 1905 Quid
362 1873 432 1899 enim
449 1873 525 1900 abest
541 1874 603 1900 huic
619 1874 730 1904 homini,
748 1873 820 1908 quod
837 1874 859 1899 si

61 1909 176 1941 adesset,
200 1910 257 1936 iure
277 1909 385 1936 hoc*ei
407 1911 489 1937 tribui
510 1915 535 1937 et
555 1911 664 1938 concedi
685 1909 861 1945 putaremus?

61 1947 167 1974 Ususne
179 1946 286 1973 rerum?
306 1947 352 1982 qui
366 1948 494 1982 pueritiae
505 1949 862 1983 tempusextremum,prin-

61 1984 164 2019 cipium
184 1984 280 2011 habuit
293 1984 424 2011 bellorum
441 1989 521 2020 atque
536 1986 711 2020 imperiorum
728 1986 861 2012 maximo-

62 2020 141 2048 rum?
159 2022 238 2048 cuius
259 2021 381 2057 plerique
396 2022 521 2057 aequales
533 2023 623 2049 minus
634 2031 713 2057 saepe
723 2027 807 2049 castra
820 2023 862 2050 vi-

61 2058 167 2090 derunt,
191 2067 272 2093 quam
289 2059 332 2085 hic
349 2059 543 2094 triumphavit?
561 2061 609 2095 qui
627 2065 663 2086 tot
675 2060 862 2087 habettrium-

62 2096 140 2131 phos,
162 2101 228 2130 quot
247 2104 308 2122 orae
327 2101 392 2122 sunt
407 2101 550 2131 partesque
561 2096 709 2124 terrarum?
729 2102 766 2124 tot
777 2099 862 2124 victo—

62 2134 116 2160 rias
136 2133 256 2164 bellicas,
272 2138 339 2168 quot
354 2138 418 2159 sunt
433 2134 460 2160 in
477 2143 565 2161 rerum
583 2140 675 2161 natura
690 2143 787 2171 genera
803 2135 861 2162 bel-

63 2170 168 2198 lorum‘?
187 2171 228 2197 An
249 2170 407 2206 ingenium?
425 2179 511 2206 quum
527 2172 607 2198 etiam
623 2173 674 2207 ipsi
689 2181 769 2198 casus
780 2181 862 2199 even-

61 2213 160 2243 tusque
172 2216 260 2234 rerum
274 2216 324 2234 non
336 2208 427 2240 duces,
436 2208 482 2234 sed
494 2210 604 2235 comites
615 2210 674 2235 eius
685 2209 859 2236 consiliorum

63 2244 180 2272 fuerint‘?
200 2246 228 2272 in
247 2254 302 2280 quo
318 2254 373 2271 uno
388 2245 422 2271 ita
437 2254 543 2272 summa
560 2246 664 2273 fortuna
679 2255 742 2273 cum
753 2255 860 2273 summa

63 2283 162 2310 virtute
172 2283 292 2313 certavit,
302 2287 330 2309 ut
341 2283 461 2309 omnium
474 2283 574 2310 iudicio
585 2284 646 2319 plus
659 2284 769 2315 homini.
778 2293 859 2319 quam

65 2319 129 2346 deae
145 2320 316 2346 tribueretur.
343 2321 384 2346 An
401 2320 494 2355 pudor,
513 2329 545 2347 an
561 2321 709 2358 integritas,
722 2331 755 2348 an
767 2322 861 2358 religio

63 2357 90 2384 in
102 2365 141 2388 eo,
154 2366 187 2384 an
199 2357 338 2393 diligentia
350 2366 478 2392 umquam
491 2359 619 2393 requisita
631 2358 688 2385 est?
707 2358 792 2392 Quem
800 2367 861 2393 pro-

64 2395 167 2421 vinciae
178 2399 381 2430 nostrae‚quem
395 2394 470 2421 liberi
483 2395 584 2430 populi.
593 2404 674 2430 quem
686 2404 859 2431 reges.quom

63 2436 167 2458 exterae
177 2437 279 2468 gentes,
297 2433 447 2463 castiorem,
464 2433 675 2464 moderatiorem,
689 2434 858 2464 sanctiorem,

64 2477 116 2495 non
137 2469 216 2496 modo
235 2469 370 2500 viderunt,
393 2470 441 2496 sed
461 2474 507 2496 aut
522 2470 655 2504 sperando
670 2479 799 2505 umquam
816 2475 861 2497 aut

63 2505 178 2541 optando
190 2506 393 2543 cogitaverunt?
414 2509 452 2533 ⁴0.
464 2506 535 2539 Quid
546 2507 633 2534 dicam
645 2507 678 2533 de
688 2507 862 2534 auctoritaie?

64 2551 133 2578 quae
148 2547 218 2570 tanta
233 2549 282 2576 est,
300 2549 399 2580 quanta
416 2545 442 2571 in
455 2544 497 2571 his
512 2545 591 2571 tantis
604 2545 750 2571 virtutibus
761 2553 791 2571 ac
803 2544 860 2571 lau—

64 2579 146 2606 dibus
161 2588 220 2608 esse
229 2581 317 2608 debet.
358 2581 408 2608 Cui
420 2587 529 2608 senatus
541 2582 714 2617 populusque
725 2582 860 2608 Romanus

65 2616 245 2652 amplissimae
268 2619 406 2656 dignitatis
422 2620 539 2654 praemia
551 2619 633 2650 dedit,
651 2627 702 2646 non
714 2619 860 2655 postulanti

65 2654 185 2689 imparia,
199 2663 292 2682 verum
308 2657 388 2683 etiam
400 2657 547 2689 recusanti3
562 2657 643 2683 huius
654 2657 687 2683 de
699 2656 775 2687 sacto.
789 2657 862 2683 iudi-

64 2699 117 2723 ces,
135 2691 170 2718 ita
185 2693 285 2728 quaeri,
299 2698 329 2720 ut
339 2693 367 2720 id
378 2698 479 2730 agatur,
494 2693 633 2721 licueritne
645 2694 669 2720 ei
681 2693 774 2725 facere,
787 2693 860 2730 quod

1274 171 1308 174 —
1329 158 1353 181 6.
1654 156 1701 182 539

910 225 980 256 fecit,
993 234 1026 251 an
1038 234 1109 256 vero,
1124 225 1277 257 nondicam,
1288 234 1339 252 non
1352 225 1464 256 lic-uerit,
1474 224 1521 251 sed
1533 225 1606 251 nefas
1614 225 1702 256 fuerit,

909 263 1008 298 (contra
1020 263 1113 289 foedus
1125 263 1206 293 enim,
1220 263 1247 289 id
1258 267 1307 294 est,
1321 268 1409 289 contra
1421 262 1631 297 populiRomani
1643 262 1706 288 reli—

909 300 1015 335 gionem
1028 305 1053 326 et
1065 300 1153 330 fidem,
1162 300 1257 326 fecisse
1269 300 1445 335 dicitur,)non
1457 305 1533 335 turpe
1545 299 1644 335 populo
1655 300 1706 326 Ro-

910 337 1005 364 mano‘?
1034 346 1121 364 nonne
1142 337 1238 364 vobis‘?
1264 338 1291 364 V.
1310 340 1349 364 Η,
1370 337 1467 364 Audivi
1487 338 1535 364 boc
1550 337 1583 363 de
1598 341 1705 372 parente

910 383 969 401 meo
990 383 1069 409 puer:
1096 384 1180 409 quum
1196 375 1227 407 Q.
1240 375 1372 406 Metellus,
1391 375 1465 401 Lucii
1481 374 1565 406 filius,
1583 383 1706 401 caussam

910 412 943 438 de
954 413 1076 447 pecuniis
1088 412 1244 447 repetundis
1255 412 1361 444 diceret,
1375 412 1483 443 ille‚ille
1495 412 1596 443 vii-,cui
1607 412 1707 446 patriae

910 449 984 475 salus
1004 449 1116 481 dulcior,
1139 458 1221 485 quam
1237 454 1396 484 conspectus
1412 449 1471 481 fuit,
1490 450 1537 484 qui
1553 449 1585 476 de
1600 450 1707 476 civitate

910 487 1046 517 decedere,
1064 495 1145 522 quam
1157 487 1190 513 de
1204 488 1334 514 sententia
1346 487 1454 520 maluit3
1477 487 1526 513 hoc
1537 487 1619 523 igitur
1629 495 1708 513 caus-

910 533 967 550 sam
988 524 1104 555 dicente,
1128 533 1213 559 quum
1234 525 1321 559 ipsius
1348 525 1453 551 tabulae
1474 523 1708 550 circumferrentur

910 562 1072 596 inspiciendi
1094 562 1209 587 nominis
1230 570 1338 592 caussa,
1363 562 1447 588 fuisse
1467 562 1584 588 iudicem
1605 570 1639 588 ex
1653 561 1708 587 illis

911 599 1050 633 equitibus
1061 600 1196 629 Romanis,
1214 600 1383 634 gravissimis
1396 600 1469 630 viris,
1483 600 1627 630 neminem,
1641 599 1706 634 quin

911 641 1057 662 removeret
1072 636 1163 662 oculos
1180 641 1205 662 et
1215 645 1244 662 se
1256 640 1338 662 totum
1351 641 1488 667 averteret,
1504 645 1535 662 ne
1547 636 1622 667 forte,
1635 635 1708 671 quod

911 673 956 699 ille
968 674 994 699 in
1007 673 1111 699 tabulas
1123 673 1245 707 publicas
1253 673 1396 704 retulisset,
1405 674 1544 700 dubitasse
1551 674 1705 709 quisquam,

911 719 1048 740 verumne.
1071 719 1104 736 an
1125 710 1223 737 falsum
1239 715 1317 741 esset,
1332 711 1476 737 videretur.
1502 712 1555 737 Nos
1571 712 1618 737 Cn.
1631 712 1709 737 Pom-

911 748 964 782 peii
985 747 1121 774 decretum
1137 748 1170 773 de
1184 748 1289 774 consilii
1305 749 1434 774 sententia
1452 749 1651 783 pronuntiatum
1668 757 1708 774 re-

910 784 1122 820 cognoscemus‘.>
1150 794 1210 811 cum
1234 785 1340 820 legibus
1355 785 1542 812 conferemus?
1576 794 1637 811 cum
1655 785 1709 811 soe-

910 822 1038 848 deribus‘?
1062 823 1150 848 omnia
1162 823 1333 848 acerbissima
1345 823 1482 858 diligentia
1494 821 1709 858 perpendemus?

912 861 952 886 ⁴2.
965 860 1077 886 Athenis
1093 861 1176 890 aiunt,
1193 869 1278 895 quum
1288 860 1399 895 quidam
1411 860 1481 895 apud
1493 869 1546 890 eos,
1560 861 1606 894 qui
1620 864 1708 886 sancte

910 898 1081 933 graviterque
1101 898 1223 929 vixisset,
1241 902 1267 924 et
1282 898 1466 924 testimonium
1483 896 1611 933 [publice]
1624 897 1709 923 dixis-

910 939 959 966 set,
981 939 1006 960 et
1025 935 1065 970 (ut
1081 943 1138 961 mos
1150 935 1311 961 Graecorum
1327 936 1376 970 est)
1387 935 1491 961 iurandi
1503 944 1596 962 caussa
1609 934 1641 961 ad
1652 943 1709 960 aras

911 972 1055 1003 accederet,
1079 981 1131 998 una
1152 981 1216 999 voce
1236 981 1329 999 omnes
1346 972 1457 1004 iudices,
1471 981 1503 998 ne
1514 974 1537 999 is
1548 973 1654 1003 iuraret,
1670 980 1710 998 re-

911 1010 1049 1036 clamasse.
1090 1009 1180 1042 Quum
1201 1010 1295 1036 Graeci
1312 1010 1444 1041 homines,
1462 1011 1573 1045 spectati
1589 1011 1648 1040 viri,
1664 1018 1711 1036 no—

912 1047 1011 1073 luerint
1034 1047 1163 1083 religione
1184 1048 1269 1074 videri
1289 1049 1389 1082 potius,
1407 1056 1488 1082 quam
1504 1048 1614 1073 veritate
1630 1047 1709 1073 fidem

911 1093 970 1111 esse
991 1086 1174 1111 constrictam:
1207 1094 1255 1111 nos
1270 1086 1358 1116 etiam,
1377 1086 1404 1112 in
1421 1086 1478 1120 ipsa
1494 1084 1623 1120 religione
1638 1089 1662 1110 et
1674 1084 1710 1110 le-

911 1131 976 1158 gum
992 1127 1017 1149 et
1029 1122 1166 1149 foederum
1177 1123 1367 1154 conservanda,
1380 1123 1469 1158 qualis
1481 1122 1561 1148 suerit
1571 1122 1619 1148 Cn.
1633 1122 1710 1148 Pom-

912 1161 998 1194 peius,
1012 1160 1218 1186 dubitabimus?
1239 1162 1279 1186 13.
1292 1161 1386 1187 Utrum
1398 1161 1469 1186 enim
1481 1160 1637 1186 inscientem
1651 1159 1711 1185 vul—

912 1198 945 1223 tis
966 1202 1054 1224 contra
1072 1197 1176 1224 foedera
1193 1197 1297 1229 fecisse,
1315 1207 1347 1224 an
1359 1197 1506 1224 scientem?
1526 1197 1553 1223 Si
1566 1198 1708 1224 scientem:

912 1243 927 1261 ο
947 1244 1043 1261 nomen
1060 1235 1142 1261 nostri
1158 1236 1278 1270 imperii!
1311 1244 1326 1262 ο
1342 1235 1434 1270 populi
1450 1236 1560 1261 Romani
1577 1234 1710 1260 excellens

912 1272 1042 1308 dignitas!
1065 1281 1080 1299 o
1092 1273 1268 1307 Cn.P0mpeii
1278 1274 1317 1299 sic
1328 1273 1377 1299 late
1390 1273 1521 1308 longeque
1532 1272 1628 1298 diffusa
1642 1272 1707 1301 laus,

913 1315 941 1336 ut
957 1311 1015 1336 eius
1030 1310 1130 1345 gloriae
1146 1310 1314 1337 domicilium
1330 1311 1481 1337 communis
1494 1310 1598 1344 imperii
1611 1310 1710 1335 linibus

913 1348 1082 1373 terminetur!
1104 1356 1119 1374 o
1135 1348 1263 1378 nationes,
1281 1348 1371 1379 urbes,
1388 1347 1494 1382 populi,
1517 1355 1601 1382 regeS,
1618 1351 1711 1373 tetrar-

912 1386 985 1416 chae,
1000 1386 1105 1421 tyranni
1118 1389 1197 1411 testes
1210 1385 1257 1412 Cn.
1270 1385 1389 1420 Pompeii
1401 1394 1452 1411 non
1465 1385 1551 1411 solum
1565 1385 1671 1410 virtutis
1683 1385 1709 1410 in

912 1422 992 1453 betto,
1006 1423 1053 1449 sed
1069 1423 1148 1449 etiam
1162 1423 1300 1458 religionis
1311 1424 1337 1449 in
1351 1423 1427 1457 pace!
1451 1432 1498 1449 vos
1509 1422 1634 1456 denique,
1649 1430 1709 1447 mu-

913 1465 953 1487 tae
965 1461 1094 1495 regioneS,
1109 1460 1223 1495 imploro
1234 1464 1259 1486 et
1270 1460 1460 1486 solaterrarum
1468 1460 1637 1486 ultimarum:
1652 1468 1708 1487 vos,

913 1498 1003 1528 maria,
1018 1502 1119 1532 portus,
1133 1497 1238 1523 insulae
1251 1497 1405 1532 littoraque!
1436 1498 1510 1530 Quae
1521 1502 1560 1523 est
1572 1497 1642 1522 enim
1654 1505 1708 1527 ora,

912 1544 981 1570 quae
992 1535 1078 1565 sedes,
1087 1536 1134 1570 qui
1150 1535 1232 1565 locus,
1246 1536 1273 1561 in
1287 1543 1340 1570 quo
1352 1544 1402 1561 non
1415 1539 1520 1561 exstent
1532 1535 1613 1560 huius
1625 1542 1709 1569 quum

914 1572 1087 1603 fortitudinis,
1112 1577 1168 1598 tum
1190 1581 1252 1598 vero
1267 1573 1450 1603 humanitatis,
1469 1578 1525 1598 tum
1542 1572 1633 1601 animi.
1653 1575 1710 1597 tum

912 1610 1018 1636 consilii
1031 1610 1160 1644 impressa
1173 1609 1304 1645 vestigia?
1325 1611 1550 1644 lluncquisquaui
1560 1608 1710 1635 incredibili

913 1648 1029 1683 quadam
1051 1652 1130 1681 atque
1147 1647 1265 1673 inaudita
1283 1648 1422 1682 gravitate,
1441 1648 1547 1677 virtute,
1565 1646 1710 1672 constantia

913 1685 1064 1720 praeditum
1086 1684 1190 1711 foedera
1205 1685 1333 1711 scientem
1350 1685 1510 1719 neglexisse,
1527 1684 1649 1714 violasse,
1666 1692 1712 1709 ru-

913 1723 995 1757 pisse,
1013 1722 1100 1748 dicere
1115 1721 1242 1748 audebit‘?
1267 1723 1308 1748 vl.
1323 1723 1362 1749 Η.
1376 1723 1545 1748 Gratilicatur
1556 1722 1621 1747 mibi
1633 1725 1710 1756 gestu

913 1764 1062 1786 accusator:
1095 1760 1252 1786 inscientem
1276 1760 1323 1786 Cn.
1343 1760 1498 1794 Pompeium
1516 1759 1610 1785 secisse
1626 1759 1712 1793 signi-

913 1798 982 1824 ficat.
1023 1797 1105 1830 Quasi
1122 1806 1185 1823 vero
1202 1797 1287 1823 levius
1298 1798 1342 1828 sit,
1355 1806 1440 1832 quum
1453 1798 1479 1823 in
1494 1801 1563 1823 tanta
1575 1796 1710 1831 republica

913 1843 1018 1862 versere
1039 1840 1064 1861 et
1082 1835 1208 1861 maximis
1229 1835 1342 1870 negotiis
1363 1835 1474 1869 praesis,
1497 1834 1581 1860 facere
1597 1832 1708 1868 aliquid,

912 1873 984 1907 quod
1006 1873 1075 1899 scias
1092 1881 1142 1899 non
1157 1873 1243 1903 licere,
1258 1881 1290 1898 an
1301 1874 1410 1899 omnino
1421 1873 1531 1903 nescire,
1545 1871 1611 1906 quid
1625 1871 1709 1896 liceat.

912 1911 1018 1937 Etenim
1039 1919 1124 1945 quum
1141 1910 1167 1936 in
1183 1910 1309 1945 Hispania
1326 1910 1427 1936 bellum
1444 1909 1603 1936 acerrimum
1619 1912 1644 1934 et
1655 1916 1711 1934 ma-

913 1949 1017 1975 ximum
1029 1952 1156 1983 gesserat,
1170 1956 1224 1982 quo
1239 1948 1298 1974 iure
1314 1947 1442 1974 Gaditana
1454 1947 1548 1973 civitas
1563 1950 1646 1976 esset,
1666 1953 1712 1972 ne-

912 1984 1031 2012 sciebat?
1055 1994 1097 2016 an,
1114 1986 1192 2011 cuius
1210 1985 1330 2021 linguam
1347 1984 1438 2020 populi
1452 1993 1502 2011 non
1518 1988 1616 2014 nosset,
1629 1983 1711 2009 inter-

913 2023 1086 2058 pretationem
1099 2022 1214 2049 focderis
1226 2031 1277 2049 non
1290 2022 1414 2049 tenebat?
1433 2022 1460 2049 td
1473 2022 1555 2057 igitur
1565 2021 1710 2056 quisquam

913 2061 961 2087 Cn.
973 2060 1132 2095 Pompeium
1147 2061 1284 2096 ignorasse
1295 2060 1384 2086 dicere
1395 2059 1512 2090 audebit,
1525 2058 1597 2094 quod
1609 2058 1711 2084 medio—

912 2106 969 2124 cres
991 2098 1121 2128 homines,
1139 2098 1212 2132 quod
1234 2097 1308 2123 nullo
1329 2106 1390 2128 usu,
1408 2097 1482 2123 nullo
1496 2096 1587 2123 studio
1603 2095 1710 2122 militari

913 2134 1038 2170 praediti.
1058 2135 1132 2170 quod
1155 2135 1280 2161 librarioli
1297 2135 1414 2170 denique
1434 2135 1501 2160 scire
1523 2132 1711 2169 profiteantur?

914 2174 955 2199 ⁴5.
976 2172 1108 2207 Equidem
1125 2177 1215 2198 contra
1229 2172 1363 2202 existimo,
1377 2171 1488 2202 iudices,
1501 2179 1587 2206 quum
1600 2172 1626 2197 in
1637 2170 1709 2196 omni

911 2218 1009 2246 genere
1031 2218 1061 2235 ac
1076 2210 1201 2235 varietate
1217 2209 1323 2239 artium,
1341 2210 1419 2235 ctiam
1436 2209 1550 2238 illarum.
1568 2216 1637 2243 quae
1652 2208 1710 2233 sine

912 2255 1020 2273 summo
1029 2247 1083 2273 otio
1094 2255 1145 2272 non
1158 2245 1234 2272 tacite
1245 2246 1394 2275 discuntur.
1408 2246 1456 2272 Cn.
1469 2246 1612 2280 Pompeius
1623 2244 1711 2270 cxccl-

914 2284 957 2314 lat,
971 2283 1135 2317 singularem
1147 2283 1290 2318 quamdam
1305 2283 1409 2309 laudem
1421 2284 1480 2309 cius
1491 2281 1708 2317 etprncstabilcm

912 2330 972 2347 esse
987 2321 1126 2347 scientiam
1143 2321 1169 2346 in
1183 2319 1344 2350 foederibus,
1359 2320 1536 2355 pactionibus,
1550 2319 1710 2345 conditioni-

913 2359 973 2388 bus,
987 2358 1156 2393 populorum.
1171 2365 1273 2390 regum.
1287 2362 1437 2383 exterarum
1450 2357 1596 2386 nationum,
1609 2356 1636 2382 in
1648 2356 1709 2381 uni-

913 2404 990 2422 verso
1008 2395 1126 2429 denique
1147 2394 1210 2420 belli
1230 2395 1288 2420 iure
1303 2403 1332 2420 ac
1348 2395 1429 2429 pacis.
1476 2394 1532 2420 Nisi
1550 2393 1624 2423 sorte.
1640 2400 1709 2428 qnao

914 2442 960 2459 nos
982 2432 1041 2458 libri
1063 2432 1157 2457 docent
1173 2433 1199 2458 in
1216 2431 1308 2457 umbra
1325 2436 1349 2457 et
1360 2432 1422 2461 otio.
1438 2439 1466 2457 cn
1479 2431 1526 2457 Cn.
1540 2430 1706 2465 Pompeium.

913 2478 1000 2504 neque
1015 2477 1100 2505 quum
1117 2469 1304 2503 requiesceret.
1324 2468 1432 2498 litterae.
1446 2476 1542 2503 neque.
1555 2476 1640 2503 quum
1653 2476 1707 2493 rcin

911 2512 1023 2543 gereret.
1040 2514 1082 2533 res
1103 2506 1176 2541 ipsae
1196 2506 1290 2532 docere
1306 2511 1457 2540 potuerunt.
1498 2506 1598 2540 Atque,
1616 2509 1645 2531 ut
1659 2513 1709 2538 σξιο

912 2545 1006 2574 sentin,
1019 2544 1131 2573 iudices,
1144 2551 1239 2569 caussa
1252 2543 1320 2569 dicta
1332 2548 1372 2569 est
1383 2543 1511 2578 temporis
1526 2543 1620 2579 magis.
1653 2542 1709 2576 Ego

913 2590 963 2608 non
986 2581 1076 2611 buius.
1095 2581 1214 2615 inquam,
1231 2589 1328 2616 genere
1341 2580 1432 2607 iudicii
1446 2580 1521 2615 plura
1532 2580 1629 2606 dicam.
1662 2580 1708 2605 Est

912 2619 982 2645 enim
999 2618 1063 2645 baec
1077 2618 1160 2644 seculi
1175 2617 1246 2644 labes
1257 2618 1388 2652 quaedam
1401 2622 1425 2644 et
1438 2617 1549 2647 macula.
1563 2618 1653 2643 virtuti
1667 2617 1708 2642 in-

914 2656 1011 2687 videre,
1035 2655 1102 2682 velle
1123 2656 1212 2690 ipsum
1228 2654 1317 2681 norem
1333 2655 1471 2689 dignitatis
1487 2654 1641 2691 infringere.
1666 2655 1706 2680 06.

913 2693 1031 2724 Etenim,
1057 2694 1080 2720 si
1100 2693 1148 2719 Cn.
1167 2692 1310 2727 Pompeius
1330 2687 1427 2719 abhinc
1447 2701 1530 2720 annos
1546 2692 1706 2728 quingentos

1441 2739 1501 2765 fis·
