1941 3052
236 141 298 166 tttm

233 214 383 246 porti-ntum
399 207 478 233 (101101
495 205 589 232 videri.
630 203 707 230 Nulla
725 204 806 238 igitur
817 207 936 238 portenta
948 207 1020 228 sunt.

234 248 298 274 Nam
310 248 342 275 111,
355 245 425 280 quod
439 244 542 272 1010111,
558 242 582 268 id
596 246 745 276 portentum
758 241 906 275 putandum
917 245 966 269 cst.
979 249 1022 266 aa·

233 286 348 320 pienti-ni
373 292 431 308 esu«-
448 284 596 315 portcntum
611 283 660 304 ost.

233 319 503 356 11(·111·1·15.·101111111101,
521 316 761 351 (1113015311101110111
777 314 870 340 fuisse.
911 314 956 340 1113
970 315 1022 349 igi-

233 364 275 384 tur
287 363 350 383 ratio
361 354 542 383 conclmlitur.
561 362 608 379 nec
623 352 663 381 id.
680 351 751 386 quod
765 360 814 377 non
827 352 942 386 potuerit
954 351 1019 382 steri.

232 437 286 458 tuni
308 438 379 455 esso:
404 429 436 454 itn
457 428 566 453 0111111110
585 426 688 452 nullum
705 434 764 451 csse
778 430 939 460 portentum.
979 428 1020 451 62.

230 467 306 500 Quod
318 467 396 492 0113111
408 466 541 490 coniector
551 463 662 498 quidam
673 468 698 489 et
706 464 834 497 interpres
841 467 1021 497 portentorum

231 514 281 531 non
295 504 388 530 inscite
401 501 570 536 respondisse
582 500 682 526 dicitur
692 500 715 526 ei
725 521 730 530 .
747 501 794 535 qui
809 509 894 534 quum
911 499 943 526 ad
959 508 1021 525 011111

703 278 816 312 Sat-pius
832 278 903 304 enim
921 277 1021 303 mulam
1042 268 1043 283 ¹

1042 290 1051 341 lu

1042 349 1051 399 l

234 395 329 421 factum
343 400 469 426 1111111113111
486 399 558 418 essm
577 398 637 417 1100,
651 389 721 423 quod
734 389 862 423 potuerit.
877 388 902 414 id
916 393 1021 423 11011011-
1042 400 1043 410 1

230 624 344 649 anguem
362 614 444 639 vectis
459 612 749 647 circumplicavisset.«
771 612 822 637 1100
838 610 882 637 1110
894 620 1021 646 responso
1041 633 1043 651 ³.

229 653 293 679 satis
309 656 398 686 npertc
413 650 572 680 declaravit.
591 648 658 675 nihil
676 648 830 674 habendum
844 656 902 674 esse
915 653 1022 683 porten-

230 695 299 719 tum.
317 688 389 724 quod
406 688 461 714 fieri
480 691 578 722 posset.
619 685 719 712 XXIX.
741 686 770 711 C.
784 685 921 712 Gracchus
935 685 967 712 ad
985 686 1019 711 M.

229 727 404 761 Pomponium
417 725 538 759 scripsit,
551 723 658 750 duobus
668 723 804 758 anguibus
815 722 887 750 domi
899 731 1021 757 compre·

229 764 334 793 heusis.
359 763 515 796 haruspices
535 770 549 787 a
570 765 643 795 patre
657 764 826 786 convocatos.
866 759 918 792 Qui
934 760 1020 795 magis

228 800 377 836 anguibus.
394 808 475 834 quam
491 798 608 828 lacertis.
625 806 706 832 quam
719 797 862 823 muribus?
880 797 947 830 Quia
958 801 1021 823 sunt

229 838 294 865 haec
305 836 474 872 quotidiana,
490 844 592 871 angues
603 844 654 861 non
668 835 743 860 item.
782 834 865 866 Quasi
878 843 940 860 vero
952 834 1020 860 resc-

228 879 276 905 rat.
289 874 360 910 quod
373 874 428 900 fieri
440 878 536 908 potest.
550 881 631 907 quam
644 871 670 898 id
682 880 761 906 saepe
773 871 826 898 1131.
866 872 921 907 Ego
933 876 1019 898 tamen

228 913 318 941 miror.
332 912 354 938 si
367 912 476 937 emissio
488 909 602 936 feminae
613 909 709 944 anguis
722 913 831 935 mortem
843 909 967 935 atterebat
978 909 1019 934 Ti.

229 949 562 976 613001100011551031110111
570 946 753 981 marisanguis
760 945 1021 973 eratmortiferassor-

228 979 379 1017 11011110,ου1·
389 985 498 1011 alteram
507 989 591 1011 utram
603 984 730 1010 emiserit.
759 983 831 1009 Nihil
843 984 914 1009 enirn
926 983 1020 1009 scribit

229 1023 399 1058 respondisse
412 1022 580 1056 haruspices.
598 1022 620 1047 si
639 1026 732 1047 neuter
742 1021 839 1056 anguis
849 1021 966 1046 emissus
977 1028 1021 1046 es-

227 1065 276 1091 set.
289 1060 355 1095 quid
367 1065 437 1086 esset
450 1059 580 1085 futurum.
611 1059 643 1084 At
655 1066 725 1084 mors
736 1058 854 1084 insecuta
867 1057 1018 1084 Gracchum

227 1102 280 1130 est;
298 1106 392 1123 caussa
409 1096 534 1131 quidem.
556 1095 649 1124 credo.
669 1094 758 1130 aliqua
775 1095 860 1121 morbi
876 1095 1018 1130 gravioris.

227 1143 279 1162 non
290 1135 435 1161 emissione
446 1134 592 1168 serpentis:
616 1141 702 1166 neque
714 1132 785 1157 enim
797 1137 866 1158 tanta
879 1136 918 1158 est
930 1131 1020 1157 infeli-

227 1173 293 1199 citas
309 1171 497 1206 haruspicum.
519 1175 547 1196 ut
565 1178 597 1196 ne
613 1178 676 1195 casu
691 1169 802 1204 quidem
819 1177 948 1204 umquam
965 1168 1018 1199 fiat,

226 1208 298 1244 quod
312 1208 431 1235 futurum
445 1207 483 1234 illi
495 1215 553 1233 esse
564 1207 691 1233 dixerint.
731 1206 820 1231 XXX.
842 1208 883 1232 63.
906 1206 972 1232 Nam
987 1205 1021 1232 il—

227 1245 274 1272 Iud
287 1247 409 1275 mirarer.
427 1246 450 1271 si
466 1244 615 1274 crederem,
633 1243 705 1278 quod
721 1243 792 1278 apud
805 1243 948 1269 Homerum
959 1242 1021 1270 Cal-

226 1283 349 1310 chantem
360 1282 454 1308 dixisti
466 1290 499 1308 ex
512 1289 651 1316 passerum
663 1289 773 1306 numero
784 1280 961 1306 belliTroiani
972 1288 1021 1306 an-

227 1329 274 1347 nos
289 1324 463 1356 auguratum:
487 1319 520 1344 (10
536 1319 614 1344 0111115
628 1318 779 1344 coniectura
790 1318 829 1344 sic
840 1317 912 1352 apud
924 1318 1021 1344 Home-

226 1366 295 1388 rum.
309 1362 338 1384 ut
350 1366 397 1383 nos
408 1357 486 1383 otiosi
497 1357 692 1386 convertimus,
710 1355 828 1390 loquitur
837 1355 1017 1391 Agamemno:

279 1394 353 1421 Ferte
363 1397 414 1420 viri
424 1399 446 1420 et
457 1396 535 1420 duros
546 1395 631 1419 animo
642 1394 747 1418 tolerate
758 1394 864 1420 labores.

280 1434 388 1465 auguris
398 1436 424 1457 ut
435 1433 517 1456 nostri
530 1430 676 1456 Calchantis
685 1432 742 1463 [ata
752 1438 875 1463 queamus

280 1471 354 1499 scire,
367 1473 469 1494 ratosne
481 1469 598 1497 habeant,
610 1476 645 1493 an
655 1475 733 1493 vanos
741 1470 852 1500 pectoris
862 1475 944 1493 orsus.

281 1506 397 1540 Namque
411 1513 496 1531 omnes
509 1507 614 1530 memori
625 1508 771 1538 portentum
785 1508 865 1530 mente
879 1509 963 1531 reten—

634 1545 697 1571 tant,

279 1582 324 1613 qui
335 1588 383 1605 non
394 1581 501 1612 funestis
512 1580 641 1612 liquerunt
652 1580 748 1604 Iuntina
759 1581 830 1612 satis.
1004 1579 1020 1604 5

280 1618 407 1650 111-9011015
414 1618 525 1649 primum
536 1620 562 1641 ut
573 1618 664 1642 uestita
673 1620 708 1641 est
721 1617 844 1641 classibus
854 1615 935 1645 Aulis,

280 1662 346 1687 quae
361 1654 462 1679 Priamo
483 1654 580 1679 cladem
597 1657 620 1678 et
637 1653 728 1678 Troiae
743 1657 886 1686 pestemque
899 1655 965 1685 sere-

633 1691 707 1721 bant;

279 1735 332 1755 nos.
345 1729 441 1753 circum
453 1728 541 1753 latices
550 1728 646 1760 qetidos
655 1727 812 1760 fumantibus
821 1728 884 1756 aris,

279 1766 408 1797 auriqeris
417 1765 503 1790 divam
513 1765 646 1796 placantes
656 1766 761 1789 numina
773 1766 864 1793 tauris.

280 1802 326 1827 sub
334 1803 441 1834 platano
452 1802 599 1834 umbrifera.
611 1803 668 1834 sons
678 1803 744 1826 unde
754 1805 855 1826 emanat
864 1802 952 1833 aquai.
990 1801 1020 1825 10

280 1840 390 1864 vidimus
400 1840 505 1864 immani
515 1840 596 1870 specie
607 1842 724 1870 tortuque
737 1840 872 1863 draconem

281 1877 426 1905 terribilem.
441 1875 508 1901 Iovis
519 1879 545 1901 ut
553 1876 630 1907 pulsu
638 1875 788 1907 penetrabat
798 1876 830 1900 ab
840 1883 904 1899 ara:

281 1914 326 1945 qui
333 1914 436 1945 platani
446 1914 473 1937 in
482 1920 555 1937 ramo
563 1913 683 1945 soliorum
694 1913 800 1944 tegmine
809 1915 890 1944 septos

281 1951 406 1982 corripuit
415 1950 514 1981 pullos:
525 1957 588 1981 quos
597 1957 675 1981 quum
686 1952 841 1974 consumeret
851 1952 914 1977 octo.

280 1993 345 2011 nona
357 1994 433 2018 super
443 1986 550 2012 tremuto
558 1987 673 2018 qenitriae
685 1986 804 2018 clangore
814 1986 928 2011 volabat:

280 2025 322 2049 cui
331 2025 400 2055 serus
411 2025 516 2048 immam·
527 2023 635 2048 laniavit
645 2024 743 2048 viscera
754 2030 850 2048 morsu.

279 2059 362 2090 Hunc.
376 2061 420 2085 ubi
431 2063 482 2086 tam
493 2063 590 2086 teneros
601 2060 716 2085 volucres
726 2064 881 2092 nwtremque
887 2067 963 2092 pere-

632 2098 686 2127 mit.

280 2135 326 2167 qui
335 2134 387 2160 luci
397 2135 520 2163 ediderat,
530 2135 629 2166 genitor
639 2132 780 2159 Saturnius
790 2134 855 2159 idem

280 2172 378 2197 abdidit
389 2175 411 2196 et
421 2172 487 2196 duro
496 2173 617 2203 formavit
628 2173 738 2203 tegmina
748 2178 821 2196 saxo.

281 2207 333 2234 Noe
342 2212 426 2234 autem
438 2209 520 2234 timidi
530 2212 626 2234 stantes
636 2208 753 2233 mirabile
763 2212 901 2233 monstrum

279 2246 389 2271 vidimus
399 2247 425 2270 in
437 2247 525 2271 mediis
535 2246 621 2271 dictim
630 2247 760 2270 versarier
768 2247 834 2271 aris.

282 2282 344 2308 Tum
355 2281 464 2308 Calchas
474 2283 534 2308 hacc
545 2286 581 2308 est
591 2284 678 2315 fidenti
687 2289 746 2308 uoce
757 2283 871 2308 locutus.-

281 2318 409 2351 Quidnam
421 2323 546 2352 tor-pentes
555 2320 638 2345 subito
648 2320 821 2352 obstupuistis,
834 2321 853 2344 Λ
858 2317 943 2345 chivi?

278 2356 356 2382 Nobis
365 2357 427 2382 haec
436 2361 554 2389 portenta
563 2358 637 2382 deum
646 2357 715 2382 dedit
726 2359 779 2389 ipse
789 2361 899 2386 creator.

279 2395 355 2419 tarda
366 2397 390 2419 et
399 2401 458 2420 sera
468 2396 556 2424 nimis,
568 2395 612 2419 sed
621 2396 693 2426 sama
703 2401 734 2419 ac
745 2394 821 2419 tande
829 2396 953 2426 peremm‘.
984 2394 1016 2420 25

279 2430 345 2456 Nam
356 2435 416 2463 quot
426 2439 485 2456 aves
495 2435 576 2456 taetro
586 2435 713 2456 mactatas
722 2432 795 2456 dente
803 2432 903 2461 videtis.

279 2470 313 2492 tot
323 2475 368 2492 nos
376 2470 410 2493 ad
424 2468 525 2494 Troiam
536 2469 594 2494 belli
603 2468 798 2494 exanclabimus
809 2476 904 2494 annos:

279 2511 343 2536 quac
353 2506 448 2530 decimo
459 2506 539 2536 cadet,
550 2509 573 2530 et
581 2512 663 2538 poena
673 2505 778 2530 satiabit
788 2506 904 2531 Achivos.

280 2539 365 2565 Edidit
375 2542 435 2567 haec
448 2541 571 2568 Calchas.-
584 2550 650 2575 quae
661 2543 713 2568 iam
723 2546 827 2568 matura
838 2543 932 2568 videtis

224 2576 266 2601 65.
279 2575 351 2607 Quae
363 2577 468 2604 tandem
481 2579 530 2604 ista
541 2578 682 2614 auguratio
692 2582 778 2605 estex
787 2578 954 2613 passeribus,
967 2587 1016 2606 an-

990 1986 1019 2011 15

225 2060 267 2086 64.

985 2208 1018 2233 20

1042 482 1050 501 ¹!

1042 518 1043 531 l

231 541 377 568 retulisset.
393 540 470 574 ‹pinsi
482 543 629 567 ostentum.
643 537 714 572 1111011
727 538 823 571 anguis
834 536 906 563 domi
921 542 1020 562 vectem
1042 528 1050 543 '

229 578 417 604 circumiectus
430 576 532 606 fuisset.
546 579 619 601 ntum
631 579 709 603 esset.
724 574 825 608 inquit,
837 579 985 604 ostentum.
998 574 1021 600 si
1042 583 1049 610 ’ζ

1048 505 1051 518 l

224 2620 319 2639 uorum
326 2613 423 2647 potius.
432 2622 513 2648 quam
519 2620 565 2642 aut
571 2615 706 2642 mensium
716 2620 763 2642 aut
772 2615 897 2642 dierum?
906 2616 1016 2642 (1111311-
1035 2638 1038 2652 ,

223 2653 277 2675 10111
287 2648 321 2676 de
331 2650 493 2684 passerculis
504 2652 683 2679 coniecturam
695 2651 766 2683 facit,
793 2653 820 2678 in
836 2652 937 2687 quibus
953 2653 1016 2680 nul·
1034 2656 1038 2685 1
1065 2651 1188 2679 deamus.
1226 2652 1351 2680 Difficilis
1363 2652 1460 2687 auguri
1471 2650 1546 2678 locus
1556 2650 1590 2677 ad
1599 2655 1690 2677 0011113
1699 2649 1855 2677 dicendum.

799 135 853 160 ¹25.
886 134 920 159 M.
955 133 984 158 Τ.
1016 131 1288 158 CICERONIS

1075 202 1128 228 lum
1140 206 1195 228 crat
1206 206 1364 231 monstrum.
1377 200 1410 227 de
1421 200 1534 228 dracone
1544 201 1679 237 silet.qui.
1694 202 1720 229 id
1730 202 1803 238 quod
1816 201 1863 229 110-

1074 240 1094 265 11
1107 248 1158 265 11011
1171 240 1268 273 potuit.
1287 238 1409 273 lapideus
1422 238 1522 265 dicitur
1535 238 1638 265 factus?
1653 240 1786 266 Postremo
1796 239 1863 275 quid

1073 275 1162 301 simile
1183 275 1262 302 habet
1282 284 1374 309 passer
1387 276 1482 301 annis?
1503 277 1568 302 Nam
1583 276 1616 302 de
1631 285 1717 312 angue
1734 275 1792 307 itlo.
1814 277 1863 311 qui

1073 312 1162 338 Sullae
1174 313 1298 347 apparuit
1310 312 1467 343 immolanti.
1481 318 1624 348 utrumque
1635 315 1755 343 memini.
1769 313 1864 340 cisni-

1075 350 1135 380 lam.
1148 358 1232 384 quum
1246 350 1271 375 in
1283 349 1480 383 expeditionem
1492 350 1637 377 educturus
1647 356 1726 379 esu-t.
1741 350 1863 377 immol·-

1074 388 1145 413 vissc
1156 391 1180 412 et
1192 395 1306 421 anguem
1319 386 1352 412 311
1363 395 1406 412 ara
1417 388 1560 417 exstitisse.
1569 396 1653 422 coque
1664 388 1708 414 die
1719 396 1774 414 rem
1786 397 1864 422 prae-

1072 424 1142 450 clare
1153 432 1212 449 csse
1223 428 1340 459 gestam.
1355 432 1404 449 non
1418 424 1569 458 haruspicis
1579 425 1704 454 consilio.
1718 424 1764 451 aed
1778 427 1864 459 impe-

1073 462 1176 487 ratoris.
1218 460 1318 486 XXXI.
1340 462 1381 486 66.
1404 462 1489 496 Atque
1506 461 1570 487 hacc
1587 466 1750 488 ostentorum
1766 470 1863 497 genera

1074 497 1196 524 mirabile
1208 497 1275 524 nihil
1289 498 1396 523 habent.
1417 498 1491 530 Quae
1501 507 1586 533 quum
1599 498 1664 525 facta
1676 503 1747 529 sunt.
1763 503 1818 525 tum
1830 498 1862 524 ad

1072 536 1250 561 coniecturam
1262 534 1351 569 aliqua
1364 535 1577 569 interpretatione
1592 541 1762 562 revocantur:
1779 536 1863 562 utilia

1073 573 1152 598 tritici
1164 581 1245 607 grana
1260 573 1285 598 in
1296 582 1325 598 os
1338 573 1413 606 pueri
1422 572 1507 598 Midae
1517 578 1651 608 congesta.
1660 577 1705 599 aut
1715 581 1788 607 apes.
1796 581 1864 608 quas

1072 609 1164 636 dixisti
1182 610 1208 635 in
1227 609 1307 635 labris
1324 609 1439 635 Platonis
1453 609 1607 636 consedisse
1623 611 1714 644 pueri.
1738 618 1789 636 non
1811 614 1864 636 tam

1073 646 1206 672 mirabilia
1222 648 1289 676 sint.
1307 655 1387 681 quam
1404 647 1520 673 coniecta
1537 647 1619 673 belle:
1641 655 1710 682 quae
1722 651 1809 673 tamen
1822 646 1863 672 vel

1073 685 1128 718 ipsa
1143 683 1207 709 13153
1219 692 1277 709 0550
1291 683 1330 709 vel
1342 692 1381 712 ea.
1390 692 1459 718 quae
1470 684 1603 718 praedicta
1615 689 1686 711 sunt.
1703 683 1810 710 fortuito
1820 692 1864 710 oe-

1071 721 1170 747 01111550
1183 725 1336 755 potuerunt.
1358 721 1392 746 Dc
1405 722 1462 755 ipso
1475 722 1567 747 1105010
1579 726 1663 755 potest
1674 720 1741 747 illud
1752 720 1862 755 quidem

1071 767 1130 784 esse
1143 757 1253 788 falsum.
1272 763 1300 784 ut
1315 758 1518 793 circumligatus
1531 758 1609 784 I'uerit
1619 759 1715 794 angui:
1738 757 1784 783 sed
1797 758 1862 784 utin

1072 796 1150 821 cunis
1165 794 1245 821 tuerit
1259 795 1370 830 anguis.
1394 804 1444 821 non
1461 801 1514 821 tam
1529 800 1570 821 est
1584 796 1696 822 mirum.
1715 795 1741 821 in
1755 794 1864 821 Solonio

1072 833 1242 867 praesertim.
1265 832 1311 857 ubi
1332 832 1364 857 ad
1387 832 1474 858 focum
1491 841 1593 867 angues
1608 832 1752 858 nundinari
1767 831 1862 858 solent.

1073 870 1138 896 Nam
1150 869 1222 904 quod
1237 869 1392 903 haruspices
1404 869 1683 904 rcsponderunt.nihil
1696 869 1742 895 illo
1751 869 1862 897 clarius.

1073 906 1140 933 nihil
1153 906 1271 932 nobilius
1287 905 1354 938 Iore;
1374 907 1466 935 miror.
1485 907 1548 932 11005
1566 906 1727 932 11111110113105
1740 905 1863 932 histrioni

1073 943 1161 970 futuro
1171 943 1316 969 claritatem
1328 943 1491 974 ostendisse,
1515 943 1616 970 1111113111
1631 943 1782 970 ostendisse
1793 942 1865 970 Atri-

1071 989 1146 1007 cano.
1187 981 1228 1007 67.
1244 981 1330 1015 Atque
1341 981 1420 1006 etiam
1433 989 1446 1006 a
1458 986 1482 1007 10
1494 980 1659 1007 Flaminiana
1671 986 1772 1008 ostenta
1783 980 1864 1006 colle-

1071 1023 1111 1044 cta
1122 1023 1194 1044 sunt.
1225 1017 1301 1049 Quod
1315 1018 1372 1052 ipse
1382 1023 1407 1043 et
1417 1026 1504 1052 equus
1515 1019 1574 1044 cius
1585 1023 1692 1052 repente
1703 1018 1861 1044 conciderit:

1040 1056 1049 1094 ³¹
1072 1064 1123 1081 non
1145 1063 1208 1081 sane
1229 1054 1352 1081 mirabile
1369 1054 1418 1081 hoc
1433 1055 1554 1089 quidem.
1594 1054 1670 1087 Quod
1688 1055 1769 1081 evelli
1783 1055 1863 1089 primi

1073 1092 1167 1118 hastati
1180 1093 1288 1127 signum
1302 1100 1353 1117 non
1370 1093 1498 1125 potuerit:
1517 1092 1610 1118 timide
1627 1091 1737 1119 sortasse
1751 1091 1865 1127 signifer

1071 1129 1217 1159 evellebat.
1248 1128 1320 1163 quod
1346 1128 1458 1155 tidenter
1482 1129 1613 1155 infixerat.
1654 1129 1720 1155 Nam
1744 1129 1864 1163 Dionysii

1071 1175 1158 1201 equus
1169 1165 1236 1201 quid
1247 1165 1335 1192 attulit
1345 1165 1543 1195 admirationis.
1559 1165 1631 1200 quod
1647 1167 1756 1192 emersit
1770 1174 1804 1192 ex
1814 1164 1866 1191 ssu-

1072 1204 1157 1234 1111110,
1175 1202 1302 1238 quodque
1318 1202 1413 1229 habuit
1428 1211 1492 1237 apes
1506 1204 1532 1229 in
1549 1202 1630 1229 iuba?
1649 1203 1701 1229 Sed
1713 1204 1777 1238 quia
1788 1203 1863 1228 brevi

1071 1246 1189 1276 tempore
1201 1249 1311 1276 regnare
1322 1241 1422 1275 coepit:
1435 1240 1508 1275 quod
1519 1240 1652 1266 acciderat
1662 1249 1736 1270 casu.
1750 1241 1805 1266 vim
1817 1239 1865 1265 113-

1071 1278 1131 1305 buit
1141 1279 1248 1305 ostenti.
1273 1277 1307 1304 At
1318 1277 1536 1304 Lacedaemoniis
1548 1279 1574 1304 in
1587 1277 1708 1304 Herculis
1720 1277 1780 1304 sano
1791 1285 1863 1303 arma

1070 1320 1231 1346 sonuerunt.
1244 1315 1420 1349 eiusdemque
1432 1315 1475 1341 dei
1486 1315 1586 1341 Thebis
1597 1315 1690 1341 valvae
1701 1314 1807 1340 clausae
1818 1323 1865 1339 su-

1071 1353 1126 1379 bito
1136 1361 1164 1378 se
1176 1357 1350 1387 aperuerunt:
1364 1360 1449 1386 eaque
1460 1357 1620 1387 scuta.quae
1633 1351 1736 1378 fuerant
1746 1351 1864 1378 sublime

1048 1411 1049 1415 ,
1071 1390 1132 1420 fixa.
1146 1394 1209 1416 sunt
1221 1390 1296 1416 humi
1309 1391 1427 1415 inventa.
1461 1390 1560 1416 Horum
1571 1398 1655 1424 quum
1668 1390 1724 1415 [ieri
1737 1387 1864 1423 1111111ρο-

1071 1427 1151 1454 tuerit
1162 1428 1220 1453 sine
1231 1427 1321 1462 aliquo
1332 1431 1418 1458 motu:
1435 1426 1502 1461 quid
1513 1431 1562 1458 est.
1575 1435 1623 1453 cur
1633 1426 1765 1453 divinitus
1775 1434 1805 1452 ea
1816 1434 1865 1460 po-

1072 1466 1134 1495 tius,
1148 1473 1229 1499 quam
1239 1472 1303 1490 casu
1315 1463 1381 1490 sacta
1393 1472 1452 1490 esse
1463 1463 1604 1490 dicamus?
1641 1463 1754 1490 XXXII.
1771 1464 1812 1489 68.
1832 1463 1866 1489 At

1071 1503 1098 1528 in
1115 1501 1246 1538 Lysandri
1261 1506 1363 1527 statuae
1378 1502 1464 1536 capite
1479 1501 1590 1536 Delphis
1603 1501 1706 1527 exstitit
1719 1508 1815 1527 corona
1830 1508 1865 1526 ex

1071 1540 1174 1573 asperis
1185 1539 1286 1569 herbis.
1299 1543 1324 1565 et
1334 1538 1445 1573 quidem
1457 1538 1556 1565 subita.
1596 1537 1686 1564 Itane?
1699 1545 1794 1564 censes
1804 1542 1864 1563 ante

1070 1584 1194 1603 coronam
1206 1576 1304 1602 herbae
1315 1576 1466 1606 exstitisse,
1486 1584 1568 1610 quam
1581 1580 1740 1609 conceptum
1752 1582 1810 1600 esse
1821 1582 1865 1600 50-

1071 1613 1150 1640 men‘?
1164 1613 1275 1639 berham
1285 1617 1374 1639 autem
1385 1620 1517 1647 asperam.
1525 1612 1613 1642 credo,
1621 1613 1713 1638 avium
1725 1616 1863 1647 congestu.

1071 1659 1123 1677 non
1135 1650 1253 1676 humano
1263 1655 1333 1676 satu.
1370 1650 1423 1676 Iam
1434 1649 1570 1684 quidquid
1583 1650 1609 1676 in
1621 1650 1707 1684 capite
1718 1654 1766 1678 est.
1781 1648 1809 1675 id
1819 1656 1864 1674 co—

1070 1695 1150 1714 ronae
1160 1686 1250 1713 simile
1261 1686 1346 1713 videri
1358 1691 1453 1721 potest.
1479 1687 1546 1713 Nam
1557 1686 1630 1721 quod
1641 1685 1735 1712 eodem
1746 1690 1864 1720 tempore

1070 1724 1161 1751 stellas
1172 1732 1267 1750 aureas
1277 1724 1393 1750 Castoris
1403 1728 1429 1749 et
1438 1723 1564 1753 Pollucis.
1572 1722 1683 1757 Delphis
1694 1723 1803 1757 positas.
1816 1722 1864 1748 de-

1070 1761 1183 1791 cidisse,
1201 1769 1289 1796 neque
1303 1769 1349 1787 eas
1365 1768 1480 1795 usquam
1491 1764 1610 1795 repertas
1620 1767 1680 1786 esse
1691 1760 1799 1786 dixisti:
1821 1759 1865 1786 fu-

1071 1807 1130 1825 rum
1143 1798 1170 1824 id
1181 1799 1268 1834 magis
1280 1797 1388 1827 factum.
1401 1806 1483 1833 quam
1494 1797 1606 1824 deorum
1619 1796 1734 1823 videtur.
1765 1798 1807 1823 69.
1821 1796 1864 1822 Si-

1071 1836 1140 1862 miae
1160 1843 1224 1862 vero
1241 1834 1379 1862 Dodoneae
1400 1834 1598 1869 improbitatem
1619 1834 1738 1861 historiis
1754 1833 1864 1861 Graecis

1071 1872 1223 1899 mandatam
1233 1880 1292 1898 esse
1302 1872 1430 1898 demiror.
1469 1871 1541 1903 Quid
1553 1872 1644 1898 minus
1655 1871 1754 1897 mirum
1763 1891 1769 1902 ‚
1781 1879 1863 1906 quam

1071 1909 1144 1936 illam
1169 1910 1444 1936 monstruosissimam
1470 1909 1584 1935 bestiam
1608 1916 1703 1935 urnam
1723 1909 1860 1935 evertisse.

1070 1952 1154 1973 sortes
1165 1946 1360 1981 dissipavisse‘?
1374 1947 1407 1973 Et
1422 1951 1520 1982 negant
1535 1945 1669 1976 historici,
1686 1944 1864 1972 Lacedaemo-

1071 1985 1124 2010 niis
1139 1983 1226 2010 ullum
1237 1989 1371 2010 ostentum
1383 1983 1433 2010 hoc
1444 1984 1547 2010 tristius
1558 1982 1698 2009 accidisse.
1738 1982 1806 2009 Nam
1817 1981 1862 2009 illa

1070 2021 1204 2056 praedicta
1220 2021 1388 2052 Veientium,
1410 2021 1434 2047 si
1450 2020 1524 2047 lacus
1539 2020 1660 2047 Albanus
1675 2019 1861 2050 redundasset.

1070 2059 1148 2093 isque
1158 2059 1186 2084 in
1197 2066 1270 2084 mare
1280 2057 1412 2089 fluxisset.
1425 2058 1534 2084 Romam
1545 2058 1705 2092 perituram
1723 2057 1747 2083 si
1758 2065 1863 2092 repres-

1069 2104 1116 2122 sus
1131 2100 1214 2126 esset.
1230 2096 1323 2122 Veios:
1340 2096 1376 2122 ita
1391 2103 1462 2130 aqua
1470 2094 1572 2121 Albana
1583 2094 1698 2121 deducta
1713 2094 1748 2121 ad
1761 2093 1862 2121 utitita-

1069 2138 1122 2159 tem
1134 2133 1190 2169 agri
1202 2133 1362 2163 suburbani,
1376 2141 1428 2159 11011
1439 2131 1474 2159 311
1483 2140 1570 2159 arcem
1580 2131 1734 2166 Urbemque
1744 2131 1862 2158 retinen-

1068 2169 1140 2196 dam.
1179 2170 1213 2196 At
1222 2169 1313 2205 paullo
1322 2174 1382 2204 post
1392 2170 1482 2196 audita
1494 2178 1546 2196 vox
1556 2174 1597 2195 est
1606 2169 1748 2199 monentis.
1761 2173 1862 2203 1111110-

1069 2207 1204 2235 viderent.
1220 2215 1253 2233 ne
1268 2216 1282 2234 a
1293 2207 1380 2234 Gallis
1392 2207 1472 2234 Roma
1487 2211 1640 2241 caperetur:
1661 2214 1697 2233 ex
1709 2213 1742 2232 eo
1752 2205 1862 2232 Αἰθιο-

1068 2245 1162 2279 quenti
1181 2252 1253 2270 aram
1273 2245 1300 2271 in
1321 2253 1388 2271 nova
1408 2244 1452 2271 via
1465 2248 1656 2271 consecratam.
1695 2241 1767 2275 Quid
1780 2241 1862 2278 ergo?

1067 2282 1134 2308 Aius
1146 2282 1195 2308 iste
1207 2282 1344 2316 Loquens,
1360 2290 1446 2316 quum
1459 2290 1523 2308 eum
1538 2288 1616 2307 nemo
1629 2284 1717 2310 norat.
1733 2278 1821 2306 aiebat
1835 2283 1862 2306 et

1068 2318 1240 2353 loquebatur.
1260 2323 1286 2345 et
1300 2327 1334 2345 ex
1348 2327 1380 2345 eo
1395 2327 1492 2345 nomen
1505 2318 1622 2345 invenit:
1646 2321 1820 2352 posteaquam
1834 2321 1861 2343 et

1067 2355 1158 2382 sedem
1178 2360 1205 2382 et
1223 2364 1297 2382 aram
1317 2360 1454 2383 01110111011
1474 2356 1592 2386 invenit.
1611 2352 1765 2381 obmutuit?
1783 2352 1860 2386 Quod

1067 2392 1138 2419 idem
1149 2392 1204 2419 dici
1215 2393 1248 2419 de
1255 2393 1356 2419 Moneta
1368 2397 1467 2428 potest:
1481 2401 1496 2419 a
1505 2401 1568 2427 qua.
1576 2396 1761 2426 praeterquam
1767 2390 1802 2418 de
1810 2399 1860 2417 sue

1067 2429 1154 2464 plena.
1167 2430 1234 2465 quid
1245 2438 1375 2465 umquam
1387 2430 1480 2457 moniti
1492 2428 1606 2456 sumus?
1619 2427 1744 2455 XXXIII.
1755 2428 1798 2454 70.
1810 2427 1860 2454 Sa-

1066 2467 1101 2493 tis
1116 2467 1200 2493 multa
1215 2467 1248 2494 de
1263 2468 1384 2494 ostentis.
1424 2466 1552 2501 Auspicia
1561 2469 1662 2492 restant
1670 2469 1697 2491 et
1705 2469 1791 2491 sortes
1801 2472 1857 2495 eae,

1066 2512 1135 2539 quae
1145 2504 1295 2536 ducuntur,
1308 2512 1360 2531 non
1371 2503 1447 2534 illae,
1459 2512 1529 2538 quae
1540 2502 1727 2529 vaticinatione
1738 2501 1860 2528 fundun-

1066 2546 1121 2572 tur.
1137 2549 1207 2576 quae
1216 2541 1323 2568 oracula
1335 2542 1426 2567 verius
1436 2540 1566 2571 dicimus
1589 2539 1622 2565 de
1633 2538 1735 2574 quibus
1746 2543 1804 2566 tum
1814 2538 1859 2565 di—

1065 2586 1172 2610 cemus,
1188 2587 1273 2614 quum
1285 2578 1318 2605 ad
1328 2577 1476 2605 naturalem
1486 2576 1680 2603 divinationem
1690 2576 1856 2602 venerimus.

1065 2615 1155 2642 Restat
1164 2616 1244 2642 etiam
1255 2615 1289 2642 de
1299 2614 1451 2642 Chaldaeis.
1490 2613 1543 2640 Sed
1553 2614 1672 2648 primum
1683 2613 1805 2648 auspicia
1815 2613 1858 2639 vi-
