1941 3052
199 141 246 166 ⁸536
775 140 816 165 94.

199 219 253 236 rus:
268 209 368 244 quibus
381 207 425 234 ille
436 209 459 234 si
473 207 552 236 cedit.
566 207 633 234 salvi
645 216 750 234 sumus.
775 208 901 235 incendio
912 208 987 235 Plae-

199 247 300 273 toriano
311 246 382 281 quod
395 246 472 270 Seius
485 245 625 270 anibustun
636 250 683 274 est,
698 246 787 271 minua
801 246 908 272 moleste
921 246 985 272 lero.

200 284 330 310 Lucceius
344 282 376 308 dc
392 284 422 313 Q.
440 282 531 307 (lessio
546 290 593 307 cur
609 287 660 308 tam
682 282 826 309 vehemens
848 283 939 314 suerit,
962 287 988 310 et

199 320 264 355 quid
277 324 364 345 actum
378 324 420 347 sit,
434 327 499 343 aveo
509 319 586 344 scire.
613 320 637 344 9.
656 319 719 354 Ego,
733 328 817 354 quum
831 319 986 346 Laodiceam

201 356 420 387 v‹·ncro,Quinto,
433 355 530 380 sororis
543 360 601 381 tuae
614 355 676 386 lilio,
690 361 776 391 togam
788 365 882 391 purum
896 357 988 383 iubeor

198 393 273 419 dare:
298 393 340 418 cui
356 391 512 418 moderabor
529 392 696 427 diligentius.
737 394 886 424 Deiotarus,
909 395 987 420 cuius

199 429 308 456 auxiliis
321 429 425 464 mugnis
438 437 503 454 usus
514 438 583 459 sum,
597 429 629 455 ad
643 438 692 460 me,
707 435 735 456 ut
745 431 861 465 scripsit,
875 432 987 457 cumCi-
1007 430 1009 439 ⁴

198 466 341 493 ceronibus
353 466 508 492 Laodiceam
522 471 650 492 venturus
661 471 724 493 erut.
751 468 821 493 'suas
832 469 911 494 etiam
924 468 988 502 Epi-

200 504 294 530 roticas
304 508 428 538 exspecto
441 503 551 535 litteras,
567 508 595 530 ut
605 504 716 530 habeam
729 505 854 531 rationem
867 514 918 531 non
931 514 987 531 mo-

199 541 233 567 do
249 541 362 575 negotii.
381 549 473 566 verum
489 541 568 566 etiam
584 541 630 567 otii
647 542 696 567 tui.
736 542 850 568 Nicanor
862 543 887 568 in
899 541 987 568 orticio

199 583 251 606 cst.
270 582 294 604 et
305 586 318 602 u
331 586 372 603 mc
385 577 528 604 liberaliter
539 582 677 604 tractatur:
694 587 789 613 quem,
807 583 923 613 utputo,
937 580 988 605 ilo-
1007 603 1009 610 ,

201 623 270 641 mam
286 622 348 640 cum
365 614 458 640 litteris
475 614 592 649 publicis
608 616 723 647 mittam;
747 620 815 642 utet
829 616 987 652 diligentius
1008 615 1009 636 ἒ

200 651 379 686 perferantur,
397 656 421 678 et
437 651 508 678 idem
525 652 557 678 nd
572 661 613 678 me
624 657 693 679 certa
705 652 738 679 de
750 658 773 679 te
785 658 870 680 etate
881 653 984 680 reserat.

199 688 290 715 Alexis
302 688 374 723 quod
386 688 452 714 mihi
465 689 540 715 toties
550 689 663 716 salutem
675 690 798 720 ascribit,
816 694 856 716 est
870 695 985 726 gratum.

198 726 252 752 Sed
263 734 311 752 cur
322 734 372 752 non
384 726 442 751 suis
455 725 548 752 litteris
560 726 630 753 idem
643 726 718 757 facit,
736 727 807 762 quod
823 736 899 754 meus
915 727 947 754 ad
963 732 986 754 te

199 763 290 790 Alexis
308 762 386 789 facit?
401 762 511 789 Phemio
526 764 664 798 quaeritur
673 766 757 799 κέρας.
779 764 832 791 Sed
844 765 908 791 haec
924 765 987 791 hac-

199 805 286 827 tenus.
331 800 409 830 Cura,
428 805 456 826 ut
472 800 569 831 valeas,
582 806 608 827 et
618 806 646 828 ut
656 802 754 832 sciam,
767 801 875 837 quando
885 803 986 837 cogites

200 838 319 864 Romam.
358 838 444 863 Etiam
457 842 535 872 atque
546 839 625 864 etiam
637 838 705 865 vale.
744 840 784 865 40.
806 839 862 865 Tua
874 844 986 874 tuosque

199 874 313 901 Thermo
328 879 353 900 et
367 882 492 909 praesens
508 875 607 909 Ephesi
627 875 836 911 diligentissime
850 885 987 904 commen-

198 911 304 942 daram,
322 916 347 938 et
362 920 432 938 nunc
448 920 494 946 per
506 912 618 943 litteras;
642 913 785 948 ipsumque
797 913 917 940 intellexi
928 922 987 940 esse

191 948 397 984 ,perstudiosum
413 950 462 975 tui.
502 949 541 976 Tu
556 949 651 980 velim,
669 950 740 985 quod
755 955 829 977 antea
841 951 873 977 ad
886 956 910 977 te
920 951 988 977 scri-

199 987 250 1021 psi,
265 986 297 1012 de
309 985 595 1017 domol‘ammeni,‹les
604 995 721 1022 operam,
730 993 767 1018 ut,
775 987 847 1022 quod
859 993 903 1014 tuo
915 997 988 1014 meo-

199 1031 252 1058 que
264 1023 393 1050 benelicio
404 1032 471 1058 puer
482 1023 574 1054 habet,
591 1032 681 1055 cureS,
702 1033 734 1051 ne
749 1033 801 1060 qua
814 1026 913 1052 ratione
924 1034 988 1052 con-

198 1060 322 1087 vellatur.
362 1060 472 1095 Utrique
488 1066 606 1088 nostrum
624 1061 764 1089 honestum
775 1063 912 1095 existimo,
931 1067 986 1090 tum

200 1097 267 1124 mihi
277 1098 327 1124 erit
338 1102 501 1134 pergratum.

256 1166 319 1188 XXI.
348 1168 469 1191 (Laudiceae,
479 1169 551 1191 Paullo,
560 1170 652 1188 Marcello
662 1176 710 1187 eon.
721 1171 775 1192 7⁰⁴.)

382 1211 548 1238 CICERO
579 1212 745 1240 ATTICO
774 1213 802 1240 S.

255 1250 277 1274 t.
293 1248 330 1274 Te
341 1249 368 1274 in
380 1249 492 1283 Epirum
503 1249 608 1275 salvum
620 1251 736 1281 venisse,
749 1255 783 1281 et,
797 1255 826 1278 ut
835 1250 942 1282 scribis,
955 1258 989 1277 ex

197 1286 328 1312 sententia
348 1287 502 1321 navigasse,
526 1286 698 1314 vehementer
716 1287 834 1323 gaudeo:
857 1296 909 1314 non
930 1296 989 1314 esse

198 1323 295 1349 Romae
307 1331 365 1349 meo
380 1327 498 1358 tempore
514 1325 725 1358 pernecessario,
743 1324 907 1352 submoleste
918 1324 985 1357 serm

199 1360 248 1386 hoc
269 1368 311 1386 me
332 1365 419 1386 tamen
434 1361 568 1388 consolor:
591 1370 643 1388 non
663 1370 741 1397 spero
756 1367 780 1389 te
796 1363 856 1389 istic
872 1362 988 1389 iucunde

199 1397 330 1427 hiemare,
345 1402 371 1424 et
382 1396 495 1424 libenter
505 1398 682 1433 requiescere.
722 1401 747 1426 2.
769 1399 893 1430 Cassius,
910 1399 990 1426 frater

197 1434 229 1466 Q.
242 1434 341 1465 Cassii,
354 1433 495 1461 familiaris
507 1436 559 1466 tui,
572 1435 744 1470 pudentiores
754 1436 814 1463 illas
826 1436 926 1463 litteras
937 1437 990 1463 mi-

197 1476 281 1503 serat,
298 1471 340 1506 (de
351 1471 452 1506 quibus
464 1477 492 1499 tu
504 1481 537 1499 ex
548 1481 590 1499 me
601 1474 730 1508 requiris,
748 1474 815 1509 quid
830 1474 884 1500 sibi
895 1473 990 1501 volue-

198 1508 272 1543 rint,)
283 1517 364 1543 quam
375 1517 428 1540 eas,
442 1518 509 1544 quas
521 1514 611 1545 postea
622 1511 704 1542 misit,
712 1511 814 1546 quibus
825 1519 872 1546 per
882 1519 911 1538 se
921 1511 990 1537 scri-

198 1545 237 1572 bit
252 1545 402 1572 cont'ectum
422 1555 481 1573 esse
496 1547 649 1574 Parthicum
664 1548 777 1575 bellum.
816 1549 990 1575 Recesserant

197 1582 238 1609 illi
254 1583 365 1618 quidem
380 1583 413 1610 ab
428 1584 569 1611 Antiochia
584 1589 644 1612 ante
659 1585 749 1612 Bibuli
764 1585 923 1617 adventum,
940 1585 988 1612 sed

199 1619 273 1647 nullo
294 1625 382 1647 nostro
403 1620 581 1657 εὐημερήματι,
625 1622 708 1649 Hodie
734 1631 796 1650 vero
821 1622 941 1649 hiemant
961 1623 987 1649 in

197 1656 379 1693 Cyrrhestica,
397 1659 601 1694 maximumque
616 1659 718 1686 bellum
734 1659 880 1695 impendet.
920 1660 988 1686 Nam

197 1698 224 1720 et
238 1694 332 1726 Orodi,
350 1696 421 1731 regis
436 1696 606 1728 Parthorum,
625 1696 697 1723 filius
712 1698 738 1723 in
750 1697 888 1732 provincia
899 1701 988 1724 nostra

198 1735 251 1758 est:
268 1739 316 1758 nec
330 1731 434 1759 dubitat
444 1733 594 1765 Deiotarus,
610 1733 699 1769 (cuius
711 1734 766 1761 filio
776 1738 851 1769 pacta
862 1738 902 1761 est
912 1734 989 1761 Arta-

199 1767 290 1794 vasdis
305 1768 373 1800 lilia,
390 1778 424 1796 ex
438 1778 491 1804 quo
507 1771 570 1797 sciri
584 1771 691 1806 potest,)
706 1772 772 1806 quin
787 1780 849 1798 cum
860 1771 988 1798 omnibus

198 1805 283 1840 copiis
300 1806 357 1840 ipse
372 1807 458 1841 prima
473 1812 570 1834 aestate
583 1808 738 1842 Euphraten
759 1809 919 1835 transiturus
942 1809 986 1834 sit.

198 1842 256 1874 Quo
272 1848 359 1869 autem
376 1843 420 1870 die
431 1844 516 1870 Cassii
528 1844 629 1871 litterae
641 1846 765 1872 victrices
776 1846 803 1872 in
815 1850 908 1872 senatu
920 1845 988 1871 rcci-

199 1883 266 1906 tatae
277 1886 352 1910 sunt,
366 1881 394 1906 id
403 1885 456 1913 est,
470 1882 553 1909 Nonis
564 1881 738 1913 Octobribus,
752 1882 846 1909 eodem
860 1890 934 1909 meae
945 1887 988 1909 tu-

199 1916 315 1943 multum
327 1918 490 1945 nuntiantes.
529 1919 615 1946 Axius
626 1925 714 1947 noster
725 1920 770 1952 ait,
783 1924 886 1947 nostras
897 1924 989 1946 aucto-

198 1954 284 1980 ritatis
305 1954 398 1989 plenas
417 1955 514 1988 fuisse3
539 1955 594 1983 illis
615 1962 693 1993 negat
715 1957 857 1984 creditum.
897 1956 988 1984 Bibuli

199 1990 318 2017 nondum
334 1997 408 2018 erant
422 1992 528 2025 allatae,
546 2002 614 2028 quas
629 1999 700 2021 certo
711 1995 766 2021 scio
777 1994 870 2029 plenas
884 1994 988 2021 timoris

199 2027 263 2054 fore.
287 2030 312 2055 3.
328 2029 369 2055 Ex
380 2030 414 2055 iis
425 2030 506 2057 rebus
518 2030 566 2057 hoc
579 2040 679 2063 vereor,
693 2040 734 2062 ne,
747 2041 832 2067 quum
844 2032 988 2067 Pompeius

197 2070 305 2100 propter
319 2071 421 2093 metum
437 2075 526 2094 rerum
537 2076 668 2095 novarum
678 2077 813 2104 nusquam
827 2069 986 2099 dimittatur,

196 2101 304 2129 Caesari
316 2103 406 2130 nullus
418 2104 501 2131 honos
513 2113 527 2131 a
538 2110 632 2132 senatu
644 2106 787 2139 habeatur3
805 2106 870 2133 dum
882 2106 927 2133 hic
941 2115 988 2132 no-

196 2139 249 2166 dus
265 2140 436 2175 expediatur,
459 2150 510 2168 non
526 2148 601 2177 putet
615 2148 737 2174 senatus,
759 2152 821 2173 nos,
845 2148 988 2179 antequam

197 2185 353 2204 successum
368 2179 416 2209 sit,
432 2184 553 2214 oportere
567 2179 709 2212 decedere,
726 2188 775 2207 nec
790 2182 818 2207 in
833 2185 904 2207 tanto
914 2185 987 2207 motu

197 2222 288 2240 rerum
307 2216 387 2242 tantis
412 2217 559 2250 provinciis
585 2217 707 2253 singulos
733 2217 833 2253 legatos
853 2226 987 2253 praeesse.

197 2251 254 2282 llic,
263 2252 368 2287 nequid
380 2253 447 2279 mihi
458 2259 623 2289 prorogetur,
631 2254 704 2289 quod
715 2263 747 2281 ne
759 2256 917 2282 intercessor
927 2255 990 2290 qui-

198 2287 260 2314 dem
271 2290 402 2316 sustinere
414 2291 507 2324 possit,
516 2291 622 2318 horreo:
636 2297 716 2327 atque
726 2300 757 2319 eo
767 2293 864 2328 magis,
877 2292 950 2327 quod
960 2296 989 2318 tu

198 2325 276 2357 abes,
288 2327 336 2361 qui
347 2327 471 2359 consilio,
485 2329 582 2364 gratia,
600 2329 690 2355 studio
700 2329 793 2356 multis
804 2330 885 2356 rebus
895 2337 990 2356 occur—

198 2370 279 2389 reres.
319 2363 372 2390 Sed
401 2364 475 2391 dices
503 2374 545 2392 me
570 2366 661 2401 ipsum
685 2366 754 2393 mihi
778 2366 990 2393 sollicitudinem

198 2404 310 2427 struere.
349 2401 447 2437 Cogor,
465 2407 491 2429 et
501 2402 582 2429 velim
595 2404 630 2430 ita
640 2404 684 2430 sit.
724 2403 777 2430 Sed
787 2405 877 2430 omnia
887 2408 987 2430 metuo.

199 2436 255 2462 Etsi
261 2437 363 2464 bellum
370 2438 562 2474 ἀκροτελεύῐιον
573 2440 653 2467 habet
662 2440 708 2466 illa
719 2445 763 2467 tua
773 2440 895 2476 epistola,
907 2449 989 2476 quam

198 2473 297 2500 dedisti
308 2483 440 2502 nauseans
451 2476 590 2504 Buthroto:
604 2479 658 2507 tibi,
669 2482 697 2503 ut
705 2479 778 2504 video
788 2483 812 2504 et
821 2487 903 2511 spero,
916 2479 990 2504 nulla

199 2511 409 2550 ‹zdfleoedendum
419 2516 467 2539 erit
477 2522 557 2540 mora.
578 2513 694 2545 Mallem,
707 2519 734 2541 ut
746 2517 830 2541 video:
842 2514 910 2541 nihil
921 2523 989 2549 opus

201 2545 260 2587 fuit,
273 2552 300 2573 ut
311 2557 392 2581 spero.
415 2551 438 2576 4.
459 2550 621 2586 Acceperam
632 2556 720 2577 autem
731 2552 796 2578 satis
807 2551 990 2578 celeriterlco-

201 2590 239 2608 nn
255 2591 301 2617 per
316 2585 521 2618 publicanorum
536 2588 687 2615 tabellarios
702 2596 717 2614 a
731 2588 837 2614 Lentuli
853 2588 990 2623 triumpho

200 2618 285 2661 datas.
325 2621 353 2647 ln
370 2621 412 2648 his
431 2624 604 2660 γλυκύπικρον
624 2624 692 2651 illud
709 2625 865 2656 confirmas,
888 2633 989 2652 moram

201 2655 268 2682 mtht
281 2656 382 2684 nullam
398 2658 465 2687 fore:
483 2660 580 2688 deinde
591 2662 683 2693 addis,
700 2662 723 2689 si
734 2661 801 2697 quid
811 2670 903 2693 secus,
921 2667 945 2690 te
956 2661 990 2689 ad

1007 407 1009 420 l

850 138 886 165 M.
915 138 946 165 Τ.
977 138 1248 166 (ΣΙΕΕΠΟΝΙΞ

1007 218 1017 231 ἰ
1040 217 1081 235 me
1094 207 1169 245 [sore]
1183 214 1335 236 venturum.
1375 210 1483 245 Angunt
1500 219 1540 237 me
1556 210 1737 238 dubitationes
1752 216 1824 243 tuae,

1039 246 1119 272 simul
1135 251 1161 272 et
1178 247 1266 276 vides,
1283 255 1351 281 quas
1365 249 1512 281 acceperim
1529 248 1636 274 litteras.
1679 249 1744 274 Nam
1759 257 1828 283 quau

1014 284 1017 327 l
1039 284 1177 313 llerrnoni.
1194 284 1357 309 centurionis
1369 284 1507 315 Camulae,
1525 286 1581 319 ipse
1592 285 1688 311 scribis
1701 291 1724 312 te
1735 285 1829 312 dedis-

1038 330 1076 350 se,
1091 329 1141 346 non
1153 321 1253 355 accepi.
1281 321 1371 347 Laenii
1383 322 1474 355 pueris
1486 326 1509 347 te
1520 322 1636 351 dedisse.
1650 331 1729 357 saepe
1740 323 1772 348 ad
1785 330 1828 349 me

1039 358 1195 392 scripseras,
1236 357 1286 383 Ena
1298 357 1441 383 Laodiceae
1453 357 1583 393 denique,
1598 368 1682 394 quum
1694 369 1725 386 eo
1737 361 1827 386 venis-

1039 403 1105 424 sem,
1119 402 1155 420 ιιι,
1170 394 1207 420 ld.
1221 394 1298 420 Febr.
1312 395 1426 420 Laenius
1438 395 1504 421 mibi
1517 395 1825 425 reddidit,damu.‹1.x.

1040 431 1097 457 Kal.
1113 431 1251 457 Octobres.
1293 431 1389 458 Laenio
1405 436 1463 458 tuas
1477 433 1719 460 commendationes
1734 439 1760 460 et
1774 439 1827 459 sta-

1039 469 1086 494 tim
1104 468 1206 497 verbis.
1228 473 1253 494 ct
1269 468 1372 503 reliquo
1387 473 1504 503 tempore
1520 478 1547 495 re
1561 470 1687 504 probabo.
1727 472 1751 496 5.
1774 471 1828 496 ilae

1014 495 1017 538 ff
1040 505 1140 531 litterae
1151 510 1235 531 cetera
1249 510 1335 532 vetera
1347 505 1493 535 habebant,
1513 514 1596 532 unum
1612 507 1660 533 hoc
1673 516 1780 536 novum.
1794 507 1828 533 de

1039 543 1173 578 Cibyratis
1190 542 1335 576 pantheris.
1376 543 1489 569 Multum
1506 548 1530 570 te
1544 552 1616 573 amo,
1633 543 1705 579 quod
1717 553 1828 579 respon-

1039 580 1102 606 disti
1115 580 1149 606 M.
1162 580 1285 609 Octavio,
1299 584 1322 606 te
1334 589 1386 606 non
1398 585 1501 614 putare.
1541 580 1592 606 Sed
1605 580 1714 615 posthac
1726 582 1825 611 omnia.

1039 625 1107 652 (stiae
1118 621 1187 643 certa
1200 625 1251 642 non
1263 621 1354 646 erunt,
1372 625 1420 651 pro
1430 622 1501 644 certo
1512 623 1616 652 negato.
1656 618 1709 644 Nos
1719 619 1792 645 enim
1802 623 1829 644 et

1039 659 1125 680 nostra
1138 659 1231 688 sponte
1244 653 1311 680 bene
1321 654 1404 684 tirmi,
1418 659 1443 680 et
1455 654 1606 681 mehercule
1618 656 1772 682 auctoritate
1783 660 1826 682 tua

1040 690 1195 717 inflammati
1213 691 1328 717 vicimus
1343 700 1436 718 omnes
1446 691 1506 725 (hoc
1517 697 1544 718 tu
1560 692 1593 718 ita
1606 693 1732 727 reperies)
1742 700 1827 727 quum

1038 729 1213 758 abstinentia,
1227 733 1283 754 tum
1296 729 1407 758 iustitia,
1421 728 1555 759 facilitate,
1567 728 1718 755 clementia.
1757 729 1828 756 Cave

1039 771 1116 800 putes
1131 765 1280 800 quidquam
1297 765 1420 792 homines
1435 767 1521 801 magis
1537 775 1665 801 umquam
1677 775 1736 793 esse
1747 767 1828 793 mira-

1039 807 1091 833 tos,
1108 811 1190 838 quam
1206 802 1311 829 nullum
1328 803 1492 833 teruncium,
1510 812 1552 829 me
1567 803 1703 830 obtinente
1718 805 1828 838 provin-

1038 841 1116 870 ciam,
1130 845 1254 874 sumptus
1267 839 1365 866 [actum
1376 849 1449 870 esse,
1465 842 1550 867 necin
1563 840 1766 875 rempublicam.
1781 849 1829 867 nec

1040 878 1065 903 in
1082 885 1246 912 quemquam
1263 886 1397 908 meorum,
1415 883 1600 913 praeterquam
1617 879 1644 904 in
1661 878 1690 904 L.
1709 877 1827 905 Tullium

1040 913 1166 950 legatum.
1183 915 1215 944 ls,
1225 915 1359 949 ceteroqui
1371 915 1518 944 abstinens.
1530 915 1576 941 sed
1589 914 1654 941 iulia
1667 915 1733 950 lege,
1742 920 1828 942 trans-

1040 952 1121 982 nans,
1147 952 1229 978 semel
1247 956 1333 978 tamen
1351 953 1377 978 in
1392 952 1478 981 diem.
1501 961 1566 982 non,
1587 957 1616 978 ut
1635 952 1681 978 alii
1696 952 1826 981 solebant,

1038 989 1165 1015 omnibus
1177 989 1254 1019 vicis,
1269 987 1383 1025 [praeter
1393 997 1454 1015 eum
1466 989 1558 1018 semel.
1575 998 1652 1016 nemo
1663 988 1775 1025 accepit]
1789 989 1828 1015 sa-

1039 1027 1088 1057 cit,
1106 1031 1134 1053 ut
1150 1025 1218 1052 mihi
1233 1026 1410 1061 excipiendus
1424 1027 1471 1056 sit,
1493 1035 1578 1061 quum
1595 1028 1745 1053 teruncium
1760 1035 1828 1062 nego

1039 1068 1164 1098 sumptus
1174 1062 1283 1089 factum.
1324 1064 1428 1090 Praeter
1438 1072 1500 1089 eum
1511 1064 1613 1098 accepit
1624 1072 1711 1090 nemo.
1751 1064 1803 1090 tias
1813 1072 1828 1089 a

1039 1105 1128 1127 nostro
1138 1100 1169 1132 Q.
1182 1100 1281 1126 Titinio
1291 1100 1383 1127 sordes
1394 1101 1557 1135 accepimus.
1597 1102 1622 1127 6.
1637 1101 1702 1135 Ego,
1718 1101 1829 1127 aestivis

1038 1137 1180 1168 consectis.
1197 1137 1327 1170 Quintum
1343 1137 1450 1164 fratrem
1466 1138 1587 1164 hibernis
1597 1143 1622 1164 et
1632 1137 1741 1165 Ciliciae
1752 1146 1829 1173 prae-

1040 1174 1104 1201 teci.-
1126 1174 1158 1207 Q.
1175 1173 1329 1205 Volusium,
1347 1175 1386 1201 tui
1397 1174 1498 1201 Tiberii
1509 1183 1651 1210 generum,
1667 1180 1769 1202 certum
1781 1175 1829 1202 ho-

1041 1212 1155 1242 minem,
1172 1211 1220 1238 sed
1236 1211 1347 1238 mirifice
1359 1212 1439 1238 etiam
1450 1211 1642 1242 abstinentem,
1660 1213 1722 1238 misi
1738 1213 1765 1239 in
1777 1211 1830 1248 Cy—

1040 1257 1134 1284 prum,
1155 1254 1185 1275 ut
1199 1248 1237 1275 ibi
1257 1249 1386 1284 pauculos
1401 1249 1460 1275 dies
1478 1254 1560 1276 esset:
1584 1257 1617 1275 ne
1631 1249 1704 1275 cives
1719 1249 1830 1276 Romani

1040 1287 1128 1321 pauci,
1141 1286 1189 1321 qui
1201 1285 1257 1312 illic
1268 1287 1446 1322 negotiantur,
1455 1287 1498 1313 ius
1508 1286 1562 1312 sibi
1573 1285 1675 1312 dictum
1687 1291 1827 1322 negarent;

1040 1332 1102 1350 nam
1116 1323 1221 1350 evocari
1236 1332 1270 1350 ex
1285 1323 1373 1350 insula
1385 1323 1497 1359 Cyprios
1511 1323 1644 1350 nonlicet.
1683 1324 1709 1350 7.
1731 1324 1830 1358 ipsein

1040 1361 1131 1387 Asiam
1144 1359 1278 1395 profectus
1289 1369 1350 1387 sum
1362 1360 1443 1387 Tarso
1454 1361 1537 1387 Nonis
1548 1360 1690 1392 ianuariis,
1710 1369 1761 1387 non
1773 1368 1830 1386 me-

1041 1397 1150 1425 hercule
1164 1397 1219 1424 dici
1234 1402 1334 1432 potest,
1355 1406 1409 1433 qua
1424 1398 1598 1424 admiratione
1609 1397 1719 1424 Ciliciae
1734 1398 1830 1424 civita-

1041 1440 1112 1466 tum,
1134 1435 1306 1470 maximeque
1329 1435 1512 1462 Tarsensium.
1551 1435 1642 1461 Postea
1662 1443 1726 1461 vero
1747 1443 1830 1470 quam

1041 1472 1158 1499 Taurum
1170 1477 1353 1508 transgressus
1367 1481 1441 1503 sum,
1455 1471 1567 1499 mirifica
1579 1473 1741 1507 exspectatio
1751 1472 1831 1498 Asiae

1041 1514 1192 1536 nostrarum
1208 1509 1387 1540 dioecesium,
1409 1518 1478 1545 quae
1498 1518 1547 1536 sex
1566 1509 1705 1536 mensibus
1723 1509 1831 1544 imperii

1041 1548 1094 1573 mei
1107 1546 1196 1574 nullas
1211 1555 1285 1573 meas
1295 1551 1432 1582 acceperat
1447 1546 1560 1577 litteras,
1578 1555 1725 1582 numquam
1737 1546 1831 1581 hospi-

1040 1589 1093 1611 tem
1104 1583 1217 1610 viderat.
1257 1583 1327 1610 illud
1342 1588 1431 1610 autem
1447 1589 1554 1619 tempus
1564 1584 1708 1619 quotannis
1717 1588 1777 1610 ante
1787 1591 1830 1610 me

1041 1620 1126 1648 fuerat
1141 1621 1168 1647 in
1180 1621 1230 1648 hoc
1245 1626 1372 1656 quaestu:
1388 1622 1510 1648 civitates
1526 1620 1684 1656 locupletes,
1701 1629 1734 1647 ne
1745 1621 1773 1647 in
1787 1620 1831 1646 hi-

1040 1658 1121 1685 berna
1141 1657 1241 1684 milites
1261 1659 1421 1693 reciperent,
1443 1666 1554 1694 magnas
1567 1658 1696 1693 pecunias
1715 1657 1827 1684 dabant:

1040 1695 1132 1732 Cyprii
1143 1695 1240 1722 talenta
1250 1695 1335 1722 Attica
1346 1703 1387 1722 ce.
1409 1694 1465 1727 Qua
1477 1703 1511 1722 ex
1522 1694 1610 1721 insula
1620 1695 1682 1729 (non
1693 1694 1830 1730 ὑπερβολι-

1039 1735 1101 1763 κῶς,
1116 1732 1164 1759 sed
1179 1733 1321 1759 verissime
1337 1731 1439 1767 loquor)
1453 1740 1582 1758 nummus
1597 1731 1688 1758 nullus
1704 1739 1747 1758 me
1760 1731 1830 1758 obti-

1040 1774 1118 1796 nente
1129 1769 1291 1805 erogabitur.
1330 1769 1372 1795 Ob
1383 1769 1448 1795 baec
1459 1768 1601 1795 beneficia.
1617 1768 1718 1804 quibus
1730 1768 1771 1795 illi
1780 1768 1831 1795 ob-

1039 1811 1211 1841 stupescunt,
1229 1806 1317 1833 nullos
1329 1806 1442 1833 honores
1452 1806 1534 1836 mihi.
1549 1807 1602 1832 nisi
1614 1805 1770 1837 xerborum,
1782 1805 1830 1832 de·

1039 1844 1112 1870 cerni
1123 1844 1196 1870 sino:
1210 1848 1319 1874 statuas,
1329 1843 1541 1879 fanaafflgnnna
1553 1842 1695 1878 prohibeo:
1709 1850 1757 1869 nec
1768 1850 1830 1869 sum

1039 1882 1066 1907 in
1078 1880 1132 1907 ulla
1145 1889 1171 1907 re
1183 1880 1234 1907 alia
1249 1880 1378 1907 molestus
1393 1880 1562 1911 civitatibus,
1578 1879 1627 1906 sed
1642 1879 1752 1906 fortasse
1768 1879 1827 1911 tibi,

1039 1918 1087 1953 qui
1099 1918 1164 1944 haec
1175 1918 1327 1953 praedicem
1338 1917 1371 1944 de
1383 1926 1435 1944 me.
1476 1916 1574 1948 Perfer,
1587 1918 1611 1944 si
1622 1925 1664 1943 me
1675 1925 1758 1943 amas.
1789 1917 1830 1943 Tu

1039 1955 1112 1982 enim
1127 1963 1170 1981 me
1185 1955 1251 1982 haec
1267 1954 1352 1981 facere
1365 1954 1486 1982 voluisti.
1527 1957 1552 1981 8.
1574 1955 1625 1981 Iter
1639 1955 1722 1990 igitur
1737 1955 1772 1980 ita
1782 1961 1831 1989 per

1038 1993 1131 2020 Asiam
1144 1991 1209 2024 feci,
1226 1997 1257 2019 ut
1270 1993 1350 2019 etiam
1366 1991 1464 2023 fames,
1486 2000 1540 2027 qua
1555 1991 1623 2018 nihil
1640 1991 1765 2018 miserius
1779 1995 1828 2021 est,

1039 2039 1107 2065 quae
1123 2035 1180 2057 tum
1194 2034 1250 2057 erat
1264 2030 1291 2057 in
1307 2030 1357 2057 hac
1376 2038 1435 2056 mea
1450 2029 1526 2059 Asia,
1547 2029 1655 2062 (messis
1669 2029 1742 2055 enim
1756 2027 1830 2055 nulla

1040 2067 1145 2102 fuerat.)
1160 2067 1229 2094 mihi
1247 2067 1362 2102 optanda
1378 2066 1468 2093 fuerit.
1507 2066 1683 2100 Quacumque
1702 2066 1752 2092 iter
1767 2064 1828 2095 feci,

1040 2105 1114 2132 nulla
1125 2105 1166 2134 vi,
1182 2104 1257 2131 nullo
1268 2104 1382 2135 iudicio,
1399 2103 1474 2130 nulla
1484 2102 1658 2132 contumelia,
1676 2102 1830 2129 auctoritate

1040 2147 1065 2169 et
1075 2142 1254 2169 cohortatione
1268 2141 1382 2177 perfeci,
1400 2146 1429 2168 ut
1443 2145 1469 2167 et
1479 2140 1574 2168 Graeci
1588 2145 1613 2167 et
1623 2141 1696 2166 cives
1707 2139 1827 2169 Romani,

1039 2180 1087 2214 qui
1107 2179 1272 2205 frumentum
1291 2182 1516 2214 compresserant,
1539 2185 1666 2212 magnum
1686 2183 1829 2203 numerum

1040 2216 1148 2251 populis
1158 2215 1358 2251 pollicerentur.
1398 2217 1423 2242 9.
1442 2214 1536 2242 Idibus
1547 2214 1708 2243 Februariis,
1721 2221 1775 2248 quo
1785 2212 1830 2239 die

1041 2254 1089 2280 bas
1101 2253 1201 2280 litteras
1217 2253 1294 2284 dedi,
1312 2252 1399 2279 sorum
1414 2253 1582 2279 institueram
1597 2258 1674 2287 agere
1685 2249 1830 2276 Laodiceae

1040 2291 1224 2327 Cibyraticum
1240 2295 1266 2317 et
1281 2291 1460 2325 Apameense3
1481 2297 1515 2316 ex
1529 2288 1622 2315 Idibus
1633 2287 1708 2313 Mart.
1726 2286 1829 2313 ibidem

1040 2327 1229 2364 Synnadense,
1247 2327 1452 2363 Pamphylium,
1474 2327 1542 2361 [tum
1556 2325 1666 2351 Phemio
1685 2323 1829 2359 dispiciam

1039 2365 1124 2401 κέρας)
1135 2365 1308 2400 Lycaonium,
1321 2365 1483 2391 Isauricum:
1505 2371 1539 2389 ex
1549 2361 1642 2389 Idibus
1650 2361 1713 2387 Mai.
1726 2361 1753 2387 in
1763 2360 1831 2387 Cili-

1040 2403 1123 2433 ciam,
1140 2407 1170 2428 ut
1185 2402 1224 2428 ihi
1239 2402 1332 2428 Iunius
1352 2404 1537 2429 consumatur,
1559 2397 1641 2425 velim
1656 2397 1799 2433 tranquille
1815 2407 1829 2424 a

1039 2439 1154 2466 Parthis.
1188 2438 1326 2471 Quintilis,
1340 2439 1364 2465 si
1374 2439 1433 2468 erit,
1446 2442 1475 2464 ut
1485 2435 1619 2465 volumus,
1633 2435 1660 2461 in
1672 2435 1767 2461 itinere
1777 2439 1827 2465 est,

1040 2485 1088 2511 per
1102 2476 1268 2511 provinciam
1288 2475 1477 2505 redeuntibus,
1499 2471 1708 2499 consumendus.
1748 2472 1830 2498 Veni—

1040 2522 1101 2540 mus
1111 2514 1183 2539 enim
1194 2513 1222 2539 in
1234 2513 1409 2548 provinciam,
1422 2510 1588 2539 Laodiceam,
1597 2508 1718 2543 Sulpicio
1728 2509 1829 2536 etMar-

1039 2550 1107 2577 cello
1117 2549 1284 2580 consulibus,
1297 2549 1384 2585 pridie
1394 2547 1453 2574 Kal.
1468 2546 1591 2573 Sextiles.
1617 2545 1680 2572 Inde
1691 2554 1740 2573 nos
1749 2554 1828 2580 opor-

1040 2592 1076 2614 tet
1089 2587 1217 2613 decedere
1229 2595 1252 2613 a.
1265 2586 1292 2613 tl.
1305 2594 1341 2612 iv.
1353 2585 1412 2612 Kal.
1425 2584 1498 2611 Sext.
1538 2583 1658 2609 Primum
1669 2583 1826 2610 contendam

1040 2633 1054 2650 a
1065 2623 1163 2656 Quinto
1175 2623 1266 2654 fratre,
1284 2628 1314 2649 ut
1322 2630 1351 2649 se
1361 2621 1470 2657 praefici
1480 2620 1609 2655 patiatur:
1626 2620 1699 2654 quod
1709 2625 1736 2646 et
1745 2619 1792 2646 illo
1802 2624 1828 2646 et

1040 2669 1083 2688 me
1093 2661 1257 2688 invitissimo
1268 2659 1321 2686 fiet.
1337 2658 1389 2686 Sed
1399 2657 1475 2686 aliter
1485 2658 1594 2685 honeste
1606 2656 1663 2684 fieri
1673 2666 1725 2684 non
1730 2660 1825 2692 potest,
