1941 3052
209 150 260 176 5303

208 221 252 251 uit,
267 221 382 254 nonipnc·
394 219 522 245 adt-orum
532 218 611 244 urbes
618 218 748 252 sedesque
756 218 912 253 penetravit.
928 218 1005 243 Modo

210 258 254 284 illo
271 266 390 283 meorum
409 257 542 285 laborum,
562 255 754 289 periculorum,
772 255 944 281 consiliorum
961 264 1004 281 ao-

207 297 275 325 cius,
285 296 312 320 (Σ,
324 294 498 328 I'omptinius,
509 292 669 318 fortissimus
683 293 826 322 vinorum]
834 297 941 326 repente
948 292 1004 318 bel-

210 332 264 358 luni
278 332 450 363 Allobrogum
462 330 595 364 atqucbuc
607 329 920 355 sculi-rataconiuratione
932 330 1004 356 exci-

209 374 291 395 tatum
305 368 410 403 praeliis
424 367 508 400 fregit,
523 375 622 401 cosque
634 366 746 396 domuit,
760 367 806 401 qui
820 367 1002 399 lacessierunt,

208 412 233 432 ct
248 415 276 432 ea
291 406 396 431 vic-toria
408 409 556 434 contentus,
573 403 707 438 n-publina
721 409 792 430 metu
806 403 913 430 liberata
927 405 1001 439 quie-

209 445 255 469 vit.
297 443 325 468 C.
349 442 467 468 Caesaris
485 441 561 476 longe
577 440 655 467 aliam
673 441 750 467 video
765 441 849 467 fuisse
864 442 1001 468 rationem.

208 482 264 506 Non
281 481 351 505 enim
369 479 419 504 sibi
438 478 525 504 solum
542 487 603 504 cum
616 478 658 508 iis,
671 487 740 513 quos
752 479 803 504 iam
815 483 930 505 armatos
941 488 1004 506 con-

208 523 244 544 tra
278 516 407 551 populum
436 516 584 541 Romanum
611 515 732 545 videbat,
760 515 916 542 bellandum
945 524 1003 542 esse

206 555 292 583 duxit.
316 553 362 579 sed
384 557 463 579 totam
485 552 599 579 Galliam
621 553 647 579 in
669 557 784 579 nostrum
801 553 928 579 ditionem
944 562 1003 580 esse

208 591 389 624 redigendam.
418 593 458 616 33.
477 591 567 625 ltaque
583 599 644 616 cum
661 591 796 616 acerrimis
814 591 967 616 nationibus
979 596 1004 617 ct

207 629 332 655 maximis
345 628 539 654 Germanorum
552 632 577 654 et
588 627 768 654 Helvetiorum
782 627 890 662 praeliis
903 627 1003 654 felicis—

206 667 274 692 sime
285 666 444 692 decertavit:
457 670 557 691 ceteras
569 666 722 696 conterruit,
735 665 874 700 compulit,
887 665 1000 697 domuit,

206 703 319 738 imperio
335 703 427 737 populi
444 703 553 729 Romani
572 711 662 737 parcre
677 702 829 733 assuefecit,
847 707 872 728 et
882 711 950 738 quas
962 711 1003 730 re-

205 741 307 776 giones,
330 748 453 775 quasque
473 745 566 775 gentes
588 739 678 766 nullae
699 740 776 766 nobis
797 744 872 766 antea
889 739 1000 771 litterae,

205 777 279 804 nulla
292 786 352 807 vox,
361 777 433 804 nulla
446 777 514 803 fama
527 782 600 804 notas
612 777 717 807 fecerat,
731 777 778 803 has
790 782 878 804 noster
888 777 1003 813 impera-

205 820 245 842 tor
260 819 402 849 nosterque
418 815 550 841 exercitus
567 819 592 840 et
608 814 700 849 populi
716 815 826 841 Romani
842 823 914 841 arma
926 824 1003 850 pera-

204 857 324 888 grarunt.
356 852 484 878 Semitam
506 857 607 878 tantum
624 851 725 878 Galliae
741 852 898 879 tenebamus
915 857 1000 884 antea,

205 894 293 924 patres
304 889 461 924 conscripti3
481 894 582 916 ceterae
594 894 680 923 partes
692 898 705 915 a
716 889 845 925 gentibus
855 894 900 916 aut
911 891 1002 916 inimi-

204 927 243 953 cis
260 927 323 953 huic
339 927 463 961 imperio.
481 931 526 953 aut
537 927 641 957 infidis.
654 931 700 953 aut
710 927 863 962 incognitis,
876 932 922 954 aut
932 932 1001 954 certe

204 963 370 991 immanibus
386 968 411 990 et
427 964 546 990 barbaris
557 968 583 990 et
594 963 729 990 bellicosis
741 964 910 997 tenebantur;
933 973 1000 1000 quas

205 1002 334 1032 nationes,
352 1010 429 1028 nemo
441 1010 569 1036 umquam
583 1001 642 1032 suit,
660 1002 726 1036 quin
742 1001 827 1037 frangi
843 1001 1001 1037 domarique

203 1043 326 1074 cuperet;
349 1047 427 1065 nemo
438 1039 572 1073 sapienter
583 1039 615 1065 (le
627 1038 763 1073 republica
776 1043 864 1065 nostra
875 1039 1001 1075 cogitavit

203 1077 257 1103 iam
273 1076 335 1103 inde
346 1085 360 1102 a
372 1077 504 1111 principio
515 1076 597 1102 huius
608 1076 724 1110 imperii,
738 1077 805 1111 quin
817 1076 931 1103 Galliam
945 1085 1001 1103 ma-

204 1114 276 1140 xime
288 1113 433 1140 timendam
445 1113 508 1140 huic
520 1114 632 1148 imperio
643 1117 759 1148 putaret:
777 1113 824 1140 sed
831 1119 938 1149 propter
945 1115 999 1140 vim

203 1159 234 1177 ac
250 1150 450 1178 multitudinem
462 1151 583 1186 gentium
594 1150 700 1177 illarum
713 1159 862 1186 numquam
873 1156 914 1178 est
924 1156 999 1178 antea

203 1196 265 1215 cum
281 1188 407 1215 omnibus
423 1188 589 1215 dimicatum.
625 1188 783 1215 Restitimus
798 1197 904 1223 semper
917 1188 999 1215 laces-

202 1226 259 1252 siti.
299 1226 376 1252 Nunc
391 1226 507 1261 denique
522 1230 562 1252 est
578 1225 735 1261 perfectum,
753 1230 783 1252 ut
797 1226 904 1261 imperii
916 1226 999 1253 nostri

203 1267 388 1298 terrarumque
399 1263 504 1289 illarum
516 1263 587 1289 idem
599 1267 669 1289 esset
680 1267 839 1290 extremum.

258 1300 327 1327 XIV.
351 1302 391 1326 34.
414 1300 529 1335 Alpibus
550 1300 651 1327 ltaliam
666 1301 800 1327 munierat
819 1305 879 1327 ante
894 1305 996 1332 natura,

203 1345 254 1364 non
271 1338 329 1364 sine
345 1337 436 1372 aliquo
451 1338 543 1364 divino
562 1338 685 1370 numine3
722 1346 793 1369 nam,
811 1338 834 1364 si
850 1338 895 1364 ille
910 1338 998 1365 aditus

203 1374 340 1401 Gallorum
356 1375 515 1401 immanitati
527 1375 750 1410 multitudinique
765 1376 905 1410 patuisset,
919 1384 999 1402 num-

201 1420 283 1447 quam
296 1412 360 1439 haec
371 1412 436 1439 urbs
447 1421 554 1439 summo
565 1413 678 1447 imperio
687 1412 854 1439 domicilium
866 1421 896 1439 ac
906 1413 998 1440 sedem

201 1450 379 1484 praebuisset.
399 1449 472 1482 Quae
483 1450 535 1476 iam
549 1449 609 1476 licet
620 1449 773 1476 considant!
795 1450 863 1477 nihil
875 1455 916 1477 est
926 1451 998 1477 enim

201 1487 270 1514 ultra
286 1487 359 1513 illam
375 1486 543 1514 altitudinem
560 1487 691 1514 montium
709 1495 795 1523 usque
806 1487 839 1514 ad
851 1487 995 1519 Oceanum,

200 1524 273 1559 quod
289 1525 324 1551 sit
338 1524 428 1551 Italiae
443 1524 698 1560 pertimescendum.
729 1524 782 1551 Sed
795 1529 883 1552 tamen
894 1534 948 1552 una
959 1530 998 1552 at—

200 1570 253 1597 que
269 1561 348 1588 altera
365 1566 450 1588 aestas
466 1561 508 1588 vel
520 1567 593 1588 metu
605 1561 646 1588 vel
659 1570 707 1597 spe
718 1561 760 1588 vel
772 1571 856 1597 poena
867 1562 909 1589 vel
921 1571 998 1597 prae-

199 1599 263 1626 miis
279 1599 321 1625 vel
336 1600 417 1625 armis
433 1598 475 1625 vel
492 1599 599 1635 legibus
610 1603 697 1635 potest
707 1603 788 1626 totam
800 1599 915 1626 Galliam
926 1608 998 1626 sem-

201 1637 312 1671 piternis
324 1636 440 1663 vinculis
451 1637 608 1673 astringere.
630 1636 768 1672 Impolitae
777 1645 888 1664 verores
894 1641 998 1664 etacer-

200 1674 249 1700 bae
264 1674 288 1700 si
303 1678 380 1700 erunt
391 1673 508 1700 relictae:
531 1683 696 1709 quamquam
711 1679 775 1701 sunt
784 1675 896 1706 accisae,
909 1679 996 1702 tamen

200 1711 308 1738 efferent
323 1720 351 1737 se
367 1711 512 1746 aliquando
527 1715 553 1738 et
567 1711 601 1738 ad
616 1711 800 1738 renovandum
811 1711 915 1738 bellum
926 1713 998 1739 revi-

199 1752 312 1775 rescent.
339 1750 380 1774 35.
397 1748 484 1780 Quare
495 1749 569 1775 sitin
579 1749 638 1775 eius
649 1748 731 1775 tutela
743 1748 838 1780 Gallia,
851 1749 930 1776 cuius
941 1750 997 1776 vir-

199 1786 260 1817 tuti,
270 1785 339 1816 fidei,
350 1785 469 1812 felicitati
479 1785 663 1812 commendata
674 1791 722 1812 est.
742 1786 848 1813 Etenim
860 1787 892 1817 si,
902 1787 997 1813 Fortu-

201 1831 249 1849 nae
275 1823 432 1849 muneribus
458 1823 636 1858 amplissimis
661 1827 785 1854 ornatuS,
807 1824 916 1859 saepius
936 1824 995 1850 eius

199 1859 263 1887 deae
275 1859 425 1894 periculum
437 1859 522 1886 facere
534 1859 627 1892 nollet;
650 1861 673 1887 si
684 1861 712 1887 in
724 1861 844 1895 patriam,
858 1861 880 1887 si
892 1860 995 1888 addeos

199 1901 318 1932 penates,
339 1897 363 1923 si
378 1897 411 1923 ad
427 1905 485 1923 eam
500 1897 667 1933 dignitatem,
685 1906 767 1932 quam
782 1899 810 1924 in
824 1898 931 1925 civitate
941 1898 995 1925 sibi

199 1935 362 1969 propositam
379 1934 465 1965 videt,
484 1935 506 1961 si
525 1934 558 1960 ad
574 1934 785 1962 iucundissimos
802 1935 913 1966 liberos,
927 1936 951 1962 si
961 1935 995 1962 ad

198 1971 378 1998 clariSsimum
391 1980 519 2007 generum
531 1971 616 1998 redire
628 1976 792 2007 properaret:
814 1973 838 1999 si
849 1973 877 1999 in
889 1973 996 2008 Capito—

199 2008 266 2035 lium
282 2009 374 2035 invehi
390 2009 475 2035 victor
485 2017 546 2036 cum
558 2008 603 2035 illa
615 2009 715 2046 insigni
727 2009 815 2036 laurea
826 2010 949 2045 gestiret;
971 2011 995 2037 si

197 2046 317 2081 denique
337 2046 442 2072 timeret
457 2055 549 2073 casum
566 2046 692 2082 aliquem,
709 2048 757 2082 qui
774 2047 813 2074 illi
829 2052 932 2074 tanturn
948 2047 996 2074 ad·

197 2083 261 2110 dere
271 2084 324 2109 iam
336 2092 387 2110 non
394 2088 489 2118 potest,
497 2088 628 2119 quantum
635 2083 751 2111 auferre:
769 2093 817 2111 vos
823 2089 911 2111 tamen
917 2093 996 2120 opor-

197 2124 264 2147 teret
279 2120 312 2147 ab
328 2120 421 2147 eodem
438 2121 484 2147 illa
499 2121 597 2152 omnia,
609 2130 623 2147 a
633 2130 688 2156 quo
699 2121 835 2158 profligata
845 2127 918 2153 sunt,
931 2131 995 2149 con-

198 2157 241 2185 fici
262 2157 340 2185 velle.
371 2158 461 2191 Quum
483 2167 545 2185 vero
564 2158 610 2185 ille
626 2167 691 2185 suae
705 2159 807 2195 gloriae
822 2160 992 2194 iampridem,

197 2195 362 2230 reipublicae
377 2195 496 2222 nondum
511 2195 678 2227 satisfecerit,
692 2201 717 2223 et
728 2196 803 2223 malit
813 2201 901 2224 tamen
912 2197 995 2224 tardi-

197 2241 230 2260 us
246 2233 279 2259 ad
294 2241 404 2259 suorum
420 2233 541 2260 laborum
558 2233 661 2260 fructus
678 2235 825 2268 pervenire,
843 2243 925 2270 quam
940 2243 993 2262 non

197 2270 305 2306 explere
316 2274 472 2305 susceptum
484 2270 648 2305 reipublicae
659 2280 774 2298 munus:
792 2280 840 2298 nec
851 2272 994 2307 imperato-

197 2316 262 2339 rem,
276 2308 416 2335 incensum
428 2308 460 2334 ad
472 2308 666 2343 rempublicam
678 2309 745 2335 bene
755 2309 909 2345 gerendam,
917 2318 994 2337 revo-

196 2353 264 2375 care,
279 2354 326 2372 nec
337 2349 418 2372 totam
430 2345 526 2372 Gallici
538 2345 601 2372 belli
613 2346 741 2372 rationem
753 2355 835 2381 prope
846 2347 898 2373 iam
905 2346 994 2383 expli-

196 2386 280 2408 catam
292 2383 447 2417 perturbare
457 2387 536 2417 atque
547 2383 677 2418 impedire
687 2383 828 2410 debemus.

252 2419 310 2446 XV.
327 2422 368 2446 36.
385 2420 451 2446 Nam
467 2420 528 2446 illae
544 2421 690 2447 sententiae
701 2421 820 2447 virorum
830 2420 994 2448 clarissimo-

197 2463 257 2481 rum
278 2457 388 2483 minime
403 2457 555 2492 probandae
569 2462 646 2484 sunt:
672 2466 789 2493 quorum
803 2458 870 2485 alter
884 2458 993 2485 ulterio-

198 2499 254 2517 rem
265 2492 379 2520 Galliam
390 2495 510 2521 decernit
519 2503 582 2522 cum
594 2495 680 2530 Syria,
689 2494 917 2522 alterciteriorem.
939 2495 991 2528 Qui

198 2527 359 2561 ulteriorem,
373 2533 461 2558 omnia
472 2531 526 2562 illa,
539 2532 572 2558 de
583 2532 684 2567 quibus
695 2532 813 2559 disserui
823 2532 988 2568 paulloante,

199 2565 347 2599 perturbat3
360 2568 440 2594 simul
450 2569 574 2600 ostendit,
587 2577 645 2596 eam
651 2578 680 2596 se
686 2569 799 2596 sciscere
806 2569 900 2606 legem,
909 2578 989 2606 quam

197 2610 258 2629 esse
280 2602 364 2638 legem
385 2610 475 2640 neget,
500 2611 534 2636 et,
556 2615 626 2641 quae
641 2615 702 2641 pars
717 2607 870 2642 provinciae
885 2608 929 2639 sit,
946 2608 991 2634 cui

198 2647 251 2665 non
267 2640 350 2674 possit
364 2641 500 2673 intercedi,
518 2642 586 2670 hanc
596 2652 626 2670 se
637 2643 764 2674 avellere,
786 2652 855 2679 quae
865 2643 991 2671 defenso-

197 2684 253 2703 rem
274 2677 377 2709 habeat,
398 2687 449 2705 non
469 2683 590 2716 tangere;
620 2680 703 2708 simul
723 2685 749 2708 et
768 2680 837 2708 illud
855 2681 930 2713 facit,
949 2685 988 2712 ut,

684 149 722 174 ⁴8.
756 148 789 173 M.
821 147 850 174 T.
882 147 1156 174 CICERONIS
1189 148 1375 175 ORATIO

1031 217 1034 237 l
1056 217 1128 252 quod
1146 218 1183 244 illi
1200 228 1213 244 a
1230 219 1330 254 populo
1343 219 1434 246 datum
1451 220 1494 249 ait.
1508 221 1534 247 id
1547 229 1597 247 non
1611 220 1702 248 violet:
1725 222 1796 256 quod
1808 231 1850 249 se-

1057 260 1134 282 natus
1150 255 1262 286 ‹li-derit,
1280 257 1306 282 id
1322 262 1426 283 senator
1446 263 1567 292 properet
1581 258 1694 285 auferre.
1721 260 1761 285 37.
1778 259 1851 286 Alter

1057 292 1119 318 belli
1136 293 1232 319 Gallici
1249 294 1376 320 rationem
1389 294 1482 326 baben
1505 295 1626 331 fungitur
1635 296 1723 322 officio
1734 297 1796 323 boni
1807 305 1851 323 se-

1057 330 1169 356 natoria:
1198 330 1292 365 lcgem.
1310 339 1391 366 quam
1403 340 1454 358 non
1467 337 1549 366 putat,
1563 341 1620 359 eam
1632 342 1740 368 quoque
1752 338 1848 360 servat.

1057 367 1180 393 I‘raclinit
1196 369 1267 394 cuim
1283 369 1431 394 successori
1447 368 1529 395 diem.
1556 370 1636 405 Atqui
1649 371 1714 397 mihi
1728 371 1795 397 nibil
1809 371 1851 397 vi-

1055 404 1133 430 detur
1149 406 1233 440 magis
1249 414 1262 431 a
1279 405 1408 440 dignitate
1418 405 1615 442 disciplinaque
1627 408 1756 434 maiorum
1768 409 1851 434 dissi-

1055 442 1126 471 dere.
1143 450 1225 476 quam
1243 447 1280 471 ut.
1294 444 1341 477 qui
1352 443 1446 469 consul
1459 443 1586 470 Kalendis
1597 445 1650 470 Ian.
1681 445 1778 471 babae
1789 454 1851 480 pro-

1056 479 1170 505 vinciam
1183 479 1270 510 debet,
1285 481 1307 505 ia
1321 485 1348 506 ut
1359 489 1416 506 enm
1427 481 1598 515 deufmnsam,
1607 481 1795 509 nondecretam
1804 482 1850 508 b·-

1056 517 1117 543 bere
1130 516 1258 543 videatur.
1282 517 1370 544 Fuerit
1383 522 1436 544 toto
1447 518 1473 544 in
1484 518 1623 544 consulatu
1635 519 1691 545 sine
1703 520 1848 554 provincia,

1054 554 1096 580 cui
1110 553 1196 583 fuerit,
1211 559 1352 589 antequam
1364 555 1520 587 designatus
1531 560 1610 586 esset,
1619 557 1851 590 provinciadecr&

1056 590 1099 617 ta?
1118 591 1256 621 Sortictur,
1274 601 1306 618 an
1323 591 1393 619 non?
1413 593 1477 619 Nam
1494 597 1519 619 et
1534 602 1586 619 non
1602 594 1689 620 sortiri
1701 593 1849 620 absurdum

1030 631 1033 641 ’
1055 633 1107 659 est,
1129 633 1163 659 ct,
1180 629 1252 664 quod
1268 630 1378 655 sortitus
1393 630 1440 660 sis,
1462 639 1514 656 non
1534 630 1640 657 babere.
1667 631 1850 657 Proficiscetur

1055 665 1217 701 paludatus?
1244 666 1321 698 Quo?
1350 666 1409 699 Quo
1429 667 1568 702 pervenire
1589 673 1648 694 aute
1663 673 1760 694 certam
1777 668 1848 694 diem

1055 712 1106 729 non
1124 703 1223 730 licebit.
1250 704 1380 734 Ianuario,
1399 705 1542 731 Februario
1560 706 1723 739 provinciam
1739 714 1790 732 non
1803 705 1850 732 ha·

1054 741 1138 767 bebit.
1170 741 1297 767 Kalendis
1313 741 1337 767 ei
1355 741 1472 777 denique
1487 742 1589 768 Martiis
1604 747 1727 769 nascetur
1741 747 1849 778 repente

1054 778 1200 813 provincia.
1228 780 1268 805 38.
1286 779 1408 805 Attamen
1425 779 1467 805 his
1478 780 1618 806 sententiis
1630 779 1690 806 Piso
1700 781 1727 807 in
1740 780 1849 814 provin·

1053 816 1093 842 cia
1112 816 1287 850 permanebit.
1318 816 1391 848 Quae
1406 825 1492 851 quum
1507 817 1598 852 gravia
1613 821 1690 847 sunt,
1708 822 1764 844 tum
1780 816 1848 844 nihil

1053 853 1162 888 gravius
1179 853 1233 884 ino,
1251 853 1322 888 quod
1335 853 1457 880 mulctari
1470 854 1655 888 imperatorem
1666 854 1849 881 deminutione

1053 891 1205 925 provinciae
1216 890 1440 917 contumeliosum
1452 896 1501 921 est,
1515 899 1601 926 neque
1612 891 1700 918 solum
1707 893 1848 919 aummoin

1053 928 1119 957 viro,
1137 927 1184 954 sed
1200 928 1279 954 etiam
1296 928 1423 955 mediocri
1440 929 1467 954 in
1484 928 1591 955 bomine
1603 937 1635 955 ne
1646 929 1747 956 accidat
1757 929 1849 964 provi·

1052 964 1181 991 dendum.

1108 1002 1178 1028 XVI.
1194 1002 1252 1038 Ego
1266 1011 1314 1029 vos
1330 1002 1459 1038 intelligo.
1477 1008 1565 1038 patres
1579 1003 1734 1038 conscripti,
1748 1002 1848 1030 multos

1051 1038 1203 1066 decrevisse
1215 1039 1328 1066 honores
1338 1040 1451 1066 eximios
1461 1040 1490 1067 C.
1503 1040 1617 1071 Caesari.
1631 1045 1656 1067 et
1666 1041 1848 1076 propesingu-

1053 1076 1130 1103 lares.
1161 1076 1237 1109 Quod
1258 1078 1293 1103 ita
1315 1078 1426 1104 meritus
1445 1082 1509 1108 erat,
1529 1078 1629 1113 grew,
1662 1079 1685 1104 si
1706 1078 1796 1109 etiam,
1819 1082 1849 1105 ut

1051 1122 1132 1149 quarn
1152 1115 1390 1141 coniunctissimus
1411 1115 1474 1141 huic
1490 1115 1577 1142 ordini
1597 1120 1681 1146 esset,
1713 1116 1848 1150 sapientes

1051 1160 1080 1178 ac
1091 1151 1177 1178 divini
1189 1151 1287 1178 fuistis.
1305 1153 1445 1179 Neminem
1457 1161 1586 1187 umquam
1597 1157 1637 1179 est
1648 1152 1691 1179 hic
1701 1153 1765 1179 ordo
1773 1161 1848 1179 com-

1051 1188 1148 1224 plexus
1165 1189 1311 1216 honoribus
1325 1194 1351 1216 et
1367 1189 1505 1216 beneficiis
1520 1190 1587 1220 suis,
1605 1190 1652 1225 qui
1664 1190 1746 1216 ullam
1757 1190 1849 1225 digni-

1050 1230 1130 1252 tatem
1143 1226 1370 1261 praestabiliorem
1382 1235 1420 1257 ea,
1433 1235 1515 1261 quam
1526 1236 1574 1262 per
1583 1235 1630 1253 vos
1641 1231 1712 1253 &set
1722 1227 1845 1262 adeptus.

1051 1264 1159 1299 putarit.
1181 1264 1265 1290 Nemo
1279 1272 1408 1299 umquam
1424 1264 1468 1291 hic
1483 1265 1568 1299 potuit
1583 1272 1642 1291 esse
1653 1265 1786 1299 princeps,
1797 1265 1846 1299 qui

1051 1301 1176 1328 maluerit
1193 1309 1253 1327 esse
1263 1301 1411 1336 popularis.
1433 1301 1486 1328 Sed
1497 1302 1620 1328 homines
1631 1307 1677 1328 aut
1687 1306 1794 1337 propter
1804 1302 1848 1328 in-

1050 1338 1208 1374 dignitatem
1224 1347 1302 1365 suam
1317 1338 1398 1365 diffisi
1414 1339 1468 1374 ipsi
1479 1339 1540 1370 sibi¹
1553 1343 1599 1366 aut
1610 1344 1717 1374 propter
1728 1339 1847 1374 reliquo-

1050 1384 1110 1402 rum
1122 1376 1339 1403 obtrectationem
1349 1376 1384 1403 ab
1395 1376 1477 1403 buius
1488 1376 1590 1403 ordinis
1601 1377 1787 1404 coniunctione
1797 1376 1846 1403 de—

1050 1413 1132 1448 pulsi,
1150 1422 1230 1448 saepe
1245 1421 1279 1440 ex
1294 1413 1344 1440 boc
1359 1418 1437 1449 portu
1447 1422 1477 1440 se
1488 1414 1516 1440 in
1526 1413 1586 1441 illos
1597 1412 1694 1440 fluctus
1706 1422 1788 1449 prope
1798 1421 1847 1440 ne·

1049 1451 1167 1478 cessario
1181 1450 1361 1478 contulerunt.
1386 1450 1438 1483 Qui
1454 1451 1478 1478 si
1493 1459 1526 1478 ex
1540 1451 1585 1478 illa
1600 1451 1739 1478 iactatione
1749 1459 1847 1478 cursu-

1051 1496 1104 1523 que
1125 1487 1258 1523 populari‚
1283 1488 1352 1515 bene
1370 1493 1446 1524 gesta
1465 1488 1616 1524 republica,
1635 1488 1753 1515 referunt
1767 1496 1847 1523 aspe—

1049 1530 1122 1552 ctum
1134 1526 1161 1552 in
1172 1526 1274 1552 curiam
1285 1530 1365 1561 atque
1376 1527 1440 1553 huic
1453 1525 1846 1562 amplissimaedignitaticom·

1050 1563 1168 1590 mendati
1182 1571 1243 1590 esse
1257 1562 1360 1594 volunt,
1378 1571 1430 1590 non
1446 1563 1526 1590 modo
1540 1571 1593 1590 non
1608 1563 1754 1598 repellendi
1769 1567 1842 1593 sunt,

1051 1608 1142 1627 verum
1163 1601 1243 1627 etiam
1263 1600 1415 1635 expetendi.
1446 1601 1487 1627 3⁹.
1509 1601 1649 1627 Monemur
1667 1609 1683 1627 a
1698 1599 1846 1627 fortissimo

1026 1647 1027 1658 ¹
1049 1639 1106 1665 viro
1129 1642 1209 1673 atque
1233 1638 1334 1672 optimo
1357 1642 1418 1672 post
1442 1637 1582 1664 bominum
1606 1638 1762 1664 memoriam
1780 1645 1845 1664 con-

1048 1675 1116 1706 sule,
1138 1679 1168 1702 ut
1189 1674 1389 1710 provideamus,
1411 1682 1444 1701 ne
1458 1675 1564 1702 citerior
1578 1674 1665 1701 Gallia
1680 1675 1758 1702 nobis
1771 1675 1844 1701 iuvi-

1048 1713 1082 1739 tis
1106 1711 1187 1739 alicui
1211 1712 1369 1739 decernatur
1393 1716 1454 1747 post
1477 1720 1522 1739 eos
1547 1711 1682 1742 consules,
1703 1713 1751 1747 qui
1771 1720 1844 1738 nunc

1047 1754 1126 1776 erunt
1149 1749 1297 1785 designati:
1332 1754 1516 1784 perpetuoque
1540 1749 1651 1784 posthac
1674 1749 1708 1775 ab
1728 1750 1771 1779 iis,
1794 1749 1843 1784 qui

1047 1787 1120 1814 hunc
1133 1786 1253 1814 ordinem
1263 1791 1427 1822 oppugnent,
1441 1785 1565 1822 populari
1578 1795 1608 1813 ac
1619 1785 1771 1813 turbulenta
1779 1787 1844 1813 rati-

1046 1832 1096 1851 one
1116 1828 1246 1851 teneatur.
1272 1824 1358 1856 Quam
1373 1832 1422 1860 ego
1437 1823 1542 1859 plagam
1559 1824 1609 1850 etsi
1623 1832 1675 1850 non
1689 1828 1840 1853 contemno.

1046 1866 1135 1896 patres
1150 1861 1303 1896 conscripti,
1319 1862 1474 1896 praesertim
1489 1861 1607 1887 monitus
1617 1869 1632 1887 a
1643 1861 1843 1896 sapientissimo

1046 1898 1156 1926 consule
1170 1903 1196 1925 et
1210 1898 1418 1935 diligentissimo
1432 1898 1543 1925 custode
1558 1899 1632 1933 pacis
1645 1902 1671 1924 et
1685 1898 1741 1929 otii,
1753 1903 1842 1925 tamen

1046 1936 1233 1962 vehementius
1253 1936 1367 1963 arbitror
1386 1935 1639 1971 pertimescendum,
1662 1935 1685 1962 si
1701 1935 1842 1962 hominum

1045 1972 1257 2000 clarissimorum
1275 1982 1305 2000 ac
1322 1973 1570 2008 potentissimorum
1588 1977 1634 2000 aut
1647 1972 1774 2000 bonorem
1788 1973 1842 2000 mi-

1046 2019 1129 2037 nuero
1140 2015 1186 2037 aut
1196 2010 1316 2037 studium
1327 2019 1389 2047 erga
1400 2010 1472 2038 bunc
1478 2010 1599 2037 ordinem
1606 2009 1757 2045 repudiare.
1774 2010 1841 2036 Nam

1046 2053 1076 2075 ut
1091 2048 1120 2075 C.
1138 2047 1223 2075 Iulius
1237 2048 1364 2075 omnibus
1379 2056 1394 2074 a
1409 2052 1503 2074 senatu
1513 2048 1621 2075 eximiis
1631 2055 1661 2074 ac
1672 2047 1749 2074 novis
1759 2046 1841 2074 rebus

1045 2090 1155 2112 ornatus
1171 2093 1218 2120 per
1231 2094 1327 2112 manus
1338 2085 1406 2112 hanc
1417 2086 1583 2120 provinciam
1595 2084 1679 2112 tradat
1689 2085 1723 2116 ei,
1735 2084 1778 2111 cui
1789 2084 1842 2111 mi-

1046 2123 1117 2150 nime
1136 2131 1184 2150 vos
1203 2122 1307 2155 velitis;
1337 2131 1385 2158 per
1399 2131 1480 2158 quem
1495 2122 1616 2149 ordinem
1630 2122 1690 2157 ipse
1703 2121 1842 2156 amplissi-

1044 2169 1116 2187 mam
1131 2160 1167 2187 sit
1180 2159 1293 2196 gloriam
1307 2164 1476 2191 consecutus,
1489 2160 1515 2186 ei
1525 2167 1559 2186 ne
1571 2159 1718 2186 libertatem
1729 2158 1840 2194 quidem

1043 2197 1186 2233 relinquat,
1199 2197 1298 2224 adduci
1307 2197 1341 2224 ad
1351 2197 1545 2232 suspicandum
1551 2196 1626 2223 nullo
1632 2196 1711 2223 modo
1716 2204 1838 2231 possum.

1044 2235 1194 2266 Postremo,
1220 2243 1275 2270 quo
1294 2235 1412 2270 quisque
1431 2235 1520 2261 animo
1540 2233 1647 2260 futurus
1666 2234 1710 2264 sit,
1733 2234 1837 2260 nescio:

1044 2271 1111 2307 quid
1131 2280 1246 2307 sperem,
1269 2271 1356 2298 video.
1388 2272 1524 2299 Praestare
1547 2271 1598 2298 hoc
1620 2275 1725 2297 senator
1743 2269 1837 2300 debeo,

1043 2313 1176 2344 quantum
1191 2317 1314 2344 possum,
1332 2317 1366 2336 ne
1379 2309 1442 2344 quis
1458 2309 1500 2336 vir
1515 2307 1604 2335 clarus
1613 2312 1660 2334 aut
1670 2312 1764 2342 potens
1775 2307 1840 2334 buic

1043 2346 1131 2373 ordini
1151 2347 1210 2373 iure
1229 2347 1309 2373 irasci
1324 2355 1403 2381 posse
1418 2345 1550 2373 videatur.
1576 2346 1618 2372 40.
1633 2344 1722 2379 Atque
1737 2344 1796 2375 hoc.
1813 2345 1838 2372 si

1043 2384 1250 2410 inimicissimus
1263 2392 1352 2410 essem
1367 2383 1397 2411 C.
1413 2383 1527 2414 Caesari,
1543 2382 1670 2409 sentirem
1687 2386 1774 2408 tamen
1784 2382 1838 2408 rei·

1043 2420 1167 2456 publicae
1177 2429 1283 2447 caussa.

1098 2458 1180 2485 XVII.
1202 2458 1255 2485 Sed
1270 2466 1323 2485 non
1337 2457 1455 2484 alienum
1470 2464 1529 2483 esse
1544 2456 1665 2487 arbitror,
1681 2464 1736 2491 quo
1745 2456 1837 2483 minus

1042 2504 1122 2530 saepe
1132 2499 1179 2522 aut
1187 2495 1342 2530 interpeller
1352 2504 1367 2521 a
1376 2493 1523 2525 nonnullis,
1535 2498 1582 2520 aut
1592 2494 1732 2520 tacitorum
1742 2493 1838 2520 existi-

1042 2533 1157 2560 matione
1174 2532 1361 2567 reprehendar.
1384 2531 1518 2567 explicare
1537 2530 1666 2561 breviter,
1684 2538 1752 2566 quae
1767 2530 1835 2557 mihi

1041 2570 1077 2596 sit
1086 2571 1153 2596 ratio
1166 2574 1192 2596 et
1201 2578 1297 2596 caussa
1306 2577 1369 2596 cum
1380 2569 1499 2596 Caesare.
1521 2568 1559 2595 Ac
1569 2567 1762 2603 primumillud
1768 2571 1837 2594 tem-

1041 2615 1093 2642 pus
1107 2606 1295 2634 familiaritatis
1310 2610 1336 2633 et
1345 2605 1558 2636 consuetudinis,
1570 2613 1640 2640 quae
1650 2604 1718 2632 mihi
1728 2612 1791 2631 eum
1801 2603 1837 2630 il-

1041 2644 1075 2675 lo,
1091 2652 1162 2680 quae
1177 2643 1251 2670 fratri
1266 2651 1334 2674 meo,
1350 2651 1420 2678 quae
1430 2643 1459 2670 C.
1477 2643 1597 2673 Varroni,
1613 2642 1772 2669 consobrino
1786 2649 1836 2667 no-

1040 2685 1103 2712 stro,
1116 2681 1150 2708 ab
1159 2681 1280 2708 omnium
1290 2684 1411 2708 nostrum
1417 2679 1594 2708 adolescentia
1600 2679 1660 2711 fuit,
1667 2678 1836 2715 praetermit-
