1941 3052
418 154 466 180 1N
498 154 698 181 VERREM
730 154 1205 182 ACT.11.L1B.1V.CAP.

70 227 180 250 suntur:
206 232 268 250 nam
286 223 337 250 alia
355 224 460 251 visendi
479 234 573 251 caussa
593 225 666 252 nulla
684 230 734 252 est.
774 226 866 260 Itaque

69 260 116 287 ille
129 261 160 287 L.
175 261 332 292 Mummius,
348 270 433 296 quum
448 262 627 297 Thespiadas,
643 271 712 297 quae
726 263 759 289 ad
772 263 866 289 aedem

70 297 215 324 Felicitatis
225 302 296 329 sunt,
313 303 452 334 ceteraque
462 299 572 333 profana
582 308 615 326 ex
625 300 671 326 illo
681 300 780 335 oppido
790 301 866 336 signa

69 334 182 366 tolleret,
198 335 270 362 hunc
283 345 461 362 marmoreum
472 337 642 371 Cupidinem,
657 338 730 372 quod
740 341 795 363 erat
804 346 868 363 con-

70 376 203 404 secratus,
224 381 276 399 non
295 373 391 410 attigit.
407 389 444 393 ——
475 375 518 400 ΙΙΙ.
534 376 559 400 5.
575 375 688 406 Verum,
709 379 738 401 ut
751 374 785 400 ad
797 374 866 401 illud

70 410 216 436 sacrarium
230 410 350 442 redeam,
367 411 475 447 signum
490 416 544 438 erat
557 412 620 443 hoc,
639 412 711 446 quod
725 412 797 443 dico,
814 412 867 438 Cu-

69 446 171 482 pidinis
186 455 200 473 e
213 456 358 474 marmore:
379 457 412 475 ex
426 448 506 475 altera
520 454 593 484 parte
607 449 744 481 Hercules,
760 449 867 485 egregie

70 483 157 511 factus
171 492 204 511 ex
218 493 290 511 aere:
306 486 329 512 is
344 485 483 512 dicebatur
496 495 556 512 esse
569 487 697 522 Myronis,
715 491 744 512 ut
757 487 864 520 opinor:
888 503 889 506 =

71 526 97 548 et
110 526 189 548 certe.
228 523 295 549 Item
309 527 370 549 ante
384 523 432 550 hos
446 523 509 550 deos
524 528 598 550 erant
611 523 709 555 arulae,
725 532 795 558 quae
809 524 867 549 cui-

70 559 113 585 vis
126 559 235 586 sacrarii
248 559 405 596 religionem
419 561 570 597 significare
584 565 707 595 possent:
732 565 806 586 erant
823 569 868 586 ae—

70 605 120 623 nea
133 601 268 631 praeterea
282 597 336 624 duo
349 598 435 633 signa,
452 607 504 625 non
518 599 643 628 maxima,
659 606 754 624 verum
768 598 867 623 eximia

69 638 220 666 venustate,
237 635 362 670 virginali
376 635 469 661 habitu
484 640 563 670 atque
574 635 682 665 vestitu,
698 643 767 669 quae
781 634 868 660 mani-

69 671 123 698 bus
136 671 250 698 sublatis
264 681 338 698 sacra
351 673 483 707 quaedam
501 681 574 698 more
588 672 793 698 Atheniensium
813 672 868 698 vir-

69 709 165 745 ginum
179 709 295 744 reposita
308 710 336 736 iu
350 710 484 744 capitibus
498 710 680 736 sustinebant:
697 709 867 744 Canephorae

69 747 145 781 ipsae
155 747 330 773 vocabantur:
346 747 393 773 sed
404 755 495 773 earum
506 746 642 778 artificem,
658 746 759 781 quem‘?
771 755 868 781 quem-

70 783 152 810 nam‘?
164 788 234 810 recte
247 784 382 815 admones,
395 783 560 819 Polycletum
572 792 630 810 esse
640 784 774 810 dicebant.
796 784 868 810 Mes-

70 829 163 848 sanam
177 821 336 856 utquisque
351 826 470 847 nostrum
485 825 601 852 venerat,
618 821 683 848 haec
696 822 783 847 visere
798 820 867 847 sole-

70 858 129 885 bat:
152 859 279 885 omnibus
298 858 364 884 haec
382 859 415 885 ad
434 859 577 885 visendum
591 858 717 894 patebant
730 858 863 893 quotidie:

69 895 166 922 domus
181 899 236 922 erat
248 904 301 922 non
315 895 423 922 domino
434 896 519 932 magis
530 900 692 927 ornamento,
708 905 789 931 quam
799 896 867 922 civi-

70 933 126 959 tati.
167 935 192 960 6.
214 932 244 960 C.
260 933 402 965 Claudius,
422 934 501 960 cuius
516 933 678 960 aedilitatem
692 933 867 969 magnificen-

69 971 203 996 tissimam
217 970 319 997 scimus
334 970 431 1002 fuisse,
452 980 519 997 usus
534 976 574 998 est
587 971 637 997 hoc
651 971 784 1006 Cupidine
799 976 867 997 tam—

69 1007 126 1038 diu.
139 1007 205 1034 dum
217 1007 305 1034 forum
314 1008 367 1034 diis
377 1008 574 1035 immortalibus
585 1008 739 1043 populoque
749 1009 867 1034 Romano

70 1045 164 1071 habuit
183 1050 320 1072 ornatum:
348 1050 385 1077 et,
410 1055 496 1081 quum
519 1051 589 1072 esset
611 1046 710 1080 hospes
728 1046 864 1077 Heiorum,

69 1082 221 1109 Mamertini
239 1087 328 1109 autem
347 1083 440 1118 populi
458 1088 599 1118 patronus,
620 1088 650 1110 ut
666 1083 721 1109 illis
739 1083 865 1119 benignis

69 1128 137 1146 usus
151 1124 191 1147 est
205 1120 238 1146 ad
251 1120 489 1152 commodandum,
509 1121 548 1148 sic
565 1121 624 1156 ipse
638 1120 754 1156 diligens
769 1120 820 1147 fuit
833 1120 866 1146 ad

69 1157 268 1192 reportandum.
309 1159 400 1193 Nuper
414 1159 536 1185 homines
550 1158 654 1185 nobiles
665 1158 807 1189 eiusmodi,
824 1159 867 1184 iu—

69 1195 156 1222 dices:
173 1200 198 1222 et
211 1195 278 1230 quid
291 1195 351 1223 dico
365 1195 468 1231 nuper?
480 1197 564 1222 immo
578 1205 640 1222 vero
653 1196 733 1222 modo
747 1204 776 1222 ac
787 1195 865 1230 plane

68 1232 161 1267 paullo
174 1237 233 1259 ante
243 1233 372 1265 vidimus,
388 1234 436 1269 qui
450 1233 538 1260 forum
552 1242 582 1260 ac
595 1233 720 1260 basilicas
735 1242 787 1260 non
802 1242 866 1267 spo-

71 1270 114 1296 liis
132 1271 344 1304 provinciarum,
365 1271 413 1297 sed
430 1271 593 1297 ornamentis
608 1271 768 1303 amicorum,
793 1279 867 1297 com-

70 1307 157 1334 modis
171 1307 317 1342 hospitum,
334 1317 386 1335 non
398 1308 476 1335 furtis
487 1309 648 1340 nocentium,
664 1312 801 1335 ornarent:
817 1308 866 1343 qui

69 1349 158 1371 tamen
172 1345 249 1381 signa
263 1349 343 1380 atque
357 1350 511 1372 ornamenta
524 1354 574 1372 sua
591 1346 690 1380 cuique
708 1345 863 1376 reddebant,

70 1391 122 1409 non
141 1382 227 1408 ablata
245 1391 278 1409 ex
296 1383 410 1409 urbibus
428 1384 574 1414 sociorum,
603 1383 740 1418 quatridui
759 1391 863 1413 caussa,
887 1397 889 1410 1

69 1428 118 1454 per
130 1420 328 1447 simulationem
343 1420 494 1452 aedilitatis,
509 1420 620 1447 domum
634 1420 731 1447 deinde
743 1425 822 1455 atque
833 1420 865 1446 ad

69 1466 133 1484 suas
152 1457 230 1484 villas
248 1457 413 1485 auferebant.
453 1459 479 1484 7.
501 1458 569 1484 Haec
587 1458 690 1489 omnia,
709 1466 779 1493 quae
796 1457 864 1489 dixi,

69 1495 160 1530 signa,
181 1495 298 1527 iudices,
321 1495 354 1522 ab
369 1496 433 1522 Heio
450 1495 483 1521 de
502 1495 616 1522 sacrario
628 1495 724 1522 Verres
739 1495 863 1521 abstulit:

70 1532 185 1564 nullum,
201 1533 321 1568 inquam,
338 1533 432 1559 horum
448 1532 570 1568 reliquit,
587 1541 674 1568 neque
689 1533 763 1559 aliud
778 1532 865 1559 ullum

69 1574 167 1601 tamen,
183 1574 286 1604 praeter
300 1579 384 1596 unum
398 1575 524 1605 pervetus
540 1570 672 1606 ligneum,
688 1571 787 1597 Bonam
802 1570 866 1596 For-

70 1611 171 1638 tunam,
188 1612 217 1633 ut
231 1608 334 1642 opinor.
356 1608 421 1634 Eam
435 1608 485 1634 iste
500 1607 597 1634 habere
611 1607 683 1634 domi
694 1616 758 1634 suae
769 1607 864 1634 noluit.

69 1644 112 1671 lv.
134 1645 183 1671 Pro
205 1644 287 1671 deum
310 1645 506 1680 hominumque
530 1645 623 1671 fidem!
651 1645 717 1680 quid
740 1645 790 1671 hoc
807 1644 866 1671 est‘?

68 1690 138 1717 quae
159 1686 200 1708 est
222 1682 287 1708 haec
308 1682 421 1709 caussa?
446 1691 515 1718 quae
538 1682 603 1709 haec
621 1682 788 1718 impudentia
807 1681 865 1708 est‘?

68 1719 141 1751 Quae
154 1719 214 1746 dico
227 1720 312 1756 signa,
328 1724 471 1755 antequam
485 1720 533 1747 abs
548 1725 573 1746 te
587 1720 692 1746 sublata
706 1725 779 1751 sunt,
795 1720 865 1746 Mes·-

69 1765 160 1783 sanam
179 1765 240 1784 cum
259 1757 372 1792 imperio
390 1766 469 1784 nemo
487 1758 572 1789 venit,
588 1759 655 1792 quin
670 1757 776 1784 viderit.
817 1758 865 1784 Tot

69 1799 215 1829 praetores,
236 1799 273 1821 tot
289 1795 414 1822 consules
428 1795 455 1821 in
469 1795 573 1826 Sicilia,
594 1800 651 1822 tum
666 1796 694 1822 in
708 1803 785 1830 pace,
806 1799 863 1822 tum

69 1832 149 1859 etiam
162 1832 190 1859 in
204 1832 275 1859 bello
289 1832 411 1866 fuerunt,
440 1837 477 1859 tot
490 1832 614 1859 homines
628 1833 761 1868 cuiusque
776 1832 861 1866 modi:

69 1877 121 1896 non
136 1868 229 1905 loquor
242 1869 276 1896 de
288 1870 413 1906 integris,
433 1870 635 1902 innocentibus,
655 1870 803 1906 religiosis:
828 1875 865 1897 tot

68 1906 174 1942 cupidi,
190 1911 227 1934 tot
240 1907 369 1942 improbi,
386 1912 423 1934 tot
436 1907 563 1934 audaces:
587 1916 704 1942 quorum
719 1916 798 1934 nemo
811 1908 864 1934 sibi

69 1949 121 1971 tam
136 1944 290 1976 vehemens,
307 1949 359 1971 tam
374 1949 477 1980 potens,
493 1949 545 1971 tam
557 1945 655 1971 nobilis
666 1945 742 1972 visus
752 1950 800 1976 est,
816 1946 864 1980 qui

68 1990 102 2008 ex
118 1981 166 2009 illo
183 1983 296 2008 sacrario
316 1983 466 2017 quidquam
481 1990 589 2017 poscere
603 1987 649 2009 aut
662 1982 753 2009 tollere
767 1987 813 2009 aut
826 1987 865 2009 at-

67 2019 170 2055 tingere
184 2019 302 2046 auderet.
331 2020 434 2051 Verres,
451 2020 522 2054 quod
538 2020 639 2055 ubique
652 2020 702 2046 erit
715 2019 865 2054 pulcherri-

67 2064 157 2088 mum,
177 2055 297 2083 auferet‘l
319 2057 386 2083 nibil
401 2057 498 2083 habere
512 2061 645 2092 praeterea
659 2057 786 2092 cuiquam
802 2057 865 2084 liee-

67 2092 126 2120 bit?
147 2097 185 2120 tot
197 2093 294 2120 domus
309 2093 534 2129 locupletissimas
548 2094 645 2120 domus
659 2095 738 2121 istius
753 2103 806 2121 una
820 2103 865 2121 ca-

67 2130 141 2166 piet?
153 2130 252 2157 idcirco
263 2139 341 2158 nemo
351 2131 520 2166 superiorum
532 2132 627 2167 attigit,
644 2136 674 2158 ut
683 2133 734 2158 iste
744 2132 865 2159 tolleret?

66 2168 128 2196 ideo
141 2168 171 2195 C.
187 2167 316 2195 Claudius
330 2168 444 2195 Pulcher
457 2168 560 2200 retulit,
578 2173 607 2195 ut
620 2169 649 2196 C.
665 2169 759 2196 Verres
774 2174 865 2204 posset

67 2205 190 2233 auferre?
199 2206 232 2232 At
242 2214 294 2232 non
306 2203 458 2241 requirebat
468 2205 513 2232 ille
525 2206 629 2241 Cupido
640 2206 742 2233 lenonis
752 2207 862 2233 domum

68 2251 98 2270 ac
111 2243 286 2270 meretriciam
301 2243 487 2278 disciplinam:
504 2243 581 2270 facile
595 2243 642 2270 illo
655 2244 769 2271 sacrario
778 2245 864 2279 patrio

67 2280 266 2307 continebatur:
283 2281 347 2307 Heio
361 2290 389 2306 se
399 2290 412 2307 a
425 2280 571 2307 maioribus
585 2280 706 2308 relictum
721 2290 780 2308 esse
795 2282 864 2308 seie-

66 2317 113 2344 bat
127 2317 154 2344 in
168 2318 314 2344 hereditate
328 2327 478 2344 sacrorum:
496 2326 547 2345 non
561 2318 706 2353 quaerebat
716 2319 862 2345 meretricis

68 2354 204 2382 heredem.
245 2357 269 2382 8.
292 2355 345 2382 Sed
362 2355 429 2391 quid
447 2363 497 2391 ego
519 2360 571 2382 tam
595 2355 766 2383 vehementer
788 2357 864 2383 inve-

67 2391 134 2419 hor‘?
158 2392 240 2419 verbo
257 2401 312 2420 uno
329 2392 451 2428 repellar.
493 2392 566 2422 Emi,
586 2392 684 2427 inquit.
724 2393 746 2420 Ο
759 2393 797 2420 (111
812 2394 864 2420 im-

68 2429 205 2456 mortalesl
221 2429 382 2465 praeclaram
396 2429 594 2456 defensionem!
615 2430 785 2457 Mercatorem
801 2439 861 2457 curn

67 2466 180 2502 imperio
193 2476 223 2493 ac
236 2468 376 2494 securibus
391 2468 417 2494 in
433 2467 596 2502 provinciam
611 2467 749 2498 misimus,
773 2469 862 2495 onmia

67 2504 115 2539 qui
133 2504 224 2541 signa,
245 2504 349 2531 tabulas
364 2505 462 2540 pictas,
481 2513 561 2531 omne
579 2509 733 2539 argentum.
753 2513 859 2535 aurum.
890 2533 891 2538 ,

67 2540 142 2572 ebur,
157 2550 279 2577 gemmas
293 2546 436 2574 coemeret,
461 2541 528 2568 nibil
542 2542 668 2576 cuiquam
683 2541 859 2577 relinqueretl

66 2578 136 2605 Haec
153 2579 225 2605 enim
244 2579 310 2606 mihi
328 2579 362 2606 ad
375 2579 464 2606 omnia
478 2578 598 2605 defensio
612 2580 729 2614 patelieri
744 2580 858 2611 videtur,

67 2615 175 2642 emisse.
215 2616 345 2648 Primum,
361 2617 383 2643 si
398 2616 425 2643 id
439 2616 511 2652 quod
527 2616 567 2643 vis
582 2616 630 2642 tibi
644 2625 694 2652 ego
706 2616 858 2647 concedam.

67 2656 97 2679 ut
114 2652 224 2685 emeris,
244 2654 372 2688 quoniam
389 2654 417 2680 in
436 2658 489 2680 toto
508 2653 557 2680 1100,
574 2662 670 2689 genere
686 2653 733 2679 hae.
748 2663 799 2680 una
813 2654 861 2680 de·
889 2670 890 2684 1

68 2688 187 2717 tensione
200 2698 300 2717 usurus
314 2699 357 2717 es:
373 2699 480 2726 quaero.
497 2691 649 2717 cuiusmodi
661 2695 688 2717 tu
700 2691 798 2718 iudicia
808 2691 860 2718 Ro-

1242 157 1356 182 1-7,
1657 160 1703 185 311

917 234 975 251 mae
989 227 1091 260 putaris
1105 235 1172 258 esse,
1189 227 1212 253 si
1226 227 1274 253 tibi
1285 227 1334 253 hoc
1345 235 1509 262 quemquam
1520 236 1711 255 concessurum

918 264 1026 297 putasti,
1043 268 1068 290 te
1081 264 1108 290 in
1123 268 1244 298 praetura
1258 269 1337 299 atque
1350 265 1463 299 imperio
1473 269 1510 291 tot
1519 273 1570 295 res,
1587 270 1640 291 tam
1652 274 1712 300 pre-

917 301 1013 331 tiosas,
1033 309 1126 327 omnes
1139 301 1256 336 denique
1270 310 1325 333 res,
1345 310 1415 337 quae
1432 301 1547 328 alicuius
1561 303 1638 337 pretii
1654 302 1713 329 fue-

918 338 979 367 rint,
995 342 1047 364 tota
1062 347 1095 364 ex
1108 339 1244 373 provincia
1258 339 1406 365 coemisse?
1437 339 1468 366 V.
1485 341 1509 365 9.
1524 340 1615 366 Videte
1628 341 1713 366 maio-

918 383 978 400 rum
992 375 1172 411 diligentiam,
1193 377 1240 411 qui
1255 376 1390 402 nihildum
1404 377 1483 403 etiam
1497 377 1651 403 istiusmodi
1666 385 1713 403 su-

918 412 1103 446 spicabantur,
1127 418 1312 440 verumtamen
1331 422 1373 445 ea,
1394 422 1464 449 quae
1481 415 1572 448 parvis
1590 415 1617 440 in
1631 414 1712 440 rebus

918 449 1036 475 accidere
1051 454 1182 484 poterant,
1199 451 1383 485 providebant.
1423 452 1573 482 Neminem,
1589 452 1636 486 qui
1650 460 1713 478 cum

919 491 1046 520 potestate
1061 492 1106 514 aut
1121 487 1250 523 legatione
1264 489 1291 514 in
1306 489 1471 523 provinciam
1485 493 1555 514 esset
1565 488 1712 523 profectus,

919 528 971 549 tam
986 529 1118 550 amentem
1134 525 1188 551 sore
1202 530 1377 560 putaverunt,
1398 530 1427 552 ut
1445 530 1544 552 emeret
1561 530 1710 562 argentum,

918 560 1041 595 (dabatur
1058 562 1129 588 enim
1156 562 1189 588 de
1211 562 1330 598 publico)
1352 567 1381 589 ut
1408 568 1509 589 vestem
1527 563 1714 598 (praebebatur

918 598 990 624 enim
1002 598 1131 634 legibus):
1148 600 1312 634 mancipium
1327 605 1500 634 putaverunt,
1517 609 1571 635 quo
1584 605 1609 627 et
1621 609 1713 627 omnes

919 636 1034 667 utimur,
1054 641 1079 662 et
1093 645 1145 662 non
1159 637 1301 671 praebetur
1315 646 1327 663 a
1343 637 1452 672 populo.
1494 637 1657 669 Sanxerunt,
1678 647 1712 664 sn

919 682 984 702 onis
998 682 1117 699 eneam·
1131 683 1310 705 ima-cimon,
1326 684 1383 700 5151
1398 684 1425 700 11<
1440 684 1591 701 DEMORTUI
1605 684 1710 702 toccu.

919 709 947 735 Si
961 710 1009 744 qui
1023 710 1121 736 Romae
1136 716 1206 737 esset
1219 710 1396 737 demortuus?
1422 713 1518 742 immo,
1539 713 1562 738 si
1581 713 1642 747 quis
1662 712 1713 738 ibi-

918 746 989 772 dem.
1016 748 1074 773 Non
1088 749 1159 774 enim
1174 752 1198 774 te
1212 749 1344 774 instruere
1358 749 1468 775 domum
1484 754 1556 775 tuam
1570 749 1713 775 voluerunt

918 784 945 810 in
964 784 1114 818 provincia,
1139 785 1186 811 sed
1204 785 1282 811 illum
1302 794 1382 812 usum
1401 787 1553 820 provinciae
1575 786 1710 821 supplere.

921 823 960 847 10.
976 820 1049 853 Quae
1063 821 1115 848 fuit
1128 831 1237 854 caussa,
1257 832 1304 849 cur
1323 827 1375 849 tam
1394 823 1536 859 diligenter
1550 832 1597 849 nos
1611 825 1638 849 in
1653 832 1714 858 pro-

919 859 1016 885 vinciis
1035 859 1067 885 ab
1085 860 1268 894 emptionibus
1286 860 1471 887 removerent?
1496 861 1577 891 Haec,
1598 861 1711 891 iudices,

918 896 990 931 quod
1001 897 1131 931 putabant
1141 898 1303 932 ereptionem
1314 906 1382 929 esse,
1391 907 1442 924 non
1449 898 1619 932 emptionem,
1627 907 1713 932 quum

919 934 1051 960 venditori
1066 943 1116 961 suo
1129 935 1257 961 arbitratu
1272 935 1388 962 vendere
1402 944 1454 961 non
1471 935 1568 961 liceret.
1610 936 1637 961 In
1652 944 1714 970 pro—

918 971 1014 997 vinciis
1029 971 1227 1007 intelligebant,
1248 973 1271 998 si
1285 974 1321 1004 is,
1338 973 1386 1008 qui
1400 977 1469 998 esset
1483 981 1545 998 cum
1559 973 1671 1007 imperio
1685 982 1714 999 ae

918 1012 1060 1043 potestate,
1081 1009 1153 1044 quod
1167 1010 1240 1044 apud
1257 1019 1395 1045 quemque
1413 1014 1496 1040 esset,
1517 1018 1604 1035 emere
1623 1010 1711 1040 vellet,

918 1046 1000 1080 idque
1014 1047 1038 1072 ei
1054 1046 1157 1078 liceret,
1174 1047 1242 1078 fore,
1259 1048 1311 1079 uti,
1328 1047 1401 1082 quod
1414 1048 1531 1082 quisque
1548 1047 1638 1078 vellet,
1656 1048 1714 1073 sive

918 1088 989 1110 esset
1003 1083 1109 1115 venale,
1125 1085 1183 1111 sive
1197 1094 1249 1111 non
1263 1090 1346 1116 esset,
1367 1085 1460 1120 quanti
1474 1084 1567 1115 vellet,
1587 1084 1711 1111 auferret.

918 1121 992 1147 Dicet
1005 1121 1118 1156 aliquis:
1144 1122 1203 1148 Noli
1217 1123 1268 1149 isto
1283 1122 1362 1148 modo
1376 1131 1452 1158 agere
1467 1131 1528 1148 cum
1544 1123 1634 1148 Verre:
1659 1122 1713 1148 noli

918 1159 977 1185 eius
996 1158 1063 1185 facta
1077 1159 1110 1185 ad
1124 1160 1249 1194 antiquae
1264 1160 1400 1195 religionis
1415 1160 1542 1186 rationem
1557 1160 1711 1194 exquirere:

894 1209 896 1215 ν
917 1195 1046 1227 concede,
1071 1201 1101 1223 ut
1123 1197 1234 1232 impune
1257 1198 1363 1227 emerit,
1388 1197 1467 1223 modo
1486 1202 1513 1223 ut
1532 1197 1600 1223 bona
1614 1197 1713 1223 ratione

918 1234 1025 1265 emerit,
1042 1234 1110 1260 nihil
1125 1243 1172 1269 pro
1186 1239 1328 1269 potestate,
1345 1235 1413 1260 nihil
1428 1235 1460 1261 ab
1475 1235 1568 1265 inrito,
1584 1234 1651 1260 nibil
1667 1243 1714 1269 per

917 1271 1054 1297 iniuriam.
1077 1271 1121 1298 Sic
1135 1281 1222 1308 agam.
1245 1272 1273 1299 Si
1287 1272 1353 1307 quid
1368 1272 1460 1298 venale
1475 1272 1569 1298 babuit
1578 1272 1674 1304 Heius,
1690 1272 1713 1297 si

918 1308 953 1340 id,
969 1309 1064 1343 quanti
1078 1310 1248 1340 aestimabat,
1265 1311 1329 1336 tanti
1345 1310 1478 1336 vendidit:
1494 1309 1588 1335 desino
1600 1318 1714 1344 quaere-

917 1354 954 1376 re,
970 1354 1018 1372 cur
1031 1347 1137 1373 emeris.
1168 1348 1211 1373 Vl.
1229 1349 1269 1373 11.
1284 1346 1354 1379 Quid
1369 1347 1451 1383 igitur
1465 1347 1542 1373 nobis
1557 1346 1712 1373 faciundum

917 1382 975 1409 est‘?
989 1383 1059 1409 Num
1070 1385 1235 1419 argumentis
1246 1384 1376 1410 utendum
1387 1385 1413 1410 in
1424 1393 1452 1410 re
1462 1383 1614 1410 eiusmodi?
1627 1383 1713 1416 Quae-

917 1420 1031 1446 rendum
1045 1426 1098 1452 est,
1119 1422 1210 1452 eredo,
1231 1422 1312 1448 lleius
1332 1422 1381 1448 iste
1396 1431 1460 1448 nuni
1475 1430 1519 1448 aes
1533 1421 1650 1447 alienum
1667 1421 1713 1447 lia-

918 1458 1019 1489 buerit,
1040 1467 1105 1484 num
1120 1459 1270 1485 auctionem
1290 1458 1394 1485 feeerit:
1420 1460 1442 1485 si
1463 1459 1536 1489 fecit,
1558 1468 1622 1485 num
1642 1463 1712 1484 tanta

917 1495 1063 1522 difficultas
1078 1504 1139 1522 eum
1150 1497 1187 1522 rei
1199 1497 1364 1522 nummariae
1375 1497 1497 1527 tenuerit,
1514 1501 1584 1522 tanta
1596 1501 1709 1531 egestas,

917 1537 988 1559 tanta
1002 1533 1044 1559 vis
1059 1534 1197 1568 pressei-it,
1219 1538 1248 1560 ut
1261 1534 1406 1559 sacrarium
1425 1543 1506 1559 suum
1525 1533 1662 1568 spoliaret,
1685 1538 1713 1559 ut

916 1570 980 1596 deos
995 1571 1094 1605 patrios
1109 1571 1243 1597 venderet.
1275 1572 1307 1597 At
1322 1571 1456 1597 bominem
1472 1571 1549 1597 video
1563 1571 1710 1597 auctionem

917 1607 1013 1634 secisse
1027 1608 1144 1641 nullam,
1162 1608 1316 1635 vendidisse
1331 1613 1433 1643 praeter
1449 1608 1551 1634 fruetus
1565 1617 1629 1633 suos
1644 1607 1710 1634 nihil

917 1653 1061 1680 umquam3
1078 1655 1130 1672 non
1145 1646 1223 1672 modo
1237 1646 1263 1672 in
1278 1654 1337 1672 aere
1351 1646 1437 1672 alieno
1451 1646 1534 1675 nullo,
1551 1645 1597 1671 sed
1613 1646 1638 1671 in
1654 1646 1711 1671 suis

916 1683 1036 1709 nummis
1051 1683 1144 1709 multis
1159 1692 1219 1709 0550
1232 1692 1262 1709 ac
1281 1692 1386 1718 semper
1405 1683 1502 1710 fuisse:
1525 1683 1547 1709 si
1568 1683 1631 1709 baec
1649 1692 1712 1708 con·

917 1725 969 1751 tra,
990 1728 1020 1746 ac
1033 1720 1106 1751 dieo,
1127 1725 1216 1747 essent
1230 1721 1332 1747 onmia:
1355 1725 1441 1747 tamen
1457 1720 1533 1746 illum
1549 1720 1626 1746 haee.
1642 1728 1711 1755 quae

917 1762 953 1784 tot
971 1766 1054 1784 annos
1073 1758 1100 1784 in
1120 1757 1220 1784 familia
1239 1759 1407 1793 sacrarioque
1431 1758 1561 1784 maiorum
1586 1757 1708 1787 fuissent,

916 1795 1089 1821 venditurum
1104 1805 1155 1822 non
1172 1795 1265 1822 fuisse.
1299 1796 1378 1828 Quid,
1395 1796 1417 1821 si
1433 1795 1616 1831 magnitudine
1632 1803 1712 1829 pecu-

916 1833 975 1859 niae
990 1841 1150 1867 persuasum
1165 1837 1205 1859 est
1219 1832 1261 1859 ei‘?
1274 1832 1420 1859 verisimile
1435 1842 1485 1859 uon
1501 1837 1550 1862 est,
1568 1837 1595 1858 ut
1609 1832 1654 1858 ille
1665 1832 1712 1858 ho-

916 1878 960 1896 mo
978 1874 1030 1896 tam
1052 1870 1184 1905 locuples,
1206 1875 1257 1897 tam
1277 1871 1420 1897 honestus.
1441 1870 1562 1905 religioni
1577 1878 1712 1895 51100100-

916 1908 1107 1943 monentisque
1130 1909 1261 1934 maiorum
1285 1908 1425 1943 pecuniam
1449 1912 1627 1942 anteponeret.
1671 1908 1709 1933 l:.‘.

893 1942 894 1962 3
916 1944 985 1971 Sunt
1009 1946 1072 1972 ista:
1099 1951 1283 1972 verumtamen
1307 1946 1478 1971 abducuntur
1501 1945 1622 1971 1100111105
1646 1953 1711 1970 non-

893 2003 894 2007 ,
916 1991 1064 2017 numquam
1084 1983 1162 2009 etiam
1182 1984 1215 2009 ab
1234 1983 1363 2009 institutis
1383 1983 1441 2008 suis
1461 1982 1646 2017 magnitudine
1666 1990 1711 2016 pe-

916 2020 1021 2046 cuniae.
1062 2021 1216 2051 Videamus,
1232 2025 1331 2055 quanta
1346 2021 1395 2046 ista
1411 2020 1522 2054 pecunia
1539 2019 1625 2047 fuerit.
1641 2028 1710 2054 quae

917 2058 1032 2092 potuerit
1043 2058 1147 2086 Heium,
1165 2058 1300 2084 hominem
1316 2058 1431 2084 maxime
1447 2057 1614 2091 locupletem.
1631 2057 1710 2082 mini-

893 2101 894 2112 ³
916 2103 959 2121 me
973 2103 1093 2126 avarum,
1110 2095 1143 2121 ab
1155 2095 1330 2125 humanitate,
1346 2104 1359 2121 a
1375 2096 1481 2129 pietate.
1498 2105 1510 2120 a
1527 2094 1654 2127 religione
1664 2094 1710 2119 de-

892 2148 894 2168 2
915 2132 1023 2158 ducere.

893 2178 956 2196 ,rez
974 2179 1154 2196 1115000511
1169 2178 1599 2198 51115111011111511,1111101115,
1622 2178 1709 2194 0011-

893 2216 1015 2238 Ἰ1111111,
1032 2216 1074 2233 0-5
1088 2217 1119 2233 vi.
1135 2217 1210 2233 11111.
1226 2217 1258 2233 ετ
1273 2215 1295 2233 io
1311 2216 1398 2233 vanni
1414 2215 1540 2232 vesunu
1555 2215 1632 2232 sext.
1661 2206 1709 2231 ll·h

1064 2133 1100 2158 Ita
1116 2133 1228 2163 10551511,
1245 2133 1347 2167 opinor,
1364 2133 1454 2167 ipsum
1470 2132 1495 2157 in
1511 2131 1614 2157 tabulas
1630 2131 1710 2157 refer—

915 2244 965 2270 cita
980 2253 1013 2270 ex
1028 2244 1136 2270 tabulis.
1160 2245 1258 2271 Tmzni⁴
1267 2253 1299 2270 ,111
1315 2253 1386 2270 11ε11.
1410 2245 1484 2270 lux-at
1499 2252 1540 2269 me
1556 2243 1619 2269 haee
1635 2251 1709 2277 prath

914 2281 983 2307 clara
1003 2282 1109 2307 nomina
1129 2282 1274 2311 artilieum,
1294 2290 1363 2316 quae
1382 2282 1425 2307 isti
1445 2281 1476 2307 ad
1491 2280 1594 2306 0110111111
1611 2279 1707 2307 ferunt.

916 2318 1003 2344 verris
1021 2320 1205 2345 aestimatione
1219 2319 1258 2344 sic
1271 2319 1430 2344 000οἰ111550,
1471 2318 1631 2352 Cupidinem
1648 2317 1708 2343 l‘ra—

916 2355 1004 2381 xitelis
1024 2356 1079 2382 kl-b‘
1098 2365 1193 2382 ‹·1.n.n·.
1228 2356 1347 2382 Profeeto
1367 2356 1428 2381 111110
1447 2360 1537 2381 nutum
1557 2359 1610 2380 est:
1639 2355 1709 2380 ,unm

914 2402 1006 2421 emere,
1027 2402 1102 2426 qemun
1118 2402 1218 2425 roslare.
1261 2394 1313 2419 vu.
1333 2395 1371 2418 13.
1394 2393 1464 2418 Dieet
1483 2392 1595 2426 uliquis:
1619 2391 1709 2423 Quid'?

915 2434 942 2456 tu
957 2430 1006 2456 ista
1023 2438 1168 2464 permagno
1181 2430 1326 2456 aestimas?
1340 2431 1394 2464 Ego
1409 2438 1471 2455 vero
1484 2429 1516 2454 ad
1533 2438 1617 2454 nwam
1629 2429 1707 2454 ratio—

891 2481 892 2486 *
915 2476 974 2493 nt'ssl
999 2476 1134 2502 usumque
1157 2476 1246 2493 111011111
1267 2476 1317 2494 11011
1337 2467 1461 2492 uestium:
1491 2471 1674 2492 vernuli-'tumn
1694 2475 1706 2491 1“Ι

914 2504 990 2530 vobis
1009 2505 1044 2530 ita
1062 2505 1175 2530 arbitror
1193 2505 1306 2539 spectari
1320 2509 1452 2538 oportere,
1473 2504 1566 2538 quami
1587 2503 1650 2529 haee
1663 2512 1708 2529 eo—

913 2550 972 2568 rum
987 2541 1099 2572 iudicio,
1119 2542 1166 2577 qui
1182 2542 1294 2568 studiosi
1310 2546 1373 2567 suut
1387 2541 1480 2567 harum
1501 2549 1603 2569 rerum,
1628 2541 1708 2567 nesti-

912 2583 1032 2606 meutur:
1056 2580 1150 2614 quanti
1166 2580 1255 2605 veuit-e
1270 2578 1384 2606 soleant:
1404 2578 1497 2613 quanti
1514 2578 1577 2604 haee
1592 2578 1662 2612 ipsa.
1684 2579 1706 2603 51

890 2631 891 2634 =
913 2615 1000 2650 palam
1021 2616 1157 2651 libereque
1177 2617 1310 2646 venirent,
1332 2616 1421 2642 venire
1441 2620 1562 2650 possent:
1590 2616 1706 2650 denique

913 2654 969 2688 ipse
984 2654 1074 2679 Verres
1088 2655 1180 2688 (puniti
1197 2655 1326 2679 aestimet.
1358 2654 1510 2687 Numquam
1525 2653 1606 2680 euim.
1623 2654 1645 2678 si
1660 2653 1705 2678 d(k

913 2691 993 2717 nar-iis
1007 2691 1381 2725 qiunlringeiuisCupidinem
1397 2690 1474 2716 illum
1490 2695 1617 2724 putasset,
1634 2698 1704 2715 eom-
