1941 3052
233 138 281 162 5⁸2
691 135 731 158 111,
769 133 801 158 Μ,

233 249 275 270 tur
297 245 322 269 in
338 252 431 268 0111151111
448 241 628 276 quaerendum
645 244 693 268 est.
712 239 737 264 id
750 248 859 273 agamus
873 238 928 264 111οῑ
951 238 1022 273 quod

233 281 371 307 tormentis
392 280 509 305 inveniro
526 279 574 306 vis,
599 277 624 302 id
641 276 763 302 fatemur.
805 276 882 301 Manu
901 284 962 301 vero
976 284 1024 301 cur

233 318 343 345 miserit,
362 317 383 342 si
401 317 426 341 id
443 316 529 350 potius
541 314 656 348 quaeris,
669 322 750 348 quam
762 321 810 338 cur
821 321 913 347 parum
926 312 1023 347 amplis

232 205 324 233 eculeo
338 206 458 240 qum-,utin
473 209 521 234 est,
536 204 601 229 iuris
614 204 639 229 in
653 202 757 228 iudicio.
789 202 872 227 xxii.
885 201 960 232 Quod
973 202 1024 236 igi·
1042 201 1052 278 {J

1050 282 1052 340 l

1044 342 1052 362 11

232 355 345 380 31Ῐο00111
362 354 498 387 praemiis:
522 352 607 377 nescis
622 351 722 376 inimici
737 350 833 375 fuctum
846 350 1024 384 reprebende-

233 402 268 418 10.
300 393 342 417 58.
366 391 434 415 Dixit
450 390 520 415 enim
538 389 579 414 1110
596 388 674 417 idem,
688 387 834 422 quiomnin
845 395 951 421 semper
961 396 1024 413 con-
1044 410 1045 431 Χ

232 433 331 454 stanter
341 432 367 453 ct
378 427 484 455 fortiter,
499 426 533 451 Μ.
546 426 617 455 Cato,
625 425 747 458 dixitque
759 425 785 450 in
798 424 949 450 turbulenta
961 433 1024 450 con-

231 466 315 494 cione,
337 473 405 498 quae
428 468 514 489 tamen
531 463 612 488 buius
628 462 782 488 auctoritate
797 461 896 496 placata
911 466 958 491 est,
972 470 1022 487 non
1044 437 1045 496 l

233 501 458 530 111101111105010111,
473 500 518 526 sed
531 501 608 525 etiam
621 499 747 525 omnibus
759 500 885 533 praemiis
895 499 1024 534 (115111331-
1044 506 1045 510 ’

232 548 289 566 mos
311 538 408 568 fuisse,
431 538 477 572 qui
498 537 600 563 domini
621 541 700 571 caput
715 536 907 562 defendissent.
948 536 1023 568 Quod

231 577 301 602 enim
320 575 467 610 praemium
480 575 545 600 satis
557 583 683 609 magnum
695 578 735 600 est
746 578 797 599 tam
810 573 957 603 benevolis,
971 578 1023 599 tam

232 614 317 643 bonis,
341 618 393 638 tum
410 612 535 638 fidelibus
550 612 645 641 servis,
663 615 770 646 propter
783 619 852 645 quos
864 611 948 637 vivit?
968 611 1023 636 Etsi

232 651 258 677 id
278 650 388 685 quidem
409 658 460 676 non
478 650 541 675 tanti
558 653 606 679 est,
623 657 705 684 quam
717 648 788 683 quod
801 653 906 683 propter
917 648 1023 674 eosdem
1044 657 1047 699 1

232 696 282 714 11011
303 687 435 721 sanguine
450 691 475 713 et
487 686 644 712 vulneribus
660 686 718 712 suis
728 685 909 712 crudelissimi
922 685 1023 712 inimici

231 729 347 751 mentem
358 721 504 758 oculosque
515 724 631 750 satiavit.
653 723 726 755 Quos
738 723 788 749 nisi
802 732 882 749 manu
895 723 1021 752 misisset,

231 763 369 789 tormentis
381 763 459 788 etiam
466 761 580 788 dedendi
589 761 904 787 fuissentconservatores
911 760 1021 790 domini,

231 799 330 826 ultores
346 799 463 829 sceleris,
481 798 634 824 defensores
645 798 727 824 necis.
768 798 815 824 1110
827 806 888 824 vero
899 798 965 824 nibil
977 797 1024 823 ba·
1044 800 1046 805 '

231 837 275 863 bot
294 837 321 863 in
342 836 383 863 his
405 836 493 866 1113115,
515 836 587 870 quod
604 837 693 862 minus
709 835 819 862 moleste
835 835 913 866 ferat,
931 843 1021 870 quam,

231 875 334 901 etiamsi
356 873 421 909 quid
444 874 496 908 ipsi
518 873 633 903 accidat,
651 881 710 899 esse
726 877 813 899 tamen
829 872 883 899 illis
899 873 1023 898 meritum
1045 897 1047 903 ,

231 912 379 946 praemium
396 910 572 945 persolutum.
585 925 621 930 —-
632 912 673 937 59.
686 910 737 936 Sed
749 910 918 945 quaestiones
931 914 1025 945 urgent

210 967 214 974 .
231 948 443 983 Milonem,quae
454 952 517 974 sunt
529 948 633 974 babitae
645 956 715 974 nunc
726 947 1025 973 inatriol.ibertatis.—
1044 956 1046 968 ι

230 986 399 1019 Quibusnam
420 985 452 1011 de
472 985 576 1011 servis?
605 984 701 1020 rogas?
725 984 757 1011 de
772 985 801 1010 P.
818 984 913 1011 Clodii.
957 984 1024 1016 Quis
1045 985 1047 988 '

231 1031 274 1050 eos
295 1022 460 1058 postulavit?
492 1022 606 1057 Appius.
650 1022 716 1054 Quis
736 1021 880 1057 produxit?
908 1022 1022 1056 Appius.
1045 1041 1047 1063 Ι

231 1060 324 1087 Unde?
343 1061 376 1087 ab
392 1060 486 1094 Appio.
508 1061 548 1086 Dii
560 1060 636 1086 boni!
658 1059 724 1094 quid
737 1064 822 1094 potest
832 1059 874 1094 agi
886 1058 1025 1085 severius?

231 1095 1022 1132 Deservisnullaquaestioestindominum,nisideincestu‚
1045 1112 1047 1132 l

231 1139 260 1162 ut
276 1135 327 1161 fuit
347 1135 374 1161 in
390 1134 523 1161 Clodium.
565 1134 687 1160 Proxime
701 1134 765 1161 deos
780 1135 892 1160 accessit
903 1133 1022 1164 Clodius,
1046 1138 1047 1143 ¹

231 1173 342 1208 propius
362 1181 443 1207 quam
460 1176 525 1203 tum,
543 1180 628 1206 quum
644 1171 676 1198 ad
691 1173 765 1206 ipsos
777 1176 933 1206 penetrarat,
946 1171 1024 1197 cuius

230 1209 264 1236 de
284 1214 367 1236 morte
382 1214 517 1244 tamquam
533 1209 566 1235 de
580 1209 749 1235 caerimoniis
760 1208 865 1235 violatis
876 1209 1023 1244 quaeritur.

230 1246 283 1273 Sed
296 1251 382 1273 tamen
395 1247 508 1273 maiores
519 1247 601 1273 nostri
614 1247 640 1272 in
652 1246 790 1273 dominum
801 1246 835 1273 de
845 1255 923 1272 servo
932 1246 1024 1281 quaeri

231 1284 382 1315 noluerunt,
405 1292 457 1310 non
474 1284 536 1318 quia
554 1292 604 1309 non
621 1288 711 1318 posset
726 1292 819 1310 verum
835 1284 959 1314 inveniri,
977 1282 1024 1309 sed

229 1322 293 1356 quia
318 1321 458 1347 videbatur
478 1321 620 1356 indignum
636 1329 695 1347 esse
711 1326 737 1347 et
750 1320 852 1347 domini
867 1325 951 1347 morte
967 1321 1024 1355 ipsa

230 1359 344 1385 tristius.
381 1359 408 1384 ln
421 1366 495 1384 reum
508 1357 540 1384 de
552 1358 637 1384 servis
649 1359 809 1384 accusatoris
820 1366 905 1393 quum
917 1359 1022 1393 quaeri-

230 1400 281 1427 tur,
304 1404 398 1421 verum
415 1395 529 1421 inveniri
545 1394 648 1429 potest?
672 1397 714 1421 60.
735 1395 792 1428 Age
806 1404 877 1425 vero,
890 1404 959 1430 quae
970 1399 1025 1421 erat

230 1437 274 1459 aut
285 1432 374 1468 qualis
385 1431 524 1467 quaestio?
544 1433 615 1458 Heus
627 1432 747 1464 tultufio,
762 1433 836 1459 verbi
848 1441 1024 1463 caussa,cave
1045 1460 1046 1465 ,

230 1471 268 1497 sis
289 1470 436 1496 mentiaris.
477 1469 586 1496 Clodius
606 1469 718 1496 insidias
734 1469 796 1496 fecit
811 1470 922 1497 Miloni?
941 1470 1022 1497 Fecit.

230 1507 305 1534 Certa
316 1506 545 1534 crux.—-Nullas
557 1507 627 1533 fecit.
668 1506 776 1542 Sperata
797 1507 914 1534 libertas.
953 1507 1024 1539 Quid

230 1545 278 1571 hac
298 1545 454 1579 quaestione
474 1544 591 1571 certius?
615 1544 710 1571 Subito
728 1544 830 1579 abrepti
846 1545 874 1571 in
888 1545 1025 1580 quaestio—
1045 1551 1046 1554 ’

230 1591 300 1613 nem,
315 1586 401 1608 tamen
413 1586 570 1617 separantur
579 1590 594 1607 a
605 1581 708 1613 ceteris,
721 1586 747 1608 et
758 1582 785 1608 in
797 1582 1025 1608 arcasconiiciun-

230 1624 281 1650 tur,
305 1628 338 1646 ne
352 1620 414 1654 quis
425 1628 487 1645 cum
497 1619 531 1645 iis
542 1619 658 1654 colloqui
670 1619 764 1653 possit.
804 1619 836 1645 Hi
847 1624 954 1645 centum
966 1619 1023 1645 dies

230 1665 311 1691 penes
331 1661 510 1683 accusatorem
525 1665 611 1691 quum
624 1655 747 1687 fuissent,
760 1656 793 1682 ab
804 1664 834 1682 eo
844 1657 904 1691 ipso
914 1665 1024 1682 accusa-

230 1698 285 1720 tore
304 1693 427 1728 producti
447 1698 519 1720 sunt.
559 1693 630 1726 Quid
646 1693 695 1719 hac
708 1694 864 1729 quaestione
873 1693 926 1720 dici
937 1697 1024 1728 potest

231 1730 379 1766 integrius?
397 1731 463 1766 quid
474 1730 672 1765 incorruptius?

285 1768 382 1794 xxm.
405 1769 446 1794 61.
469 1767 546 1800 Quod
557 1768 580 1794 si
598 1767 716 1794 nondum
729 1767 794 1793 satis
805 1767 923 1799 cernitis,
936 1776 1023 1802 quum

230 1813 272 1831 res
293 1805 351 1840 ipsa
366 1809 404 1831 tot
423 1809 476 1831 tam
492 1805 570 1831 claris
590 1805 756 1841 argumentis
770 1805 910 1840 signisque
926 1804 1020 1836 luceat,
1045 1826 1046 1837 2

230 1851 296 1876 pura
316 1846 404 1868 mente
419 1847 498 1877 atque
513 1843 614 1877 integra
628 1841 763 1872 Milonem,
776 1841 852 1868 nullo
861 1841 960 1868 sceiere
972 1843 1024 1868 im-
1045 1839 1046 1842 ’

229 1879 335 1910 butum,
353 1879 428 1906 nullo
443 1884 515 1906 metu
526 1879 706 1914 perterritum,
720 1878 793 1905 nulla
804 1880 966 1906 conscientia
977 1888 1024 1906 ex-

229 1917 386 1948 animatum,
399 1917 509 1943 Romam
525 1917 679 1943 revertisse:
701 1916 884 1948 recordamini,
903 1925 950 1951 per
959 1916 1023 1943 deos

229 1953 406 1980 immortales!
437 1962 506 1988 quae
522 1953 602 1980 fuerit
618 1953 739 1980 celeritas
757 1953 859 1980 reditus
877 1955 950 1980 eius:
976 1954 1023 1988 qui

228 1991 368 2026 ingressus
388 1991 415 2017 in
437 1990 523 2017 forum
545 1990 652 2017 ardente
669 1992 756 2021 curia,
778 1999 848 2026 quae
868 1991 1024 2027 magnitudo
1044 1999 1046 2010 ¹

230 2029 321 2060 animi,
335 2029 382 2063 qui
394 2027 495 2059 vultus,
508 2036 577 2063 quae
588 2029 680 2055 oratio.
707 2028 801 2063 Neque
811 2036 874 2055 vero
884 2037 912 2055 se
924 2028 1023 2063 populo
1052 2058 1053 2061 Ἴ

1052 2067 1053 2070 ’
1076 2067 1174 2092 tissimi
1198 2066 1263 2097 viri,
1289 2074 1337 2101 per
1360 2065 1458 2092 multas
1483 2066 1568 2093 noctis
1587 2065 1664 2092 horas
1685 2064 1868 2091 nuntiabatur.

229 2065 331 2097 solum,
349 2065 396 2092 sed
416 2066 495 2092 etiam
515 2066 620 2092 senatui
637 2066 785 2098 commisit3
817 2074 905 2100 neque
919 2066 1024 2092 senatui

230 2102 316 2134 modo,
335 2103 382 2129 sed
397 2103 476 2129 etiam
492 2102 609 2138 publicis
624 2102 767 2138 praesidiis
783 2107 809 2129 et
819 2103 914 2129 armis:
936 2111 1024 2138 neque
1044 2107 1046 2124 1

230 2139 272 2166 bis
288 2144 405 2170 tantum,
423 2148 517 2166 verum
532 2141 612 2166 etiam
628 2141 686 2166 eius
703 2140 838 2174 potestati,
856 2140 900 2166 cui
914 2145 1023 2167 senatus
1044 2127 1047 2171 l

230 2181 309 2203 totam
330 2177 533 2212 rempublicam,
554 2185 661 2204 omnem
680 2177 771 2203 Italiae
793 2178 907 2212 pubem,
928 2182 1022 2204 cuncta
1044 2175 1046 2206 J

229 2214 322 2249 populi
344 2215 453 2241 Romani
474 2223 546 2240 arma
560 2215 743 2241 commiserat:
769 2215 813 2241 cui
829 2223 978 2250 numquam
994 2223 1023 2241 50
1043 2207 1047 2252 l

230 2251 273 2278 hic
293 2251 410 2286 profecto
425 2251 585 2282 tradidisset,
603 2252 656 2278 nisi
670 2260 782 2278 caussae
795 2260 860 2278 suae
869 2252 1020 2284 confideret,

229 2289 384 2323 praesertim
404 2290 493 2315 omnia
515 2289 642 2320 audienti,
664 2297 761 2325 magna
779 2289 923 2320 metuenti,
939 2288 1023 2316 multa

229 2327 391 2360 suspicanti,
414 2326 542 2353 nonnulla
562 2326 689 2353 credenti.
729 2327 825 2362 Magna
845 2327 887 2353 vis
905 2331 946 2353 est
960 2335 1024 2353 con-

229 2364 363 2394 scientiae,
387 2363 499 2394 iudices,
517 2368 543 2390 et
558 2372 653 2399 magna
664 2364 692 2390 in
703 2368 845 2399 utramque
856 2368 972 2398 partem:
994 2368 1024 2390 ut

231 2408 316 2435 neque
337 2401 456 2432 timeant,
478 2401 526 2436 qui
546 2401 614 2427 nihil
638 2401 833 2432 commiserint,
864 2405 891 2427 et
909 2409 1021 2436 poenam

230 2445 335 2472 semper
355 2442 414 2464 ante
425 2437 515 2464 oculos
526 2439 626 2464 versari
638 2442 740 2472 putent,
753 2439 801 2473 qui
813 2439 956 2472 peccarint.
977 2439 1020 2465 62.

230 2473 322 2508 Neque
344 2483 406 2501 vero
421 2475 479 2501 sine
493 2476 593 2502 ratione
607 2479 677 2501 certa
692 2484 786 2501 caussa
796 2475 904 2502 Milonis
917 2483 1024 2510 semper

230 2517 245 2535 a
265 2515 358 2536 senatu
377 2512 485 2545 probata
504 2517 554 2539 est.
594 2512 726 2539 Videbant
744 2513 816 2538 enim
830 2513 1023 2547 sapientissimi

232 2546 352 2573 homines
373 2548 434 2574 facti
454 2550 596 2580 rationem,
618 2550 794 2584 praesentiam
814 2550 911 2580 animi,
930 2549 1024 2576 defen—

231 2583 315 2609 sionis
329 2586 513 2612 constantiam.
552 2587 594 2613 An
608 2595 672 2613 vero
685 2586 760 2613 obliti
771 2587 845 2617 estis,
858 2587 969 2617 iudices,
981 2595 1024 2613 re-

231 2621 300 2646 centi
321 2620 368 2647 illo
384 2623 475 2649 nuntio
490 2623 563 2650 necis
577 2623 729 2655 Clodianae,
747 2632 800 2650 non
811 2623 891 2650 modo
900 2624 1024 2650 inimieo-

232 2664 291 2682 rum
303 2656 409 2684 Milonis
424 2667 559 2687 sermones
574 2665 600 2687 et
613 2661 761 2696 opiniones,
774 2660 822 2688 sed
833 2660 1023 2688 nonnullorum

836 132 865 157 Τ.
901 131 1174 158 Cliti-:noxis
1208 132 1392 159 ORATlo

1074 203 1152 228 etiam
1173 203 1375 237 imperitorum?
1404 203 1539 238 Negabant
1553 213 1614 230 00111
1627 204 1735 231 Romam
1750 213 1810 231 esse
1825 213 1867 231 ro-

1074 239 1203 265 diturum.
1234 242 1276 265 63.
1298 240 1361 266 Sive
1377 241 1447 266 enim
1465 240 1530 267 illud
1547 243 1635 267 animo
1650 243 1715 268 irato
1726 251 1755 267 ac
1767 244 1866 277 percito

1076 276 1190 305 fecisset,
1215 281 1243 302 ut
1259 277 1384 303 incensus
1398 277 1460 303 odio
1476 278 1618 305 trucidaret
1633 280 1782 309 inimicum,
1795 279 1867 306 arbi-

1075 313 1212 339 trabantur
1235 322 1296 340 eum
1319 315 1382 340 tanti
1404 320 1513 341 mortem
1535 315 1563 341 Ρ.
1586 316 1671 342 Clodii
1693 322 1814 351 putasse,
1838 322 1869 343 ut

1075 359 1160 385 aequo
1181 351 1269 377 animo
1290 352 1373 386 patria
1388 357 1501 381 careret,
1517 361 1602 387 quum
1617 355 1748 387 sanguine
1764 354 1866 380 inimici

1075 388 1210 422 explesset
1229 388 1321 414 odium
1342 397 1436 415 auum:
1459 390 1516 415 sive
1532 390 1610 416 0113111
1631 390 1704 416 illius
1722 396 1805 417 morte
1821 399 1869 425 pa-

1076 425 1152 451 triam
1174 425 1286 451 liberare
1302 426 1439 455 voluisset,
1457 435 1508 452 non
1523 426 1707 454 dubitaturum
1721 427 1814 454 fortem
1827 428 1868 454 vi-

1076 471 1149 491 rum,
1171 463 1247 497 quin,
1269 472 1354 497 quum
1374 472 1424 489 suo
1442 463 1561 498 periculo
1577 464 1689 490 salutem
1705 465 1870 499 reipublicae

1076 500 1217 530 attulisset,
1239 500 1343 526 cederet
1359 509 1444 535 aequo
1459 501 1548 527 animo
1562 500 1681 536 legibua;
1712 510 1804 528 aecum
1820 511 1869 528 nu-

1077 537 1155 563 ferret
1174 537 1286 572 gloriam
1305 538 1504 572 sempiternam,
1517 538 1593 564 nobis
1614 538 1678 564 baec
1697 537 1807 565 fruenda
1827 548 1869 565 re-

1078 574 1217 609 linqueret,
1230 583 1300 609 quae
1313 575 1370 610 ipse
1381 580 1522 601 servasset.
1548 574 1625 601 Multi
1637 576 1715 602 etiam
1726 575 1868 603 Catilinam

1076 616 1155 646 atque
1175 612 1219 638 illa
1240 617 1357 646 portenta
1375 612 1564 647 loquebantur:
1581 617 1716 647 erumpet,
1728 613 1870 647 occupabit

1076 649 1192 684 aliquem
1206 649 1302 679 locum,
1317 649 1416 676 bellum
1429 650 1528 684 patriae
1539 649 1626 676 faciet.
1666 650 1777 676 Miseros
1787 651 1870 676 inter-

1076 686 1140 712 dum
1161 687 1247 716 cives,
1269 687 1368 721 optime
1383 687 1416 713 de
1431 687 1568 722 republica
1583 687 1705 713 meritos!
1726 688 1751 713 in
1767 687 1869 722 quibus

1077 723 1199 750 homines
1216 732 1267 750 non
1279 724 1358 751 modo
1368 733 1410 750 res
1424 724 1649 759 praeclarissimas
1660 724 1868 755 obliviscuntur,

1077 761 1123 787 sed
1143 762 1222 787 etiam
1243 761 1356 787 nefarias
1376 762 1558 796 suspicantur.
1589 763 1631 788 64.
1653 762 1722 796 Ergo
1742 761 1788 788 1113
1803 761 1869 788 talu

1079 798 1199 824 fuerunt:
1221 807 1289 833 quae
1299 803 1369 825 certe
1380 808 1441 825 vera
1452 800 1625 829 exstitissent.
1638 798 1732 825 similo
1742 798 1869 825 admisis-

1077 840 1118 862 set
1127 835 1239 869 aliquid,
1247 835 1320 870 quod
1328 844 1377 862 non
1385 841 1474 870 posset
1481 836 1590 862 honeste
1596 835 1868 871 verequedefendere.

1132 873 1226 899 XXIV.
1248 873 1337 905 Quid?
1355 882 1424 908 quae
1438 878 1528 907 postea
1543 874 1644 900 suntin
1655 882 1717 899 eum
1732 877 1866 909 congesta.

1076 919 1145 945 quae
1155 911 1280 945 quemvis
1293 911 1371 936 etiam
1384 910 1556 937 mediocrium
1568 910 1871 937 delictorumconscieu-

1078 948 1111 974 tia
1128 947 1317 982 perculissent,
1331 953 1360 974 ut
1370 948 1513 974 sustinuit!
1535 949 1574 974 Dii
1586 947 1765 974 immortales!
1787 948 1869 974 susti·

1078 984 1154 1011 nuit?
1173 985 1256 1011 immo
1271 993 1333 1011 vero
1348 990 1377 1011 ut
1392 986 1551 1020 contempsit
1561 994 1591 1011 ac
1602 993 1649 1020 pro
1659 985 1745 1011 nihilo
1755 985 1867 1020 putavit.

1076 1030 1144 1057 quae
1164 1030 1251 1057 neque
1266 1023 1383 1048 maximo
1397 1023 1486 1049 animo
1501 1031 1611 1052 nocens,
1629 1031 1715 1057 neque
1731 1023 1868 1052 innocens.

1045 1065 1047 1071 '
1077 1060 1128 1086 msi
1150 1059 1313 1086 fortissimus
1328 1060 1382 1090 vir,
1400 1060 1533 1096 negligere
1548 1060 1693 1094 potuisset!
1716 1059 1868 1089 scutorum,

1076 1096 1240 1132 gladiorum,
1259 1096 1477 1123 ferramentorum
1499 1097 1668 1132 pilorumque
1683 1098 1762 1123 etiam
1777 1096 1871 1123 multi-

1078 1134 1142 1160 tudo
1155 1134 1318 1169 deprehendi
1334 1143 1413 1169 posse
1422 1134 1598 1160 indicabatur.
1639 1134 1750 1160 Nullum
1762 1135 1790 1160 in
1800 1133 1871 1161 Urbe

1078 1172 1181 1202 vicum,
1209 1171 1314 1198 nullum
1340 1172 1510 1207 angiportum
1533 1180 1592 1198 esse
1611 1170 1748 1203 dicebant,
1770 1171 1798 1198 in
1816 1179 1872 1206 quo

1078 1209 1168 1235 Miloni
1190 1217 1240 1235 non
1263 1213 1333 1235 esset
1351 1209 1480 1235 conducta
1499 1208 1605 1235 domus:
1637 1217 1709 1235 arma
1729 1209 1757 1235 in
1778 1208 1870 1235 villam

1078 1246 1263 1272 Ocriculanam
1277 1245 1386 1272 devecta
1397 1246 1500 1272 Tiberi:
1522 1246 1632 1272 domum
1643 1247 1671 1272 111
1681 1245 1752 1272 011νο
1764 1245 1872 1281 Capito-

1079 1283 1132 1310 lino
1152 1284 1236 1309 scutis
1256 1282 1394 1310 refertam:
1426 1283 1505 1318 plena
1524 1284 1613 1310 omnia
1633 1282 1818 1310 malleolorum
1836 1282 1871 1310 ad

1077 1320 1156 1347 Urbis
1168 1320 1289 1347 incendia
1300 1325 1522 1355 comparatorum.
1543 1321 1611 1347 Haec
1617 1329 1669 1347 non
1675 1320 1760 1347 delata
1770 1319 1869 1351 solum,

1077 1358 1125 1384 sed
1146 1366 1229 1393 paene
1248 1358 1360 1389 credita,
1383 1367 1431 1384 nec
1450 1363 1510 1384 311ῑο
1531 1358 1669 1393 repudiata
1688 1363 1766 1389 sunt,
1787 1365 1870 1393 quam

1077 1396 1208 1430 quaesita.
1239 1397 1281 1422 65.
1299 1395 1452 1422 Laudabam
1467 1395 1592 1430 equidem
1609 1395 1792 1422 incredibilem
1807 1394 1871 1421 dili-

1076 1433 1193 1468 gentiam
1209 1432 1258 1460 Cn.
1275 1433 1408 1467 Pompeii:
1430 1432 1478 1459 sed
1493 1433 1593 1464 dicam,
1607 1436 1636 1459 ut
1645 1432 1743 1463 sentio,
1756 1431 1869 1459 iudices.

1077 1471 1164 1496 Nimis
1179 1470 1263 1496 multa
1274 1470 1366 1496 audire
1376 1475 1516 1506 coguntur,
1530 1478 1617 1505 neque
1627 1469 1702 1496 aliter
1713 1469 1798 1496 facere
1808 1477 1872 1504 pos-

1077 1512 1140 1533 sunt
1155 1508 1186 1539 ii,
1204 1507 1305 1542 quibus
1320 1512 1373 1534 tota
1387 1508 1529 1534 commissa
1545 1512 1585 1534 est
1598 1506 1760 1542 respublica.
1798 1506 1871 1539 Quin

1077 1545 1156 1571 etiam
1176 1544 1328 1571 audiendus
1351 1544 1432 1571 fuerit
1451 1553 1519 1580 popa
1535 1545 1655 1571 Licinius
1670 1545 1760 1571 nescio
1773 1544 1822 1579 qui
1836 1543 1871 1570 de

1075 1582 1158 1608 circo:
1171 1590 1262 1608 servos
1269 1581 1385 1612 Milonis,
1393 1582 1465 1617 apud
1474 1590 1504 1608 se
1514 1582 1602 1608 ebrios
1609 1581 1700 1613 factos,
1708 1580 1871 1608 5111100111οε-

1076 1627 1120 1645 sos
1135 1627 1208 1650 esse,
1225 1627 1254 1645 se
1269 1619 1302 1646 de
1317 1619 1500 1646 interficiendo
1510 1619 1558 1646 Cn.
1570 1619 1696 1653 Pompeio
1706 1619 1868 1649 coniurasse,

1076 1656 1173 1682 deinde
1183 1661 1272 1690 postea
1283 1664 1312 1682 se
1322 1656 1575 1692 gladiopercussum
1587 1664 1646 1682 esse
1657 1656 1691 1682 ab
1697 1663 1751 1682 uno
1759 1655 1793 1682 de
1803 1655 1868 1685 illis.

1077 1702 1109 1720 110
1124 1693 1265 1723 indicaret,
1283 1693 1409 1728 Pompeio
1424 1694 1450 1720 in
1462 1693 1553 1720 hortos
1567 1693 1710 1719 nuntiavit.
1744 1694 1871 1720 Arcessor

1052 1750 1054 1754 .
1076 1731 1103 1757 in
1115 1731 1224 1765 primis;
1236 1730 1269 1757 de
1285 1731 1431 1757 amicorum
1442 1731 1572 1757 sententia
1583 1738 1638 1756 rem
1654 1729 1739 1756 defert
1749 1729 1782 1756 ad
1791 1738 1871 1756 sena-

1077 1772 1144 1794 tum.
1184 1768 1242 1794 Non
1258 1772 1388 1802 poteram,
1400 1769 1428 1794 in
1438 1767 1513 1794 illius
1523 1768 1577 1794 mei
1588 1767 1740 1802 patriaeque
1750 1768 1870 1794 custodis

1076 1809 1146 1831 tanta
1165 1805 1332 1840 suspicione,
1356 1813 1407 1831 non
1427 1809 1501 1831 metu
1515 1805 1676 1835 exanimari,
1691 1804 1739 1831 sed
1754 1804 1871 1831 mirabar

1077 1847 1164 1868 tamen
1185 1842 1256 1868 credi
1277 1850 1374 1877 popae,
1397 1841 1592 1869 confessionem
1612 1850 1750 1868 servorum
1771 1841 1868 1871 audiri,

1076 1879 1176 1906 vulnus
1187 1880 1214 1906 in
1227 1878 1394 1914 latere,quod
1405 1888 1454 1906 acu
1465 1884 1595 1914 punctum
1607 1879 1749 1909 videretur,
1758 1887 1805 1913 pro
1815 1879 1870 1905 ictu

1075 1916 1228 1952 gladiatoris
1245 1917 1360 1951 probari.
1397 1918 1438 1943 56.
1464 1917 1561 1943 Verum
1576 1920 1678 1947 tamen,
1695 1921 1725 1942 ut
1738 1915 1869 1952 intelligo,

1075 1955 1185 1980 cavebat
1195 1955 1281 1990 magis
1287 1955 1439 1989 Pompeius,
1448 1962 1529 1989 quam
1540 1953 1658 1985 timebat,
1667 1961 1719 1980 non
1729 1962 1759 1980 03
1770 1953 1868 1983 solum,

1076 2000 1144 2026 quae
1155 1992 1273 2018 timenda
1283 1997 1365 2022 erant,
1378 1991 1426 2017 sed
1437 1991 1534 2022 omnia,
1548 1999 1580 2018 ne
1591 1990 1694 2026 aliquid
1705 1999 1752 2017 vos
1762 1991 1870 2017 timere-

1076 2030 1120 2055 tis.
1161 2029 1321 2065 Oppugnata
1336 2029 1433 2055 domus
1444 2028 1473 2055 C.
1487 2028 1616 2059 Caesaris,
1627 2028 1770 2054 clarissimi
1780 2032 1806 2054 et
1816 2027 1870 2054 for-

1076 2104 1159 2130 Nemo
1169 2103 1289 2130 audierat
1300 2108 1352 2129 tam
1359 2103 1456 2130 celebri
1468 2102 1533 2132 loco.
1541 2111 1618 2130 nemo
1627 2107 1755 2129 senserat.
1770 2102 1870 2129 Tamen

1076 2141 1245 2167 audiebatur.
1284 2141 1342 2167 Non
1357 2145 1475 2175 poteram
1494 2140 1542 2167 Cn.
1554 2140 1721 2175 Pompeium,
1734 2143 1871 2174 praestan-

1075 2179 1180 2204 tissima
1186 2179 1284 2204 virtute
1290 2178 1388 2209 virum,
1397 2177 1522 2204 timidum
1528 2178 1660 2212 suspicari
1668 2186 1675 2209 ς
1687 2176 1867 2212 diligentiam,

1075 2219 1127 2241 tota
1152 2215 1290 2250 republica
1313 2219 1451 2249 suscepta,
1477 2215 1589 2241 nimiam
1608 2214 1710 2241 nullam
1730 2213 1868 2248 putabam.

1076 2253 1305 2287 Frequentissimo
1319 2257 1413 2279 senatu
1428 2260 1515 2287 nuper
1528 2252 1558 2278 in
1573 2251 1702 2286 Capitolio
1711 2254 1817 2277 senator
1826 2251 1870 2277 in-

1075 2295 1172 2316 ventus
1182 2294 1230 2321 est,
1243 2290 1292 2325 qui
1302 2289 1428 2316 Milonem
1437 2298 1500 2316 cum
1511 2288 1564 2316 telo
1573 2297 1633 2314 esse
1642 2288 1752 2314 diceret.
1777 2287 1869 2314 Nuda-

1075 2328 1114 2353 vit
1124 2336 1152 2353 se
1163 2328 1191 2353 111
1202 2327 1371 2353 sanctissimo
1381 2326 1488 2362 templo,
1495 2326 1622 2361 quoniam
1633 2326 1687 2351 vita
1694 2324 1754 2351 talis
1764 2329 1790 2351 et
1799 2324 1869 2351 civis

1075 2369 1100 2390 et
1111 2364 1248 2390 w'rifidem
1258 2373 1311 2391 non
1318 2363 1438 2395 faciebat,
1446 2368 1485 2394 ut,
1497 2366 1693 2392 eotacente,res
1704 2362 1762 2396 ipsa
1775 2361 1869 2396 loque-

1075 2406 1157 2428 retur.
1196 2401 1282 2428 XXV.
1308 2402 1350 2428 67.
1371 2401 1466 2428 Omnia
1490 2399 1556 2426 falsa
1570 2404 1650 2434 atque
1665 2399 1794 2426 insidiose
1808 2398 1867 2425 ficta

1075 2443 1208 2474 comperta
1227 2442 1299 2465 sunt.
1339 2438 1393 2465 Cur
1407 2442 1508 2468 tamen,
1520 2438 1544 2463 si
1558 2436 1688 2463 metuitur
1701 2436 1782 2462 etiam
1795 2444 1868 2463 nunc

1075 2475 1152 2507 Milo,
1175 2485 1227 2502 non
1245 2476 1294 2502 hoc
1308 2475 1362 2502 iam
1377 2475 1535 2502 Clodianum
1549 2474 1651 2500 crimen
1665 2474 1806 2504 timemus,
1819 2472 1867 2499 sed

1075 2518 1144 2544 tuas,
1156 2513 1205 2540 Cn.
1217 2513 1336 2547 Pompei,
1348 2512 1384 2548 (te
1394 2512 1466 2538 enim
1477 2512 1529 2538 iam
1540 2509 1646 2545 appello
1656 2519 1686 2537 ea
1696 2519 1772 2542 voce,
1783 2514 1815 2536 ut
1824 2518 1868 2536 me

1074 2550 1166 2576 audire
1176 2550 1286 2585 possis,)
1295 2554 1364 2580 tuas,
1375 2554 1444 2580 1035,
1451 2549 1571 2583 inquam,
1578 2548 1746 2582 suspiciones
1756 2547 1868 2583 perhor-

1075 2587 1223 2614 rescimus?
1242 2587 1272 2613 Si
1290 2587 1417 2613 Milonem
1438 2586 1517 2612 times
1525 2605 1531 2616 ,
1550 2585 1573 2611 si
1598 2585 1671 2611 hunc
1694 2584 1728 2611 de
1751 2589 1798 2611 tua
1810 2584 1867 2610 vita

1074 2624 1174 2651 nefarie
1187 2628 1235 2651 aut
1249 2632 1321 2650 nunc
1335 2623 1449 2659 cogitare
1463 2627 1510 2649 aut
1524 2621 1648 2649 molitum
1662 2621 1807 2657 aliquando
1816 2620 1867 2647 ali-

1073 2661 1140 2696 quid
1150 2666 1243 2697 putas,
1255 2661 1278 2688 si
1289 2660 1379 2688 Italiae
1389 2659 1517 2691 delectus,
1530 2664 1561 2686 ut
1569 2658 1692 2686 nonnulli
1701 2659 1867 2694 conquisito-
