1941 3052
731 144 1064 172 FRAGMENTA.

73 228 103 246 ac
123 227 172 245 sua
192 221 295 253 ponunt
315 221 339 244 et
360 216 447 244 locant
466 217 569 248 omnia,
593 217 728 243 neminem
751 216 869 247 laedunt,

73 264 167 283 omnes
178 255 345 285 liberalitate.
355 255 529 290 benignitate,
538 255 645 281 caritate
657 254 869 289 amplectuntur:

74 293 148 320 nulla
160 302 187 319 re
198 294 361 322 cruciantur,
375 292 442 318 nihil
456 297 593 327 appetunt,
609 293 730 318 omnium
744 292 872 318 vitiorum

74 330 156 358 fracto
171 331 273 365 impetu
284 329 520 364 cupiditatumque
531 329 668 356 radicibus
680 338 714 356 ex
724 330 813 355 animo
825 337 873 364 pe-

73 369 147 395 nitus
159 368 272 394 evulsis.

73 443 309 474 stiterint,divinis
322 442 470 468 honoribus
482 442 540 468 iure
552 442 648 477 dignos
661 443 775 468 maiores
790 442 872 468 nostri

73 485 250 507 censuerant:
264 488 364 515 eosque
377 489 431 506 cum
443 482 493 505 diis
505 481 691 506 immortalibus
702 488 873 512 aerumayere

73 518 292 553 sapientissimus
303 522 380 552 poeta
392 526 444 543 non
456 517 590 543 immerito
602 517 708 548 cecinit,
725 525 774 543 nec
785 522 872 543 tamen

73 555 184 587 idcirco,
193 555 264 590 quod
276 563 369 582 eorum
380 563 489 590 corpora
502 555 529 581 in
536 554 640 581 caelum
653 554 752 590 perlata
764 554 872 580 credere

72 594 208 628 sapienter
218 593 364 628 quisquam
376 593 475 627 possit:
489 592 571 627 quod,
580 593 644 627 quia
656 597 749 618 natura
761 601 812 618 non
825 600 874 626 pa-

73 631 147 662 titur,
161 630 280 666 ut‚quod
292 639 305 657 e
317 635 385 657 terra
397 634 445 661 est,
455 629 530 660 alibi,
544 638 625 665 quam
637 631 664 656 in
677 635 743 656 terra
756 634 870 659 maneat,

73 677 106 695 ne
129 668 203 695 credi
219 668 331 703 quidem
347 667 443 694 debeat
459 676 568 694 necesse
584 672 636 694 est:
660 667 721 698 sed,
739 666 811 702 quod
828 675 874 693 eo-

73 715 135 734 rum
146 707 243 737 animi,
261 710 398 740 tamquam
411 705 552 731 hominum
564 704 596 731 de
608 705 662 731 diis
674 704 873 731 immortalibus

73 745 246 778 humanoque
257 752 355 779 genere
367 744 467 777 optime
480 744 645 774 meritorum,
663 743 690 769 iu
705 742 809 768 caelum
822 750 874 776 pu—

73 786 163 809 tentur
182 781 255 808 elati.
298 782 353 806 485.
375 780 451 813 Quod
473 780 506 806 de
526 780 648 811 Romulo,
671 780 748 806 urbis
768 784 872 806 nostrae

72 819 220 850 conditore,
234 818 378 844 memoriae
388 818 525 853 proditum
537 819 705 853 accepimus:
723 825 804 852 quem
816 817 874 842 sin-

72 856 166 893 gulare
183 857 211 883 in
225 865 312 892 genus
324 856 466 882 hominum
476 855 604 882 collatum
619 864 718 881 munus
731 860 784 881 tam
796 862 875 889 prae-

71 894 159 922 clarae
170 894 247 920 urbis
257 893 413 920 condendae
427 893 455 920 in
471 893 582 920 deorum
595 901 706 919 numero
718 892 871 919 collocavit:

71 932 156 967 idque
167 941 198 958 eo
209 936 337 966 tempore,
346 939 400 966 quo
408 930 503 957 litteris
514 935 540 957 et
550 930 679 957 doctrinis
692 930 815 956 homines
827 938 875 955 ex-

72 969 137 996 culti
149 968 227 996 sacile
240 969 332 995 fictum
342 977 355 994 a
366 977 508 1004 germano,
527 976 621 994 verum
638 977 651 994 a
668 967 735 994 falso
750 975 874 993 secerne—

72 1007 150 1034 bant:
173 1011 203 1033 ut
216 1006 290 1033 credi
301 1015 353 1032 non
366 1007 464 1041 possit.
487 1005 639 1040 quidquam
651 1005 706 1032 illis
716 1004 874 1040 persuaderi

71 1045 207 1080 potuisse.
228 1043 301 1079 quod
315 1043 399 1070 ullam
416 1043 470 1070 ficti
481 1048 527 1070 aut
538 1042 599 1069 falsi
612 1044 758 1079 imaginem
770 1051 833 1077 prae
845 1050 873 1068 se

72 1082 162 1109 ferret.
205 1083 262 1108 186.
284 1081 351 1112 Sed,
369 1080 442 1116 quod
459 1080 504 1107 ille
521 1080 640 1107 mortalis
655 1081 754 1107 eximia
766 1080 873 1106 virtutis

71 1128 103 1146 ac
116 1119 308 1146 beneficentiae
319 1118 404 1154 gloria
419 1123 580 1145 consecutus
596 1123 649 1149 est,
672 1122 701 1144 ut
716 1127 768 1144 non
785 1117 873 1144 solum

71 1156 298 1187 immortalis‚sed
305 1156 373 1182 deus
384 1156 562 1182 iudicaretur:
577 1156 604 1182 id
616 1157 707 1190 ipsum
720 1155 781 1181 aliis
793 1155 872 1182 etiam

71 1195 205 1222 tributum
217 1202 285 1225 esse,
299 1198 329 1220 ut
340 1194 409 1220 inter
420 1193 484 1220 deos
495 1195 595 1228 recepti
607 1198 773 1228 putarentur,
788 1201 873 1228 quum

71 1232 255 1260 excessissent
265 1240 278 1258 e
290 1232 353 1262 vita,
363 1231 474 1258 annales
486 1236 607 1258 veterum
620 1231 777 1266 loquuntur.
797 1229 874 1262 Quod

72 1275 98 1297 et
109 1269 181 1305 apud
194 1270 310 1297 Graecos
321 1269 398 1304 prius
409 1269 534 1304 contigit,
549 1274 574 1295 et
586 1269 648 1295 inde
660 1268 770 1295 fortasse
782 1268 814 1294 ad
827 1277 875 1294 no-

71 1312 141 1335 stros
153 1307 331 1343 permanavit.
372 1307 439 1333 Nam
451 1312 477 1333 et
488 1306 615 1333 Hercules
629 1311 654 1333 et
669 1306 763 1337 Liber,
780 1305 874 1332 fratres

71 1345 242 1382 Tyndaridae
256 1349 281 1372 et
296 1343 411 1371 feminae
429 1344 576 1379 plurimae,
599 1344 702 1379 quibus
719 1352 790 1370 nunc
806 1345 875 1370 inter

71 1383 137 1410 deos
149 1382 224 1409 locus
235 1391 294 1408 esse
306 1383 468 1417 praecipuus
479 1382 608 1413 creditur,
620 1387 645 1408 et
657 1381 814 1408 hominibus
826 1390 875 1407 na-

71 1421 92 1448 ti
106 1425 132 1447 et
147 1420 272 1447 homines
287 1419 405 1446 suerunt.
447 1419 514 1451 Sed,
532 1419 605 1454 quod
621 1420 719 1446 virtute
732 1419 874 1454 praestite-

70 1463 135 1485 runt
145 1462 184 1489 et,
200 1462 229 1484 ut
240 1458 335 1484 ceteris
347 1457 380 1484 ad
390 1462 460 1484 recte
471 1456 621 1484 vivendum
633 1457 756 1492 beneque
769 1465 874 1483 meren-

71 1495 138 1522 dum
153 1495 353 1530 praelucerent,
375 1494 582 1522 elaboraverunt
593 1495 618 1526 *,
642 1494 703 1521 ideo
719 1504 764 1521 eos
786 1494 874 1520 homi-

71 1542 138 1560 num
154 1532 224 1560 fama
240 1532 434 1559 beneficiorum
451 1541 554 1559 memor
565 1533 592 1559 in
603 1541 733 1559 consessu
744 1532 874 1558 concilio-

70 1579 125 1607 que
136 1570 294 1597 caelestium
310 1570 462 1597 collocavit.
501 1570 589 1605 Atque
606 1571 693 1605 ipsos,
709 1578 778 1604 quos
794 1578 873 1596 voca—

71 1617 133 1635 mus
145 1609 277 1635 maiorum
289 1609 410 1644 gentium
421 1607 494 1638 deos,
503 1607 625 1643 aliosque
636 1616 717 1643 quam
729 1607 870 1642 plurimos.
903 1624 904 1635 1

903 1656 904 1661 ¹
925 1649 1008 1671 reant.
1030 1645 1101 1677 Quid
1113 1645 1185 1671 enim
1197 1645 1303 1679 turpius
1319 1645 1451 1671 1111111111οῨ
1461 1645 1527 1680 quid
1541 1646 1650 1671 taetrius
1661 1654 1725 1671 ava-

70 1654 140 1682 quos
162 1647 188 1672 in
209 1646 321 1672 deorum
339 1654 482 1672 numerum
499 1645 656 1676 retulimus,
680 1645 743 1671 hinc
764 1654 778 1671 a
795 1645 873 1671 nobis

71 1692 195 1719 egressos
207 1688 232 1710 et
244 1684 271 1710 in
283 1682 388 1709 caelum
400 1682 542 1718 profectos,
557 1682 717 1709 facillimum
729 1683 779 1709 erit
790 1691 873 1718 agno-

71 1730 156 1748 scere.
198 1721 264 1749 LlV.
288 1721 344 1747 ⁴87.
367 1721 516 1747 Maximum
533 1729 596 1747 vero
611 1725 801 1755 argumentum
821 1724 870 1750 est,

71 1758 144 1794 quod
155 1758 189 1785 de
201 1758 255 1784 illis
267 1758 418 1790 credimus,
437 1758 464 1785 id
481 1767 540 1785 esse
557 1759 746 1788 verissimum.
763 1757 836 1793 quod
848 1762 874 1784 et

70 1801 162 1823 tantus
183 1800 219 1823 tot
238 1796 409 1822 saeculorum
430 1795 705 1831 doctissimorumque
732 1795 873 1822 hominum

71 1842 220 1860 consensus
227 1834 347 1860 veritatis
356 1842 407 1860 vox
418 1834 476 1869 ipsa
488 1842 546 1860 esse
558 1833 708 1864 videtur.et
719 1833 801 1868 quod,
815 1838 874 1860 tan—

70 1876 113 1898 tae
134 1876 242 1906 tamque
258 1871 409 1906 praeclarae
425 1872 518 1898 virtuti
534 1880 616 1907 quem
632 1871 716 1898 alium
733 1879 794 1897 vere
809 1879 874 1897 con-

71 1913 212 1945 gruentem
226 1908 313 1935 locum
325 1909 444 1935 tribuere
455 1914 587 1944 oporteat,
605 1918 656 1936 non
668 1917 732 1935 sane
744 1909 872 1943 reperies.

73 1948 131 1972 ⁴88.
144 1946 211 1978 Quis
225 1950 265 1972 est
276 1950 365 1973 autem
377 1951 430 1973 tam
442 1946 563 1978 demens,
577 1952 615 1978 ut,
629 1955 698 1982 quos
710 1947 871 1977 innocentia,

71 1983 232 2010 liberalitate
247 1988 273 2010 et
286 1983 419 2020 singulari
435 1984 551 2020 quadam
568 1993 598 2011 ac
614 1985 758 2019 praecipua
775 1986 874 2011 virtute

71 2020 126 2048 diis
137 2021 275 2056 proximos
287 2021 432 2057 intelligat,
451 2022 485 2048 iis
496 2023 649 2048 seiunctum
662 2031 674 2048 a
686 2022 739 2048 diis
751 2022 874 2048 tribuen-

71 2058 138 2086 dum
150 2058 239 2085 locum
250 2058 375 2085 censeat?
395 2064 429 2090 et.
442 2068 527 2094 quum
542 2060 660 2086 bominis
671 2061 779 2086 animus
791 2065 874 2086 terre-

71 2105 105 2123 na
117 2101 238 2132 respuat,
252 2095 285 2123 ad
297 2105 394 2131 supera
406 2106 514 2132 semper
526 2097 638 2124 seratur:
661 2097 709 2132 qui
721 2106 772 2123 non
785 2096 873 2123 solum

71 2134 151 2161 tacito
162 2139 272 2161 naturae
284 2134 420 2169 impulsu,
440 2135 487 2161 sed
501 2134 650 2165 voluntate.
665 2143 747 2169 reque
760 2135 831 2169 ipsa.
845 2138 874 2160 ut

70 2179 154 2206 quam
175 2172 292 2198 maxime
307 2171 471 2198 caelestibus
486 2172 590 2199 similes
606 2177 709 2202 essent,
732 2172 874 2206 praestite-

70 2214 143 2241 runt,
156 2217 202 2236 eos
214 2208 339 2236 licebitne
350 2209 424 2236 caelo
435 2218 494 2236 esse
509 2209 646 2244 privatos?
673 2210 727 2235 189.
749 2209 815 2236 Mihi
828 2217 874 2234 ve-

72 2255 100 2273 ro
115 2255 146 2273 eo
161 2247 260 2273 iustius
277 2248 304 2273 in
320 2247 393 2273 caelo
408 2247 529 2274 collocati
547 2247 687 2277 videntur,
708 2255 762 2282 quo
777 2246 874 2273 clarior

70 2292 164 2310 corum
181 2284 251 2310 inter
266 2284 390 2310 homines
408 2284 449 2310 vel
466 2284 553 2310 eluxit
570 2284 717 2310 liberalitas
732 2284 774 2310 vel
787 2285 873 2310 virtus

70 2322 178 2347 enituit.
217 2321 284 2353 Quis
295 2322 368 2348 enim
381 2321 493 2348 llercule
506 2321 614 2348 sortior?
623 2322 687 2356 quis
699 2321 874 2356 prudentior?

70 2359 134 2393 quis
146 2358 180 2384 ab
191 2359 264 2385 omni
280 2358 427 2393 cupiditate
444 2358 587 2386 remotior?
607 2358 680 2391 Quos
696 2359 741 2385 ille
757 2358 870 2389 labores.

70 2400 100 2422 ut
111 2395 214 2423 fortiter
225 2401 315 2431 ageret
326 2401 352 2422 et
368 2396 525 2423 bominibus
542 2396 694 2431 prodesset,
712 2397 833 2431 suscepit
848 2401 874 2422 et

70 2433 195 2467 pertulit:
209 2438 255 2459 aut
265 2432 332 2468 quid
345 2442 395 2460 non
408 2433 509 2460 doloris
521 2439 546 2460 et
557 2433 717 2460 calamitatis
729 2433 874 2460 exliausit‘?

72 2471 129 2496 ⁴90.
141 2469 209 2502 Quis
220 2479 283 2505 ergo
296 2470 367 2497 hunc
377 2470 451 2497 eaelo
462 2470 570 2497 excludi
583 2472 707 2506 patiatur,
716 2480 802 2506 quum
813 2472 873 2497 eius

70 2508 165 2534 virtuti
181 2508 344 2542 sempiterna
359 2507 444 2543 gloria
460 2513 486 2534 et
502 2508 590 2534 laudis
607 2509 723 2543 patuerit
735 2509 873 2535 immorta-

70 2544 151 2571 litas?
179 2544 336 2580 Eademque
357 2551 506 2572 ceterorum
527 2546 646 2572 conditio
669 2550 722 2572 est:
755 2555 871 2581 quorum

69 2581 140 2609 alius
152 2582 204 2609 alio
215 2591 313 2618 genere
326 2583 443 2614 virtutis
456 2591 550 2609 omnes
561 2584 678 2609 summis
689 2588 715 2609 et
725 2583 873 2619 singulari-

68 2619 122 2646 bus
135 2619 177 2646 vel
189 2620 217 2646 in
228 2621 302 2655 ipsos
313 2620 391 2651 deos.
408 2619 451 2646 vel
464 2621 490 2646 in
504 2620 628 2647 homines
640 2621 743 2647 meritis
758 2621 873 2655 praesti-

68 2661 168 2684 terunt.
202 2658 294 2693 ltaque
306 2662 359 2684 tam
371 2657 489 2693 egregiis
500 2659 665 2693 eximiisque
677 2657 755 2684 sactis
767 2667 818 2684 non
830 2658 872 2684 in-

69 2693 137 2721 fixas
148 2693 262 2730 plumbo
271 2699 382 2727 statuas.
392 2703 444 2722 noa
451 2701 602 2723 arescentes
614 2695 814 2730 triumphorum
826 2704 872 2722 co—

312 368 414 402 Nempe
427 368 509 402 igitur
520 376 574 396 eos,
588 367 635 401 qui
649 368 682 393 ita
695 368 831 397 vixerunt,
844 371 873 393 ut
895 380 896 384 =

73 406 128 432 sibi
138 406 260 436 iucundi,
274 405 327 431 diis
338 405 420 440 grati,
435 404 591 431 hominibus
605 404 814 430 fructuosissimi
826 413 873 430 ex·
896 407 903 434 ᾖ

1658 151 1715 176 1361

900 217 903 221 ”
923 225 1001 243 ronas
1012 217 1077 243 satis
1092 217 1218 243 diuturna
1233 217 1384 252 persolvere
1396 227 1474 253 posse
1486 220 1604 253 praemia
1616 219 1719 246 iudica-

924 258 980 280 tum
992 259 1040 285 est,
1055 254 1102 280 sed
1114 254 1262 281 florentiora
1274 255 1466 291 stabilioraque
1477 265 1588 282 munera
1599 258 1719 292 quaesita

924 297 996 322 sunt,
1009 292 1111 326 quibus
1122 298 1279 319 ornarentur
1291 294 1318 323 ii,
1333 294 1380 328 qui
1393 294 1529 324 virtutem,
1543 294 1718 326 honestatem,

924 329 1036 364 gloriam
1049 331 1115 359 otio,
1136 329 1257 361 libidini,
1275 330 1418 365 voluptati,
1432 332 1502 357 vitae
1514 331 1632 366 denique
1644 341 1720 367 prae-

925 366 1064 393 tulissent:
1079 372 1187 402 tamque
1199 367 1226 393 id
1239 373 1499 403 aequumest.quam
1512 369 1580 395 illud
1593 369 1720 396 decorum

926 405 1096 439 maximeque
1108 404 1288 439 probandum,
1302 414 1354 432 non
1366 406 1474 432 easdem
1488 407 1619 441 improbis
1631 407 1718 437 sedes,

924 441 1077 476 quasbonis
1088 447 1167 477 atque
1180 442 1301 478 integris,
1310 448 1369 478 post
1377 449 1487 470 mortem
1494 453 1552 470 esse
1560 445 1719 479 propositas.

902 501 903 510 ,
927 480 982 505 191.
999 479 1190 506 Intellexerunt
1201 481 1274 506 enim
1285 489 1318 507 ex
1330 481 1478 507 maioribus
1489 482 1587 508 nostris
1598 482 1722 517 complu-

903 517 904 521 ’
925 525 976 546 res.
991 517 1038 551 qui
1049 517 1180 551 sapientia
1191 518 1390 552 praestiterunt,
1399 527 1484 553 quum
1497 520 1524 545 in
1535 519 1588 545 diis
1600 521 1721 555 aequitas

903 560 904 563 ’
925 555 1068 588 praecipue
1081 555 1178 590 vigeat,
1195 563 1279 590 eaque
1291 556 1318 582 in
1330 564 1422 582 eorum
1433 556 1627 592 gubernatione
1639 566 1722 592 appa-

903 612 904 619 .
926 596 980 618 reat
991 592 1118 623 maxime,
1133 592 1188 618 tieri
1200 601 1252 619 non
1266 601 1354 628 posse,
1368 594 1434 628 quin
1446 595 1594 629 nequitiam
1606 595 1722 621 scelera—

902 649 903 652 ,
925 638 977 664 que
989 634 1158 659 aversentur,
1177 631 1279 665 quique
1295 639 1324 656 ea
1339 631 1365 656 in
1380 632 1430 657 vita
1443 638 1632 663 exercuerunt,
1651 641 1695 659 eos
1707 642 1720 659 a

903 685 904 691 1
925 675 953 692 se
974 667 1041 701 ipsis
1058 666 1215 702 longissime
1230 669 1382 703 seiungant.

903 736 904 739 Ἰ
926 712 1075 739 verumque
1091 705 1254 735 existimari.
1278 714 1329 732 non
1347 705 1424 732 modo
1439 708 1533 733 rationi
1545 708 1718 734 conveniens.

903 770 904 773 ,
924 741 972 767 sed
984 742 1049 768 utile
1061 750 1169 777 quoque
1182 743 1208 769 in
1221 743 1315 777 primis
1328 748 1366 770 est
1379 743 1509 770 futurum.
1541 745 1607 771 Nam
1619 745 1721 780 siquid

1424 668 1500 701 Quod
1516 670 1542 696 in
1563 669 1662 705 vulgus
1678 670 1721 696 edi

925 779 952 805 in
966 779 1106 805 hominum
1119 780 1217 806 animis
1228 781 1348 815 pietatis.
1366 781 1467 816 siquid
1480 781 1619 815 religionis
1631 783 1719 809 inerit.

903 839 904 853 ³
925 822 995 843 certe
1010 817 1043 843 ob
1061 817 1128 843 hanc
1140 818 1310 852 potissimum
1323 827 1446 845 caussam
1458 828 1486 845 se
1497 828 1510 845 a
1522 813 1630 853 flagitiis
1642 829 1671 846 ac
1683 820 1721 846 sa-

925 855 1064 880 cinoribus
1075 855 1257 886 abstinebunt,
1273 855 1344 890 quod
1357 857 1455 890 impios
1467 866 1496 882 ac
1508 852 1622 883 nefarios
1635 857 1723 884 1101111-

926 900 972 918 nes
989 901 1002 918 a
1017 892 1129 918 deorum
1144 893 1257 919 concilio
1272 902 1301 919 ac
1317 894 1440 919 societate
1457 895 1540 920 arceri
1553 894 1720 921 iudicabunt.

903 940 904 954 ι
928 931 984 955 192.
1006 930 1060 956 Nec
1076 931 1148 956 enim
1163 931 1290 957 omnibus
1306 931 1388 957 iidem
1404 931 1444 957 illi
1456 933 1590 966 sapientes
1602 932 1720 958 arbitrati

926 971 989 993 sunt
1005 967 1130 993 eumdem
1146 976 1257 994 cursum
1273 969 1300 994 in
1313 968 1416 994 coelum
1429 974 1528 1004 patere.
1570 970 1635 995 Nam
1649 970 1722 996 vitiis

925 1009 951 1031 et
962 1004 1111 1031 sceleribus
1123 1006 1316 1032 contaminatos
1331 1006 1447 1041 deprimi
1462 1007 1488 1033 in
1506 1007 1628 1033 tenebras
1644 1013 1722 1042 atque

926 1043 953 1068 in
964 1051 1046 1068 caeno
1058 1043 1143 1068 iacere
1155 1042 1317 1070 docuerunt:
1341 1050 1426 1070 castos
1438 1049 1527 1070 autem
1539 1046 1657 1074 animos,
1672 1053 1723 1079 pu-

926 1089 981 1111 ros,
1000 1081 1131 1116 integros,
1151 1081 1332 1115 incorruptos,
1352 1081 1428 1107 bonis
1443 1083 1522 1108 etiam
1535 1082 1632 1108 studiis
1644 1087 1723 1117 atque

926 1117 1029 1144 artibus
1041 1117 1182 1152 expolitos,
1193 1117 1245 1144 leni
1258 1119 1375 1153 quodam
1387 1128 1417 1145 ac
1430 1119 1501 1145 sacili
1515 1119 1591 1154 lapsu
1602 1119 1635 1146 ad
1647 1120 1720 1147 deos,

926 1155 954 1182 id
968 1160 1007 1181 est
1018 1155 1051 1181 ad
1063 1160 1185 1182 naturam
1197 1157 1240 1181 sui
1251 1156 1379 1187 similem,
1394 1157 1541 1191 pervolare.

982 1191 1034 1219 LV.
1073 1194 1127 1219 193.
1150 1193 1226 1225 Quod
1241 1194 1264 1219 si
1277 1194 1311 1220 ita
1326 1199 1378 1225 est,
1397 1200 1466 1221 certe
1483 1194 1574 1225 nobis.
1592 1200 1722 1230 quantum

903 1228 905 1244 ³
925 1230 1026 1256 conniti
1042 1231 1132 1257 animo
1148 1240 1307 1265 possumus,
1324 1237 1457 1266 quantum
1474 1232 1614 1267 diligentia
1630 1241 1725 1258 conse-

925 1268 987 1302 qui,
1005 1268 1222 1295 contendendum
1233 1274 1312 1304 atque
1324 1269 1516 1296 elaborandum
1529 1275 1580 1299 est,
1602 1274 1631 1296 ut
1647 1279 1678 1295 ne
1691 1270 1724 1296 ab

926 1306 959 1332 iis
971 1314 1278 1341 segregemur,quorum
1291 1311 1331 1333 est
1342 1307 1479 1341 proprium
1493 1308 1545 1333 vita
1559 1307 1610 1333 l'rui
1622 1309 1725 1342 sempi-

904 1343 905 1346 ’
926 1348 999 1370 terna
1013 1352 1043 1369 ac
1055 1344 1140 1369 beata.
1163 1343 1240 1375 Quod
1251 1343 1356 1370 efficere
1368 1345 1415 1379 qui
1428 1344 1550 1375 voluerit,
1563 1345 1665 1379 (omnes
1676 1353 1725 1370 au-

926 1385 978 1407 tem
994 1381 1063 1407 velle
1075 1381 1227 1412 debebunt,
1244 1383 1291 1416 qui
1307 1390 1335 1407 se
1349 1382 1421 1416 ipsos
1433 1382 1546 1418 diligere
1561 1383 1725 1408 convenien-

925 1423 1134 1453 terquenaturae
1143 1418 1510 1455 volentvivere:Jnumquam
1518 1420 1675 1446 committet.
1685 1424 1722 1449 ut.

902 1481 904 1498 ,¹
925 1465 994 1491 quae
1005 1457 1101 1483 ceteris
1113 1457 1224 1482 exitiosa
1238 1456 1292 1483 fore
1303 1457 1456 1488 crediderit,
1466 1466 1495 1483 ea
1508 1458 1565 1492 ipse
1578 1465 1725 1492 persequa-

925 1499 978 1520 tur.
1019 1495 1112 1529 Neque
1123 1494 1235 1520 enimin
1247 1503 1323 1529 spem
1337 1496 1427 1521 venire
1440 1496 1544 1529 poterit.
1561 1496 1724 1530 1111ῑὶ30010-

902 1539 904 1563 :
926 1536 999 1558 turos
1010 1540 1069 1558 esse
1081 1531 1160 1562 11005,
1178 1540 1246 1566 quae
1260 1533 1316 1566 ipse
1327 1537 1400 1567 agat,
1415 1541 1500 1567 quum
1513 1532 1633 1558 divinam
1647 1538 1725 1558 natu-

925 1578 981 1595 ram
994 1569 1062 1595 niliil
1075 1569 1219 1604 praeterire
1231 1570 1361 1596 credibile
1373 1571 1421 1600 sit,
1439 1575 1484 1596 aut
1499 1569 1542 1596 illa
1555 1570 1722 1604 probaturos,

925 1616 938 1633 a
949 1607 1051 1642 quibus
1064 1616 1115 1633 non
1123 1606 1201 1633 modo
1213 1607 1260 1637 dii.
1270 1607 1316 1633 sed
1328 1608 1407 1634 etiam
1420 1609 1478 1634 sani
1492 1608 1614 1634 homines
1626 1607 1725 1633 ablior-

925 1681 1004 1708 ritia‘?
1023 1682 1090 1717 quid
1107 1682 1294 1709 detestabilius
1315 1683 1489 1709 crudelitate?
1509 1682 1582 1715 Quae
1598 1684 1725 1717 quamvis

925 1721 952 1746 in
965 1720 1123 1746 hominibus
1134 1720 1280 1754 aliquando
1291 1721 1436 1751 exsistant,
1455 1726 1542 1747 tamen
1559 1720 1592 1746 ab
1608 1720 1725 1746 hominis

926 1762 1019 1784 natura
1031 1763 1084 1784 tam
1097 1757 1183 1785 aliena
1195 1763 1272 1788 sunt.
1289 1767 1370 1793 quam
1384 1758 1533 1784 humanum
1546 1757 1612 1784 illud
1625 1758 1687 1787 erit,
1702 1758 1724 1783 si

925 1797 1014 1822 onmia
1034 1795 1112 1822 nobis
1134 1796 1202 1822 bona
1227 1797 1372 1831 omniaque
1394 1796 1535 1822 commoda
1555 1800 1723 1830 expetamus.

928 1834 984 1859 ⁴94.
1007 1833 1094 1868 Atque,
1116 1834 1142 1860 in
1165 1834 1214 1860 hoc
1235 1834 1453 1868 comprimendae
1473 1838 1536 1859 sunt
1552 1833 1723 1868 cupiditates.

903 1881 905 1913 j
925 1871 1028 1906 quibus
1040 1871 1172 1897 trahimur
1184 1880 1310 1906 persaepe
1322 1871 1354 1897 ad
1369 1880 1412 1902 ea,
1435 1880 1504 1906 quae
1522 1871 1613 1897 virtuti
1630 1870 1726 1896 adver-

926 1913 1028 1935 santur.
1064 1908 1140 1940 Quod
1155 1909 1282 1935 facillime
1295 1909 1423 1943 perficiet.
1440 1909 1487 1944 qui
1500 1914 1552 1935 tam
1565 1908 1674 1943 gloriosi
1688 1907 1726 1933 sa—

925 1947 1025 1972 cinoris
1041 1947 1144 1973 exitum
1156 1955 1248 1973 secum
1262 1947 1319 1981 ipse
1331 1946 1440 1972 assidue
1451 1946 1588 1982 cogitabit.
1630 1946 1727 1971 Tanta-

903 1987 905 1992 ⁴
926 1992 979 2019 que
990 1989 1030 2010 est
1043 1984 1124 2010 liuius
1136 1985 1306 2020 cogitationis
1317 1986 1450 2014 suavitas.
1469 1989 1510 2014 ut,
1528 1983 1600 2018 quod
1614 1982 1727 2009 libenter

926 2021 1103 2057 alacriterque
1111 2022 1382 2057 aginius.etianisine
1397 2022 1484 2048 labore
1498 2030 1667 2057 peragamus.
1685 2020 1726 2046 ld-

925 2068 979 2094 que
996 2060 1021 2085 in
1039 2059 1239 2094 praestantibus
1252 2059 1395 2094 laudisque
1407 2059 1596 2094 appetentibus
1610 2059 1727 2084 bomini-

904 2106 905 2113 *
927 2096 978 2122 bus
999 2096 1076 2123 facile
1096 2098 1229 2124 cernitur:
1253 2106 1368 2132 quorum
1391 2102 1460 2123 tanta
1476 2105 1534 2123 esse
1556 2096 1622 2122 solet
1638 2095 1678 2121 vel
1701 2096 1725 2121 iu

925 2134 1059 2160 obeundis
1072 2134 1196 2168 praeliis,
1214 2134 1256 2160 vel
1270 2136 1296 2161 in
1309 2134 1422 2170 agendis
1433 2135 1551 2163 caussis,
1570 2133 1611 2159 vel
1626 2134 1652 2159 in
1663 2142 1726 2158 con-

904 2196 905 2202 ,
926 2171 1092 2198 tentionibus
1109 2180 1156 2206 pro
1168 2172 1307 2206 republica
1319 2172 1503 2207 suscipiendis
1515 2171 1649 2198 alacritas.
1669 2175 1726 2196 tan-

926 2214 1005 2243 taque
1019 2210 1114 2239 virius,
1128 2214 1165 2238 ut.
1181 2209 1253 2243 quod
1269 2210 1295 2235 in
1309 2210 1342 2235 iis
1354 2210 1435 2235 rebus
1447 2209 1558 2243 periculi
1571 2214 1616 2234 aut
1629 2207 1726 2233 laboris

926 2247 1207 2276 est,aiitnonsentiaiit
1218 2246 1524 2281 autproniliiloilueant.
1540 2247 1585 2271 ⁴935
1600 2246 1724 2279 tiagnuni

925 2284 998 2310 enini
1014 2289 1054 2310 est
1070 2283 1257 2310 contendentis
1271 2284 1341 2310 etad
1353 2283 1466 2319 gloriani
1479 2283 1629 2309 anhelantis
1642 2284 1724 2308 animi

927 2321 1084 2352 fomentum,
1103 2330 1232 2355 magnum
1245 2321 1370 2347 solatium
1383 2330 1446 2356 spes
1459 2321 1562 2347 futurae
1574 2329 1603 2345 ac
1616 2321 1726 2354 propiu-

925 2367 994 2394 quae
1012 2359 1071 2385 sive
1087 2358 1210 2385 utilitatis
1227 2359 1285 2384 sive
1300 2359 1411 2393 gloriae.
1454 2359 1545 2392 Neque
1559 2357 1584 2383 iil
1597 2357 1684 2383 solum
1699 2357 1724 2383 in

903 2397 904 2400 ’
926 2397 1046 2432 magnis.
1069 2396 1116 2422 sed
1129 2397 1208 2422 etiam
1223 2397 1247 2422 111
1263 2396 1411 2422 levioribus
1424 2395 1562 2421 laboribus
1573 2404 1603 2420 111·
1614 2394 1723 2420 studiis.

924 2434 997 2465 Quos
1007 2435 1080 2460 enim
1092 2442 1198 2463 cursus,
1212 2442 1281 2468 111105
1293 2434 1399 2459 venatio
1410 2433 1532 2461 delectat.
1541 2441 1586 2458 eos
1597 2433 1724 2467 quamvis

924 2471 957 2497 de
970 2471 1012 2497 via
1028 2471 1112 2497 sessos
1123 2480 1153 2497 ac
1165 2479 1249 2505 paene
1261 2471 1401 2497 exanimes
1414 2470 1515 2498 videas.
1525 2478 1673 2504 numquam
1687 2475 1725 2495 ta—

926 2517 986 2535 men
1003 2510 1094 2535 minus
1108 2508 1210 2534 alacres
1230 2509 1376 2542 minusque
1391 2508 1536 2533 concitatos
1553 2507 1725 2533 animadver-

925 2551 974 2572 tas.
1015 2547 1083 2576 lam.
1103 2546 1233 2572 bonorum
1246 2545 1381 2580 cupiditas
1395 2544 1462 2579 qnid
1478 2553 1528 2571 non
1543 2545 1568 2570 111
1582 2549 1669 2570 nostra
1685 2546 1725 2570 ci-

925 2584 1005 2610 vitate
1022 2583 1135 2614 laboris,
1158 2582 1225 2618 quid
1241 2592 1292 2609 11011
1309 2582 1502 2608 sollicitudinis
1519 2583 1673 2617 negotiique
1686 2581 1725 2607 111-

923 2622 1023 2648 cessit?
1056 2621 1121 2647 le.
1134 2622 1189 2646 196.
1212 2620 1315 2652 Quotus
1327 2625 1414 2646 tamen
1429 2620 1546 2654 quisque
1561 2625 1614 2648 est.
1631 2620 1679 2654 qui
1695 2627 1724 2645 se

925 2657 966 2684 vel
980 2658 1068 2684 labore
1079 2657 1270 2693 defatigatum,
1295 2657 1336 2683 vel
1354 2658 1533 2691 prensationis
1544 2656 1665 2683 molestia
1675 2665 1724 2682 cu-

924 2704 1006 2732 raque
1017 2695 1169 2723 confectum
1181 2694 1278 2722 audeat
1293 2694 1402 2722 dicerc‘?
1422 2694 1481 2725 Sic,
1499 2703 1615 2729 quorum
1631 2693 1723 2721 oculos

1474 2744 1516 2768 171
