1941 3052
223 121 269 145 ’.ιιιί
781 119 836 144 107.
871 117 905 144 Μ.

276 188 315 208 ΙΙΙ.
329 188 344 208 Α
353 188 369 207 I(
377 188 403 207 (ἰ.
415 185 726 209 net›ul-twtlnecruntelime.
735 185 829 206 Anii-iii
841 185 975 205 libentii-u·
990 189 1010 205 ‘t
1038 188 1040 194 ’

223 222 338 243 t'irmmiu
348 222 388 242 tilii
401 222 510 241 ΙιιιιιΙιΙιιιι,
524 220 614 241 ΙΙιι-ιίιιῐ
624 225 656 240 nt
664 224 734 240 eutem
743 220 902 247 lucer-pinutn.
910 227 972 246 (μιιηι
979 225 1010 243 ul.

223 257 325 278 (Ίιί-ιίιιιί
336 264 362 277 ιιι
373 257 412 276 alii
423 260 510 282 ιιιϊιΊιιι
521 255 804 280 ινῖνηιιιΙ-ιίι.ιΙὶιτι-ιιιιιτὶ
817 255 927 274 nan-munte
938 259 1010 280 quant.

379 300 552 327 nnU'l'US
581 300 802 325 cicenoxi
833 300 859 327 s,
1032 289 1034 366 ,

278 339 288 351 ’
298 340 306 350 ’
316 339 325 350 ’
337 338 383 363 sed
399 346 453 371 quo
472 346 518 362 nos
530 337 668 362 amisisse:
691 345 771 371 quem
783 337 822 362 sic
835 337 924 363 vexari
937 346 950 362 u
962 337 1012 362 Do-

224 375 317 402 lalwlla
330 375 418 403 audio.
429 379 455 399 ut
469 374 519 399 iam
535 383 584 399 uon
599 373 1011 400 vidcaturci-udelissimumeius

223 413 326 439 san-inus
345 411 492 437 interfectio
507 411 641 436 'su-bonit
684 411 762 437 Vetus
774 411 905 437 Antistius
921 420 962 436 me
974 416 1011 437 ta-

223 459 282 476 men
296 449 408 483 pecunia
419 448 581 474 sublevavit.
608 448 709 478 Cicero,
725 448 796 473 lilius
808 453 878 478 tuus,
894 449 932 474 sic
945 448 1011 474 milii
1032 459 1034 494 2

221 496 249 513 se
266 485 514 521 probatindustria,
534 486 670 519 patientia,
689 484 790 515 labore,
809 486 891 511 animi
909 486 1013 519 magni·
1033 490 1041 504 ι’

222 524 328 554 tudine,
350 523 423 548 omni
442 522 558 556 denique
576 522 676 552 officio,
696 527 723 548 ut
740 531 849 556 prorsus
865 531 1011 557 numquam
1032 513 1035 555 l,

220 561 354 587 dimittere
370 560 491 586 videatur
501 560 698 593 cogitationem,
707 560 785 585 cuius
797 560 831 585 sit
843 560 925 586 tilius.
941 561 1013 591 Qua-

221 607 248 624 re
260 599 386 633 quoniam
398 596 503 622 eslicere
516 606 566 622 non
581 605 700 631 possum,
711 602 737 623 ut
750 597 835 631 pluris
847 596 928 622 facias
939 605 1010 627 eum,

220 636 267 670 qui
286 635 333 661 tibi
346 639 385 660 est
395 634 565 665 carissimus,
599 633 667 660 illud
679 634 880 660 tribueiudicio
891 642 961 664 meo,
984 639 1013 660 ιιι

221 673 270 699 tibi
287 671 462 707 persuadeas,
480 680 531 697 non
549 670 602 697 sore
619 671 657 697 illi
675 671 840 697 abutendum
855 671 940 706 gloria
957 676 1010 700 ιιιιι,

221 714 249 735 ιιι
279 709 445 744 adipiscatur
474 708 586 734 honores
617 713 750 743 paternos.
783 708 896 734 Kalend.
925 708 1010 743 April.

221 744 384 783 [Caracbio.]

273 820 311 840 lv.
328 820 344 840 Α
353 820 403 839 RG.
423 819 547 845 Respondet
565 817 626 838 Bruti
638 817 720 838 lineri-
730 818 757 838 ‹le
767 817 841 839 Canii
851 821 871 839 et
883 817 1013 839 Dolabellae
1041 796 1042 806 ¹

220 856 285 875 relius
304 854 327 874 in
343 854 404 878 Asin,
417 857 439 873 et
454 854 481 873 «le
491 852 588 873 Αιιιιιιιίυ
599 853 730 873 sententiam
741 853 856 873 τοιιιιιιίιιιι
866 853 950 873 scribit.
980 854 1013 874 De

220 889 286 910 lmine
305 896 392 915 quinque
406 892 495 909 auctore
514 887 622 915 epistulae
637 888 664 908 ub
679 887 807 908 breiitutem
822 887 948 914 amplianda
962 894 1012 908 ten-

221 924 292 945 tentia
302 927 343 945 eet.

419 971 584 998 CICERO
612 970 759 998 BRUTO
787 971 814 998 S.

279 1012 301 1036 t.
319 1004 401 1036 Datis
417 1017 494 1035 mane
506 1017 530 1035 a.
545 1007 572 1034 d.
589 1008 676 1034 ι·ι.1ι1.
690 1008 774 1042 April.
787 1009 894 1043 Scaptio
907 1008 1009 1039 litteris,

219 1046 313 1073 eodem
330 1046 373 1073 die
389 1051 448 1072 tuas
465 1046 564 1080 accepi,
583 1045 642 1072 Kal.
659 1045 744 1080 April.
762 1046 926 1081 Dyrrhachio
937 1045 1012 1072 datas

222 1085 337 1118 vesperi.
370 1084 460 1118 Itaque
472 1092 549 1109 mane
561 1082 631 1117 prid.
644 1082 683 1108 Id.
696 1083 770 1117 Apu,
784 1092 869 1117 quum
881 1092 894 1108 a
906 1083 1012 1117 Scaptio

219 1122 315 1147 certior
337 1120 421 1147 factus
437 1129 538 1150 essem,
557 1129 608 1146 non
620 1128 679 1146 esse
692 1129 736 1146 eos
748 1120 893 1154 profectos,
910 1120 1012 1154 quibus

220 1158 307 1193 pridie
320 1158 454 1188 dederam,
473 1163 498 1184 et
509 1157 597 1183 statim
610 1157 661 1187 ire,
679 1157 728 1183 hoc
739 1157 892 1192 paullulum
904 1158 1011 1183 exaravi

220 1197 278 1230 ipsa
291 1196 318 1221 in
331 1195 407 1222 turba
420 1195 564 1221 matutinae¹
576 1194 754 1220 salutationis.
776 1196 801 1221 ⁶2.
814 1195 848 1220 De
856 1194 947 1221 Cassio
959 1194 1013 1220 lae-

220 1238 259 1259 tor
279 1238 304 1259 et
320 1231 484 1267 reipublicae
499 1231 630 1266 gratulor,
654 1231 720 1257 milii
735 1231 830 1262 etiam,
852 1232 913 1266 qui„
932 1239 1013 1266 repu—

219 1274 317 1304 gnante
338 1274 364 1295 et
384 1269 513 1295 irascente
533 1269 631 1300 Pansa,
652 1269 812 1295 sententiam
833 1269 963 1299 dixerim,
984 1273 1013 1294 ut

220 1306 384 1333 Dolabellam
400 1305 471 1332 bello
486 1305 596 1332 Cassius
611 1311 826 1340 persequeretur.
857 1306 890 1332 Et
901 1305 1012 1340 quidem
1041 1325 1042 1328 ι

220 1344 345 1370 audacter
375 1343 512 1373 dicebam,
537 1344 596 1369 sine
617 1348 706 1369 nostro
726 1343 936 1370 senaticonsulto
960 1344 1012 1369 iam

220 1381 287 1407 illud
300 1390 362 1407 eum
374 1380 476 1406 bellum
490 1388 592 1415 gerere.
619 1381 654 1406 De
666 1385 690 1406 te
702 1381 783 1406 etiam
794 1380 853 1407 dixi
865 1385 931 1411 tum,
944 1389 1013 1415 quae

219 1418 333 1444 dicenda
355 1418 457 1452 putavi.

499 1418 567 1443 llaec
583 1417 616 1444 ad
632 1422 657 1444 te
671 1418 754 1444 oratio
766 1417 927 1452 perferetur,
945 1426 1014 1452 quo-
1042 1426 1043 1442 1

219 1456 292 1481 niam
308 1460 331 1482 te
347 1454 425 1481 video
436 1454 562 1481 delectari
573 1454 733 1489 Philippicis
745 1455 852 1481 uostris.
890 1457 915 1481 3.
936 1454 1014 1487 Quod

219 1501 261 1519 me
273 1492 305 1519 de
317 1492 431 1519 Antonio
442 1492 574 1524 consutis,
593 1492 681 1526 quoad
691 1492 766 1518 Bruti
776 1493 879 1518 exitum
890 1493 1014 1527 cognori-

219 1538 289 1561 mus,
305 1528 512 1555 custodiendum
529 1534 601 1563 puto.
642 1530 683 1555 Ex
695 1529 737 1555 bis
750 1529 853 1560 litteris,
866 1538 934 1564 quas
946 1529 1014 1555 mihi

219 1568 332 1597 misisti,
350 1566 485 1592 Dolabella
500 1567 592 1592 Asiam
607 1574 704 1592 vexare
720 1566 841 1597 videtur,
859 1572 884 1592 et
901 1567 929 1592 in
944 1575 974 1592 ea
985 1575 1013 1592 se
1042 1591 1043 1595 ,

217 1612 310 1640 gerere
334 1604 494 1630 taeterrime.
539 1603 731 1638 Compluribus
758 1608 847 1630 autem
868 1603 1011 1638 scripsisti,

218 1640 383 1668 Dolabellam
396 1650 410 1667 a
423 1640 534 1667 Rhodiis
545 1649 604 1666 esse
615 1639 770 1667 exclusum:
803 1641 851 1675 qui
862 1641 885 1667 si
897 1641 930 1667 ad
942 1641 1014 1667 Rho-

218 1678 284 1704 dum
296 1679 416 1708 accessit,
430 1677 538 1704 videtur
549 1677 715 1704 miliiAsiam
727 1678 880 1713 reliquisse.
902 1677 931 1704 Id
942 1679 966 1704 si
978 1678 1012 1704 ita
1041 1697 1043 1712 ,

218 1721 271 1746 est,
295 1716 355 1742 istic
371 1715 421 1742 tibi
436 1723 532 1741 censeo
547 1715 782 1742 commorandum:
805 1715 848 1741 sin
859 1723 917 1742 eam
929 1714 1012 1741 semel

218 1753 299 1788 cepit,
313 1753 381 1779 mihi
393 1752 480 1784 crede,
493 1752 519 1765 '⁸¹‘
526 1761 579 1778 non
590 1753 650 1778 erit.
693 1752 732 1779 ld.
744 1751 830 1787 April.

272 1833 300 1853 V.
315 1832 394 1852 Alto.
413 1832 496 1853 Auctor
509 1832 536 1852 de
545 1831 655 1852 Trebouii
669 1835 739 1852 morte
754 1834 776 1852 et
793 1831 908 1858 provincia
925 1831 1012 1852 scribit.

218 1867 253 1887 De
266 1867 364 1887 Antonio
379 1867 483 1887 consulit.
512 1867 556 1887 Res
571 1866 669 1887 aCnseiu
681 1870 754 1891 gestas
763 1873 807 1886 non
817 1869 868 1886 ante
879 1869 963 1893 tempus
974 1873 1012 1893 pu-

220 1900 333 1921 blicandas
353 1908 402 1921 esse
416 1901 522 1922 ostendit.
551 1901 668 1922 orationes
683 1900 799 1921 Ciceronis
813 1900 901 1925 laudat,
917 1904 938 1920 et
947 1907 1012 1927 pecu-

219 1936 277 1956 niam
289 1935 506 1963 supplementumque
516 1935 622 1963 postulat.
644 1935 686 1955 Sed
698 1934 737 1955 linc
747 1935 818 1962 ipsum
830 1938 870 1959 est,
883 1935 938 1961 quod
950 1935 1012 1955 'run-

219 1970 308 1991 stnllum
320 1970 396 1990 mirum
405 1970 477 1994 babet,
489 1970 545 1996 quud
555 1969 632 1991 Cicero
643 1969 729 1996 quidem
740 1969 873 1997 Philipp.x.
881 1973 912 1990 ss.
920 1973 941 1990 et
947 1970 1012 1995 idem,

219 2005 239 2025 si
254 2008 330 2025 auctor
344 2005 382 2029 sit,
396 2004 446 2025 libr.
459 2008 474 2024 Ι.
487 2012 520 2031 ep.
533 2007 551 2025 ¹.
570 2005 660 2025 Brutum
672 2005 782 2025 abundare
791 2004 911 2032 praesidiis
921 2005 1011 2026 dixerit.

371 2050 547 2078 BRUTUS
576 2050 798 2078 CICERONI
826 2050 854 2077 S.

277 2090 300 2114 l.
321 2084 440 2114 Litteras
460 2093 518 2114 tuas
536 2087 615 2114 valde
630 2093 769 2123 exspecto,
795 2097 862 2123 quas
879 2088 1012 2123 scripsisti

219 2130 280 2161 post
294 2126 402 2152 nuntios
418 2130 567 2152 nostrarum
580 2134 678 2156 rerum,
694 2130 720 2152 et
730 2125 763 2151 de
776 2130 859 2152 morte
870 2125 1010 2152 Trebonii:

219 2171 272 2190 non
283 2163 354 2189 enim
367 2162 470 2193 dubito,
479 2163 545 2197 quin
558 2162 625 2189 mihi
637 2162 780 2189 consilium
793 2167 870 2189 tuum
881 2163 1010 2197 explices.

220 2200 333 2235 Indigno
344 2199 442 2226 scelere
454 2204 480 2226 et
490 2200 578 2226 civem
589 2200 721 2234 optimum
732 2200 888 2231 amisimus,
914 2205 939 2226 et
950 2208 1012 2234 pro-

219 2238 325 2263 vinciae
336 2238 506 2272 possessione
517 2237 590 2271 pulsi
601 2245 706 2268 sumus,
715 2246 796 2272 quam
808 2238 961 2272 recuperari
973 2236 1012 2263 fa—

219 2274 270 2300 cile
281 2279 330 2300 est.
371 2275 464 2309 Neque
483 2275 574 2300 minus
588 2279 665 2309 turpe
680 2279 725 2300 aut
739 2273 902 2310 flagitiosum
916 2275 974 2305 erit,
988 2275 1012 2300 si

219 2316 314 2346 potest,
332 2320 384 2338 non
395 2313 557 2346 recuperari.
588 2313 613 2338 2.
626 2312 758 2337 Antonius
769 2311 858 2337 adhuc
868 2316 908 2338 est
919 2311 1012 2338 nobis—
1040 2338 1041 2346 ἵ

219 2357 296 2374 cum:
314 2348 362 2374 sed
374 2348 480 2375 medius
495 2348 576 2374 fidius
588 2353 613 2374 et
623 2357 732 2375 moveor
743 2348 860 2374 bominis
871 2348 1008 2382 precibus,

219 2390 244 2411 et
260 2386 353 2417 timeo,
377 2394 409 2412 ne
425 2385 503 2412 illum
520 2385 673 2420 aliquorum
692 2385 765 2411 furor
780 2386 909 2420 excipiat:
931 2385 1010 2420 plane

219 2427 320 2449 aestuo.
361 2422 438 2455 Quod
449 2423 473 2449 si
484 2423 591 2453 scirem,
605 2422 671 2457 quid
683 2422 732 2448 tibi
744 2422 868 2457 placeret,
884 2423 942 2449 sine
957 2422 1011 2449 sol-

220 2458 359 2486 licitudine
371 2468 468 2486 essem.
499 2459 528 2486 Id
539 2460 612 2486 enim
626 2460 758 2494 optimum
769 2468 837 2490 esse,
850 2468 1010 2494 persuasum

220 2501 289 2522 esset
309 2497 386 2523 mihi.
427 2497 514 2529 Quare
529 2505 611 2532 quam
622 2497 740 2531 primum
754 2496 794 2522 fac
805 2505 847 2522 me
858 2497 1007 2527 certiorem,

219 2532 286 2566 quid
299 2533 347 2559 tibi
358 2533 470 2567 placeat.
500 2536 525 2560 3.
540 2534 650 2560 Cassius
662 2538 751 2559 noster
762 2533 877 2569 Syriam,
890 2533 1009 2569 legiones

220 2569 343 2604 Syriacas
358 2570 451 2602 habet,
474 2570 543 2597 ultro
558 2571 669 2606 quidem
686 2579 700 2596 a
711 2571 802 2596 Murco
813 2576 838 2596 et
851 2579 866 2596 a
876 2571 974 2597 Marcio
984 2575 1010 2597 et

219 2606 252 2631 ab
268 2607 387 2633 exercitu
404 2608 461 2641 ipso
476 2609 631 2647 arcessitus.
671 2608 728 2643 Ego
738 2608 836 2642 scripsi
847 2607 880 2634 ad
893 2608 1008 2634 Tertiam

219 2651 345 2674 sororem,
363 2649 387 2670 et
399 2649 519 2675 matrem,
533 2653 565 2671 ne
576 2646 652 2679 prius
663 2644 772 2682 ederent
783 2644 842 2675 hoc,
855 2644 928 2679 quod
938 2645 1009 2679 opti—

938 117 969 143 Τ.
1003 117 1277 144 CICERONIS

1064 197 1105 214 me
1125 197 1154 213 ac
1176 188 1331 214 felicissime
1354 189 1437 223 gessit
1451 189 1573 218 Fannius.
1595 197 1676 224 quam
1693 194 1770 215 tuum
1787 197 1851 216 oon-

1063 226 1154 251 nilium
1166 227 1363 259 cognovissent,
1373 226 1475 260 tibique
1488 227 1662 252 visuum—sset.
1686 227 1708 253 b.
1719 227 1781 260 Legi
1792 235 1851 253 οη-

1064 264 1148 288 tamon
1168 262 1236 288 duas
1255 267 1327 292 tuns,
1345 271 1458 297 «tuarum
1478 263 1558 289 alu-ra
1576 264 1632 289 Kal.
1654 265 1707 290 lan.
1725 273 1791 289 uxue
1806 272 1849 294 ης

1063 299 1143 325 ultera
1159 299 1191 325 ‹le
1209 300 1302 325 litu-rin
1320 300 1399 328 meis.
1422 309 1491 334 quiae
1507 300 1595 326 habita
1610 306 1649 326 eut
1664 301 1712 326 aba
1727 306 1751 326 te
1762 305 1852 326 contre

1063 337 1202 362 Calenum.
1240 338 1314 362 Num·
1327 337 1428 363 scilicet
1441 337 1488 362 boc
1499 343 1648 372 exspectas,
1661 338 1725 363 dum
1738 347 1782 363 cau
1795 337 1853 363 lau-

1063 374 1134 400 dem.
1167 374 1270 404 Nescio,
1285 375 1367 400 animi
1382 383 1414 400 an
1428 375 1528 408 ingenii
1541 376 1578 400 tui
1591 375 1674 400 maior
1686 376 1711 401 in
1726 374 1853 400 bislilwl-

1065 411 1097 437 lis
1114 411 1171 436 laus
1186 412 1362 437 contineatur.
1403 412 1456 437 lam
1467 411 1597 442 concedo,
1615 416 1643 438 ut
1655 412 1696 437 vel
1708 412 1853 446 Philippici

1066 453 1204 478 vocentur,
1227 448 1298 483 quod
1316 454 1342 474 ιιι
1357 448 1472 483 quadam
1485 448 1595 482 epistola
1609 449 1697 474 iocans
1709 449 1851 483 scripsisti.

1063 487 1088 511 ὅ.
1111 485 1219 512 Duabus
1235 486 1315 511 rebus
1326 494 1451 518 egemus,
1468 486 1569 515 Cicero,
1584 487 1695 520 pecunia
1707 491 1732 512 et
1743 486 1854 520 supple-

1065 527 1166 548 mento:
1198 531 1312 557 quarum
1332 523 1411 548 altera
1429 528 1514 557 potest
1525 523 1573 548 abs
1585 528 1609 548 tc
1620 522 1751 557 expediri,
1765 528 1793 549 ut
1804 522 1854 548 ali-

1063 569 1116 594 qua
1128 569 1188 594 pars
1201 560 1317 586 militum
1331 560 1409 586 istinc
1417 559 1854 589 mittaturnobis,velsecretocon-

1063 597 1125 623 silio
1141 597 1270 623 adversus
1284 598 1408 626 Pansam.
1426 597 1467 623 vel
1480 598 1581 623 actione
1593 606 1619 623 in
1631 602 1738 623 senatu:
1761 596 1852 626 altera,

1040 660 1041 667 ,
1063 643 1132 669 quae
1149 635 1235 669 magis
1252 640 1293 661 est
1308 635 1471 664 necessaria,
1489 643 1576 669 neque
1587 642 1645 660 mco
1655 634 1784 660 exercitui
1797 642 1854 659 mu-

1040 678 1042 700 1
1063 673 1115 704 gis,
1133 681 1213 706 quam
1230 671 1404 706 reliquorum.

1446 672 1499 697 lloc
1511 672 1596 708 magis
1607 671 1684 698 doleo
1695 672 1785 697 Asiam
1794 671 1818 682 '⁶
1829 676 1855 697 at

1065 710 1091 735 in
1104 710 1194 735 Asiam
1210 718 1306 735 censeo
1318 709 1545 744 persequendum.
1587 709 1660 735 Nihil
1673 709 1740 735 mibi
1753 707 1853 735 videris

1040 757 1043 782 ;
1065 746 1114 772 boc
1129 751 1246 782 tempore
1260 746 1356 773 melius
1367 751 1486 772 acturus.

1117 816 1155 837 Vl.
1185 816 1262 837 Cicero
1273 817 1388 843 respondet
1401 816 1467 836 lirutu
1478 816 1505 835 ιΙι·
1515 814 1666 842 nupplementu
1677 819 1696 834 et
1707 814 1800 841 pecunie
1810 813 1852 835 eol-

1063 851 1126 872 licitu
1135 867 1140 875 ,
1159 852 1186 872 de
1196 851 1269 872 Canii
1285 853 1349 872 rebu-
1361 851 1489 872 nutu-neti·
1497 866 1502 875 ,
1518 854 1539 870 et
1549 851 1576 870 de
1586 850 1627 870 filii
1638 850 1672 870 eui
1683 850 1794 870 leudibus.
1822 850 1855 870 De

1064 887 1130 907 Ιιιιίιιι
1146 887 1198 908 item
1216 893 1241 907 ee
1259 887 1286 908 tle
1302 890 1324 907 ι’.
1336 886 1445 913 epi-tutu
1459 890 1549 907 auctore
1562 886 1648 906 endem
1663 886 1691 906 ub
1705 891 1796 906 :nunu
1810 891 1843 905 ιω

1064 922 1154 948 bigitur.

1258 968 1425 994 CICERO
1456 966 1601 993 BRUTO
1630 966 1658 992 S.

1122 1007 1144 1031 l.
1167 1000 1250 1036 Quod
1266 1013 1343 1039 egere
1360 1010 1384 1030 te
1400 1004 1506 1030 duabus
1522 1003 1681 1030 necessariis
1696 1002 1777 1028 rebus
1788 1002 1856 1028 scri-

1064 1042 1120 1073 bis,
1142 1042 1330 1077 supplemento
1345 1047 1369 1068 ct
1381 1042 1508 1076 pecunia.
1525 1041 1636 1066 dislicile
1647 1040 1792 1066 consilium
1803 1043 1853 1065 est.

1064 1080 1120 1105 Non
1133 1081 1204 1105 enim
1217 1080 1283 1105 milii
1295 1084 1437 1105 occurrunt
1450 1078 1595 1107 facultates,
1604 1078 1705 1112 quibus
1717 1078 1786 1103 utite
1793 1085 1855 1111 pos·

1063 1125 1091 1143 se
1109 1116 1214 1142 videam
1231 1122 1334 1151 praeter
1346 1116 1414 1146 illas,
1431 1125 1498 1151 quas
1509 1120 1618 1141 senatus
1628 1115 1755 1141 decrevit.
1770 1119 1797 1139 ut
1808 1122 1856 1148 pe-

1063 1154 1157 1180 cunias
1177 1162 1191 1179 a
1212 1154 1368 1179 civitatibus
1389 1158 1496 1179 mutuas
1517 1160 1647 1178 sumeres.
1688 1152 1724 1177 De
1744 1150 1856 1185 supple-

1065 1196 1154 1217 mento
1174 1195 1262 1217 autem
1286 1199 1336 1217 non
1359 1190 1437 1217 video
1452 1189 1518 1225 quid
1535 1189 1591 1215 [ieri
1607 1189 1700 1224 possit.
1740 1188 1855 1214 Tantum

1041 1239 1042 1258 l
1064 1229 1137 1254 enim
1152 1228 1240 1258 abest,
1264 1233 1292 1254 ut
1304 1228 1387 1254 Pansa
1399 1227 1432 1253 de
1443 1227 1562 1253 exercitu
1574 1235 1623 1252 suo
1634 1230 1678 1252 aut
1689 1224 1794 1251 delectu
1806 1224 1855 1250 tibi

1041 1263 1042 1268 ¹
1065 1265 1169 1300 aliquid
1191 1265 1303 1296 tribuat,
1325 1269 1354 1291 ιιι
1371 1265 1451 1291 etiam
1467 1263 1577 1290 moleste
1593 1263 1671 1293 ferat,
1690 1267 1742 1289 tam
1758 1261 1856 1288 multos

1065 1302 1096 1329 ati
1110 1307 1133 1329 te
1146 1303 1183 1329 ire
1196 1302 1373 1329 voluntarios:
1395 1301 1530 1336 quomodo
1541 1300 1668 1336 equidem
1679 1299 1766 1330 credo,
1783 1298 1856 1334 quod

1065 1340 1107 1366 bis
1124 1340 1218 1370 rebus,
1239 1348 1308 1374 quae
1325 1339 1438 1366 initalia
1453 1340 1648 1368 decernuntur,
1667 1336 1755 1364 nullas
1765 1337 1857 1372 copias

1041 1401 1042 1404 ,
1064 1377 1146 1403 nimis
1162 1386 1272 1412 magnas
1284 1385 1343 1403 esse
1354 1377 1510 1403 arbitretur:
1532 1374 1667 1410 quomodo
1678 1379 1765 1400 autem
1778 1373 1856 1400 multi

1064 1415 1249 1449 suspicantur,
1272 1414 1344 1449 quod
1360 1422 1392 1440 ne
1409 1419 1433 1440 te
1448 1413 1560 1448 quidem
1576 1413 1658 1439 nimis
1674 1411 1781 1438 firmum
1797 1419 1856 1437 esse

1042 1460 1043 1466 ¹
1064 1452 1142 1478 velit:
1165 1451 1238 1487 quod
1250 1460 1300 1487 ego
1314 1460 1365 1478 uon
1377 1451 1510 1486 suspicor.
1540 1452 1565 1477 2.
1578 1449 1654 1482 Quod
1664 1449 1771 1480 scribis,
1786 1453 1812 1475 te
1823 1447 1857 1474 ad

1064 1489 1180 1515 Tertiam
1201 1498 1318 1515 sororem
1334 1489 1490 1523 scripsisse,
1507 1492 1537 1514 ut
1552 1496 1584 1513 ne
1599 1487 1676 1522 prius
1690 1486 1800 1512 ederent
1814 1493 1854 1515 ea.

1064 1535 1133 1561 quae
1153 1531 1228 1562 gesta
1243 1535 1257 1552 a
1271 1526 1363 1553 Cassio
1374 1530 1477 1557 essent,
1495 1533 1576 1560 quam
1588 1524 1656 1550 mibi
1672 1524 1762 1550 visum
1775 1527 1855 1552 esset,

1065 1563 1143 1590 video
1166 1569 1190 1590 te
1210 1564 1326 1590 veritum
1343 1571 1402 1589 esse
1417 1563 1458 1594 id,
1480 1562 1553 1597 quod
1573 1560 1722 1588 verendum
1738 1560 1803 1590 fuit,
1823 1567 1857 1586 ne

1064 1601 1148 1627 animi
1168 1601 1285 1635 partium
1298 1600 1432 1630 Caesaris,
1449 1599 1584 1635 quomodo
1595 1599 1675 1625 etiam
1686 1606 1758 1624 nunc
1769 1602 1857 1632 partes

1064 1638 1242 1673 appellantur,
1255 1637 1429 1664 vehementer
1438 1640 1680 1663 commoverentur.
1719 1634 1771 1661 Sed
1783 1639 1857 1660 ante-

1063 1684 1146 1710 quam
1161 1680 1220 1702 tuas
1232 1675 1332 1701 litteras
1343 1675 1507 1709 accepimuS,
1525 1673 1616 1700 audita
1630 1681 1671 1698 res
1683 1676 1746 1701 erat,
1759 1676 1785 1698 et
1796 1679 1857 1706 per-

1065 1712 1185 1748 vulgata:
1209 1713 1248 1738 tui
1261 1713 1341 1738 etiam
1353 1711 1485 1738 tabellarii
1496 1710 1529 1737 ad
1541 1709 1639 1736 multos
1646 1708 1856 1735 familiarestuos

1064 1749 1164 1776 litteras
1185 1749 1336 1776 attulerant.
1385 1748 1472 1780 Quare
1493 1755 1580 1782 neque
1600 1746 1794 1781 supprimenda
1815 1754 1856 1772 res

1063 1791 1131 1817 erat,
1154 1787 1312 1821 praesertim
1325 1794 1410 1820 quum
1427 1785 1455 1811 id
1471 1784 1528 1811 fieri
1539 1793 1591 1811 nou
1606 1788 1709 1818 posset,
1723 1791 1819 1818 neque.
1833 1784 1856 1809 si

1064 1829 1167 1859 posset,
1185 1832 1237 1850 non
1251 1822 1446 1858 divulgandam
1458 1822 1561 1857 potius,
1579 1829 1660 1856 quam
1670 1820 1856 1846 occultandam

1063 1866 1230 1896 putaremus.
1270 1862 1295 1886 3.
1317 1860 1352 1886 De
1364 1860 1491 1887 Cicerone
1505 1867 1578 1890 meo,
1592 1863 1617 1884 et
1628 1858 1651 1884 si
1663 1862 1766 1883 tantum
1777 1862 1817 1884 est
1828 1858 1856 1884 in

1064 1907 1103 1929 eo,
1117 1903 1248 1933 quantum
1259 1897 1366 1927 scribis,
1380 1901 1483 1923 tantum
1494 1895 1606 1926 scilicet,
1619 1899 1749 1930 quantum
1759 1894 1854 1923 debeo.

1063 1935 1181 1971 gaudeo:
1213 1939 1239 1961 et
1253 1935 1286 1964 si,
1304 1933 1376 1969 quod
1392 1943 1466 1960 amas
1477 1942 1549 1965 eum,
1563 1941 1594 1960 eo
1605 1932 1704 1959 maiora
1717 1931 1796 1958 facis:
1827 1931 1855 1958 id

1065 1974 1156 2008 ipsum
1167 1971 1363 1999 incredibiliter
1375 1971 1489 2007 gaudeo,
1503 1979 1517 1997 a
1528 1975 1553 1997 te
1563 1978 1626 1997 eum
1638 1968 1726 2004 diligi.

1116 2044 1167 2066 vn.
1182 2043 1259 2064 ARG.
1279 2043 1356 2064 Cicero
1370 2043 1397 2063 (Ie
1411 2046 1458 2063 tota
1472 2042 1527 2062 belli
1541 2041 1701 2063 constitutione
1711 2040 1762 2067 quid
1774 2040 1856 2061 sentiet

1063 2079 1193 2107 perscribit,
1213 2082 1235 2099 et
1249 2079 1339 2099 Brutum
1355 2078 1381 2098 nil
1394 2077 1498 2098 maiorem
1509 2076 1648 2098 severitatem
1663 2075 1758 2103 reipubl.
1777 2081 1856 2096 ternu

1064 2115 1155 2135 excitat.
1196 2113 1313 2135 Tunstalli
1339 2113 1366 2133 de
1387 2112 1497 2140 epistolae
1519 2115 1608 2133 auctore
1630 2110 1789 2132 dubitationem
1811 2110 1854 2130 iem

1063 2149 1182 2171 Schaniun
1193 2148 1305 2170 convellit.

1259 2197 1426 2226 CICERO
1455 2196 1603 2225 BRUTO
1632 2196 1661 2223 S.

1120 2239 1142 2263 l.
1173 2230 1253 2268 Quae
1279 2236 1379 2262 litterae
1404 2240 1449 2262 tuo
1469 2235 1577 2261 nomine
1597 2234 1720 2260 recitatae
1738 2232 1792 2258 sint
1812 2232 1851 2259 ld.

1062 2273 1148 2309 April.
1162 2274 1188 2300 in
1199 2278 1303 2304 senatu,
1316 2273 1465 2307 eodemque
1477 2277 1594 2307 tempore
1604 2270 1721 2300 Antonii,
1729 2269 1809 2295 credo
1820 2269 1853 2295 ad

1062 2316 1087 2338 te
1098 2311 1240 2346 scripsisse
1252 2316 1323 2337 tuos:
1346 2318 1461 2345 quorum
1473 2318 1522 2345 ego
1532 2309 1634 2335 nemini
1644 2306 1770 2334 concedo.
1801 2306 1853 2333 Sed

1062 2348 1130 2374 nihil
1143 2356 1251 2374 necesse
1262 2352 1317 2374 erat
1327 2347 1420 2373 eadem
1431 2355 1537 2373 omnes:
1559 2344 1628 2372 illud
1639 2352 1756 2373 necesse,
1765 2352 1808 2369 me
1819 2343 1852 2370 ad

1062 2390 1087 2412 te
1101 2385 1229 2416 scribere,
1246 2384 1312 2420 quid
1324 2385 1452 2411 sentirem
1463 2384 1496 2410 de
1508 2387 1559 2410 tota
1569 2381 1758 2408 constitutione
1769 2380 1852 2407 huius

1063 2422 1136 2453 belli,
1149 2427 1174 2448 et
1184 2430 1238 2457 quo
1249 2421 1350 2448 iudicio
1361 2429 1458 2451 essem,
1471 2427 1578 2455 quaque
1587 2418 1730 2445 sententia.
1750 2417 1853 2444 Volun-

1062 2465 1101 2486 tas
1116 2468 1188 2490 mea,
1203 2459 1296 2490 Brute,
1313 2458 1347 2485 de
1362 2466 1468 2484 summa
1483 2455 1621 2491 republica
1636 2463 1743 2489 semper
1757 2454 1851 2481 eadem

1038 2491 1040 2507 ³
1062 2495 1121 2528 fuit,
1144 2505 1213 2532 quae
1228 2500 1287 2523 tua:
1309 2495 1375 2522 ratio
1389 2494 1554 2530 quibusdam
1568 2493 1598 2519 in
1612 2492 1694 2518 rebus
1705 2492 1767 2525 (non
1778 2493 1851 2518 enim

1060 2533 1197 2568 omnibus)
1216 2532 1307 2568 paullo
1327 2531 1437 2559 fortasse
1460 2530 1653 2557 vehementior.
1701 2529 1759 2555 Scis
1781 2528 1851 2555 mihi

1060 2579 1166 2605 semper
1181 2569 1329 2605 placuisse,
1351 2578 1404 2595 non
1419 2576 1481 2603 rege
1497 2566 1598 2597 solum.
1620 2565 1668 2592 sed
1684 2574 1766 2602 regno
1781 2565 1851 2592 libe-

1060 2609 1112 2634 rari
1135 2606 1339 2641 rempublicam.
1392 2606 1432 2631 Tu
1452 2605 1553 2635 lenius,
1576 2602 1721 2630 immortali
1740 2603 1850 2629 omnino

1036 2638 1039 2665 ff
1059 2653 1122 2672 cum
1138 2649 1181 2671 tua
1194 2643 1286 2671 laude:
1308 2642 1357 2669 sed
1367 2642 1434 2677 quid
1445 2641 1543 2668 melius
1555 2640 1647 2671 fuerit,
1666 2648 1764 2676 magno
1774 2639 1850 2666 dolo-
