1941 3052
678 161 718 186 lit.
755 160 788 185 M.

209 163 256 187 mxl

208 235 260 259 rint
272 233 419 267 pactiones:
435 232 481 266 qui
495 231 544 257 boc
555 231 633 256 ctiam
646 238 674 255 sc
685 229 770 263 pluris
781 237 849 257 esse.
858 237 939 264 qunm
951 228 1005 254 col-

210 270 305 303 legam.
321 274 402 304 putet,
416 269 487 303 quod
501 268 544 293 ill·-
559 277 604 292 νος
622 267 727 292 tristitia
746 267 876 301 vultuque
892 267 1005 300 decepe-

209 309 251 336 rit.
266 308 322 341 ipse
336 315 482 340 numquam
495 315 522 329 se
536 306 634 333 minus.
648 312 729 338 (fluum
740 308 804 333 erut.
818 312 933 337 nequam
946 311 1005 329 esse

208 344 351 370 simularit.
389 344 448 369 l'iso
459 347 546 367 autem
559 342 610 367 ulio
620 341 736 376 quodam
749 341 827 367 modo
838 340 967 375 gloriatur
977 349 1005 366 se

210 382 283 407 brevi
297 387 412 414 temporo
425 379 580 413 perfecisse.
600 388 631 404 ne
648 379 677 404 (3.
691 378 824 404 Gabinius
838 387 907 404 unus
919 378 1005 404 omni·
1027 383 1028 388 ¹

211 427 254 444 um
268 418 451 452 nequissimus
462 417 670 442 existimaretur.

266 456 306 481 vt.
336 457 374 480 ⁴3.
397 454 448 479 llos
466 462 512 479 vos
527 453 560 479 de
577 453 736 487 provinciis,
753 453 776 479 si
793 461 844 478 non
862 451 1006 487 aliquando

208 492 356 519 deducendi
373 495 474 520 essent.
496 490 667 525 deripiendos
684 499 735 516 non
752 490 898 524 putaretis?
918 494 943 516 et
959 490 1005 516 bas

208 530 330 564 duplic-cs
347 533 434 563 pestes
446 529 592 558 sociorum.
606 527 721 554 militum
733 527 835 557 clades.
850 527 1006 562 publicano·
1027 534 1035 554 ‘l

209 576 267 593 rum
289 567 393 596 ruinas.
412 566 608 600 provinciarum
627 566 776 595 vastitates,
793 565 898 599 imperii
916 573 1007 590 macu-

210 605 246 630 las
258 603 401 630 teneretis?
421 603 453 629 At
465 603 544 628 iidem
558 612 604 628 vos
615 611 684 628 anno
694 603 831 637 superiore
839 602 886 628 hos
897 601 1005 628 eosdem

209 641 384 672 revocabatis.
407 649 492 675 quum
514 641 540 666 in
565 640 715 674 provincias
737 641 788 666 iam
810 640 1004 674 pervenissent.

207 681 265 711 Quo
276 683 394 713 tempore
408 678 430 704 si
443 678 557 704 liberum
566 682 684 703 vestrum
697 677 827 703 iudicium
841 677 944 707 suisset,
958 685 1006 703 nec

1034 565 1036 631 l

824 159 853 185 T.
889 159 1164 185 CICERONIS
1198 159 1383 186 ona'rto

1025 234 1035 292 ι.

1056 234 1081 255 et
1096 237 1141 255 eos
1151 238 1232 264 quum
1245 230 1362 264 primum
1375 230 1522 260 videamus.
1535 240 1604 266 quos
1614 232 1703 257 animo
1713 239 1799 266 aequo
1810 233 1850 258 vi·

1056 267 1118 292 dere
1135 275 1185 292 non
1203 276 1356 301 [mssumun.
1397 268 1462 294 vttt.
1484 268 1536 294 Sed
1554 269 1619 295 mim
1635 269 1747 295 cra-dite:
1771 278 1850 296 num-

1056 312 1137 338 quam
1150 304 1306 330 succedetur
1318 304 1380 333 illis.
1390 306 1531 340 niniqunm
1541 314 1571 331 ea
1584 306 1640 339 lege
1651 306 1849 341 admotumque

1058 341 1183 367 intercedi
1200 341 1232 367 dc
1249 342 1393 376 provisu-ii»
1409 350 1460 368 non
1478 342 1577 369 licebit.
1618 344 1707 378 ltaque
1724 344 1773 369 boc
1784 348 1851 370 tem-

1058 387 1120 412 pore
1131 379 1323 405 amisso-'mnus
1333 383 1373 404 est
1381 380 1482 414 integer
1492 379 1568 406 vobis
1574 381 1784 415 exspectandus:
1797 389 1852 415 quo

1057 416 1207 446 interiecto.
1223 417 1324 442 civium
1339 416 1489 447 calamitas.
1502 417 1634 444 sociorum
1646 427 1781 447 aerumna.
1794 426 1851 444 sce-

1059 453 1278 479 leratissimorum
1291 454 1430 479 bominum
1443 454 1590 488 impunitas
1601 460 1770 489 propagatur.

1115 492 1154 516 ⁴8.
1177 490 1253 522 Quod
1268 491 1291 516 si
1307 496 1395 517 essent
1407 491 1446 517 illi
1457 492 1550 526 optimi
1563 492 1622 521 viri.
1635 497 1721 518 tamen
1733 501 1783 526 ego
1793 501 1851 519 mea

1057 529 1187 554 sententia
1204 528 1233 554 C.
1251 528 1355 554 Caesari
1371 528 1569 555 succedendum
1585 529 1703 555 nondum
1720 526 1850 564 putarem.

1057 566 1114 596 Qua
1125 565 1158 591 de.
1169 574 1196 591 re
1207 565 1304 594 dicam.
1319 571 1405 600 patres
1415 567 1567 600 conscripti.
1581 566 1652 600 quod
1665 567 1758 596 sentio.
1771 571 1852 601 atque

1059 603 1130 628 illam
1150 602 1388 637 interpellationem
1401 604 1452 630 mei
1469 603 1686 633 familiarissimi.
1699 612 1751 638 qua
1763 604 1853 638 paullo

1027 655 1035 681 Ιχ
1057 645 1116 666 ante
1128 640 1274 674 interrupta
1285 641 1413 667 estoratio
1424 649 1490 671 mea.
1500 649 1550 667 non
1559 642 1753 675 pertimescam.
1769 641 1853 676 Negat

208 717 284 742 toties
299 716 380 742 dilata
397 724 451 746 res.
471 724 518 741 nec
533 715 565 741 nd
576 719 727 741 extremum
738 723 752 740 e
764 715 889 740 manibus
901 718 1003 748 eropum
1026 706 1029 745 l

208 754 407 784 restituissetis.
425 753 452 779 id
467 752 539 787 quod
554 752 719 787 cupiebatis.
737 757 852 778 vestram
865 752 1006 778 auctorita-

207 796 270 822 tem.
290 792 336 821 iis.
355 799 402 825 per
417 799 486 825 quos
501 794 556 816 erat
571 790 683 819 amissa.
702 790 831 816 revocatis
848 789 926 815 ethis
939 790 1006 824 ipsis
1033 805 1035 818 1

209 829 334 863 praemiis
349 828 471 858 extortis.
489 836 558 862 quae
573 831 648 853 erant
662 836 710 862 pro
725 827 825 853 scelere
840 831 919 862 atque
929 835 1006 853 ever-

207 867 283 892 sione
298 865 398 900 patriae
413 865 562 891 consecuti:
587 866 627 891 Ηι.
647 873 700 899 qua
716 873 730 890 e
741 873 824 898 poena
836 865 858 890 si
871 869 928 890 tum
939 864 1005 890 elio—

209 912 268 929 rum
280 903 387 937 opibus.
402 911 453 929 non
465 903 531 933 suis.
541 902 712 928 invitissimis
725 902 810 932 vobis.
823 901 971 932 evolarunt,
980 906 1005 927 at
1026 920 1027 925 .

207 940 286 968 aliam
299 939 384 966 multo
395 940 521 966 maiorem
533 940 736 975 gravioremque
748 939 901 965 subierunt.
931 938 1004 971 Quae
1026 947 1027 955 ¹

207 978 279 1004 enim
301 977 416 1008 bomini.
434 978 461 1004 in
476 985 530 1012 quo
548 977 647 1011 aliquis
663 977 686 1003 si
703 986 754 1003 non
772 976 856 1003 famae
872 976 966 1011 pudor.
980 980 1005 1002 at

207 1015 334 1050 supplicii
347 1015 478 1044 timorest.
487 1015 682 1049 graviorpoena
695 1014 813 1040 accidere
820 1015 1003 1049 potuit‚quam

209 1061 259 1079 non
275 1052 346 1078 credi
364 1052 458 1078 litteris
474 1052 529 1082 bis,
547 1060 615 1087 quae
630 1060 685 1077 rem
703 1052 770 1078 bene
781 1056 883 1087 gestam
897 1051 922 1077 in
936 1050 1006 1077 bello

208 1088 379 1116 nuntiarent‘?
399 1089 451 1116 Hoc
462 1089 555 1116 statuit
568 1093 692 1119 senatus,
704 1098 789 1124 quum
802 1089 927 1123 frequens
939 1097 1006 1123 sup-

207 1127 377 1162 plicationem
389 1127 505 1153 Gabinio
515 1126 671 1162 denegavit:
693 1127 822 1161 primum.
831 1126 934 1152 bomini
947 1134 1003 1151 sce-

209 1164 322 1195 leribus.
345 1163 452 1200 flagitiis
467 1164 724 1190 contaminatissimo
739 1163 806 1190 nibil
822 1172 881 1189 esse
894 1163 1005 1189 creden—

206 1201 286 1234 dum3
308 1202 405 1228 deinde
421 1210 434 1227 a
450 1201 582 1236 proditore
597 1206 677 1236 atque
687 1210 730 1232 eo.
744 1210 825 1236 quem
838 1205 1004 1235 praesentem

208 1239 310 1266 bostem
327 1239 489 1274 reipublicae
504 1244 658 1274 cognosset.
677 1239 744 1265 bene
760 1248 814 1265 rem
826 1239 882 1274 geri
894 1247 945 1264 nou
958 1246 1005 1272 po-

207 1278 305 1304 tuisse:
329 1281 463 1311 postremo
483 1285 516 1302 ne
536 1276 600 1303 deos
619 1276 730 1311 quidem
752 1275 915 1302 immortales
936 1275 1004 1301 velle
1026 1297 1027 1303 .

206 1315 303 1349 aperiri
315 1322 363 1340 sua
376 1313 473 1348 templa
486 1318 511 1339 et
522 1314 575 1340 sibi
586 1312 733 1348 supplicari
746 1313 863 1340 bominis
874 1313 1004 1347 impuris-

206 1352 268 1378 simi
289 1356 315 1377 et
335 1351 535 1377 sceleratissimi
552 1352 668 1377 nomine.
709 1351 800 1386 ltaque
818 1350 862 1377 ille
878 1350 943 1376 alter
959 1354 1005 1376 aut

205 1389 263 1423 ipse
274 1393 314 1415 est
324 1388 404 1415 bomo
414 1388 509 1414 doctus
524 1393 549 1415 et
560 1397 574 1414 a
585 1389 643 1414 suis
655 1388 764 1414 Graecis
775 1387 904 1414 subtilius
914 1387 1006 1413 erudi-

206 1430 262 1457 tus.
279 1426 444 1461 quibuscum
460 1426 513 1452 iam
530 1426 556 1452 in
573 1430 677 1453 exostra
693 1425 839 1456 helluatur.
857 1429 933 1451 antea
944 1429 1005 1460 post

205 1464 336 1498 siparium
348 1463 457 1494 solebat,
466 1467 512 1489 aut
522 1463 622 1490 amieos
633 1463 914 1497 habetprudentiores,
922 1471 1003 1498 quam

205 1501 348 1531 Gabinius,
361 1501 439 1526 cuius
451 1500 540 1526 nullae
554 1500 654 1528 litterae
666 1500 846 1535 perferuntur.

262 1539 315 1565 Vll.
349 1539 387 1564 ⁴5.
418 1538 503 1565 Hosce
527 1538 610 1573 igitur
630 1539 803 1573 imperatores
824 1537 1005 1564 habebimus?

204 1584 320 1610 quorum
332 1575 398 1601 alter
410 1584 462 1602 non
473 1575 553 1602 audet
564 1584 612 1602 nos
623 1576 748 1602 certiores
761 1575 860 1607 facere,
873 1583 906 1601 ne
917 1575 1004 1609 impe-

205 1617 275 1640 rator
290 1612 453 1648 appelletur:
476 1612 604 1644 alterum,
622 1613 643 1639 si
657 1612 787 1639 tabellarii
799 1621 851 1639 non
863 1613 1001 1643 cessarint.

207 1658 315 1677 necesse
335 1655 376 1676 est
387 1651 480 1685 paucis
499 1650 596 1676 diebus
618 1651 751 1685 poeniteat
770 1650 878 1676 audere.

206 1688 285 1714 amici
300 1688 324 1713 si
340 1688 388 1722 qui
403 1691 480 1718 sunt.
493 1692 539 1714 aut
553 1688 577 1714 si
588 1687 693 1714 belluae
705 1692 757 1714 tam
769 1688 881 1714 immani
894 1691 1003 1722 tamque

206 1729 302 1751 taetrae
314 1729 428 1759 possunt
439 1724 487 1751 ulli
500 1733 559 1751 esse
570 1725 658 1756 amici,
672 1725 721 1751 hac
731 1724 910 1752 consolatione
921 1729 1004 1750 utun-

205 1767 262 1792 tur.
279 1762 359 1788 etiam
380 1762 410 1788 T.
427 1762 540 1788 Albucio
554 1761 779 1797 supplicationem
795 1762 868 1789 hunc
881 1761 1002 1788 ordinem

205 1799 362 1834 denegasse.
403 1799 480 1831 Quod
495 1804 535 1825 est
555 1800 674 1834 primum
692 1799 839 1826 dissimile:
861 1807 954 1825 —res
975 1799 1002 1825 in

206 1836 328 1863 Sardinia
352 1844 414 1863 cum
435 1837 604 1863 mastrucatis
627 1836 785 1863 latrunculis
805 1845 819 1863 a
835 1840 1003 1872 propraetore

206 1882 259 1900 una
273 1874 380 1900 cohorte
395 1873 533 1900 auxiliaria
549 1878 636 1910 gesta,
654 1878 679 1900 et
690 1874 791 1900 bellum
801 1883 864 1900 cum
876 1874 1002 1900 maximis

205 1911 297 1947 Syriae
307 1911 444 1947 gentibus,
457 1912 578 1947 tyrannis
600 1911 734 1938 consulari
745 1912 864 1938 exercitu
875 1911 1004 1946 imperio-

205 1957 258 1984 que
273 1948 433 1975 confectum.
474 1948 574 1975 Deinde
590 1948 729 1979 Albucius.
742 1949 814 1984 quod
825 1958 839 1975 a
850 1954 944 1975 senatu
955 1957 1004 1983 pe-

206 1986 286 2016 tebat,
299 1986 358 2020 ipse
368 1985 421 2012 sibi
432 1986 459 2012 in
471 1985 594 2012 Sardinia
606 1991 665 2012 ante
676 1986 837 2012 decreverat.
860 1986 1004 2013 Constabat

205 2023 277 2050 enim
299 2023 429 2049 Graecum
451 2023 586 2050 bominem
602 2031 632 2050 ac
649 2023 734 2050 levem
751 2024 777 2050 in
793 2024 852 2058 ipsa
867 2024 1003 2058 provincia

206 2061 285 2096 quasi
296 2061 487 2095 triumphasse.
522 2061 613 2095 ltaque
625 2061 692 2087 hanc
703 2061 761 2087 eius
773 2062 947 2088 temeritatem
960 2070 1004 2088 se-

206 2102 284 2124 natus
296 2097 492 2133 supplicatione
501 2097 631 2134 denegata
643 2099 752 2125 notavit.
781 2100 821 2125 ⁴6.
836 2099 888 2125 Sed
901 2098 1003 2125 fruatur

206 2143 270 2162 sane
292 2134 343 2162 hoc
362 2135 469 2166 solatio,
486 2139 565 2170 atque
582 2136 650 2162 hanc
664 2136 798 2171 insignem
815 2137 1000 2172 ignominiam,

205 2173 333 2208 quoniam
345 2173 501 2207 unipraeter
512 2181 539 2199 se
551 2173 640 2200 inusta
651 2177 699 2204 est,
708 2178 784 2208 putet
793 2173 1000 2200 esseleviorem:

205 2210 366 2240 dummodo.
383 2210 462 2236 cuius
473 2210 597 2244 exemplo
608 2219 637 2236 se
647 2210 812 2242 consolatur.
829 2211 888 2237 eius
900 2212 1003 2238 exitum

206 2251 355 2282 exspectet:
378 2248 533 2282 praesertim
545 2256 631 2282 quum
642 2248 669 2274 in
676 2247 789 2274 Albucio
800 2257 848 2275 nec
854 2249 959 2275 Pisonis
971 2248 1004 2275 li—

207 2284 313 2311 bidines
335 2292 384 2311 nec
403 2285 513 2311 audacia
534 2285 643 2312 Gabinii
664 2284 758 2318 suerit,
781 2285 830 2312 hac
845 2290 934 2313 tamen
950 2295 1003 2313 una

207 2321 284 2358 plaga
295 2322 448 2352 conciderit,
461 2323 609 2358 ignominia
620 2328 740 2349 senatus.

261 2360 302 2385 Π.
324 2359 406 2394 Atqui
426 2360 493 2386 duas
514 2359 615 2386 Gallias
638 2360 686 2394 qui
706 2360 825 2386 decernit
843 2359 1003 2387 consulibus

206 2396 321 2426 duobus.
336 2397 383 2423 hos
395 2398 491 2423 retinet
501 2397 592 2424 ambo:
608 2398 656 2432 qui
667 2402 756 2423 autem
767 2397 877 2424 alteram
889 2397 1003 2424 Galliam

207 2438 232 2458 et
243 2438 288 2460 aut
298 2433 403 2469 Syriam
415 2439 461 2461 aut
471 2434 667 2467 Macedoniam.
684 2439 771 2461 tamen
783 2434 896 2461 alterum
908 2436 1004 2462 retinet

207 2474 232 2495 et
255 2471 283 2497 in
303 2472 446 2506 utriusque
471 2473 528 2507 pari
548 2472 648 2498 scelere
668 2472 803 2506 disparem
823 2472 1002 2499 conditionem

209 2505 279 2532 facit.
320 2508 438 2540 Faciam,
456 2510 557 2544 inquit.
575 2509 635 2536 illas
651 2509 809 2544 praetorias,
827 2514 856 2535 ut
871 2510 962 2536 Pisoni
977 2515 1003 2536 et

208 2543 323 2570 Gabinio
333 2546 490 2573 succedatur
500 2547 600 2573 statim.
641 2546 670 2573 Si
681 2546 725 2573 hic
735 2547 814 2572 sinat.
850 2547 919 2573 Tum
930 2547 1002 2573 enim

210 2578 355 2617 [tribunus]
363 2583 524 2610 intercedere
532 2584 640 2618 poterit3
657 2588 888 2618 nuncnonpotest.
911 2585 1002 2619 Itaque

208 2625 258 2653 ego
269 2617 348 2649 idem,
356 2620 404 2653 qui
415 2628 486 2646 nunc
497 2620 654 2647 consulibus
666 2620 903 2656 iis,quidesignati
914 2627 1000 2652 erunt,

209 2654 314 2689 Syriam
337 2656 572 2692 Macedoniamque
591 2658 717 2688 decerno,
737 2657 879 2684 decernam
893 2658 1002 2684 easdem

209 2692 366 2726 praetorias.
380 2697 410 2719 ut
419 2698 444 2719 et
455 2699 587 2728 praetores
598 2703 700 2722 annuas
714 2695 865 2730 provincias
876 2695 999 2725 habeant,

918 1649 1003 1676 Cuius
1025 1669 1027 1674 .

1026 767 1028 777 v

1058 686 1099 703 me
1126 678 1166 703 vir
1190 679 1309 712 optimus
1334 678 1510 704 inimiciorem
1531 678 1647 704 Gabinio
1665 678 1763 704 debere
1782 686 1850 707 esse.

1056 724 1137 749 quam
1156 716 1273 741 Caesari:
1296 724 1402 741 omnem
1418 716 1490 741 enim
1506 715 1580 742 illam
1597 720 1795 750 tempestatem.
1808 717 1851 742 cui

1056 754 1193 782 cesserim.
1207 753 1317 779 Caesare
1331 752 1478 787 impulsore
1488 757 1568 787 atque
1578 752 1698 779 adiutore
1709 761 1768 779 esse
1779 753 1853 779 exci-

1058 794 1146 816 tatam.
1173 790 1222 816 Cui
1235 791 1257 816 si
1270 791 1388 824 primum
1400 790 1438 816 sic
1449 790 1633 825 respondeam.
1648 798 1690 816 me
1700 790 1852 817 communis

1058 827 1179 854 utilitatis
1192 828 1289 853 babere
1300 828 1438 858 rationem,
1453 836 1504 854 non
1515 827 1615 854 doloris
1626 828 1692 854 mei:
1715 828 1852 862 possimne

1033 873 1035 904 ζ
1057 865 1176 899 probare.
1190 873 1275 899 quum
1288 865 1314 891 id
1327 874 1368 891 me
1381 865 1465 891 fucere
1476 865 1652 900 dicam.quod
1665 864 1789 900 exemplo
1800 864 1853 891 [or-

1057 903 1222 928 tissimorum
1241 907 1267 928 et
1287 902 1495 929 clarissimorum
1517 903 1618 928 civium
1634 902 1718 929 facere
1733 901 1853 937 possim?

1057 940 1096 966 An
1118 939 1159 965 Ti.
1184 940 1321 966 Gracchus
1342 940 1453 974 (patrem
1470 939 1543 969 dico.
1555 940 1634 966 cuius
1647 940 1748 966 utinam
1760 939 1807 966 filii
1819 947 1853 965 ne

1056 977 1262 1011 degenerassent
1274 986 1288 1003 a
1298 978 1427 1013 gravitate
1439 982 1545 1012 paterna
1554 978 1571 1011 1)
1583 982 1680 1003 tantam
1694 976 1800 1003 taudem
1812 980 1852 1002 est

1056 1014 1182 1049 adeptus.
1199 1015 1271 1049 qiiod
1289 1015 1413 1041 tribunus
1425 1014 1512 1049 plebis
1522 1014 1596 1040 solus
1607 1023 1640 1040 ex
1651 1019 1704 1040 toto
1715 1014 1761 1040 illo
1770 1013 1853 1040 colle·

1055 1052 1099 1084 gio
1116 1052 1144 1078 L.
1159 1052 1276 1086 Scipioni
1289 1052 1390 1078 auxilio
1401 1051 1460 1079 fuit.
1475 1052 1680 1078 inimicissimus
1692 1056 1717 1078 et
1728 1052 1816 1086 ipsius
1827 1056 1853 1077 et

1058 1089 1145 1115 fratris
1157 1090 1215 1115 eius
1226 1089 1352 1120 Africani.
1368 1090 1519 1123 iuravitque.
1530 1089 1556 1115 in
1566 1090 1701 1117 concione.
1714 1097 1743 1115 se
1755 1090 1780 1115 in
1792 1098 1853 1123 gra-

1056 1127 1119 1152 tiam
1142 1135 1193 1153 non
1215 1126 1338 1157 rediisse.
1356 1126 1403 1152 sed
1419 1126 1536 1153 alienum
1553 1127 1606 1152 sibi
1623 1126 1708 1152 videri
1722 1126 1853 1161 dignitate

1056 1164 1175 1198 imperii.
1198 1172 1252 1199 quo
1273 1163 1355 1190 duces
1378 1168 1469 1190 essent
1483 1163 1601 1190 bostium
1621 1163 1746 1198 Scipione
1757 1164 1853 1189 trium-

1057 1201 1155 1236 pbante
1170 1201 1257 1231 ducti.
1275 1201 1366 1227 eodem
1384 1202 1474 1236 ipsum
1489 1201 1565 1230 duci.
1583 1202 1630 1235 qui
1643 1199 1854 1235 triumphasset?

1058 1240 1098 1264 ⁴9.
1113 1238 1180 1270 Quis
1189 1238 1291 1273 plenior
1302 1237 1530 1265 inimicoruml'uit
1541 1238 1676 1264 C.Mario‘?
1689 1238 1718 1264 L.
1727 1238 1849 1265 Crassus.

1057 1276 1092 1302 M.
1114 1275 1245 1305 Scaurus,
1261 1274 1486 1312 [aliineinimicw]
1517 1284 1611 1302 omnes
1630 1275 1739 1302 Metelli.
1779 1276 1813 1302 At
1824 1276 1851 1301 hi

1057 1322 1108 1340 non
1129 1313 1208 1340 modo
1228 1313 1307 1339 illum
1328 1313 1469 1340 inimicum
1485 1321 1519 1339 ex
1534 1312 1619 1340 Gallia
1635 1313 1778 1339 sententiis
1793 1313 1852 1339 suis

1057 1359 1107 1377 non
1124 1350 1310 1381 detrahebant.
1326 1350 1372 1377 sed
1384 1355 1409 1376 et
1424 1355 1531 1385 propter
1541 1351 1668 1377 rationem
1680 1350 1775 1377 Gallici
1788 1349 1852 1376 belli

1057 1389 1221 1422 provinciam
1243 1392 1316 1414 extra
1337 1387 1458 1414 ordinem
1478 1388 1663 1414 decernebant.
1704 1387 1807 1414 Bellum
1824 1388 1852 1413 in

1033 1431 1034 1436 ¹
1057 1425 1142 1452 Gallia
1158 1426 1307 1452 maximum
1321 1430 1428 1461 gestum
1440 1430 1493 1452 est:
1515 1425 1631 1451 domitae
1642 1430 1706 1451 sunt
1715 1434 1729 1451 a
1741 1425 1851 1451 Caesare

1057 1463 1188 1489 maximae
1200 1463 1329 1493 nationes.
1343 1463 1391 1489 sed
1402 1462 1522 1489 nondum
1534 1462 1650 1498 legibus.
1663 1462 1782 1489 nondum
1794 1462 1852 1488 iurc

1025 1525 1027 1530 ,
1055 1505 1134 1531 certo.
1148 1500 1267 1527 nondum
1279 1501 1343 1527 satis
1355 1500 1429 1526 firma
1437 1500 1654 1535 pacedevinctae.
1674 1499 1778 1526 Bellum
1789 1499 1853 1525 aff&

1055 1542 1128 1564 ctum
1140 1537 1265 1564 videmus
1276 1542 1310 1567 et.
1319 1546 1381 1564 vere
1392 1537 1522 1565 utdicam.
1532 1545 1615 1572 paene
1625 1536 1791 1564 confectum:
1804 1536 1853 1563 sed

1055 1576 1091 1601 ita
1102 1579 1140 1606 ut,
1153 1576 1177 1601 si
1188 1575 1258 1601 idem
1271 1580 1388 1602 extrema
1395 1575 1630 1610 persequitur.qui
1641 1574 1785 1604 inchoavit.
1798 1574 1851 1600 iam

1055 1613 1143 1639 omnia
1165 1612 1279 1647 perfecta
1300 1612 1454 1642 videamus,
1477 1613 1500 1638 si
1516 1612 1682 1642 succeditur.
1699 1610 1851 1647 periculum

1055 1650 1103 1679 sit.
1121 1658 1154 1675 ne
1166 1650 1324 1676 instauratas
1336 1650 1446 1676 maximi
1458 1649 1521 1675 belli
1534 1649 1662 1683 reliquias
1673 1657 1703 1675 ac
1714 1652 1851 1675 renovatas

1055 1686 1206 1713 audiamus.
1245 1687 1316 1723 Ergo
1333 1695 1382 1722 ego
1395 1691 1512 1713 senator.
1526 1686 1662 1716 inimicus,
1675 1686 1698 1712 si
1710 1686 1745 1712 ita
1757 1685 1849 1715 vultis.

1056 1724 1167 1753 homini.
1180 1725 1283 1750 amicus
1293 1732 1361 1754 esse.
1375 1724 1445 1750 sicut
1454 1731 1560 1758 semper
1571 1723 1619 1753 fui.
1631 1722 1794 1758 reipublicae
1804 1723 1852 1749 de-

1056 1762 1114 1788 beo.
1136 1763 1178 1788 20.
1191 1761 1279 1794 Quid?
1290 1761 1313 1788 si
1324 1761 1397 1796 ipsas
1408 1761 1562 1788 inimicitias
1573 1760 1677 1795 depono
1687 1760 1851 1794 reipublicae

1054 1807 1158 1829 caussa.
1171 1799 1234 1834 quis
1246 1807 1288 1825 me
1299 1799 1405 1825 tandem
1417 1799 1475 1825 iure
1487 1797 1680 1833 reprehendat?
1694 1797 1850 1832 praesertim

1054 1845 1140 1871 quum
1155 1844 1205 1872 ego
1219 1837 1340 1863 omnium
1357 1844 1477 1862 meorum
1493 1835 1667 1861 consiliorum
1678 1840 1758 1870 atque
1769 1834 1852 1861 facto-

1055 1883 1114 1900 rum
1131 1873 1253 1908 exempla
1269 1881 1376 1908 semper
1387 1881 1420 1899 ex
1434 1881 1604 1899 summorum
1619 1872 1759 1899 hominum
1775 1871 1851 1898 tactis

1055 1911 1121 1937 mibi
1141 1911 1292 1937 censuerim
1312 1910 1436 1945 petenda.
1476 1910 1522 1936 tx.
1546 1910 1587 1936 An
1607 1918 1669 1936 vero
1684 1917 1736 1936 non
1751 1909 1788 1935 M.
1806 1908 1851 1935 ille

1055 1948 1182 1983 Lepidus,
1195 1949 1243 1983 qui
1254 1949 1296 1974 bis
1308 1948 1401 1974 consul
1413 1952 1438 1974 et
1449 1946 1568 1982 pontifex
1579 1947 1714 1974 maximus
1727 1946 1786 1977 fuit.
1798 1955 1850 1973 non

1054 1985 1141 2012 solum
1158 1986 1301 2012 memoriae
1316 1985 1481 2016 testimonio.
1498 1984 1546 2011 sed
1559 1985 1638 2011 etiam
1653 1983 1790 2011 annalium
1807 1983 1852 2010 lit-

1055 2024 1118 2049 teris
1133 2027 1158 2049 et
1169 2024 1271 2049 summi
1283 2027 1374 2058 poetae
1385 2031 1449 2049 voce
1461 2022 1584 2048 laudatus
1595 2026 1644 2053 est,
1656 2021 1730 2057 quod
1739 2029 1802 2048 cum
1812 2021 1849 2047 M.

1055 2060 1151 2087 Fulvio
1165 2060 1266 2096 collega
1274 2081 1280 2091 .
1297 2068 1352 2096 quo
1363 2060 1406 2086 die
1416 2068 1510 2086 censor
1520 2064 1561 2085 est
1573 2058 1667 2089 factus,
1680 2059 1788 2085 bomine
1798 2059 1852 2085 ini-

1055 2098 1216 2129 micissimo.
1229 2098 1257 2124 in
1267 2106 1362 2132 eampo
1373 2098 1462 2124 statim
1473 2096 1552 2123 rediit
1562 2097 1590 2122 in
1600 2096 1726 2132 gratiam,
1737 2100 1768 2122 ut
1777 2103 1851 2122 com-

1055 2143 1138 2162 mune
1151 2135 1271 2162 officium
1285 2143 1414 2162 censurae
1428 2134 1565 2161 communi
1576 2134 1666 2160 animo
1675 2141 1705 2159 ac
1715 2132 1850 2160 voluntate

1054 2172 1246 2199 defenderent?
1278 2174 1320 2199 2⁴.
1340 2172 1440 2207 Atque,
1456 2175 1487 2198 ut
1501 2176 1603 2201 vetera.
1615 2179 1684 2206 quae
1693 2174 1757 2197 sunt
1768 2172 1850 2196 innu-

1054 2209 1202 2240 merabilia.
1220 2210 1337 2242 mittam;
1361 2213 1424 2236 tuus
1441 2213 1528 2244 pater.
1546 2207 1682 2243 Philippe.
1697 2215 1785 2234 nonne
1795 2215 1850 2233 uno

1055 2252 1173 2282 tempore
1196 2256 1259 2273 cum
1280 2248 1339 2273 suis
1360 2246 1556 2273 inimicissimis
1575 2246 1602 2272 in
1621 2245 1734 2281 gratiam
1753 2243 1850 2270 rediit?

1053 2285 1155 2320 quibus
1170 2293 1232 2311 eum
1248 2284 1375 2311 omnibus
1390 2283 1483 2310 eadem
1495 2282 1646 2318 respublica
1657 2281 1848 2309 reconciliavit.

1053 2331 1122 2357 qnae
1142 2322 1279 2348 alienarat.
1319 2323 1362 2348 22.
1384 2321 1467 2348 Multa
1486 2325 1635 2355 praetereo.
1657 2318 1729 2354 quod
1744 2319 1849 2345 intueor

1054 2368 1141 2386 coram
1163 2359 1227 2385 haec
1243 2359 1344 2385 lumina
1360 2363 1440 2393 atque
1455 2361 1608 2384 ornamenta
1623 2356 1800 2391 reipublicae.
1818 2356 1847 2382 P.

1054 2396 1200 2423 Servilium
1215 2401 1241 2423 et
1256 2397 1292 2423 M.
1309 2395 1464 2423 Lucullum.
1489 2395 1605 2429 (Utinam
1615 2394 1696 2420 etiam
1706 2393 1737 2420 L.
1749 2393 1849 2420 Lucul-

1054 2434 1098 2460 lus
1114 2434 1160 2460 ille
1175 2434 1303 2468 viveretl)
1331 2433 1404 2465 Quae
1419 2432 1527 2459 fuerunt
1541 2431 1697 2458 inimicitiae
1711 2431 1848 2467 graviores

1055 2472 1082 2498 in
1092 2472 1208 2503 eisdtate,
1221 2480 1303 2506 quam
1310 2470 1484 2497 Lucullorum
1490 2473 1570 2503 atque
1576 2467 1770 2494 Serviliorum?
1779 2475 1847 2503 quas

1053 2510 1081 2535 in
1092 2509 1159 2535 viris
1171 2508 1326 2535 fortissimis
1339 2516 1391 2534 non
1405 2507 1493 2533 solum
1503 2505 1632 2532 exstinxit
1643 2504 1794 2540 respublica
1805 2504 1848 2531 di·-

1053 2546 1197 2582 gnitasque
1206 2547 1337 2581 ipsorum,
1353 2544 1401 2571 sed
1410 2544 1490 2570 etiam
1501 2543 1534 2569 ad
1545 2543 1689 2569 amicitiam
1703 2546 1848 2569 eonsuetu-

1054 2584 1199 2618 dinemque
1210 2583 1336 2610 traduxit.
1367 2580 1456 2614 Quid?
1474 2579 1504 2612 Q.
1515 2579 1639 2606 Metellus
1650 2580 1746 2615 Nepos.
1759 2587 1847 2606 nonne

1053 2620 1146 2647 consul
1158 2621 1186 2647 in
1197 2620 1373 2655 templolovis
1383 2618 1478 2653 optimi
1489 2618 1609 2647 maximi.
1617 2621 1846 2652 permotusquum

1053 2658 1207 2684 auctoritate
1218 2662 1314 2688 vestra.
1323 2661 1379 2683 tum
1390 2655 1464 2682 illius
1471 2656 1499 2681 P.
1507 2654 1615 2681 Servilii
1624 2653 1775 2681 inca-edibili
1785 2661 1847 2689 gra-

1053 2695 1134 2721 vitate
1153 2694 1273 2725 dicendi,
1296 2694 1392 2721 absens
1411 2701 1518 2720 mecum
1532 2700 1640 2719 summo
1653 2700 1703 2718 suo
1716 2690 1846 2718 beneficio
