1941 3052
453 147 537 174 PRO
565 147 596 173 O.

571 172 584 180 s

72 227 235 255 quemquam
247 224 317 246 tanta
327 218 436 246 audacia
448 219 606 254 praeditum,
620 221 676 255 qui,
685 219 757 254 quod
770 228 865 245 nomen
886 219 889 243 t

73 257 169 284 referre
183 258 209 283 in
225 257 328 283 tabulas
343 258 445 288 timeat,
467 257 494 283 id
512 262 601 292 petere
619 257 732 283 audeat?
751 257 823 291 quod
839 257 865 282 in
887 281 888 294 ¹

72 294 190 321 codicem
210 295 341 321 iniuratus
360 294 457 320 referre
475 295 573 326 noluit,
595 295 622 320 id
641 295 727 320 iurare
745 295 772 320 in
793 294 865 320 litem
886 298 888 307 ⁴

73 341 124 359 non
143 331 264 358 dubitet?
287 331 360 366 quod
378 332 429 357 sibi
448 332 558 366 probare
577 341 628 358 non
643 332 740 366 possit,
760 331 787 357 id
807 340 867 366 per-

72 369 184 395 suadere
203 368 276 395 alteri
295 368 422 395 conetur?
460 370 491 395 11.
514 371 539 395 5.
562 369 681 395 Nimium
700 369 752 395 cito
770 369 806 394 ait
824 377 866 394 me

71 406 204 442 indignari
219 406 252 432 de
266 406 378 432 tabulis:
395 415 446 432 non
461 406 558 432 habere
571 415 600 432 se
615 406 664 432 hoc
678 414 772 432 nomen
785 406 810 431 in
823 414 867 431 eo—

71 443 130 470 dice
144 444 243 478 accepti
257 448 282 469 et
296 444 406 478 expensi
422 443 533 470 relatum
548 444 700 470 confitetur:
717 443 762 468 sed
778 444 804 468 in
820 442 866 468 ad-

71 481 197 508 versariis
215 485 304 515 patere
322 481 466 507 contendit.
507 481 597 516 Usque
615 489 680 507 eone
698 485 722 506 te
737 480 827 515 diligis
842 484 866 506 et

72 518 213 553 magnifiee
226 519 423 553 circumspicis,
444 522 473 544 ut
492 518 632 553 pecuniam
648 526 699 544 non
714 526 746 543 ex
761 518 813 543 tuis
829 522 866 542 ta-

74 555 155 587 bulis,
171 555 219 582 sed
233 564 266 582 ex
280 556 438 582 adversariis
452 555 545 590 petas?
558 555 643 581 Suum
658 555 775 581 codicem
790 555 865 579 testis

72 592 128 620 loco
143 593 250 619 recitare
264 594 426 629 arrogantiae
440 598 488 619 est.
511 592 626 618 Suarum
642 592 864 626 perscriptionum

71 634 97 656 et
120 630 260 657 liturarum
283 631 432 657 adversaria
456 629 573 664 proferre
596 638 647 655 non
671 629 786 655 amentia
809 628 866 654 est?

71 669 96 694 6.
113 667 190 700 Quod
204 668 227 694 si
241 668 362 694 eamdem
373 668 436 698 vim,
449 667 617 702 diligentiam
628 666 865 700 auctoritatemque

71 705 170 731 babent
184 705 346 736 adversaria⁷
367 713 448 739 quam
463 703 580 735 tabulae,
601 703 668 738 quid
686 703 778 729 attinet
792 703 866 729 codi-
885 723 886 728 ,

70 751 128 768 cem
150 742 307 769 instituere?
335 740 519 768 conscribere?
547 741 667 767 ordinem
691 739 866 766 conservare?

71 780 213 806 memoriae
224 779 324 806 tradere
336 779 482 805 litterarum
493 778 670 804 vetustatem?
684 777 736 804 Sed
748 777 780 808 si,
793 777 864 812 quod

71 816 230 843 adversariis
245 816 312 843 nihil
326 816 474 847 credimus,
495 815 593 842 idcirco
611 815 729 841 codicem
748 815 864 841 scribere

70 854 251 880 instituimus:
265 854 337 889 quod
347 854 426 879 etiam
438 853 508 888 apud
518 862 609 880 omnes
623 852 680 879 leve
691 857 716 879 et
726 852 863 878 infirmum

627 147 794 175 ROSCIO
822 147 1050 175 COMOEDO.
1082 147 1180 174 CAP.

895 639 896 645 ¹
918 629 1015 654 Romae
1029 633 1078 654 est.

70 895 118 923 est,
134 891 162 917 id
175 891 248 926 apud
261 891 378 917 iudicem
392 899 473 926 grave
488 895 512 916 et
525 895 648 916 sanctum
662 899 720 916 esse
734 889 865 916 ducetur?

69 929 96 955 7.
117 928 188 960 Quid
202 933 249 960 est,
266 928 338 964 quod
352 928 517 964 negligenter
531 928 680 954 scribamus
695 926 865 953 adversaria?
885 946 886 954 1

69 966 136 1001 quid
155 970 207 997 est,
228 966 300 1000 quod
318 965 460 1001 diligenter
477 965 650 992 conficiamus
669 964 792 991 tabulas?
811 973 864 1000 qua
885 980 887 998 g

69 1003 102 1030 de
112 1003 225 1030 caussa?
237 1003 304 1036 Quia
320 1003 383 1029 haec
396 1007 459 1029 sunt
472 1007 616 1033 menstrua,
629 1002 690 1028 illae
705 1007 768 1029 sunt
781 1006 864 1029 aeter-

71 1049 133 1067 nae:
155 1041 220 1067 haec
238 1041 361 1067 delentur
383 1041 485 1071 statim.
510 1040 572 1067 illae
594 1045 735 1067 servantur
758 1045 861 1066 sancte:

69 1078 134 1105 haec
148 1079 222 1113 parvi
237 1079 363 1113 temporis
377 1078 546 1110 memoriam,
566 1078 628 1104 illae
646 1082 788 1113 perpetuae
807 1078 864 1103 exi-

68 1116 230 1142 stimationis
249 1116 329 1142 fidem
347 1120 372 1142 et
389 1116 545 1151 religionem
565 1116 776 1150 amplectuntur:
799 1115 863 1141 baec

68 1158 132 1180 suut
146 1153 259 1185 deiecta,
278 1154 339 1180 illae
353 1154 380 1180 in
395 1154 514 1180 ordinem
529 1153 672 1180 confectae.
712 1154 803 1188 Itaque
818 1152 864 1178 ad-

69 1191 184 1217 versaria
204 1191 231 1217 in
251 1191 381 1217 iudicium
400 1191 512 1226 protulit
526 1199 617 1217 nemo:
639 1190 756 1217 codicem
772 1195 864 1224 protu-

70 1228 113 1260 lit,
134 1228 238 1255 tabulas
253 1229 381 1255 recitavit.
422 1229 464 1255 111.
486 1230 510 1254 8.
533 1229 585 1260 Tu,
603 1228 631 1255 C.
647 1228 721 1259 Piso,
739 1228 784 1254 tali
800 1227 860 1258 fide,

68 1266 180 1297 virtute=
200 1266 342 1302 gravitate,
363 1266 516 1292 auctoritate
534 1270 642 1292 ornatus
656 1274 690 1292 ex
703 1265 863 1292 adversariis

68 1304 209 1338 pecuniam
224 1307 312 1338 petere
327 1312 378 1330 non
393 1303 513 1330 auderes.
553 1303 618 1339 Ego,
635 1311 703 1338 quae
718 1303 786 1329 clara
800 1306 864 1329 sunt

68 1341 275 1373 consuetudine,
297 1341 400 1367 diutius
415 1341 502 1367 dicere
517 1349 568 1367 non
582 1341 680 1367 debeo:
702 1339 772 1366 illud
791 1348 860 1370 vero.

67 1378 140 1413 quod
155 1378 187 1404 ad
201 1387 257 1404 rern
272 1378 442 1405 vehementer
452 1379 574 1412 pertinet,
587 1386 698 1412 quaero:
714 1386 795 1412 quam
808 1377 864 1411 pri-

67 1416 128 1442 dem
143 1416 193 1442 hoc
207 1424 311 1447 nomen.
329 1416 420 1447 Fanni,
438 1416 465 1441 in
480 1415 629 1441 adversaria
644 1413 777 1441 retulisti?
795 1415 864 1440 Eru-

67 1453 165 1480 bescit:
180 1453 246 1488 quid
258 1453 424 1488 respondeat,
437 1453 535 1479 nescit:
548 1452 615 1487 quid
626 1452 707 1488 fingat
717 1451 860 1486 extemplo,

68 1499 119 1517 non
140 1491 228 1517 habet.
270 1490 338 1516 Sunt
355 1490 409 1516 duo
428 1499 533 1516 menses
552 1490 618 1521 iam,
639 1490 722 1516 dices.
763 1490 861 1515 Tamen

67 1529 94 1554 in
118 1528 236 1554 codicem
260 1532 397 1562 acceptum
420 1532 445 1553 et
467 1536 617 1562 expensum
640 1527 731 1553 referri
758 1526 860 1553 debuit.

67 1565 192 1600 Amplius
210 1570 273 1591 sunt
296 1574 343 1591 sex
365 1573 481 1590 menses.
523 1565 576 1591 Cur
599 1564 701 1590 tamdiu
724 1565 791 1590 iacet
815 1564 863 1589 boc

67 1611 162 1629 nomen
177 1603 203 1628 in
219 1601 397 1628 adversariis?
409 1601 480 1634 Quid
495 1602 517 1628 si
532 1602 638 1628 tandem
652 1601 769 1636 amplius
782 1601 864 1627 trien-

66 1641 141 1667 nium
157 1639 213 1667 est?
232 1639 378 1675 quomodo,
395 1648 480 1674 quum
495 1648 600 1671 omnes⁷
620 1639 667 1674 qui
682 1638 786 1665 tabulas
800 1647 863 1665 con—

66 1677 168 1709 ficiant⁷
190 1682 339 1704 menstruas
358 1685 441 1712 paene
459 1678 574 1703 rationes
588 1677 615 1703 in
631 1676 735 1703 tabulas
750 1675 863 1702 transfe-

66 1720 132 1747 rant,
149 1719 177 1742 tu
191 1715 241 1741 hoc
255 1723 349 1741 nomen
364 1714 508 1740 triennium
524 1714 640 1749 amplius
656 1714 684 1740 in
703 1713 862 1739 adversariis

65 1753 150 1779 iacere
164 1752 279 1788 pateris?
317 1754 341 1778 9.
364 1752 456 1778 Utrum
472 1756 556 1778 cetera
571 1752 678 1778 nomina
696 1752 724 1777 in
743 1751 861 1777 codicem

66 1791 165 1825 accepti
185 1795 210 1816 et
227 1790 339 1824 expensi
357 1789 460 1825 digesta
479 1789 575 1821 habes,
596 1798 629 1815 an
649 1788 719 1815 non‘?
745 1788 773 1815 Si
793 1798 859 1815 non:

65 1827 200 1863 quomodo
222 1827 325 1854 tabulas
348 1825 475 1853 conficis?
507 1827 530 1852 si
554 1827 647 1853 ctiam:
673 1827 858 1862 quamobrem,

65 1874 149 1901 quum
164 1869 248 1892 cetera
264 1865 369 1891 nomina
381 1865 408 1890 in
419 1864 539 1891 ordinem
550 1864 691 1896 referebas,
705 1865 754 1891 hoc
765 1873 861 1891 nomen

65 1903 179 1930 triennio
197 1902 327 1938 amplius,
348 1902 419 1937 quod
439 1907 493 1928 erat
511 1903 537 1928 in
556 1902 651 1937 primis
670 1911 812 1937 magnum,
833 1903 861 1928 in

65 1940 224 1967 adversariis
243 1939 433 1975 relinquebas?
457 1939 571 1966 Nolebas
594 1940 670 1971 seiri7
696 1940 792 1966 debere
812 1939 860 1966 tibi

63 1978 201 2005 Roscium.
235 1978 289 2004 Cur
302 1976 457 2003 scribebas?
476 1977 592 2012 Rogatus
607 1986 674 2008 eras,
691 1986 723 2003 ne
737 1977 859 2003 referres.

65 2015 118 2042 Cur
132 2016 159 2042 in
173 2015 333 2042 adversariis
347 2015 477 2049 scriptum
492 2014 628 2040 habebas?

121 2052 173 2079 Sed
187 2052 252 2078 haec
265 2060 430 2087 quamquam
447 2052 520 2078 firma
532 2060 590 2078 esse
602 2051 688 2082 video,
703 2055 790 2078 tamen
803 2051 860 2086 ipse

64 2090 132 2116 mibi
151 2089 301 2116 satisfacere
321 2098 372 2116 non
391 2098 515 2124 possum,
537 2089 589 2115 nisi
608 2098 621 2115 a
637 2089 666 2115 C.
682 2089 783 2115 Fannio
802 2090 861 2123 ipso

64 2127 246 2154 testimonium
265 2135 355 2158 sumo¹
382 2126 450 2152 hanc
472 2127 613 2161 pecuniam
635 2127 659 2152 ei
682 2135 734 2152 non
758 2126 859 2152 deberi.

64 2165 190 2201 Magnum
203 2168 250 2195 est,
263 2164 335 2199 quod
349 2172 442 2190 conor:
459 2163 568 2190 difficile
579 2168 627 2195 est,
639 2164 712 2199 quod
724 2163 859 2198 polliceor.

63 2202 122 2229 Nisi
137 2202 261 2229 eumdem
276 2206 301 2228 et
315 2201 497 2227 adversarium
516 2206 541 2227 et
560 2206 652 2227 testem
673 2201 795 2227 babuerit
810 2202 861 2227 Ro-

63 2240 149 2271 scius,
171 2239 231 2266 nolo
250 2240 347 2266 vincat.
388 2239 431 2265 IV.
455 2240 494 2265 40.
517 2239 631 2265 Pecunia
647 2239 695 2265 tibi
714 2238 860 2265 debebatur

63 2282 146 2309 certa,
167 2286 235 2312 quae
251 2286 321 2303 nunc
335 2276 434 2311 petitur
447 2285 494 2310 per
508 2276 638 2302 iudicem:
663 2277 690 2302 in
704 2285 756 2311 qua
773 2276 860 2311 legiti-

63 2323 122 2341 mae
136 2315 217 2349 partis
231 2315 341 2349 sponsio
357 2313 421 2340 faeta
438 2318 487 2339 est.
514 2314 561 2339 llic
576 2318 603 2339 tu
618 2313 641 2339 si
656 2313 773 2348 amplius
784 2313 857 2338 ll—S.

63 2360 174 2378 nummo
187 2352 286 2387 petisti,
303 2360 384 2386 quam
400 2351 447 2377 tibi
462 2351 583 2376 debitum
599 2355 646 2382 est,
662 2359 784 2377 caussam
800 2359 860 2385 per·
888 2372 890 2381 ,

62 2388 170 2416 didisti:
190 2394 328 2424 propterea
343 2388 415 2424 quod
429 2388 503 2414 aliud
517 2392 557 2414 cst
571 2388 713 2419 iudicium,
730 2387 803 2414 aliud
818 2397 859 2413 ar-

62 2426 184 2453 bitrium.
225 2427 356 2453 Iudicium
376 2430 415 2452 est
439 2426 568 2460 pecuniae
590 2430 688 2451 certae:
718 2425 857 2451 arbitrium

62 2463 186 2490 incertae.
227 2463 267 2490 Ad
282 2464 413 2490 iudicium
429 2463 478 2489 boe
493 2462 571 2489 modo
585 2463 718 2493 venimus,
735 2467 764 2488 ut
778 2467 857 2488 totam
879 2482 881 2495 ,

63 2500 136 2528 litem
155 2505 200 2528 aut
217 2501 386 2527 obtineamus
409 2505 455 2526 aut
473 2501 641 2526 amittamus:
666 2499 698 2525 ad
718 2499 856 2525 arbitrium
879 2498 881 2524 ι’

61 2537 112 2565 hoc
134 2539 223 2565 animo
246 2538 366 2570 adimus,
392 2542 422 2564 ut
445 2546 531 2573 neque
551 2537 617 2563 nihil
637 2545 724 2571 neque
743 2541 855 2567 tantum,

61 2580 192 2610 quantum
206 2575 412 2611 postulavimus,
429 2583 635 2609 consequamur.
677 2575 717 2600 Η.
740 2574 806 2599 Eius
821 2574 857 2600 rei

60 2612 118 2648 ipsa
137 2613 217 2639 verba
236 2612 366 2640 formulae
385 2613 537 2639 testimonio
560 2616 632 2638 sunt.
672 2610 743 2643 Quid
767 2615 807 2637 est
830 2611 856 2637 iu

60 2649 180 2677 iudicio?
192 2650 333 2682 directum,
350 2658 484 2685 asperum,
500 2649 631 2684 simplex:
648 2658 671 2674 s¹
687 2658 717 2674 1·.1
726 2657 779 2674 ner
792 2648 856 2674 ihs

60 2694 119 2715 1000
138 2696 206 2714 υΛ111
225 2696 387 2715 ornarent-2.
427 2687 488 2719 llic,
510 2687 562 2713 nisi
576 2686 687 2722 planum
703 2685 777 2718 fucit,
794 2685 856 2712 lt-s‘

1210 149 1218 174 1
1243 163 1279 167 -
1300 149 1323 174 6.
1662 152 1708 176 229

918 227 974 245 133.)
989 219 1021 245 ad
1037 219 1154 245 libellam
1169 219 1221 245 sihi
1236 219 1340 250 deberi,
1363 227 1484 245 caussam
1504 219 1599 254 perdit.
1639 220 1711 252 Quid

887 262 896 277 ’1
918 257 995 283 estin
1006 256 1133 283 arbitrio?
1147 257 1218 288 mite¹
1232 257 1412 283 moderatum:
1429 266 1463 286 ot·
1471 266 1565 283 ,1511111
1581 266 1711 287 ,1000105

919 303 1039 325 nntius,
1060 303 1088 319 11>
1107 303 1185 320 nani.
1226 294 1272 320 Ille
1292 299 1378 320 tamen
1393 294 1533 320 confitetur
1547 294 1608 328 plus
1622 304 1650 320 se
1665 304 1712 329 pe-

919 336 980 361 tere,
995 340 1075 366 quam
1085 331 1226 358 debeatur:
1243 331 1289 357 sed
1301 332 1364 357 satis
1378 340 1513 366 superque
1526 332 1622 357 babere
1636 332 1708 364 dicity

895 370 896 387 ³
918 368 990 402 quod
1004 369 1057 394 sibi
1071 369 1104 394 ab
1118 369 1216 394 arbitro
1231 369 1371 394 tribuatur.
1396 370 1434 395 12.
1451 369 1542 403 ltaque
1556 368 1621 395 alter
1634 378 1711 395 caus-

918 414 962 431 sae
989 406 1109 431 confidit:
1138 406 1203 431 alter
1227 406 1334 432 diffidit.
1376 405 1448 438 Quae
1471 415 1557 440 quum
1581 407 1616 432 ita
1643 407 1710 432 sint:

918 451 1016 476 quaero
1031 443 1077 469 abs
1092 448 1129 473 te,
1150 443 1217 477 quid
1232 444 1265 469 ita
1280 443 1312 469 de
1328 443 1375 469 hae
1389 444 1516 477 pecunia,
1536 443 1569 470 de
1587 443 1630 470 his
1644 444 1712 478 ipsis

918 480 982 505 H-S
998 488 1068 511 1033,
1089 480 1121 505 de
1136 484 1241 506 tuarum
1256 480 1407 508 tabularum
1423 480 1473 506 fide
1487 482 1712 516 compromissum

918 516 1025 548 feceris⁷
1051 517 1181 543 arbitrum
1205 518 1367 552 sumpseris,
1397 523 1527 552 quantum
1551 519 1664 553 aequius
1688 523 1714 545 et.

918 554 1016 580 melius
1030 555 1072 585 sit,
1087 554 1143 580 dari
1158 556 1348 588 repromistive,
1362 556 1385 581 si
1396 555 1516 590 pareret?
1529 555 1594 588 Quis
1607 556 1633 582 in
1645 556 1713 582 hane

919 600 973 617 rem
993 591 1044 617 fuit
1062 591 1178 617 arbiter?
1210 592 1315 618 Utinam
1334 593 1357 618 is
1376 592 1486 627 quidem
1504 593 1602 619 Romae
1626 594 1710 620 esset!

1119 629 1224 655 Utinam
1239 630 1343 656 adesset
1358 630 1384 655 in
1400 630 1512 656 iudicio!
1530 630 1620 656 Adest.
1657 631 1713 657 Uti-

918 675 979 691 nam
993 666 1097 691 sederet
1110 666 1137 691 in
1152 666 1263 692 consilio
1278 667 1306 692 C.
1323 667 1441 693 Pisonis!
1468 668 1527 701 Ipse
1541 668 1570 694 C.
1586 668 1646 694 Piso
1661 672 1710 694 est.

917 703 1084 729 Eumdemne
1100 708 1127 729 tu
1142 703 1271 729 arbitrum
1287 708 1311 730 et
1325 704 1440 730 iudicem
1457 705 1602 730 sumebas?
1624 705 1712 731 eidem

917 745 941 766 et
956 740 1087 766 infinitam
1103 740 1269 775 largitionem
1284 742 1436 767 remittebas
1450 746 1475 767 et
1489 742 1612 768 eumdem
1624 743 1650 769 in
1665 751 1712 768 an—

917 778 1103 813 gustissimam
1119 777 1260 804 formulam
1271 779 1425 812 sponsionis
1436 779 1632 805 concludebas?
1645 779 1711 811 Quis

917 824 1046 850 umquam
1061 815 1094 840 ad
1108 815 1246 846 arbitrum,
1259 820 1390 850 quantum
1404 817 1488 850 petiit,
1503 821 1604 842 tantum
1620 817 1712 843 abstu-

918 851 965 878 lit?
988 853 1080 878 Nemo.
1121 852 1255 884 Quantum
1270 854 1341 879 enim
1356 854 1468 888 aequius
1483 859 1553 880 esset
1572 854 1625 880 sibi
1643 854 1709 884 dari,

918 890 1002 924 petiit.
1044 890 1079 915 De
1093 898 1147 924 quo
1162 891 1268 916 nomine
1283 890 1315 916 ad
1330 890 1459 917 arbitrum
1474 890 1567 921 adisti,
1588 891 1621 917 de
1635 900 1665 917 eo
1679 891 1711 917 ad

916 927 1032 953 iudicem
1048 928 1155 953 venisti.
1198 929 1237 953 13.
1258 927 1342 954 Ceteri
1357 937 1441 963 quum
1457 928 1490 954 ad
1503 928 1619 954 iudicem
1634 937 1712 954 caus-

917 974 974 991 sam
994 964 1145 991 labefactari
1164 965 1393 997 animadvertunt,
1419 965 1451 992 ad
1470 966 1599 992 arbitrum
1618 965 1712 992 confu-

916 1003 1007 1038 giunt:
1033 1002 1077 1028 hic
1095 1003 1127 1028 ab
1146 1002 1244 1029 arbitro
1262 1003 1294 1028 ad
1312 1003 1429 1029 iudicem
1449 1003 1540 1029 venire
1558 1008 1598 1029 est
1617 1012 1709 1029 ausus.

917 1040 968 1072 Qui
987 1048 1073 1075 quum
1092 1040 1124 1066 de
1143 1040 1192 1066 hac
1210 1041 1337 1074 pecunia,
1358 1040 1390 1066 de
1410 1040 1560 1066 tabularum
1576 1040 1627 1066 fide
1641 1041 1711 1066 arbi-

917 1082 987 1104 trum
1002 1078 1135 1112 sumpsit,
1147 1077 1298 1109 ,iudicavit‚
1319 1078 1372 1104 sibi
1386 1079 1527 1112 pecuniam
1543 1087 1594 1104 non
1608 1078 1709 1104 deberi.

916 1116 970 1141 Iam
984 1115 1053 1141 duae
1066 1119 1154 1150 partes
1164 1124 1275 1141 caussae
1286 1120 1350 1141 sunt
1360 1115 1505 1142 confectae:
1522 1115 1711 1141 adnumerasse

916 1161 975 1179 sese
990 1157 1081 1188 negat:
1102 1161 1251 1187 expensum
1266 1152 1361 1179 tulisse
1375 1162 1426 1179 non
1441 1153 1518 1183 dicit,
1534 1162 1618 1187 quum
1634 1153 1711 1179 tabu-

917 1190 955 1216 las
970 1199 1020 1216 non
1035 1190 1135 1216 recitat.
1168 1190 1313 1225 Reliquum
1328 1195 1377 1221 est,
1393 1195 1423 1217 ut
1436 1190 1594 1225 stipulatum
1609 1200 1638 1216 se
1652 1199 1711 1216 esse

916 1227 995 1253 dicat.
1029 1228 1164 1254 Praeterea
1178 1228 1260 1259 enim,
1275 1228 1504 1262 quemadmodum
1519 1233 1616 1254 certam
1630 1236 1711 1262 pecu-

917 1265 987 1291 niam
1002 1269 1091 1300 petere
1109 1265 1208 1299 possit,
1229 1274 1281 1291 non
1300 1266 1411 1300 reperio.
1452 1266 1483 1293 V.
1500 1265 1650 1300 Stipulatus
1665 1264 1712 1291 es?

915 1302 982 1329 ubi?
1009 1311 1063 1337 quo
1077 1302 1139 1329 die?
1166 1311 1221 1337 quo
1235 1302 1371 1337 tempore?
1396 1311 1449 1338 quo
1465 1302 1621 1337 praesente?
1648 1304 1710 1337 quis

916 1340 1094 1374 spopondisse
1109 1349 1151 1366 me
1165 1339 1247 1366 dicit?
1273 1340 1366 1366 Nemo.
1409 1341 1448 1366 44.
1469 1341 1515 1366 llic
1530 1349 1578 1375 ego
1592 1341 1615 1366 si
1630 1340 1710 1366 finem

917 1377 1010 1403 faciam
1025 1377 1144 1408 dicendi,
1166 1378 1231 1403 satis
1246 1377 1308 1403 fidei
1322 1382 1347 1404 et
1364 1377 1519 1413 diligentiae
1538 1386 1623 1408 meae,
1645 1378 1710 1403 satis

916 1423 1026 1441 caussae
1040 1420 1065 1441 et
1079 1415 1282 1446 controversiae,
1298 1416 1363 1441 satis
1378 1414 1507 1441 formulae
1521 1420 1547 1441 et
1560 1415 1708 1449 sponsioni,

916 1453 980 1478 satis
999 1452 1079 1478 etiam
1094 1452 1177 1478 iudici
1192 1452 1287 1478 fecisse
1306 1452 1409 1483 videar,
1430 1461 1477 1478 cur
1495 1453 1644 1479 secundum
1660 1453 1711 1478 Ro—

916 1490 1002 1515 scium
1015 1489 1127 1515 iudicari
1137 1489 1240 1515 debeat.
1266 1490 1379 1516 Pecunia
1391 1490 1471 1524 petita
1483 1494 1522 1516 est
1533 1494 1611 1520 certa,
1624 1498 1709 1524 quum

917 1527 990 1553 tertia
1006 1531 1078 1561 parte
1093 1527 1202 1561 sponsio
1216 1526 1282 1553 facta
1297 1531 1346 1553 est.
1387 1528 1455 1553 llaec
1469 1528 1582 1562 pecunia
1602 1536 1710 1553 necesse

916 1568 956 1590 est
966 1569 1011 1590 aut
1021 1564 1089 1595 data,
1102 1569 1146 1590 aut
1157 1573 1273 1599 expensa
1286 1564 1344 1595 latav
1357 1569 1401 1590 aut
1412 1564 1537 1599 stipulata
1553 1565 1596 1590 sit.
1619 1565 1709 1590 Datam

917 1611 968 1628 non
987 1610 1046 1627 esse
1066 1602 1183 1627 Fannius
1207 1602 1358 1628 confitetur:
1385 1611 1530 1636 expensam
1557 1602 1634 1627 latam
1658 1611 1709 1628 non

916 1648 984 1670 esse,
1000 1639 1105 1665 codices
1120 1639 1214 1665 Fannii
1228 1640 1397 1666 confirmant:
1415 1639 1569 1674 stipulatam
1586 1648 1636 1665 non
1651 1648 1710 1664 esse

916 1677 1082 1702 taciturnitas
1105 1677 1213 1702 testium
1237 1677 1366 1702 concedit.
1410 1679 1448 1702 ⁴5.
1475 1676 1545 1708 Quid
1568 1685 1630 1711 ergo
1653 1676 1711 1702 est?

915 1713 991 1746 Quod
1005 1719 1030 1740 et
1044 1723 1105 1740 reus
1120 1714 1143 1739 is
1158 1718 1210 1745 est,
1230 1714 1273 1740 eui
1293 1719 1318 1740 et
1336 1715 1448 1748 pecunia
1464 1714 1600 1740 levissima
1615 1719 1639 1739 ct
1654 1714 1711 1740 exi-

915 1752 1033 1778 stimatio
1051 1752 1221 1778 sanctissima
1241 1751 1291 1777 fuit
1315 1760 1433 1786 semper:
1460 1757 1485 1777 et
1508 1751 1589 1777 iudex
1612 1756 1651 1777 est
1676 1752 1707 1781 is,

914 1798 995 1824 quem
1011 1798 1058 1815 nos
1074 1798 1124 1815 non
1140 1790 1231 1815 minus
1242 1789 1308 1815 bene
1320 1789 1352 1814 (10
1365 1789 1442 1815 nobis
1454 1789 1615 1819 existimare,
1628 1797 1709 1823 quam

915 1827 1065 1853 secundum
1081 1835 1127 1853 nos
1143 1826 1260 1852 iudicare
1276 1826 1405 1852 velimus:
1426 1831 1450 1852 et
1464 1826 1602 1852 adxoeatio
1616 1834 1644 1851 ea
1659 1831 1707 1853 est,

914 1873 994 1899 quam
1011 1869 1116 1899 propter
1130 1864 1260 1890 eximium
1276 1863 1444 1898 splendorem
1457 1869 1483 1890 ut
1498 1863 1612 1889 iudicem
1625 1872 1708 1889 unum

915 1902 998 1928 vereri
1018 1901 1178 1928 debeamus:
1204 1902 1314 1936 perinde
1332 1911 1361 1927 ae
1380 1902 1403 1927 si
1428 1902 1453 1927 in
1478 1901 1544 1927 llanc
1568 1900 1708 1927 formulam

913 1940 1002 1966 omnia
1025 1939 1124 1965 iudicia
1149 1939 1281 1973 legitima,
1311 1939 1398 1965 omnia
1426 1939 1532 1964 arbitria
1560 1938 1707 1967 honoraria,

913 1977 1001 2003 omnia
1016 1976 1102 2003 officia
1117 1976 1261 2002 domesticu
1271 1976 1395 2002 conclusa
1407 1981 1432 2002 et
1443 1976 1633 2010 comprehensa
1645 1976 1707 2006 51111,

914 2014 1024 2049 perinde
1042 2014 1174 2040 dicemus.
1216 2013 1261 2040 llla
1280 2014 1402 2048 superior
1422 2013 1472 2040 fuit
1490 2014 1573 2039 oratio
1588 2022 1709 2039 neeessa-

914 2053 964 2083 ria,
987 2052 1050 2077 haee
1069 2053 1118 2078 erit
1137 2051 1299 2078 voluntaria:
1326 2051 1369 2077 illa
1389 2051 1420 2077 ad
1440 2051 1570 2080 11111100111,
1595 2050 1658 2076 haec
1677 2050 1709 2076 1111

914 2089 942 2115 C.
958 2089 1096 2115 Pisonem:
1118 2089 1162 2115 illa
1178 2097 1225 2123 pro
1240 2097 1291 2119 reo,
1309 2088 1372 2114 111100
1387 2097 1434 2123 pro
1448 2089 1549 2118 Roscio,
1567 2088 1611 2113 illa
1627 2089 1709 2114 vieto-

913 2127 975 2156 riae..
993 2127 1057 2152 haec
1073 2126 1155 2152 bonae
1169 2126 1375 2152 existimationis
1389 2135 1483 2151 caussa
1499 2130 1657 2159 roinparata.

968 2164 1010 2191 Vl.
1035 2166 1074 2190 ⁴6.
1092 2164 1234 2189 Pecuniam
1250 2164 1327 2198 petisv
1346 2164 1438 2193 Fanni,
1455 2172 1467 2188 a
1480 2164 1582 2188 Roscio.
1605 2164 1689 2194 Quam
1697 2163 1710 2186 Τ

912 2202 959 2227 Dic
973 2201 1096 2227 audacter
1109 2206 1135 2227 et
1148 2205 1246 2235 aperte.
1285 2201 1387 2231 Utrum,
1400 2209 1468 2235 quae
1480 2201 1527 2226 tibi
1539 2209 1571 2226 ex
1586 2200 1708 2225 societate

912 2238 1058 2265 debeatur?
1085 2247 1131 2269 an,
1156 2246 1224 2273 quae
1243 2246 1275 2264 ex
1296 2237 1450 2263 liberalitate
1470 2238 1552 2263 liuius
1578 2237 1708 2271 promissa

912 2277 947 2302 sit
961 2281 986 2302 et
999 2275 1147 2302 ostentata?
1165 2276 1284 2307 Quorum
1300 2275 1411 2301 alterum
1427 2279 1465 2300 est
1479 2275 1588 2309 111-1111115
1599 2280 1622 2299 et
1634 2274 1708 2299 odio—

912 2314 985 2339 sius:
1007 2313 1118 2339 alterum
1141 2312 1227 2338 levius
1246 2317 1271 2338 et
1290 2311 1405 2338 facilius.
1447 2313 1519 2343 Quae
1537 2321 1569 2337 ex
1585 2312 1707 2337 5001011110

912 2350 1058 2376 debentur-‘2
1071 2350 1141 2382 Quid
1156 2349 1214 2375 ais?
1229 2350 1280 2375 lloc
1296 2350 1346 2375 iam
1363 2358 1449 2383 neque
1465 2349 1500 2374 Ιο1
1510 2350 1557 2374 iter
1569 2348 1706 2374 ferendum

911 2392 964 2418 est,
986 2396 1072 2421 neque
1092 2387 1257 2421 negligenter
1275 2386 1484 2412 defendemlum.
1526 2386 1552 2411 Si
1568 2395 1620 2420 qua
1635 2387 1706 2411 0111111

911 2429 975 2451 sunt
989 2425 1090 2459 privata
1105 2424 1204 2449 iudicia
1219 2432 1341 2449 summae.
1355 2423 1561 2449 existimationis
1581 2429 1605 2449 et
1625 2432 1707 2457 paene

910 2462 996 2488 (11011111
1011 2461 1115 2496 eapitis,
1133 2461 1180 2486 tria
1197 2461 1260 2486 111100
1274 2466 1345 2490 sunt.
1363 2461 1483 2490 11111101110,
1501 2460 1605 2490 tutelae,
1622 2461 1706 2486 sorie—

912 2499 980 2525 tatis.
1010 2499 1101 2533 Aeque
1111 2499 1182 2524 0111111
1199 2498 1372 2532 perfidiosum
1387 2503 1411 2523 et
1427 2497 1556 2523 nefarium
1572 2503 1611 2523 est
1627 2497 1705 2523 tidem

911 2536 1040 2571 frangero,
1057 2544 1126 2571 quuo
1140 2536 1256 2561 continet
1272 2536 1366 2564 vitam.
1383 2540 1407 2561 et
1423 2535 1557 2569 pupillum
1574 2534 1704 2565 fraudare,

909 2574 956 2609 qui
972 2574 998 2599 in
1014 2573 1123 2599 tutelam
1139 2574 1272 2607 pervenit,
1293 2578 1317 2598 et
1332 2573 1434 2598 soi-iuni
1451 2572 1553 2601 fallere.
1574 2573 1621 2607 qui
1636 2582 1664 2598 se
1680 2573 1705 2598 in

910 2611 1015 2645 negotio
1029 2611 1178 2637 coniunxit.
1222 2611 1261 2636 ⁴7.
1283 2611 1355 2641 Quae
1369 2618 1454 2644 (pium
1471 2610 1503 2636 itu
1519 2610 1580 2639 51111,
1598 2610 1644 2644 qui
1660 2610 1703 2638 sit.

908 2649 956 2683 qui
970 2648 1074 2674 socium
1090 2647 1217 2674 fraudarit
1231 2652 1256 2673 et
1271 2646 1402 2677 fefellerit.
1419 2647 1631 2673 consideremus.
1657 2647 1706 2672 Du-

909 2685 947 2712 bit
961 2686 1032 2712 enim
1049 2685 1126 2712 nobis
1141 2685 1192 2711 ium
1209 2685 1284 2711 tacite
1300 2685 1352 2711 vim
1367 2689 1422 2711 acta
1438 2685 1464 2711 in
1479 2684 1629 2711 alterutram
1646 2693 1706 2719 pur-
