1941 3052
243 95 291 118 690
811 91 852 116 74.
888 90 923 116 ht.

241 161 339 188 cellum
352 161 423 187 diem
443 170 522 187 nuum
543 161 653 186 obiisse.

243 200 349 225 homine
362 200 510 224 tao-terrimo
525 198 697 223 uvvrtmmna
710 202 792 223 morte
803 202 842 222 est
853 197 975 227 affectum
998 201 1032 226 et,

241 237 284 262 cui
303 237 404 262 inimivt
421 240 526 270 proptu-r
541 235 699 266 dignitatem
713 238 894 268 pepercerant,
909 234 1034 259 inventus

241 278 281 299 est
295 273 407 302 unricus,
421 272 467 306 qui
481 276 590 296 muru-in
603 271 715 296 all'erret.
743 274 767 296 3.
786 271 841 305 ligo
853 275 939 296 tamen
952 270 984 296 ad
996 276 1034 296 ta-

243 309 416 336 lwrnm'ulum
441 309 500 334 eius
521 308 636 342 perrexi.
678 308 769 334 lnveni
794 308 861 333 duos
884 307 992 333 libertos
1009 312 1034 333 et

242 346 370 381 puticulos
390 354 494 376 servom
528 344 645 379 reliquos
660 345 766 370 aiebant
782 344 942 379 profugisse,
962 350 1032 371 metu

242 383 403 417 perterritos,
426 381 497 416 quod
513 381 640 407 (lominus
657 390 748 408 eorum
761 386 820 408 ante
833 381 1033 408 tabernaculum

242 419 395 446 interfectus
407 424 486 444 esset.
527 418 640 445 Coactus
652 428 711 444 sum
725 421 750 445 in
762 419 855 444 eadem
869 419 913 445 illa
931 419 1032 449 lectica,

240 466 292 491 qua
315 457 371 490 ipse
387 455 491 481 delatus
503 465 584 486 eram,
599 457 719 490 meisque
733 456 874 482 lecticariis
887 457 912 482 in
925 456 1022 483 Urbem

241 503 302 519 eum
324 493 434 525 referre,
463 493 554 528 ibique
566 502 613 527 pro
624 502 653 519 ea
665 494 750 527 copia,
765 502 834 528 (prae
846 494 956 520 Athenis
967 498 1031 524 erat,

242 531 322 557 funus
344 531 367 556 ei
384 531 449 556 sutis
464 530 584 565 amplum
602 529 754 557 laciendum
766 531 868 556 curavi.
901 531 941 557 Ab
953 531 1034 557 Athe-

242 568 390 597 niensibus,
417 567 503 593 locum
525 567 678 602 sepulturae
696 569 762 594 intra
775 568 872 594 Urbem
890 573 919 594 ut
929 568 1030 598 darent,

242 606 382 639 impetrare
403 613 454 631 non
477 605 561 639 potui,
580 605 652 639 quod
669 605 796 640 religione
811 614 839 631 se
855 605 979 640 impediri
991 606 1034 631 di·-

240 647 341 673 verent;
375 650 461 676 neque
474 647 560 668 tamen
574 642 600 668 id
612 647 687 668 antea
699 643 825 677 cuiquam
837 648 1031 669 concesserant.

240 679 316 711 Quod
328 679 482 714 proximum
494 678 552 709 suit,
568 679 615 710 nti,
629 680 655 705 in
670 689 724 714 quo
738 679 868 706 vellemus
881 681 1031 715 gymnasio,

240 725 300 742 eum
318 715 504 751 sepeliremus
526 716 603 742 nobis
620 717 810 751 permiserunt.
853 718 905 743 Nos
917 718 943 744 in
957 717 1034 743 nobi-

242 753 345 780 lissimo
365 753 438 779 orbis
463 758 591 779 terrarum
611 755 752 789 gymnasio
768 754 926 780 Academiae
946 754 1032 781 locum

240 790 401 825 delegimus,
424 790 516 825 ibique
531 799 593 817 eum
605 792 815 821 combussimus,
829 797 974 826 posteaque
985 801 1034 817 cu-

241 829 370 858 ravimus,
393 832 422 854 ut
438 827 520 854 iidem
536 828 713 855 Athenienses
727 830 751 855 in
764 829 858 855 eodem
871 829 926 855 loco
938 838 1034 855 monu-

241 870 361 892 mentum
373 865 397 891 ei
410 873 588 891 marmoreum
604 865 755 892 faciendum
765 866 888 892 locarent.
911 867 1033 901 lta,quae

241 907 329 929 nostra
349 901 437 929 officia
460 901 576 933 suerunt,
595 912 642 937 pro
657 903 771 938 collegio
786 908 811 930 et
822 904 1031 939 propinquitate,

210 963 214 970 ,
240 945 265 966 et
276 940 338 966 vivo
349 944 374 966 et
385 944 488 966 mortuo
499 940 588 966 omnia
602 941 627 966 ei
637 942 831 975 praestitimus.
853 940 926 968 Vale.
948 942 978 967 D.
991 950 1031 976 pr.
1062 965 1063 972 ,

241 976 299 1003 Kal.
313 977 370 1003 lun.
383 977 505 1004 Athenis.

293 1090 356 1111 xltt.
374 1090 450 1111 Atto.
466 1090 610 1112 Exnulnntern
621 1091 734 1117 Nigidium
746 1095 825 1119 tuopte
833 1091 933 1119 exemplo
944 1094 965 1112 et
975 1091 1033 1112 redi-

240 1129 275 1146 tu!
285 1133 324 1153 ιμι·
334 1125 468 1146 eon-ututur.
510 1129 597 1150 (Romae.
609 1129 686 1146 caenare
696 1129 729 1146 tu.
740 1129 813 1152 Lepido
824 1136 870 1146 con.
882 1130 937 1150 708.)

315 1187 350 1213 Μ.
373 1187 403 1213 T.
425 1187 454 1214 C.
476 1187 503 1214 S.
525 1188 555 1214 D.
576 1188 606 1215 P.
628 1188 781 1215 NIGIDIO
800 1188 957 1216 FIGULO.

297 1246 319 1271 t.
336 1240 485 1276 Quaerenti
500 1245 567 1272 mihi
580 1245 691 1277 iamdiu,
704 1246 770 1281 quid
782 1246 814 1273 ad
827 1251 850 1274 te
861 1247 1032 1282 potissimum

238 1282 394 1312 scriberem,
416 1291 467 1308 non
491 1282 570 1309 modo
589 1288 659 1309 certa
681 1292 723 1310 res
739 1283 822 1315 nulla,
839 1284 888 1310 sed
903 1293 935 1310 ne
947 1293 1033 1317 genus
1054 1287 1062 1311 ¹,
1151 1313 1156 1318 ⁶
1181 1313 1186 1318 ‚
1299 1313 1303 1318 ,
1402 1313 1406 1318 ,
1482 1314 1486 1318 ,
1512 1313 1516 1317 ,
1563 1313 1567 1318 ,
1683 1313 1688 1318 ,
1790 1313 1795 1318 ,
1839 1314 1844 1318 ¹

946 1312 959 1320 ⁹
1061 1318 1062 1325 ¹
1083 1313 1133 1339 deo
1150 1318 1233 1348 igitur
1247 1313 1280 1339 ad
1297 1312 1338 1344 ld,
1355 1317 1385 1339 ut
1401 1321 1453 1339 iam
1469 1313 1518 1339 tibi
1534 1317 1613 1339 etiam
1624 1312 1751 1348 pollicear
1761 1312 1875 1348 aliquid.

1061 1367 1062 1370 =
1083 1350 1156 1385 quod
1172 1351 1258 1384 primo
1273 1351 1427 1377 omiseram.
1468 1351 1534 1376 Nam
1550 1355 1575 1376 et
1587 1349 1749 1385 complectar
1763 1351 1823 1377 eius
1838 1349 1878 1376 [ε-

238 1319 349 1354 quidem
379 1319 526 1345 litterarum
552 1321 680 1347 usitatum
705 1321 830 1348 veniebat
853 1322 880 1348 in
905 1326 1031 1348 mentem.

239 1357 322 1383 Unam
343 1357 415 1382 enim
431 1361 533 1391 partem
549 1362 574 1384 et
589 1358 812 1385 consuetudinem
828 1367 920 1385 earum
933 1360 1034 1394 episto-

239 1393 334 1425 larum,
355 1394 457 1428 quibus
473 1409 509 1414 —
522 1395 650 1421 secundis
666 1395 746 1422 rebus
759 1411 796 1416 —
808 1397 846 1422 uti
866 1395 1030 1427 solebamus,

238 1435 344 1465 tempus
355 1431 501 1465 eripuerat3
524 1431 724 1467 perfeceratque
737 1432 850 1464 fortuna,
859 1442 891 1460 ne
902 1433 969 1468 quid
981 1433 1032 1460 tale

237 1468 355 1494 scribere
370 1477 486 1503 possem,
504 1474 550 1495 aut
559 1470 669 1496 omnino
682 1471 809 1506 cogitare.

238 1510 281 1532 tur
300 1506 373 1532 triste
394 1505 530 1540 quoddam
549 1511 575 1533 et
594 1508 737 1539 miserum,
760 1512 785 1534 et
806 1508 848 1534 his
865 1508 1032 1543 temporibus

237 1547 446 1569 consentaneum
466 1552 552 1578 genus
569 1543 729 1571 litterarum:
757 1545 784 1571 id
799 1554 908 1580 quoque
923 1545 1033 1572 delicie-

238 1579 282 1606 bat
301 1589 357 1606 me:
384 1580 411 1606 in
432 1589 486 1615 quo
506 1581 622 1608 debebat
642 1590 701 1608 esse
717 1587 762 1609 aut
776 1583 920 1617 promissio
935 1582 1031 1609 auxilii

238 1617 362 1648 alicuius,
380 1622 425 1643 aut
436 1617 580 1644 consolatio
591 1618 690 1645 doloris
703 1620 751 1646 tui.
792 1619 868 1651 Quod
879 1619 1029 1654 pollicerer.

237 1663 290 1681 non
309 1658 374 1681 erat.
413 1655 472 1689 lpse
483 1655 565 1686 enim,
579 1656 636 1690 pari
652 1655 755 1683 fortuna
769 1656 903 1688 abiectus,
918 1657 1032 1683 aliorum

237 1691 336 1725 opibus
350 1700 429 1717 casus
442 1700 514 1717 meos
524 1693 717 1724 sustentabam,
730 1694 894 1728 saepiusque
906 1694 974 1720 mihi
986 1702 1033 1720 ve-

238 1728 328 1754 niebat
339 1729 365 1754 in
377 1733 493 1754 mentem
505 1730 591 1763 queri,
600 1730 672 1764 quod
687 1731 722 1756 ita
734 1731 862 1761 viverem,
872 1739 953 1765 quam
964 1739 1033 1766 gau-

238 1765 309 1796 dere,
332 1765 405 1800 quod
425 1766 556 1792 viverem.
587 1769 611 1793 2.
633 1766 803 1802 Quamquam
819 1769 891 1794 enim
904 1767 977 1794 nulla
989 1777 1031 1794 me

238 1803 328 1837 ipsum
352 1803 478 1836 privatim
499 1803 603 1837 pepulit
623 1805 739 1839 insignis
759 1805 871 1836 iniuria,
894 1814 942 1831 nec
963 1805 1031 1831 mihi

237 1839 387 1875 quidquam
403 1839 448 1866 tali
464 1844 582 1874 tempore
594 1841 620 1867 in
633 1847 749 1868 mentem
761 1842 835 1868 venit
844 1847 944 1876 optare,
958 1842 1031 1877 quod

239 1885 290 1903 non
307 1876 376 1903 ultro
396 1877 464 1903 mihi
475 1876 571 1903 Caesar
581 1877 720 1905 detulerit:
752 1884 840 1906 tamen
852 1879 1031 1906 nibilominus

237 1914 276 1940 eis
296 1913 422 1940 conficior
441 1915 522 1945 curis,
543 1919 571 1941 ut
586 1915 686 1950 ipsum,
703 1916 776 1951 quod
791 1925 913 1943 maneam
926 1918 953 1943 in
965 1917 1028 1948 vita,

237 1959 347 1986 peccare
368 1959 410 1977 me
425 1952 588 1978 existimem.
629 1952 710 1979 Careo
725 1954 797 1980 enim
813 1962 898 1989 quum
915 1953 1032 1980 familia-

237 1989 352 2014 rissimis
368 1988 469 2019 multis,
487 1997 554 2023 quos
570 1994 615 2016 aut
630 1998 701 2017 mors
716 1991 816 2026 eripuit
830 1991 907 2018 nobis
918 1997 963 2018 aut
974 1992 1032 2018 dis-

236 2026 316 2052 traxit
337 2025 409 2061 fuga,
426 2031 483 2052 tum
498 2027 625 2053 omnibus
642 2028 751 2059 amicis,
774 2037 890 2063 quorum
912 2029 1031 2055 benevo-

237 2062 346 2089 lentiam
363 2063 440 2089 nobis
455 2063 609 2090 conciliarat
624 2073 671 2099 per
685 2074 728 2091 me
742 2066 893 2100 quondam,
911 2071 935 2092 te
946 2067 1028 2097 socio,

236 2099 346 2126 defensa
367 2100 533 2135 respublica,
557 2110 702 2137 versorque
723 2103 750 2129 in
771 2112 865 2129 eorum
882 2103 1030 2139 naufragiis

235 2141 262 2163 et
282 2137 412 2163 bonorum
432 2137 644 2172 direptionibus3
667 2148 716 2165 nec
737 2140 816 2166 audio
836 2140 939 2171 solum,
956 2141 1030 2176 quod

236 2174 326 2208 ipsum
347 2179 417 2201 esset
435 2175 574 2206 miserum,
592 2176 640 2202 sed
651 2177 731 2203 etiam
744 2177 831 2208 video,
845 2186 899 2213 quo
910 2177 979 2204 nihil
990 2183 1031 2205 est

235 2211 368 2242 acerbius,
390 2220 482 2239 eorum
499 2212 617 2239 fortunas
634 2213 771 2248 dissipari,
789 2215 890 2249 quibus
906 2224 954 2241 nos
964 2214 1029 2242 olim

235 2248 404 2275 adiutoribus
421 2249 488 2275 illud
503 2250 659 2277 incendium
670 2252 865 2285 exstinximus3
889 2257 923 2283 et,
937 2253 964 2279 in
975 2261 1029 2287 qua

236 2285 301 2312 urbe
323 2286 401 2313 modo
420 2287 514 2322 gratia,
537 2289 700 2319 auctoritate,
723 2289 807 2324 gloria
829 2289 982 2321 floruimus,
1001 2291 1029 2316 in

235 2330 265 2348 ea
283 2331 355 2349 nunc
371 2324 404 2349 iis
419 2324 530 2358 quidem
544 2325 672 2352 omnibus
691 2334 824 2353 caremus.
868 2326 1029 2353 Obtinemus

235 2360 321 2394 ipsius
332 2360 452 2387 Caesaris
463 2370 597 2388 summam
608 2371 670 2398 erga
682 2371 729 2389 nos
741 2363 954 2390 humaninatem.
975 2364 1029 2390 Sed

235 2404 265 2422 ea
286 2397 348 2431 plus
363 2407 415 2424 non
431 2404 526 2433 potest,
543 2408 625 2434 quam
641 2400 683 2426 vis
694 2405 720 2426 et
730 2401 842 2427 mutatio
853 2402 975 2427 omnium
986 2410 1030 2427 re-

237 2441 296 2459 rum
322 2439 401 2469 atque
427 2440 587 2471 temporum.
622 2439 647 2463 3.
673 2438 765 2472 ltaque
789 2438 873 2464 orbus
892 2439 927 2464 iis
945 2438 1027 2464 rebus

235 2470 371 2502 omnibus,
384 2472 486 2507 quibus
497 2479 522 2500 et
532 2479 626 2500 natura
636 2483 678 2500 me
701 2479 727 2500 et
738 2474 861 2501 voluntas
877 2480 902 2502 et
913 2484 1028 2502 consue-

237 2506 300 2533 tudo
320 2509 506 2541 assuefecerat,
529 2520 614 2545 quum
629 2513 734 2542 ceteris,
752 2516 781 2537 ut
795 2512 907 2546 quidem
923 2512 1025 2543 videor,

236 2547 294 2569 tum
314 2544 381 2570 mihi
401 2546 459 2579 ipse
474 2547 615 2582 displiceo.
656 2549 740 2575 Natus
754 2549 827 2575 enim
843 2549 876 2575 ad
892 2549 1027 2585 agendum

236 2588 343 2622 semper
353 2581 456 2616 aliquid
475 2583 589 2619 dignum
604 2586 671 2616 viro,
689 2594 761 2612 nunc
776 2594 828 2612 non
840 2586 918 2612 modo
929 2587 1027 2622 agendi

237 2622 365 2644 rabonem
376 2618 478 2646 nullam
490 2621 584 2654 haheo,
597 2622 645 2649 sed
656 2631 688 2649 ne
699 2622 836 2659 cogitandi
846 2623 972 2658 quidem:
989 2628 1024 2655 et,

1085 457 1108 482 si
1121 464 1249 490 umquam
1263 457 1288 482 in
1301 455 1356 482 ullo
1367 455 1426 482 suit.

1062 494 1064 499 ’
1085 494 1219 528 exquisita
1244 493 1361 528 quadam
1385 494 1484 520 ratione
1505 499 1530 520 et
1549 494 1670 520 doctrina
1690 496 1876 529 proficiscitur.

850 1470 1033 1506 Relinqueba-
1060 1474 1062 1498 ἶ

957 89 988 116 Τ.
1021 89 1296 115 CICERONIS

705 161 739 186 lta
757 161 798 186 vir
816 159 985 186 clarisuimus
1001 159 1034 185 ab
1062 175 1064 186 t
1085 160 1132 194 qui
1149 164 1223 185 antea
1238 164 1283 185 mit
1293 158 1416 185 obscuris
1429 159 1593 190 hominibus,
1607 162 1741 188 autetiam
1754 161 1877 188 sontibus

1062 192 1064 203 '
1085 196 1212 230 opitulari
1234 201 1361 230 pou-ram.
1380 197 1490 223 nuncl'.
1503 198 1620 232 Nigidio.
1639 198 1878 225 uniomniumdo·

1062 239 1064 260 ῑ
1085 234 1206 259 ctissime
1227 238 1253 259 et
1268 233 1447 263 sanctissimo,
1465 239 1490 260 et
1506 236 1622 261 maxima
1634 236 1769 270 qutmdam
1781 236 1876 268 gratia,

1062 275 1065 301 ἱ,
1086 276 1111 296 et
1123 271 1190 296 mihi
1201 274 1270 296 certe
1282 271 1456 300 amicissimo.
1465 279 1497 296 ne
1509 271 1623 306 benigne
1635 273 1744 307 quidem
1756 273 1877 307 polliceri

1063 317 1064 325 ¹
1087 316 1207 342 possum.

1063 361 1064 369 η
1087 346 1110 371 h.
1134 344 1278 379 Reliquum
1294 349 1342 374 eut,
1357 349 1385 371 ut
1395 344 1515 371 consoler
1525 350 1550 371 et
1562 346 1667 372 atterum
1680 348 1803 377 rationes,
1816 348 1878 382 qui-

1251 307 1321 342 Ergo
1344 307 1393 333 hoe
1413 313 1534 342 ereptum
1554 314 1594 335 est
1614 308 1760 336 litterarum
1780 319 1876 345 genus.

1086 381 1138 408 bus
1156 387 1179 407 te
1191 390 1204 407 a
1217 381 1347 407 molestiis
1358 390 1438 408 coner
1448 382 1591 408 abducere.
1632 385 1664 410 At
1674 393 1704 410 ea
1715 384 1826 419 quidem
1839 384 1878 410 {a-

1085 419 1170 445 cultas
1188 418 1228 444 vel
1242 419 1279 444 tui
1293 418 1333 444 vel
1345 419 1455 445 alterius
1466 419 1621 446 consolandi
1634 422 1660 446 in
1672 426 1696 447 te
1707 430 1812 448 summa
1826 427 1876 450 eat.

1467 457 1558 491 ltaque
1570 466 1627 483 eam
1640 463 1751 492 partem,
1764 467 1833 493 quae
1844 458 1878 484 ab

1086 539 1137 556 non
1160 531 1302 565 attingam,
1336 530 1384 557 tibi
1397 535 1475 557 totam
1488 531 1649 566 relinquam.
1689 532 1760 564 Quid
1771 533 1805 559 sit
1817 532 1877 559 torti

1085 573 1110 594 et
1121 569 1235 602 sapienti
1253 568 1360 594 homine
1370 567 1498 603 dignum:
1521 568 1587 603 quid
1599 569 1726 604 gravitas.
1739 569 1806 604 quid
1817 569 1878 596 alti—

1062 601 1063 607 *
1086 604 1149 631 tudo
1160 606 1252 635 animi,
1266 605 1332 640 quid
1345 610 1401 631 acta
1413 610 1457 631 tua
1471 605 1788 641 vita.quidstudia,quid
1796 612 1875 638 anes,

1084 642 1186 677 quibus
1207 652 1220 668 a
1237 643 1350 676 pueritia
1367 641 1488 673 floruisti.
1509 651 1522 668 a
1539 648 1562 669 te
1578 642 1704 678 flagitent,
1721 649 1748 670 tu
1761 644 1876 670 videbis.

1084 680 1149 715 Ego,
1171 680 1242 714 quod
1265 679 1413 715 intelligere
1428 685 1454 706 et
1468 681 1576 711 sentire,
1593 681 1657 715 quia
1672 689 1733 707 sum
1747 681 1842 707 Romae
1852 686 1879 708 et

1084 717 1148 752 quia
1168 725 1233 743 curo
1248 717 1418 752 attendoque,
1437 726 1557 752 possum,
1572 717 1598 743 id
1611 718 1659 744 tibi
1670 718 1788 745 affirmo:
1814 723 1838 744 te
1849 719 1877 745 in

1086 754 1144 780 istis
1165 754 1304 784 molestiis.
1318 755 1344 780 in
1356 754 1458 789 quibus
1468 763 1497 780 es
1509 755 1558 781 hoc
1570 760 1697 790 tempore,
1710 764 1762 782 non
1774 755 1878 782 diutius

1086 791 1220 824 futurum3
1253 792 1279 818 in
1301 792 1334 817 iis
1349 796 1447 822 autem,
1466 792 1492 818 in
1508 792 1609 826 quibus
1620 793 1700 819 etiam
1712 801 1760 819 nos
1771 801 1876 823 sumus.

1085 828 1195 855 sortasse
1214 837 1321 863 semper
1341 828 1405 855 sore.
1430 831 1455 855 5.
1473 829 1570 855 Videor
1581 830 1647 856 mihi
1660 830 1811 865 perspicere
1822 830 1878 864 pri-

1085 875 1159 892 mum
1185 866 1272 900 ipsius
1287 866 1417 897 animum.
1434 867 1482 901 qui
1495 866 1642 901 plurimum
1654 872 1748 901 potest,
1762 875 1877 902 propen-

1085 912 1145 929 sum
1156 902 1189 929 ad
1201 902 1314 929 salutem
1326 908 1410 929 tuam.
1451 904 1507 930 Non
1519 904 1607 930 scribo
1619 904 1668 930 hoc
1679 909 1788 930 temere.
1819 904 1878 936 Quo

1086 941 1176 966 minus
1187 939 1328 966 familiaris
1338 949 1409 971 sum,
1423 940 1472 967 hoc
1483 949 1544 966 sum
1556 941 1588 966 ad
1601 941 1818 977 investigandum
1829 950 1878 968 cu-

1085 978 1189 1004 riosior.
1228 977 1287 1010 Quo
1306 977 1422 1007 facilius.
1439 978 1541 1012 quibus
1554 983 1593 1004 est
1606 979 1703 1008 iratior,
1718 978 1878 1013 respondere

1085 1015 1189 1041 tristius
1210 1015 1304 1049 possit.
1327 1015 1376 1041 hoc
1391 1019 1431 1041 est
1448 1015 1537 1041 adbuc
1553 1015 1652 1042 tardior
1667 1015 1700 1041 ad
1720 1020 1745 1041 te
1757 1015 1878 1042 molestia

1086 1051 1265 1078 liberandum.
1307 1051 1463 1078 Familiares
1475 1061 1537 1078 vero
1547 1053 1615 1083 eius,
1629 1058 1654 1078 et
1666 1053 1684 1078 ii
1695 1052 1816 1087 quidem,
1829 1054 1878 1088 qui

1086 1089 1125 1116 illi
1146 1089 1336 1116 iucundissimi
1353 1094 1424 1119 sunt,
1443 1089 1602 1115 mirabiliter
1616 1089 1649 1115 de
1661 1094 1685 1115 te
1696 1094 1721 1116 et
1733 1089 1878 1124 loquuntur

1085 1131 1110 1153 et
1120 1127 1249 1153 sentiunt.
1284 1126 1395 1153 Accedit
1405 1126 1498 1152 eodem
1511 1126 1587 1162 vulgi
1601 1126 1723 1153 voluntas
1734 1127 1777 1153 vel
1788 1128 1878 1162 potius

1084 1172 1232 1190 consensus
1247 1164 1380 1190 omnium.
1402 1163 1487 1189 Etiam
1503 1163 1558 1194 illa,
1571 1172 1640 1198 quae
1651 1164 1794 1190 minimum
1806 1173 1878 1190 nunc

1084 1201 1195 1236 quidem
1215 1206 1311 1236 potest,
1334 1200 1381 1227 sed
1402 1201 1487 1235 possit
1508 1209 1617 1227 necesse
1636 1206 1689 1232 est,
1712 1201 1875 1236 respublica.

1084 1247 1270 1273 quascumque
1287 1239 1358 1264 vires
1370 1238 1488 1268 habebit,
1506 1238 1540 1264 ab
1551 1239 1584 1264 iis
1595 1239 1672 1273 ipsis,
1688 1239 1790 1273 quibus
1804 1243 1878 1265 tene-

1085 1280 1136 1307 tur,
1149 1275 1182 1302 de
1195 1280 1219 1302 te
1229 1275 1386 1310 propediem
1397 1275 1574 1310 (mihicrede)
1586 1276 1748 1310 impetrabit.
1788 1278 1814 1302 6.
1828 1276 1877 1302 ne-

1084 1387 1292 1418 miliarissimos,
1306 1388 1354 1422 qui
1365 1396 1408 1413 me
1419 1387 1564 1414 admodum
1575 1387 1694 1423 diligunt
1707 1387 1878 1422 multumque

1084 1433 1190 1451 mecum
1202 1430 1274 1456 sunt,
1283 1430 1308 1451 et
1319 1426 1346 1451 in
1358 1425 1444 1460 ipsius
1455 1424 1777 1460 consuetudinem,quam
1788 1424 1878 1451 adhuc

1083 1471 1161 1489 meus
1175 1461 1263 1497 pudor
1283 1462 1351 1488 mibi
1365 1461 1476 1493 clausit,
1501 1462 1645 1488 insinuabo
1659 1467 1685 1488 et
1699 1467 1769 1488 certe
1784 1470 1878 1488 omnes

1083 1500 1142 1526 vias
1153 1508 1313 1534 persequar,
1330 1499 1433 1534 quibus
1444 1499 1544 1534 putabo
1553 1498 1587 1525 ad
1598 1499 1639 1530 id,
1656 1499 1728 1534 quod
1740 1498 1875 1529 volumus,

1083 1537 1224 1572 pervenire
1247 1545 1336 1571 posse.
1376 1537 1405 1563 ln
1426 1536 1476 1563 hoc
1497 1541 1548 1563 toto
1563 1545 1660 1572 genere
1676 1536 1752 1571 plura
1770 1535 1875 1567 faciam,

1083 1582 1164 1609 quarn
1176 1573 1295 1600 scribere
1305 1573 1404 1606 aude03
1418 1578 1512 1604 cetera,
1521 1573 1646 1608 quaetibi
1657 1582 1671 1599 a
1683 1573 1776 1600 multis
1786 1581 1877 1608 prom-

1083 1616 1127 1646 pta
1138 1619 1197 1637 esse
1208 1616 1280 1637 certo
1289 1611 1358 1641 scio.
1375 1619 1389 1637 a
1403 1619 1445 1636 me
1457 1615 1519 1636 sunt
1531 1611 1712 1645 paratissima;
1730 1610 1798 1637 nihil
1810 1611 1837 1636 in
1849 1619 1877 1637 re

1084 1648 1210 1674 familiari
1222 1656 1281 1674 mea
1292 1653 1340 1678 est,
1353 1647 1426 1682 quod
1437 1656 1487 1683 ego
1498 1656 1588 1674 meum
1601 1647 1693 1673 malim
1704 1655 1778 1678 esse,
1793 1656 1876 1682 quam

1082 1690 1170 1712 tuum.
1196 1685 1250 1711 Hac
1260 1685 1293 1711 de
1304 1694 1332 1711 re
1343 1690 1369 1711 et
1379 1685 1412 1711 de
1424 1685 1472 1711 hoc
1483 1693 1580 1720 genere
1592 1690 1644 1711 toto
1655 1685 1704 1711 hoc
1715 1684 1804 1711 scribo
1814 1693 1877 1719 par-

1081 1723 1154 1754 cius,
1171 1722 1244 1757 quod
1256 1727 1294 1753 te,
1311 1721 1340 1748 id
1350 1722 1423 1757 quod
1435 1723 1492 1756 ipse
1503 1721 1620 1752 confido.
1636 1730 1743 1756 sperare
1754 1721 1838 1752 malo,
1851 1727 1876 1748 te

1082 1768 1141 1786 esse
1154 1768 1269 1786 usurum
1280 1760 1345 1786 tuis.
1375 1760 1401 1786 7.
1418 1759 1575 1785 Extremum
1587 1758 1655 1785 illud
1665 1764 1714 1790 est,
1727 1763 1757 1785 ut
1768 1763 1792 1785 te
1802 1767 1876 1785 orem

1081 1802 1107 1824 et
1117 1797 1270 1827 obsecrem,
1282 1797 1372 1823 animo
1382 1801 1411 1822 ut
1423 1797 1540 1823 maximo
1550 1797 1588 1822 sis
1596 1817 1602 1827 ,
1620 1804 1669 1822 nec
1679 1804 1709 1822 ea
1720 1795 1807 1822 solum
1819 1804 1876 1822 me—

1082 1835 1208 1865 mineris,
1221 1842 1290 1869 quae
1302 1834 1336 1860 ab
1346 1833 1407 1860 aliis
1418 1834 1523 1869 magnis
1535 1834 1602 1859 viris
1613 1833 1753 1868 accepisti,
1771 1833 1818 1859 sed
1831 1833 1875 1860 illa

1082 1873 1176 1902 etiam,
1194 1880 1263 1906 quae
1280 1872 1337 1906 ipse
1350 1872 1458 1906 ingenio
1469 1870 1612 1905 studioque
1624 1870 1762 1905 peperisti.
1803 1870 1876 1902 Quae

1081 1910 1106 1935 si
1121 1908 1246 1945 colliges.
1263 1913 1289 1935 et
1302 1909 1424 1943 sperabis
1439 1908 1529 1935 omnia
1539 1908 1653 1943 optime,
1669 1912 1709 1939 et,
1726 1916 1795 1942 quae
1806 1909 1877 1934 acci-

1081 1946 1154 1977 dent,
1168 1945 1378 1981 qualiacumque
1389 1950 1475 1976 erunt,
1489 1946 1624 1980 sapienter
1635 1944 1713 1971 feres.
1745 1944 1798 1971 Sed
1811 1945 1876 1972 baec

1082 1989 1110 2010 tu
1122 1983 1221 2010 melius
1233 1983 1274 2009 vel
1286 1984 1386 2018 optime
1399 1983 1532 2009 omnium.
1571 1982 1641 2018 Ego,
1657 1990 1727 2017 quae
1743 1983 1877 2016 pertinere

1059 2039 1061 2041 -
1082 2021 1115 2047 ad
1127 2026 1151 2047 te
1163 2020 1326 2056 intelligam,
1343 2020 1542 2047 studiosissime
1552 2020 1642 2046 omnia
1652 2019 1877 2055 diligentissime-

1059 2077 1060 2084 .
1081 2067 1135 2093 que
1145 2058 1245 2084 curabo
1256 2063 1419 2092 tuorumque
1430 2058 1584 2084 tristissimo
1596 2065 1655 2083 meo
1665 2061 1783 2091 tempore
1795 2057 1876 2083 meri-

1695 2092 1790 2130 [vae]

1082 2101 1170 2123 torum
1181 2104 1244 2131 erga
1256 2103 1299 2122 me
1311 2095 1468 2122 memoriam
1478 2094 1653 2121 conservabo.

1133 2220 1196 2241 XIV.
1214 2220 1288 2241 ΑΚΘ.
1306 2221 1433 2247 Respondet
1447 2219 1540 2241 Plancio
1555 2218 1676 2244 gratulanti
1694 2219 1721 2238 nd
1736 2217 1799 2238 tainu
1813 2217 1874 2239 tine-

1081 2263 1128 2276 us:
1146 2255 1239 2282 primum
1254 2255 1371 2283 pristinam
1386 2255 1517 2280 «lignitatem
1531 2254 1636 2274 restituto
1650 2253 1695 2274 ‚ihi
1710 2260 1752 2273 nun
1766 2253 1873 2273 redditam

1081 2291 1162 2311 videri:
1181 2291 1261 2311 deinde
1274 2291 1301 2310 de
1316 2290 1403 2311 caussis
1418 2290 1470 2310 novi
1488 2288 1622 2310 matrimonii
1640 2287 1740 2308 ineundi.
1772 2287 1875 2314 Denique

1081 2326 1178 2346 euimlem
1187 2325 1273 2346 uelauit
1283 2325 1428 2348 exsulantem.
1437 2323 1554 2352 promissis
1563 2323 1644 2344 officiis
1655 2322 1710 2343 suis.

1266 2362 1354 2384 (Rornae,
1364 2362 1442 2380 Caes-r:
1452 2361 1485 2378 111.
1495 2360 1569 2383 Lepi-tu
1580 2366 1625 2377 coss.
1635 2361 1687 2380 7084

1210 2422 1247 2449 M.
1269 2422 1299 2449 T.
1321 2421 1351 2449 C.
1373 2421 1401 2448 S.
1423 2421 1454 2447 D.
1476 2419 1534 2447 CN.
1555 2418 1738 2446 PLANCIO.

1136 2477 1159 2502 ⁴.
1182 2470 1268 2502 Binas
1281 2484 1296 2502 a
1307 2481 1332 2502 te
1342 2475 1434 2509 accepi
1445 2473 1559 2504 litteras,
1572 2473 1686 2508 Corcyssa
1697 2473 1786 2505 datas3
1804 2481 1873 2508 qua-

1079 2521 1140 2539 rum
1160 2512 1252 2539 alteris
1273 2513 1342 2539 mihi
1363 2511 1546 2548 gratulabare,
1568 2509 1641 2545 quod
1665 2510 1803 2541 audisses,
1829 2518 1872 2536 me

1079 2559 1166 2576 meam
1178 2550 1320 2584 pristinam
1331 2549 1488 2584 dignitatem
1501 2547 1635 2579 obtinere;
1658 2546 1749 2573 alteris
1761 2546 1872 2573 dicebas

1080 2592 1103 2613 te
1115 2586 1194 2618 velle,
1207 2595 1276 2621 quae
1287 2587 1413 2622 egissem,
1426 2585 1494 2611 bene
1505 2589 1531 2611 et
1541 2584 1654 2610 feliciter
1663 2585 1782 2610 evenire.
1813 2584 1872 2619 Ego

1078 2628 1176 2655 autem,
1189 2624 1214 2650 si
1223 2623 1342 2659 dignitas
1351 2627 1399 2654 est,
1407 2622 1476 2649 bene
1485 2621 1519 2648 de
1529 2621 1668 2656 republica
1677 2621 1777 2648 sentire
1787 2625 1813 2648 et
1823 2621 1872 2647 bo-
