1941 3052
537 148 832 176 PHILIPPICA
863 149 899 175 11.

60 222 187 251 exsilium
207 223 318 249 iturum.
350 222 391 248 46.
407 220 466 253 Quo
481 229 530 257 ego
545 225 662 256 tempore
676 224 774 256 quanta
786 219 854 246 mala

60 260 262 288 florentissimae
273 258 389 286 familiae
399 258 492 285 sedavi
504 258 544 285 vel
556 259 645 293 potius
652 257 764 285 sustuli!
784 257 854 283 Patri

59 298 190 334 persuasi,
213 302 243 324 ut
258 305 302 324 aes
318 296 436 323 alienum
452 295 500 322 filii
518 295 690 322 dissolveret:
713 295 856 321 redimeret

59 335 264 366 adolescentem,
286 342 392 360 summa
407 342 455 368 spe
470 337 495 359 et
510 333 593 359 animi
603 337 628 359 et
638 332 739 368 ingenii
751 332 856 367 praedi-

59 377 130 404 tum,
154 373 191 399 rei
211 371 350 398 familiaris
366 370 552 397 facultatibus:
577 378 695 405 eumque
710 379 724 396 a
740 374 785 396 tua
803 377 855 395 non

59 410 139 437 modo
149 409 336 439 familiaritate,
345 408 393 435 sed
407 408 486 434 etiam
497 408 693 444 congressione,
701 407 787 442 patrio
798 407 856 433 iure

59 452 86 474 et
105 451 234 482 potestate
249 446 411 482 prohiberet.
451 445 521 472 Haec
536 450 565 471 tu
580 453 665 480 quum
680 453 728 479 per
743 453 785 470 me
799 447 855 470 acta

59 485 243 512 meminisses:
275 484 327 510 nisi
348 483 412 514 illis,
435 491 504 517 quos
521 482 658 513 videmus,
679 481 776 517 gladiis
792 489 856 508 con-

59 522 164 552 fideres,
178 521 326 548 maledictis
338 529 380 547 me
391 528 534 555 provocare
544 528 627 546 ausus
638 518 730 546 esses‘?

113 559 187 586 XIX.
202 560 243 585 47.
260 558 313 585 Sed
324 559 377 585 iam
389 562 481 592 stupra
492 561 518 583 et
528 556 625 593 flagitia
636 557 771 583 omittam:
792 559 857 581 sunt

58 596 200 632 quaedam,
213 605 282 632 quae
293 596 403 622 honeste
414 603 466 621 non
477 603 589 629 possum
603 594 704 620 dicere:
726 597 756 619 tu
767 597 855 619 autem

59 642 91 661 eo
102 634 218 665 liberior,
240 633 314 668 quod
329 641 358 660 ea
369 633 397 660 in
409 637 434 659 te
443 631 586 662 admisisti,
599 639 668 666 quae
679 639 692 657 a
704 629 856 656 verecundo

58 672 171 698 inimico
190 671 282 698 audire
298 679 350 697 non
362 678 463 705 posses.
504 668 557 695 Sed
568 668 703 703 reliquum
715 668 784 693 vitae
795 675 856 693 cur-

58 717 120 735 sum
132 708 232 735 videte:
254 717 335 743 quem
346 707 455 742 quidem
466 705 587 733 celeriter
596 705 783 740 perstringam.
814 703 856 730 Ad

59 746 124 773 haec
134 747 215 777 enim,
227 746 334 781 quaein
345 744 418 771 civili
430 742 509 775 bello,
517 744 546 770 in
557 743 682 770 maximis
692 741 856 777 reipublicae

58 784 176 810 miseriis
196 783 267 813 fecit,
290 786 316 809 et
326 782 359 808 ad
370 790 408 813 ea,
431 788 500 816 quae
519 780 639 816 quotidie
659 779 730 810 facit,
748 779 856 806 festinat

58 821 176 848 animus.
216 819 289 852 Quae
309 823 382 854 peto,
404 823 446 850 ut,
469 826 634 853 quamquam
654 816 739 843 multo
754 817 854 843 notiora

57 858 145 889 vobis,
167 866 249 893 quam
265 857 332 884 mihi
347 861 420 887 sunt,
438 860 535 887 tamen,
548 860 579 882 ut
590 855 685 885 facitis,
699 859 796 881 attente
807 862 855 880 au-

57 895 147 922 diatis.
186 895 270 921 Debet
287 895 359 920 enim
375 893 474 921 talibus
489 895 518 920 in
532 893 614 919 rebus
625 892 740 919 excitare
751 893 854 918 animos

58 941 110 960 non
120 933 237 968 cognitio
247 931 335 959 solum
348 940 446 963 rerum,
455 931 503 958 sed
514 930 593 957 etiam
599 929 754 957 recordatio.
776 930 855 955 Tam-

57 970 107 997 etsi
127 969 278 996 incidamus
299 973 401 1005 oportet
420 968 521 1000 media,
539 976 573 995 ne
588 968 670 995 nimis
686 975 745 994 sero
759 967 792 993 ad
808 975 855 993 ex-

57 1011 141 1034 trema
153 1008 302 1034 veniamus.

114 1046 155 1071 48.
176 1045 289 1072 Intimus
305 1048 360 1070 erat
374 1044 402 1070 in
413 1043 551 1070 tribunatu
562 1042 662 1074 Clodio,
674 1042 721 1078 qui
733 1050 781 1068 sua
793 1050 854 1077 erga

57 1090 100 1109 me
109 1082 237 1109 beneficia
247 1085 449 1113 commemorat,
465 1082 524 1108 eius
535 1081 656 1107 omnium
668 1079 853 1107 incendiorum

57 1119 115 1146 fax:
137 1120 216 1146 cuius
231 1120 310 1146 etiam
321 1119 394 1146 domi
405 1118 535 1154 quiddam
547 1119 600 1145 iam
611 1123 669 1145 tum
681 1117 791 1144 molitus
803 1121 852 1143 est.

56 1156 128 1189 Quid
139 1157 235 1188 dicam,
249 1157 307 1192 ipse
317 1157 417 1192 optime
429 1156 564 1191 intelligit.
606 1156 669 1182 Inde
680 1156 729 1183 iter
738 1153 855 1182 Alexan-

56 1194 142 1221 driam
163 1199 252 1222 contra
268 1198 377 1221 senatus
393 1194 585 1225 auctoritatem,
603 1198 694 1220 contra
705 1192 854 1227 rempubli-

57 1240 116 1259 cam
136 1237 163 1259 et
188 1231 345 1267 religiones:
377 1231 425 1258 sed
444 1231 559 1258 habebat
577 1231 674 1257 ducem
695 1230 852 1261 Gabinium,

56 1270 168 1305 quicum
189 1269 299 1304 quidvis
319 1269 468 1296 rectissime
489 1268 574 1295 facere
589 1273 688 1303 posset.
728 1268 780 1300 Qui
797 1272 853 1294 tum

56 1307 120 1334 inde
131 1307 241 1338 reditus,
255 1311 300 1334 aut
310 1306 418 1341 qualis?
435 1306 511 1341 prius
522 1307 549 1332 in
561 1305 683 1332 ultimam
695 1305 809 1332 Galliam
821 1314 854 1332 ex

57 1344 190 1380 Aegypto,
212 1353 293 1380 quam
312 1344 433 1371 domum.
473 1343 547 1376 Quae
567 1348 655 1370 autem
671 1348 725 1370 erat
739 1342 855 1370 domus‘?

56 1382 138 1408 Suam
150 1382 222 1409 enim
232 1382 349 1417 quisque
355 1381 465 1408 domum
477 1386 534 1407 tum
546 1381 691 1411 obtinebat,
701 1389 788 1415 neque
799 1384 854 1406 erat

57 1428 173 1455 usquam
188 1424 241 1446 tua.
268 1420 380 1446 Domum
391 1418 469 1445 dico‘?
482 1418 553 1450 Quid
564 1418 656 1445 eratin
668 1418 753 1448 terris,
768 1418 814 1444 uhi
826 1418 854 1444 in

58 1461 103 1484 tuo
115 1457 210 1492 pedem
222 1465 343 1492 ponereS,
352 1460 454 1491 praeter
465 1464 549 1482 unum
556 1456 699 1486 Misenum,
708 1455 780 1490 quod
791 1463 853 1482 cum

56 1494 150 1526 sociis,
168 1499 305 1529 tamquam
321 1493 491 1528 Sisaponem,
510 1492 636 1520 tenebas?
668 1493 730 1519 XX.
749 1494 789 1519 49.
803 1493 854 1519 Ve-

57 1532 120 1559 nisti
136 1540 150 1558 e
160 1531 247 1558 Gallia
257 1531 291 1558 ad
301 1535 473 1566 quaesturam
485 1530 636 1565 petendam.
667 1530 742 1557 Aude
753 1529 850 1561 dicere,

56 1573 82 1596 te
93 1569 168 1604 prius
179 1569 212 1596 ad
224 1573 360 1604 parentem
372 1573 449 1595 tuum
460 1569 576 1598 venisse,
590 1576 672 1603 quam
684 1567 716 1594 ad
728 1576 780 1594 me.
802 1568 854 1594 Ac—

55 1615 178 1641 ceperam
194 1607 265 1633 enim
280 1607 333 1632 iam
349 1610 409 1632 ante
425 1606 544 1632 Caesaris
561 1605 675 1636 litteras,
689 1609 718 1632 ut
729 1605 795 1631 mihi
809 1614 854 1631 sa-

55 1644 149 1671 tisfieri
168 1648 271 1679 paterer
285 1652 299 1670 a
315 1648 349 1670 te.
381 1644 472 1678 Itaque
487 1651 520 1669 ne
536 1642 609 1678 loqui
624 1642 735 1677 quidem
751 1651 812 1669 sum
828 1647 853 1669 te

56 1689 153 1717 passus
163 1681 196 1708 de
206 1681 300 1717 gratia.
335 1681 428 1707 Postea
439 1679 528 1706 cultus
540 1689 602 1707 sum
613 1689 628 1706 a
639 1685 672 1711 te,
686 1684 715 1706 tu
727 1688 741 1706 a
752 1689 794 1706 me
805 1680 853 1706 ob-

55 1723 177 1746 servatus
193 1719 220 1745 in
237 1719 364 1754 petitione
379 1722 548 1753 quaesturae.
589 1716 647 1750 Quo
661 1717 773 1752 quidem
786 1722 854 1744 tem-

56 1764 119 1792 pore
133 1756 163 1783 P.
176 1756 312 1787 Clodium,
326 1755 489 1791 approbante
499 1754 600 1790 populo
614 1755 745 1786 Romanu,
759 1755 786 1782 in
799 1754 854 1782 foro

55 1802 85 1821 es
96 1798 205 1821 conatus
215 1793 348 1820 occidere:
360 1801 501 1828 quumque
511 1801 569 1819 eam
581 1801 637 1819 rem
647 1797 691 1819 tua
705 1797 798 1827 sponte
809 1801 854 1819 co—

57 1839 161 1863 narere,
179 1840 231 1858 non
246 1830 367 1866 impulsu
386 1839 458 1862 meo,
476 1835 564 1857 tamen
580 1831 615 1856 ita
628 1829 814 1865 praedicabas,
828 1835 853 1857 te

56 1877 109 1896 non
120 1869 284 1900 existimare,
292 1869 343 1895 nisi
355 1867 433 1894 illum
444 1867 634 1899 interfecisses,
644 1876 773 1903 umquam
785 1867 852 1894 mihi

57 1914 104 1941 pro
124 1906 177 1932 tuis
192 1906 220 1932 in
236 1914 279 1932 me
293 1906 400 1932 iniuriis
415 1905 480 1931 satis
496 1913 555 1932 esse
571 1904 714 1932 facturum.
755 1906 783 1932 In
798 1913 852 1940 quo

55 1943 186 1974 demiror,
203 1951 250 1970 cur
265 1942 390 1970 Milonem
406 1942 527 1977 impulsu
543 1951 602 1969 meo
614 1951 668 1969 rem
680 1942 753 1969 illam
765 1943 853 1978 egisse

56 1980 144 2012 dicas.
165 1988 250 2015 quum
271 1984 309 2011 te,
334 1979 404 2006 ultro
424 1979 490 2006 mihi
506 1979 577 2006 idem
594 1979 662 2006 illud
677 1979 849 2011 deserentem,

57 2025 206 2052 numquam
217 2018 268 2044 sim
281 2017 445 2044 adhortatus.
486 2016 664 2052 Quamquam,
679 2017 702 2043 si
712 2017 739 2044 in
750 2025 781 2044 eo
792 2026 853 2052 per-

55 2063 201 2086 severares,
214 2054 246 2081 ad
258 2059 329 2081 tuam
336 2054 447 2090 gloriam
458 2062 514 2080 rem
525 2054 598 2080 illam
605 2053 696 2080 referri
708 2053 849 2086 malebam,

55 2100 138 2128 quam
159 2091 192 2118 ad
213 2100 299 2118 meam
322 2091 444 2127 gratiam.
485 2092 528 2118 50.
551 2090 680 2124 Quaestor
700 2099 729 2118 es
750 2091 850 2118 factus:

55 2129 153 2157 deiude
167 2129 294 2156 continuo
307 2129 366 2155 sine
381 2128 621 2159 senatusconsulto.
634 2129 692 2155 sine
702 2132 781 2160 sorte,
794 2129 852 2155 aine

57 2166 115 2203 lege
126 2166 159 2193 ad
170 2166 309 2193 Caesarem
320 2166 472 2193 cucurristi.
505 2166 533 2192 ld
543 2166 614 2192 enim
632 2174 716 2192 unum
731 2166 758 2192 in
775 2166 852 2193 terris

56 2204 195 2240 egestatis,
213 2203 282 2230 aeris
297 2203 378 2230 alieni
387 2223 393 2234 ,
410 2203 554 2237 nequitiae,
567 2203 680 2238 perditis
693 2203 761 2230 vitae
773 2204 852 2230 ratio-

57 2241 138 2268 nibus
155 2241 308 2277 perfugium
324 2248 382 2267 esse
393 2239 520 2266 ducebas.
559 2240 599 2267 lbi
610 2244 634 2267 te
645 2249 729 2275 quum
741 2245 766 2267 et
777 2240 851 2267 illius

58 2277 244 2315 largitionibus
254 2283 280 2305 et
290 2279 343 2305 tuis
355 2278 456 2312 rapinis
467 2277 642 2312 explevisses,
651 2278 683 2313 (si
696 2277 744 2305 hoc
755 2283 852 2305 estex-

57 2315 142 2351 plere.
154 2316 227 2352 quod
238 2316 328 2343 statim
339 2314 481 2350 effundas.)
493 2314 623 2341 advolasti
633 2323 716 2350 egens
726 2315 758 2342 ad
766 2315 851 2342 tribu-

57 2357 163 2385 natum,
180 2358 210 2381 ut
225 2354 252 2380 in
268 2361 299 2380 eo
310 2353 476 2389 magistratu,
489 2353 513 2378 si
524 2360 625 2387 posses,
640 2352 691 2379 viri
703 2353 741 2379 tui
752 2352 850 2379 similis

56 2397 140 2417 esses.

111 2426 185 2454 xxi.
204 2427 324 2462 Accipite
339 2435 424 2457 nunc,
436 2434 545 2461 quaeso,
560 2435 611 2453 non
622 2435 661 2456 ea.
674 2435 743 2461 quae
754 2427 812 2462 ipse
823 2427 850 2453 in

57 2471 86 2491 ne
99 2468 179 2500 atque
188 2465 216 2492 in
231 2464 409 2492 domesticum
421 2464 537 2490 dedecus
549 2464 653 2498 impure
663 2468 743 2498 atquc
755 2464 851 2490 intem-

58 2505 191 2536 peranter,
208 2501 255 2529 sed
266 2510 335 2537 quae
346 2503 373 2528 in
386 2511 433 2528 nos
445 2501 618 2536 fortunasque
629 2505 745 2531 nostrus,
761 2501 786 2527 id
799 2505 848 2532 est,

57 2538 85 2565 in
100 2539 253 2566 universam
269 2539 477 2574 rempublicam,
495 2538 578 2573 impie
592 2547 623 2564 ac
638 2537 736 2564 nefario
749 2537 848 2565 fecerit.

57 2574 98 2602 Ab
112 2575 194 2603 huius
209 2577 280 2603 enim
296 2576 396 2604 scelere
410 2576 532 2603 omnium
544 2575 674 2602 malorum
686 2575 849 2610 principium

59 2616 150 2639 natum
173 2614 319 2648 reperietis.
350 2615 392 2640 5⁴.
415 2614 495 2644 Nam.
511 2621 610 2648 quum,
629 2613 658 2639 L.
677 2612 801 2643 Lentulo,
818 2613 848 2640 C.

58 2648 181 2676 Marcello
202 2651 372 2683 consulibus,
401 2650 527 2677 Kalendis
546 2651 649 2676 Ianuar.
672 2649 803 2676 labantem
825 2654 850 2676 et

58 2693 140 2722 prope
150 2686 286 2716 cadentem
292 2688 484 2724 rempublicam
493 2687 586 2715 fulcire
592 2688 733 2723 cuperetis,
743 2687 849 2723 ipsique

939 148 1037 175 CAP.
1070 150 1101 175 ⁴5
1121 163 1157 168 —
1177 149 1218 176 23.
1649 150 1699 176 609

907 219 936 246 C.
958 219 1076 251 Caesari,
1098 220 1122 246 si
1142 228 1205 246 sana
1221 223 1309 246 mente
1324 222 1407 250 esset,
1424 217 1564 245 consulere
1579 217 1699 246 velletis:

907 262 965 283 tum
985 257 1036 284 iste
1055 256 1195 283 venditum
1215 261 1295 291 atque
1316 256 1513 291 emancipatum
1534 256 1700 283 tribunatum

907 294 1026 321 consiliis
1042 295 1137 321 vestris
1148 294 1281 329 opposuit,
1294 295 1467 328 cervicesque
1477 302 1539 320 suas
1551 294 1575 319 ei
1586 294 1701 320 subiecit

907 332 1008 363 securi,
1030 340 1083 366 qua
1103 331 1181 358 multi
1196 331 1346 358 minoribus
1362 331 1389 357 in
1407 331 1521 365 peccatis
1537 330 1700 357 occiderunt.

908 370 936 395 In
952 373 989 400 te,
1003 369 1038 395 M.
1051 369 1157 400 Antoni,
1171 369 1198 395 id
1209 368 1326 395 decrevit
1340 372 1458 399 senatus,
1471 372 1496 394 et
1506 368 1617 403 quidem
1629 368 1703 394 inco-

908 406 1004 437 lumis,
1034 406 1153 432 nondum
1178 410 1214 432 tot
1240 405 1389 432 luminibus
1409 405 1560 436 exstinctis,
1583 405 1656 440 quod
1675 405 1703 431 in

908 443 1012 469 hostem
1032 447 1151 479 togatum
1171 443 1277 469 decerni
1292 447 1332 469 est
1347 442 1456 469 solitum
1472 451 1543 469 more
1559 442 1701 469 maiorum.

907 480 940 506 Et
956 484 984 507 tu
999 481 1070 515 apud
1086 485 1173 515 patres
1188 481 1350 515 conscriptos
1366 484 1455 506 contra
1467 488 1509 506 me
1520 479 1608 506 dicere
1619 488 1703 506 ausus

907 526 949 548 es,
971 526 1056 552 quum
1076 518 1108 543 ab
1129 517 1179 544 hoc
1199 517 1291 544 ordine
1307 526 1357 553 ego
1371 522 1540 544 conservator
1556 525 1657 548 essem,
1674 522 1703 543 tu

908 555 992 581 hostis
1004 554 1166 589 reipublicae
1176 554 1329 581 iudicatus?
1347 555 1568 581 Commemoratio
1578 554 1653 581 illius
1664 554 1704 581 tui

908 591 1017 618 sceleris
1036 593 1189 618 intermissa
1209 596 1262 623 est,
1286 600 1339 618 non
1355 592 1482 618 memoria
1498 591 1594 618 deleta.
1634 593 1703 618 Dum

907 637 994 665 genus
1006 629 1156 660 hominum,
1169 629 1235 656 dum
1247 629 1457 664 populiRomani
1469 638 1565 655 nomen
1577 629 1701 659 exstabit,

908 666 990 701 (quod
1001 667 1111 701 quidem
1123 667 1180 697 erit,
1194 667 1217 692 si
1229 675 1276 701 per
1286 671 1311 693 te
1324 666 1422 696 licebit,
1431 666 1647 701 sempiternum,)
1658 671 1703 692 tua

907 703 954 730 illa
965 703 1089 738 pestifera
1100 704 1255 730 intercessio
1262 704 1453 730 nominabitur.
1479 705 1521 730 52.
1529 703 1599 736 Quid
1605 703 1704 738 cupide

908 749 922 766 a
941 745 1049 772 senatu,
1065 741 1131 776 quid
1147 746 1245 767 temere
1261 741 1347 771 fiebat,
1365 749 1451 776 quum
1467 745 1509 771 tu,
1526 749 1598 767 unus
1614 740 1704 767 adole—

907 787 997 809 scens,
1016 779 1173 805 universum
1189 778 1310 804 ordinem
1321 778 1461 804 decernere
1472 778 1506 804 de
1516 778 1602 804 salute
1613 779 1704 813 reipu-

908 815 992 842 blicae
1004 814 1184 850 prohibuisti?
1194 824 1282 850 neque
1292 815 1320 842 id
1326 815 1418 846 semel,
1427 814 1474 842 sed
1480 816 1603 850 saepius:
1617 824 1704 850 neque

907 857 935 879 tu
950 857 1038 879 tecum
1054 853 1087 879 de
1101 857 1210 879 senatus
1226 853 1378 879 auctoritate
1393 853 1436 888 agi
1447 861 1545 887 passus
1555 861 1594 878 es.
1633 852 1704 884 Quid

906 894 996 917 autem
1010 890 1150 926 agebatur,
1168 890 1220 916 nisi
1237 899 1269 916 ne
1282 890 1365 916 deleri
1380 895 1405 916 et
1416 890 1497 916 everti
1509 889 1703 924 rempublicam

906 927 1029 954 funditus
1045 927 1128 954 velles
1136 948 1142 959 ,
1158 936 1243 962 quum
1255 932 1279 954 te
1291 936 1378 963 neque
1388 928 1524 962 principes
1535 928 1651 954 civitatis
1662 936 1705 954 ro-

905 965 1006 1001 gando,
1023 973 1112 1000 neque
1122 965 1235 991 maiores
1250 969 1313 991 natu
1324 965 1464 996 monendo,
1479 973 1565 1000 neque
1577 964 1704 1000 frequens

883 1030 885 1037 ¹
906 1006 1015 1029 senatus
1027 1002 1138 1038 agendo,
1151 1002 1185 1029 de
1196 1002 1303 1029 vendita
1315 1007 1394 1037 atque
1406 1002 1510 1029 addicta
1520 1003 1650 1029 sententia
1657 1002 1705 1029 de-

907 1049 1013 1067 movere
1024 1040 1128 1075 potuit?
1147 1040 1216 1066 Tum
1228 1040 1305 1071 illud,
1319 1040 1412 1066 multis
1424 1040 1504 1066 rebus
1516 1045 1575 1066 ante
1586 1040 1703 1072 tentatis,

907 1078 1056 1104 necessario
1070 1078 1118 1104 tibi
1135 1077 1235 1104 vulnus
1251 1077 1391 1108 inflictum.
1404 1078 1477 1112 quod
1489 1078 1581 1112 paucis
1593 1082 1653 1104 ante
1664 1082 1703 1104 te:

906 1124 1021 1150 quorum
1032 1115 1175 1142 incolumis
1187 1115 1238 1142 fuit
1249 1124 1336 1142 nemo.
1359 1117 1401 1142 53.
1415 1116 1483 1142 Tum
1494 1120 1584 1142 contra
1597 1120 1621 1141 te
1631 1115 1704 1141 dedit

906 1161 978 1179 arma
994 1153 1037 1179 hic
1052 1152 1116 1180 ordo
1131 1152 1290 1180 consulibus
1306 1152 1473 1188 reliquisque
1488 1153 1610 1187 imperiis
1622 1157 1646 1179 et
1657 1161 1705 1187 po·

906 1190 1060 1217 testatibus:
1083 1199 1152 1226 quae
1167 1199 1220 1217 non
1236 1190 1390 1227 effugisses,
1408 1191 1461 1217 nisi
1477 1194 1501 1217 te
1513 1190 1545 1216 ad
1556 1199 1627 1216 arma
1639 1190 1705 1217 Cae-

905 1229 973 1255 saris
984 1228 1155 1256 contulisses.
1195 1228 1280 1255 XXIl.
1304 1229 1353 1259 Tu,
1367 1233 1405 1259 tu,
1418 1229 1537 1263 inquam,
1551 1228 1701 1257 M.Antoni‚

906 1266 1031 1301 princeps
1047 1266 1076 1294 C.
1094 1266 1200 1293 Caesari
1216 1267 1305 1293 omnia
1321 1266 1475 1301 perturbare
1491 1266 1609 1300 cupienti
1626 1273 1705 1291 caus-

905 1313 962 1330 sam
988 1304 1052 1330 belli
1076 1309 1166 1331 contra
1192 1305 1304 1338 patriam
1330 1302 1461 1330 inferendi
1483 1303 1591 1329 dedisti.
1632 1302 1704 1334 Quid

905 1342 977 1368 enim
1001 1341 1075 1367 aliud
1099 1341 1145 1368 ille
1165 1341 1289 1368 dicebat?
1311 1350 1393 1376 quam
1413 1349 1536 1367 caussam
1557 1340 1705 1366 dementis—

906 1379 968 1405 simi
988 1379 1032 1405 sui
1052 1378 1157 1405 consilii
1179 1383 1204 1405 et
1223 1378 1285 1405 facti
1305 1378 1443 1408 afferebat.
1466 1379 1517 1404 nisi
1533 1378 1606 1413 quod
1622 1378 1704 1403 inter-

905 1416 991 1442 cessio
1011 1416 1138 1452 neglecta,
1162 1416 1205 1442 ius
1226 1416 1401 1442 tribunicium
1417 1415 1570 1446 sublatum,
1587 1416 1704 1441 circum-

905 1454 1022 1488 scriptus
1033 1462 1047 1479 a
1058 1458 1151 1480 senatu
1163 1458 1235 1480 esset
1251 1453 1402 1480 Antonius?
1420 1453 1528 1483 Omitto,
1545 1461 1627 1487 quam
1639 1452 1704 1478 haec

906 1491 986 1522 falsa,
1008 1499 1090 1526 quam
1112 1490 1194 1517 levia:
1218 1492 1371 1525 praesertim
1393 1499 1479 1526 quum
1500 1490 1609 1517 omnino
1630 1489 1703 1516 nulla

905 1537 998 1555 caussa
1010 1528 1080 1555 iusta
1091 1529 1217 1563 cuiquam
1229 1537 1288 1554 esse
1304 1529 1388 1563 possit
1403 1532 1491 1555 contra
1508 1528 1618 1562 patriam
1631 1535 1703 1553 arma

905 1565 1038 1601 capiendi.
1079 1565 1132 1592 Sed
1148 1565 1215 1592 nihil
1227 1565 1260 1592 de
1276 1566 1400 1592 Caesare:
1423 1566 1471 1592 tibi
1487 1570 1557 1591 certe
1575 1564 1704 1591 confiten-

905 1603 970 1630 dum
995 1607 1048 1634 est,
1071 1612 1194 1629 caussam
1215 1603 1436 1638 perniciosissimi
1457 1602 1521 1629 belli
1542 1603 1569 1628 in
1591 1610 1703 1637 persona

905 1646 950 1668 tua
964 1641 1126 1667 constitisse.
1159 1642 1200 1667 54.
1218 1640 1240 1667 O
1256 1641 1384 1667 miserum
1397 1645 1434 1671 te,
1447 1641 1469 1666 si
1483 1640 1547 1666 haec
1558 1639 1701 1673 intelligis!

906 1679 1085 1709 miseriorem,
1107 1678 1131 1704 si
1152 1687 1203 1704 non
1225 1678 1367 1713 intelligis,
1391 1678 1439 1704 hoc
1461 1677 1554 1704 litteris
1572 1677 1700 1706 mandari,

906 1716 955 1742 hoc
983 1716 1126 1742 memoriae
1156 1715 1246 1750 prodi,
1280 1715 1361 1742 huius
1392 1716 1428 1742 rei
1459 1724 1491 1741 ne
1522 1715 1702 1749 posteritatem

905 1753 1015 1788 quidem
1037 1753 1158 1780 omnium
1179 1753 1347 1779 saeculorum
1369 1761 1497 1788 umquam
1519 1752 1703 1778 immemorem

906 1791 974 1821 lore,
995 1790 1121 1817 consules
1141 1799 1174 1817 ex
1194 1790 1267 1817 ltalia
1288 1799 1430 1821 excussos,
1451 1798 1567 1824 cumque
1590 1789 1632 1815 his
1653 1789 1702 1816 Cn.

905 1829 1076 1864 Pompeium,
1098 1828 1171 1863 quod
1194 1828 1301 1863 imperii
1326 1828 1418 1863 populi
1439 1828 1549 1854 Romani
1571 1827 1653 1853 decus
1673 1836 1704 1853 ac

906 1866 997 1893 lumen
1019 1865 1082 1897 fuit,
1104 1874 1197 1892 omnes
1218 1865 1386 1896 consulares,
1405 1866 1451 1900 qui
1463 1873 1510 1900 per
1521 1864 1703 1891 valetudinem

905 1903 1017 1938 exsequi
1029 1903 1131 1930 cladem
1143 1903 1217 1930 illam
1228 1902 1375 1938 fugamque
1386 1903 1544 1938 potuissent,
1559 1907 1700 1937 praetores.

905 1941 1064 1976 praetorios,
1082 1940 1204 1968 tribunos
1217 1940 1316 1975 plebis,
1335 1949 1458 1976 niagnam
1471 1944 1571 1975 partem
1583 1944 1700 1969 senatus,

904 1987 1011 2005 omnem
1032 1978 1152 2005 sobolem
1173 1979 1331 2009 iuventutis,
1354 1986 1462 2013 unoque
1483 1977 1576 2007 verbo.
1595 1985 1703 2011 rempu-

905 2016 1003 2043 blicam
1023 2015 1166 2051 expulsam
1185 2020 1264 2051 atque
1285 2016 1486 2042 exterminatam
1508 2015 1566 2041 suis
1581 2014 1701 2041 sedibus.

904 2055 946 2080 55.
964 2053 997 2080 Ut
1010 2053 1093 2089 igitur
1109 2053 1136 2080 in
1146 2053 1298 2080 seminibus
1309 2057 1349 2079 est
1360 2061 1454 2079 caussa
1466 2052 1590 2079 arborum
1601 2057 1627 2078 et
1641 2052 1703 2078 stir-

904 2091 995 2125 pium:
1017 2091 1057 2117 sic
1073 2091 1155 2118 huius
1172 2090 1366 2117 luctuosissimi
1382 2090 1446 2117 belli
1462 2098 1554 2116 semen
1571 2094 1598 2116 tu
1617 2089 1700 2115 fuisti.

904 2127 1003 2155 Doletis
1018 2132 1071 2155 tres
1086 2128 1220 2155 exercitus
1237 2127 1329 2163 populi
1346 2128 1457 2154 Romani
1473 2126 1638 2153 interfectos:
1661 2127 1702 2153 in-

904 2165 1008 2192 terfecit
1017 2165 1160 2192 Antonius.
1201 2165 1361 2192 Desideratis
1372 2165 1537 2191 clarissimos
1547 2164 1634 2190 cives.-
1657 2172 1701 2190 eos

903 2211 1012 2238 quoque
1024 2202 1102 2229 vobis
1112 2203 1212 2237 cripuit
1222 2202 1364 2229 Antonius.
1406 2202 1554 2228 Auctoritas
1567 2201 1648 2228 liuius
1659 2210 1702 2227 or-

903 2240 975 2266 dinis
991 2238 1086 2266 afllicta
1102 2244 1155 2266 cst:
1177 2239 1425 2266 afllixitAntonius.
1466 2239 1561 2265 Omnia
1573 2238 1699 2272 denique.

881 2300 883 2303 .
903 2285 972 2312 quae
983 2281 1074 2311 postea
1085 2276 1213 2307 vidimus,
1226 2276 1303 2312 (quid
1313 2281 1402 2303 autem
1414 2275 1478 2302 mali
1491 2285 1541 2302 non
1555 2274 1702 2308 vidinmst’)

903 2315 925 2340 si
938 2318 1007 2340 recte
1018 2314 1299 2343 ratiocinabinmr,11ni
1311 2318 1416 2348 accepta
1424 2313 1699 2340 refereumsAntonio.

904 2351 936 2378 Ut
946 2351 1044 2378 Ilelena
1051 2351 1227 2381 Troianis.sic
1239 2351 1288 2377 iste
1300 2351 1362 2377 huic
1373 2350 1537 2385 reipublicae
1549 2349 1611 2375 belli
1622 2357 1701 2375 caus-

902 2397 940 2420 sa,
954 2397 1047 2415 caussa
1059 2389 1142 2423 pestis
1152 2393 1232 2423 atque
1243 2388 1318 2414 exitii
1331 2387 1390 2414 fuit.
1417 2387 1544 2421 Reliquae
1556 2391 1643 2421 partes
1655 2387 1701 2413 tri-

903 2426 1020 2453 bunatus
1035 2425 1167 2461 principio
1181 2425 1294 2452 similes.
1335 2426 1429 2451 Omnia
1442 2424 1565 2459 perfecit,
1578 2433 1647 2459 quae
1658 2432 1701 2450 so-

903 2468 995 2494 natus,
1022 2463 1095 2489 salva
1120 2462 1257 2497 republica
1278 2471 1311 2489 no
1332 2463 1387 2489 lieri
1400 2467 1521 2497 possent.
1545 2461 1697 2496 perfecerat.

902 2501 1028 2527 -—Cuius
1041 2505 1127 2527 tamen
1139 2500 1228 2527 scelus
1240 2501 1266 2526 in
1279 2499 1377 2526 scelere
1388 2499 1549 2534 cognoscite.

956 2538 1053 2564 xxm.
1075 2539 1117 2564 ὃὸ.
1131 2537 1296 2564 llestituebat
1306 2537 1404 2564 multos
1415 2537 1593 2563 calamitosos.
1617 2536 1644 2562 lu
1657 2535 1699 2562 his

903 2576 989 2609 putrui
1006 2575 1078 2602 nullu
1094 2576 1202 2602 mentio.
1234 2575 1262 2601 Si
1278 2583 1402 2601 severus:
1425 2583 1472 2601 cur
1488 2575 1577 2601 nonin
1589 2574 1701 2601 omues?

902 2613 929 2638 Si
948 2613 1111 2639 misericors:
1134 2622 1181 2639 cur
1197 2621 1248 2639 uon
1265 2613 1291 2639 iu
1307 2612 1390 2639 suos?
1410 2612 1462 2639 Sed
1478 2613 1572 2638 oniitto
1586 2616 1696 2637 ceteros.

903 2650 1035 2677 Licinium
1051 2650 1215 2677 Lenticulam
1224 2671 1230 2681 ,
1243 2649 1276 2677 do
1286 2649 1342 2677 ulca
1354 2649 1568 2680 condemnatum,
1582 2648 1698 2675 colluso-

880 2706 881 2712 .
902 2696 957 2715 rem
982 2696 1078 2720 suum,
1100 2689 1229 2716 restituit:
1261 2688 1339 2723 quasi
1361 2696 1423 2714 vero
1443 2686 1534 2714 ludere
1553 2695 1615 2714 cum
1635 2694 1698 2713 con-

1405 2734 1438 2760 ’Π
