1941 3052
208 142 256 167 th
782 137 1266 164 38..u.'t·.ctcttn0xts

1028 213 1030 227 ¹
1051 207 1180 237 fuissent.
1202 212 1290 234 tamen
1312 208 1432 234 Autronii
1452 209 1668 236 commemoratio
1687 210 1842 236 memori-m

208 252 294 283 putat.
311 248 441 273 diu-entem
454 246 591 272 attendite!
617 246 672 278 Ego
682 245 788 275 consul.
801 254 887 280 quum
899 246 1000 272 exerci-
1028 271 1030 273 ,
1051 245 1141 271 Sullae
1154 245 1298 271 retulisset.
1325 245 1419 275 Etiam,
1434 251 1462 272 ut
1472 247 1592 275 arbitror.
1605 255 1691 281 quum
1702 247 1845 273 auctorita-

209 291 251 311 tus
264 284 426 319 perditorum
438 284 552 312 civium,
569 281 735 308 clandestino
750 282 848 309 scelere
859 282 997 313 conflatus,
1028 285 1030 296 ¹
1052 287 1090 308 tea
1107 283 1258 316 principum
1274 282 1465 309 coniurationia
1479 283 1512 309 nd
1524 283 1672 310 incitandos
1682 285 1786 310 animoa
1798 283 1845 311 At-

207 322 424 348 crudelissimum
453 325 477 346 et
507 320 735 345 luctuosissimum
764 320 876 346 exitium
901 320 999 354 patriae
1021 314 1023 375 i
1053 319 1191 352 lolirogum
1207 319 1477 353 rolligeretssaasius,
1493 325 1614 355 etquum
1631 322 1723 350 sciret.
1740 326 1844 348 externa

206 363 397 393 comparasset:
420 366 504 392 quum
520 357 551 382 ad
567 365 690 382 occasum
708 357 898 391 interitumque
910 358 1000 392 rcipu-
1028 375 1030 384 s
1052 357 1170 383 nationes
1183 357 1298 382 maxime
1313 357 1448 383 nobilitate
1465 359 1579 388 moveri.
1596 367 1647 385 non
1663 359 1738 393 prius
1749 359 1846 385 Autro-

208 397 292 422 lilivm·
304 396 415 421 Catilina
433 395 457 420 in
475 395 581 423 castris,
600 395 626 419 in
644 393 685 419 liis
701 398 789 420 autem
801 394 908 429 templis
920 399 999 429 atque
1028 393 1030 398 ¹
1052 394 1136 422 nium.
1149 402 1230 428 quam
1241 393 1344 420 Sullam
1358 395 1529 421 nominasset.
1571 397 1611 421 38.
1634 396 1688 422 Iam
1703 404 1766 422 vero
1777 395 1844 422 illud

208 434 282 459 tectis
298 432 354 458 dux
367 431 494 457 Lentulus
510 436 579 457 esset
592 432 766 457 constitutus:
790 432 858 457 meis
868 431 997 462 consiliis,
1028 449 1029 453 ,
1052 431 1156 465 probari
1178 431 1288 457 minime
1310 436 1408 466 potest.
1430 431 1535 462 Gallos.
1557 432 1685 459 Autronio
1699 434 1842 463 nominato.

208 471 273 496 mei-⁴
291 469 439 498 laboribus.
459 469 509 494 nwi
525 469 620 503 capitis
636 468 776 503 periculis,
796 469 854 495 sine
870 468 997 500 tumultu,
1022 466 1029 489 Γ
1052 473 1160 502 putasse
1181 474 1287 502 propter
1305 468 1463 495 calamitatis
1483 469 1702 500 similitudinem.
1725 470 1777 497 sibi
1796 470 1846 497 ali-

206 508 263 532 sim-
276 506 392 535 ‹lelcrtu,
411 506 469 531 sine
485 506 578 536 armis,
597 506 655 532 aine
670 506 802 536 exercitu.
820 506 941 541 quinque
953 506 999 532 ho-
1028 507 1029 512 ¹
1051 505 1161 540 quidde
1173 505 1247 531 Sulla
1259 514 1318 532 esse
1333 506 1530 540 quaerendum:
1554 506 1660 537 Cassio,
1676 508 1700 534 ai
1715 507 1760 534 hic
1773 512 1845 534 esset

207 544 326 570 umiilms
337 543 537 577 comprehensis
549 548 628 578 atque
638 542 777 573 confessis,
791 544 944 570 incensione
952 543 999 570 Ur-
1028 571 1029 574 ,
1052 543 1182 569 incudem
1194 543 1302 573 scelere,
1317 552 1349 569 ne
1359 552 1445 578 quum
1456 543 1617 578 appellasset
1627 544 1738 579 quidem
1749 545 1846 572 Autro-

207 582 280 610 lwm,
303 581 481 606 internecione
501 580 587 611 cives,
613 581 733 607 vastitate
752 580 867 612 Italiam,
891 581 998 607 interitu
1028 582 1029 590 ¹
1052 581 1141 610 nium.
1160 580 1241 606 liuius
1254 581 1279 607 in
1292 585 1409 607 mentem
1422 582 1512 607 venire
1523 582 1652 616 potuisse.
1693 581 1745 608 Sed
1757 586 1844 609 tamen

207 618 398 652 rempublicam
424 617 547 644 liberavi:
573 626 622 653 ego
643 618 724 644 vitam
745 619 865 644 omnium
886 619 997 648 civium,
1028 614 1029 639 ἕ
1050 618 1116 652 quid
1133 618 1269 652 respondit
1283 618 1316 644 de
1329 618 1404 644 Sulla
1415 618 1543 644 thasius?
1563 618 1597 645 Se
1613 619 1714 645 nescire
1729 624 1841 646 certum.

206 660 303 681 statum
328 655 400 681 orbis
424 659 519 685 terrae,
544 655 638 682 urbem
663 655 730 681 hanc
752 655 882 690 denique,
907 655 997 682 sedem
1051 656 1107 682 Non
1120 661 1223 690 [inruat.
1233 656 1330 690 inquit.
1354 656 1411 682 Dixi
1423 660 1512 682 antea:
1526 664 1559 682 ne
1569 656 1592 682 ei
1603 661 1726 691 argueret
1735 656 1844 691 quidem

205 694 326 719 omnium
343 697 477 723 nostrum,
495 701 581 719 arcem
598 701 690 728 regum
707 702 736 719 ac
748 693 884 719 nationum
897 698 1000 719 extera·
1028 691 1029 699 ¹
1051 698 1107 718 tum
1119 693 1245 728 denique,
1259 701 1344 728 quum
1356 698 1427 719 esset
1439 694 1623 727 interrogatus.
1637 693 1664 720 id
1677 694 1743 720 mihi
1753 694 1847 721 crimi-

206 739 278 760 rum,
308 729 398 756 lumen
415 730 550 765 gentium,
572 730 739 756 domicilium
756 731 860 765 imperii
877 731 999 765 quinque
1051 739 1146 756 nosum
1160 731 1303 756 videretur.
1344 732 1385 756 39.
1408 730 1460 757 Sed
1472 739 1521 766 ego
1532 731 1558 757 in
1571 731 1678 758 indiciis
1688 736 1713 758 et
1724 732 1752 758 in
1763 739 1846 767 quae-

206 768 345 794 hominum
357 767 503 794 timentium
516 776 545 793 ac
557 767 720 802 perditorum
733 776 815 802 poena
827 768 938 794 redemi.
956 769 997 795 34.
1050 768 1183 794 stionibus
1195 777 1245 794 non
1261 768 1309 794 lioc
1324 767 1508 802 quaerendum
1524 768 1648 798 arbitror.
1666 777 1730 795 num
1747 776 1846 804 purge-

206 806 245 831 Αη
262 814 304 831 me
319 805 477 831 existimasti
495 805 558 831 liaec
570 805 715 831 iniuratum
728 805 754 831 in
766 805 866 832 iudicio
877 815 928 832 non
940 814 999 831 esse
1028 816 1029 829 ι
1051 810 1094 831 tur
1109 805 1220 840 aliquis,
1243 805 1290 831 sed
1302 814 1367 832 num
1377 810 1513 839 arguatur.
1554 805 1659 832 Etenim
1670 814 1755 841 quum
1768 811 1847 841 negat

205 842 349 873 dicturum,
358 851 427 877 quae
439 843 541 868 iuratus
552 843 578 869 in
591 843 706 868 maxima
717 843 842 869 concione
852 842 1000 870 dixissem?
1022 875 1023 879 Ἰ
1050 851 1079 868 sc
1090 843 1157 869 scire
1169 843 1288 872 Cassius.
1302 847 1393 869 utrum
1404 842 1527 869 sublevat
1539 842 1652 874 Sullam,
1665 852 1696 869 an
1709 844 1773 870 satis
1785 852 1846 878 pro-

206 880 263 906 Xll.
286 879 372 914 Atque
389 880 467 906 etiam
483 879 551 906 illud
567 879 676 909 addam,
700 889 732 906 ne
747 881 794 915 qui
811 879 876 906 forte
891 881 1000 915 incipiat
1050 880 1095 906 bat
1110 888 1139 906 se
1155 879 1275 906 nescire?
1293 880 1423 907 Sublevat
1433 880 1504 914 apud
1517 880 1617 907 Gallos.
1657 880 1727 913 Quid
1739 879 1793 907 ita?
1813 889 1846 907 ne

206 917 344 951 improbus
356 917 446 943 subito
457 922 481 943 te
491 926 592 947 amare,
605 917 745 952 Torquate,
759 922 784 944 et
795 917 897 953 aliquid
908 927 999 952 spera·
1028 934 1029 941 η
1051 917 1186 944 indicent‘.³
1205 917 1294 949 Quid?
1313 918 1336 944 si
1353 918 1503 952 periculum
1519 926 1578 944 esse
1594 922 1728 953 putasset,
1751 926 1785 944 ne
1806 918 1844 945 illi

205 963 232 980 re
244 954 276 980 de
288 959 326 980 te:
344 959 436 989 atque,
450 959 479 980 ut
490 954 560 981 idem
572 963 666 981 omnes
677 955 833 986 exaudiant,
851 955 998 981 clarissima
1051 963 1179 990 umquam
1187 955 1346 987 indicarent,
1359 955 1392 982 de
1402 956 1497 990 seipso
1506 954 1646 982 confessus
1656 954 1743 982 esset?
1753 955 1846 982 Nesci-

206 1000 269 1018 voce
281 991 378 1018 dicam.
404 992 502 1018 Harum
514 992 635 1018 omnium
647 1000 745 1023 rerum,
758 1001 826 1027 quas
837 1001 886 1028 ego
897 993 924 1019 in
936 1002 999 1019 con·
1051 993 1099 1019 vit.
1139 992 1237 1023 Credo,
1256 993 1372 1023 iudices,
1389 992 1503 1019 celatum
1521 1001 1580 1018 esse
1591 992 1715 1019 Cassium
1725 992 1759 1019 de
1769 992 1845 1019 Sulla

205 1028 294 1055 sulatu
316 1037 364 1064 pro
383 1028 469 1055 salute
483 1030 619 1056 communi
635 1030 743 1064 suscepi
759 1034 783 1056 et
799 1031 885 1065 gessi,
908 1031 939 1056 L.
954 1030 999 1056 ille
1021 1030 1023 1066 ξ
1051 1038 1114 1056 uno.
1135 1030 1201 1056 Nam
1213 1029 1246 1056 de
1257 1031 1351 1056 ceteris
1361 1035 1431 1056 certe
1441 1030 1550 1060 sciebat.
1558 1035 1584 1056 et
1594 1038 1623 1056 ea
1635 1029 1707 1057 domi
1718 1030 1777 1056 eius
1789 1029 1847 1065 ple-

205 1067 368 1101 Torquatus,
385 1075 470 1101 quum
486 1071 556 1093 esset
567 1075 643 1093 meus
654 1067 852 1093 contubernalis
864 1068 890 1094 in
902 1076 1000 1094 consu·
1021 1073 1022 1094 1
1051 1075 1132 1102 raque
1143 1066 1252 1094 conflata
1263 1076 1322 1094 esse
1333 1067 1480 1094 constabat.
1519 1066 1571 1100 Qui
1583 1075 1680 1103 negare
1690 1066 1775 1094 noluit
1785 1075 1847 1094 esse

207 1103 259 1130 latu
276 1108 356 1138 atque
371 1105 450 1130 etiam
467 1104 494 1130 in
511 1109 632 1139 praetura
646 1103 753 1135 fuisset,
767 1109 870 1135 auctor,
883 1104 996 1135 adiutor,
1021 1102 1023 1132 Ι
1050 1105 1078 1131 in
1089 1113 1120 1131 eo
1132 1114 1244 1131 numero
1255 1104 1372 1135 Sullam,
1389 1114 1444 1140 quo
1455 1104 1516 1139 plus
1528 1105 1584 1139 spei
1597 1104 1683 1131 Gallis
1694 1104 1781 1135 daret,
1803 1104 1846 1131 di-

205 1142 337 1176 particeps
358 1142 472 1172 exstitit,
495 1150 580 1176 quum
602 1142 740 1177 princeps,
767 1141 862 1178 [quum
885 1140 997 1178 auctor,]
1021 1156 1023 1176 2
1049 1150 1109 1168 cere
1119 1147 1209 1169 autem
1222 1142 1319 1168 falsum
1331 1151 1382 1169 non
1394 1151 1478 1168 ausus
1489 1146 1541 1168 est:
1555 1142 1658 1168 nescire
1668 1142 1745 1169 dixit.
1763 1142 1844 1177 Atqui

204 1187 290 1214 quum
311 1178 423 1214 signifer
443 1183 512 1205 esset
528 1179 690 1211 iuventutis;
713 1187 809 1214 parens
825 1180 897 1210 eius,
919 1179 999 1206 homo
1021 1203 1022 1206 ,
1050 1179 1100 1206 hoc
1111 1180 1283 1214 perspicuum
1294 1184 1348 1210 est,
1364 1188 1450 1214 quum
1463 1180 1499 1210 is,
1517 1180 1580 1214 quis
1595 1179 1628 1205 de
1639 1179 1766 1206 omnibus
1776 1179 1846 1206 scie-

204 1216 406 1242 amantissimus
418 1216 529 1250 pau-iae,
543 1217 653 1242 maximi
665 1217 757 1248 animi,
770 1217 870 1243 summi
882 1217 996 1247 consilii.
1050 1217 1096 1244 rit.
1109 1217 1142 1243 de
1153 1217 1228 1244 Sulla
1239 1225 1268 1243 se
1279 1217 1347 1243 scire
1358 1218 1473 1252 negarit:
1495 1216 1616 1243 eamdem
1629 1217 1683 1243 vim
1694 1225 1754 1243 esse
1765 1224 1847 1252 nega-

204 1253 349 1289 singularis
360 1254 531 1284 constantiae.
540 1263 624 1288 quum
637 1258 707 1280 esset
718 1262 804 1290 aeger,
813 1259 900 1281 tamen
911 1255 999 1281 omni·
1020 1281 1022 1290 Δ
1051 1255 1130 1280 tionis
1142 1254 1235 1284 liuius,
1247 1263 1329 1289 quam
1340 1255 1373 1285 si,
1386 1259 1460 1281 extra
1470 1255 1680 1280 coniurationem
1692 1253 1764 1280 hunc
1774 1261 1844 1285 esse,

204 1290 255 1317 bus
272 1291 352 1317 rebus
368 1290 422 1317 illis
439 1290 572 1318 interfuit:
596 1300 743 1326 numquam
759 1296 799 1318 est
813 1300 828 1318 a
843 1300 884 1318 me
895 1291 1000 1327 digres-
1021 1311 1022 1314 η
1050 1300 1078 1318 se
1099 1293 1167 1318 scire
1186 1292 1309 1318 dixisset.
1350 1292 1431 1322 Nam,
1453 1292 1532 1318 cuius
1546 1291 1685 1318 scientiam
1705 1290 1739 1317 de
1757 1291 1846 1318 omni-

204 1337 266 1354 sus:
288 1328 391 1358 studio.
408 1328 533 1359 consilio,
551 1329 704 1355 auctoritate
716 1337 787 1355 unus
799 1329 903 1356 adiuvit
914 1329 1000 1364 pluri·
1021 1335 1022 1338 ’
1051 1329 1102 1355 bus
1112 1334 1215 1356 constat
1231 1329 1330 1360 fuisse,
1352 1329 1411 1355 eius
1426 1329 1556 1364 ignoratio
1569 1328 1602 1355 de
1617 1328 1709 1363 aliquo
1723 1329 1846 1364 purgatio

205 1374 287 1396 mum,
296 1374 381 1400 quum
394 1366 573 1392 infirmitatem
585 1367 702 1400 corporis
714 1366 797 1393 animi
809 1367 906 1393 virtute
917 1375 999 1401 supe—
1020 1375 1021 1378 ¹
1049 1366 1129 1393 debet
1140 1366 1235 1393 videri.
1275 1366 1327 1393 Sed
1338 1367 1391 1393 iam
1403 1375 1454 1393 non
1466 1374 1579 1401 quaero,
1594 1370 1724 1402 purgetne
1735 1365 1846 1393 Cassius

204 1407 278 1429 raret.
319 1404 360 1429 35.
374 1403 498 1432 Videsne.
513 1407 542 1429 ut
552 1403 662 1438 eripiam
675 1408 699 1430 te
709 1412 743 1430 ex
754 1403 937 1438 improborum
950 1413 999 1430 su—
1020 1411 1029 1430 π]
1050 1403 1168 1430 Sullam:
1189 1403 1259 1431 illud
1279 1404 1346 1431 mihi
1363 1408 1467 1431 tantum
1481 1404 1546 1430 satis
1561 1408 1614 1434 est.
1636 1408 1726 1430 contra
1741 1402 1845 1430 Sullam

204 1441 257 1466 bita
268 1441 351 1475 gratia
363 1445 387 1466 et
399 1440 567 1467 reconciliem
579 1440 655 1467 bonis
667 1441 812 1468 omnibus?
825 1442 873 1476 qui
885 1446 910 1468 te
920 1446 945 1468 et
955 1441 999 1468 di-
1027 1458 1029 1463 ·
1050 1441 1117 1468 nihil
1128 1450 1188 1468 esse
1199 1442 1226 1468 in
1238 1441 1347 1468 indicio.

205 1478 299 1513 ligurit,
313 1482 338 1504 et
349 1478 462 1504 retinent
473 1478 679 1513 retinebuntque
690 1487 810 1513 semper:
824 1487 881 1510 nec,
895 1479 943 1505 sia
955 1487 998 1505 me
1105 1479 1175 1506 XIV.
1193 1480 1233 1506 40.
1256 1478 1392 1506 Exclusus
1411 1478 1461 1505 hac
1479 1478 1664 1504 criminatione
1683 1477 1843 1513 Torquatus,

205 1515 269 1541 forte
285 1515 443 1546 desciveris,
464 1514 562 1542 idcirco
573 1520 597 1542 te
608 1524 622 1542 a
633 1524 662 1542 se
673 1520 722 1542 eta
734 1515 872 1551 republica
883 1521 909 1543 et
923 1525 936 1542 a
952 1521 998 1542 tua
1027 1538 1028 1546 ,
1049 1525 1143 1543 rursus
1154 1517 1182 1543 in
1193 1525 1235 1542 me
1246 1517 1333 1547 irruit,
1348 1524 1390 1542 me
1401 1520 1516 1542 accusat.
1548 1515 1600 1546 Ait,
1613 1523 1655 1541 nie
1665 1514 1750 1545 aliter,
1763 1523 1793 1542 ac
1803 1515 1846 1541 di-

203 1552 331 1587 dignitate
341 1552 454 1579 deficere
465 1553 608 1587 patientur.
649 1552 702 1579 Sed
719 1553 770 1580 iam
785 1553 865 1580 redeo
875 1553 908 1580 ad
919 1562 998 1580 caus·
1027 1550 1028 1560 ¹
1049 1559 1121 1580 ctum
1134 1558 1182 1584 est.
1196 1554 1223 1580 in
1235 1553 1339 1580 tabulas
1352 1553 1474 1588 publicas
1485 1552 1619 1579 retulisse.
1653 1551 1676 1579 O
1686 1552 1724 1579 dii
1735 1553 1847 1580 immor-

203 1598 274 1616 sam:
297 1594 377 1624 atque
390 1590 438 1616 lioc
448 1599 505 1621 vos,
519 1590 631 1621 iudices,
645 1594 740 1617 testor:
762 1591 830 1617 mihi
842 1590 875 1617 de
886 1595 998 1617 memet·
1027 1599 1029 1619 e
1050 1591 1129 1618 talesl
1142 1591 1229 1626 (vobis
1240 1591 1311 1617 enim
1323 1591 1526 1625 tribuam,quae
1537 1594 1624 1617 vestra
1633 1594 1711 1616 sunt:
1723 1597 1773 1616 nec
1783 1597 1846 1617 vero

203 1627 263 1661 ipso
278 1631 329 1653 tam
348 1626 431 1653 multa
447 1627 554 1654 dicendi
570 1628 715 1654 necessitas
727 1628 858 1663 quaedam
871 1628 997 1663 imposita
1027 1633 1029 1657 ξ
1050 1637 1160 1663 possum
1173 1636 1232 1655 meo
1243 1633 1346 1654 tantum
1361 1628 1472 1663 ingenio
1486 1627 1562 1658 dare,
1580 1631 1610 1654 ut
1625 1631 1663 1654 tot
1676 1635 1730 1657 res,
1748 1631 1842 1657 tantas.

203 1669 243 1690 est
253 1664 286 1690 ab
297 1664 352 1691 illo.
375 1665 451 1695 Nam,
464 1665 487 1691 si
498 1665 649 1699 Torquatus
660 1664 764 1691 Sullam
774 1665 862 1691 solum
874 1673 999 1692 accusas·
1049 1670 1102 1692 tam
1119 1666 1219 1696 varias,
1241 1670 1294 1691 tam
1311 1665 1477 1699 repentinas,
1498 1665 1527 1691 in
1546 1663 1592 1691 illa
1612 1663 1844 1691 turbulentissima

203 1706 256 1727 set:
280 1710 330 1737 ego
340 1710 448 1736 quoque
460 1701 510 1728 hoc
520 1706 639 1736 tempore
650 1702 718 1728 nibil
730 1701 804 1728 aliud
815 1711 930 1738 agerem,
945 1703 997 1729 nisi
1027 1697 1029 1704 ’
1050 1707 1206 1738 tempestate
1217 1702 1394 1737 reipublicae,
1411 1710 1469 1728 mea
1481 1706 1575 1736 sponte
1585 1701 1749 1736 dispexerim
1759 1701 1777 1736 :)
1796 1709 1844 1728 vos

202 1746 278 1769 eum,
295 1739 344 1773 qui
355 1743 495 1765 accusatus
507 1744 585 1770 esset,
598 1738 783 1766 defenderem:
796 1739 843 1766 sed
855 1748 940 1774 quum
953 1739 998 1766 ille
1049 1740 1167 1775 profecto
1177 1740 1298 1766 animum
1311 1747 1400 1766 meum
1412 1744 1469 1766 tum
1480 1738 1676 1766 conservandae
1687 1739 1786 1774 patriae
1796 1747 1846 1765 cu-

203 1780 255 1802 tota
270 1775 315 1801 illa
325 1776 441 1802 oratione
452 1776 478 1802 in
490 1785 532 1802 me
543 1781 614 1803 esset
623 1777 759 1808 invectus,
777 1781 802 1803 et
812 1785 898 1811 quum
910 1777 996 1808 initio,
1049 1777 1160 1812 piditate
1171 1776 1342 1803 incendistis:
1363 1785 1412 1804 vos
1427 1785 1470 1803 me
1485 1776 1519 1802 ab
1529 1776 1656 1803 omnibus
1666 1776 1761 1802 ceteris
1771 1777 1846 1812 cogi-

203 1816 233 1839 ut
242 1812 307 1843 dixi,
315 1812 497 1839 defensionem
509 1822 595 1840 meam
607 1814 760 1840 auctoritate
771 1814 885 1848 spoliare
895 1814 998 1841 voluis-
1049 1814 1196 1841 tationibus
1211 1814 1244 1841 ad
1260 1822 1341 1841 unam
1355 1813 1470 1840 salutem
1485 1813 1649 1848 reipublicae
1659 1814 1842 1840 convertistis:

203 1854 257 1876 set:
270 1850 374 1876 etiamsi
385 1850 459 1877 dolor
471 1859 547 1877 meus
559 1851 718 1885 respondere
730 1856 900 1886 noncogeret,
910 1856 997 1878 tamen
1049 1860 1097 1878 vos
1117 1852 1234 1887 denique
1253 1852 1281 1878 in
1301 1851 1381 1878 tantis
1401 1851 1518 1877 tenebris
1537 1851 1634 1877 erroris
1648 1855 1675 1877 et
1689 1851 1846 1878 inscientiae

203 1887 261 1922 ipsa
271 1896 365 1913 caussa
378 1887 445 1914 lianc
456 1896 469 1913 a
481 1896 524 1914 me
534 1889 679 1915 orationem
691 1887 844 1924 flagitasset.
1048 1889 1230 1916 clarissimum
1245 1888 1336 1915 lumen
1348 1888 1512 1923 praetulistis
1523 1888 1606 1914 menti
1618 1896 1702 1914 meae.
1729 1888 1757 1914 tt
1765 1908 1772 1914 .
1783 1887 1845 1915 vidi

258 1924 329 1951 XIII.
351 1926 392 1951 36.
414 1924 604 1960 Allobrogibus
625 1925 792 1952 nominatum
813 1925 917 1952 Sullam
937 1934 998 1952 esse
1049 1935 1098 1962 ego
1110 1926 1172 1957 hoc,
1189 1926 1308 1956 iudices,
1325 1926 1391 1956 nisi,
1409 1926 1508 1952 recenti
1519 1925 1647 1952 memoria
1657 1929 1780 1956 senatus,
1797 1934 1846 1952 au-

202 1961 281 1988 dicis.
303 1962 369 1994 Quis
382 1961 477 1998 negat?
492 1962 544 1989 Sed
556 1962 614 1998 lege
625 1962 770 1994 indicium,
782 1967 808 1989 et
819 1962 888 1994 vide,
901 1971 998 1998 quem—
1048 1964 1194 1991 ctoritatem
1210 1963 1293 1990 buius
1308 1964 1400 1990 indicii
1413 1963 1593 1989 monumentis
1604 1961 1722 1997 publicis
1733 1966 1845 1990 testatus

203 1998 347 2025 admodum
359 2000 510 2026 nominatus
526 2000 570 2026 sit.
611 2000 641 2026 L.
653 1999 777 2027 Cassium
788 2000 915 2027 dixerunt
925 2009 998 2027 com-
1049 2009 1136 2028 essem
1144 2022 1150 2032 ,
1165 2000 1219 2028 fore
1227 2021 1234 2032 ,
1246 2005 1277 2027 ut
1287 2000 1432 2035 aliquando
1442 2009 1495 2026 non
1506 2000 1656 2035 Torquatus
1664 2020 1670 2031 ,
1682 2007 1771 2035 neque
1780 2000 1846 2027 Tor-

203 2044 377 2067 memorasse,
403 2045 465 2063 cum
490 2037 584 2063 ceteris
603 2037 764 2064 Autronium
787 2046 880 2064 secum
901 2037 996 2064 facere.
1048 2039 1123 2074 quati
1134 2039 1271 2074 quispiam
1282 2037 1394 2068 similis,
1411 2038 1483 2072 (nam
1498 2037 1526 2064 id
1542 2045 1585 2064 me
1599 2036 1717 2064 multum
1729 2036 1846 2073 fefellit)

202 2073 314 2106 Quaero,
328 2082 392 2100 num
405 2073 508 2100 Sullam
518 2074 616 2100 dixerit
627 2074 756 2102 Cassius?
765 2083 910 2110 nusquam.
933 2075 997 2102 Sese
1049 2075 1097 2102 sed
1112 2081 1142 2102 ut
1157 2075 1257 2111 aliquis
1278 2076 1437 2110 patrimonio
1457 2074 1617 2111 naufragus,
1637 2075 1767 2102 inimicus
1785 2075 1842 2106 otii.

202 2111 278 2137 aiunt
287 2111 426 2146 quaesisse
437 2111 470 2137 de
481 2111 582 2142 Cassio,
596 2111 663 2147 quid
673 2111 747 2139 Sulla
758 2113 878 2139 sentiret.
904 2112 997 2139 Videte
1049 2113 1180 2140 bonorum
1191 2113 1286 2144 hostis,
1299 2112 1375 2139 aliter
1387 2112 1502 2139 indicata
1513 2112 1580 2139 haec
1589 2120 1648 2139 esse
1661 2111 1774 2143 diceret,
1789 2120 1846 2147 quo

201 2147 368 2184 diligentiam
381 2148 533 2175 Gallorum:
555 2149 603 2184 qui
616 2149 697 2175 vitam
710 2149 848 2176 hominum
860 2154 998 2176 naturam-
1049 2150 1169 2181 facilius,
1186 2155 1266 2177 vento
1280 2149 1371 2184 aliquo
1385 2150 1414 2176 in
1428 2149 1561 2184 optimum
1571 2157 1710 2185 quemque
1719 2149 1842 2180 excitato,

201 2193 255 2220 que
267 2194 317 2212 non
330 2190 452 2216 nossent.
471 2195 500 2212 ac
510 2190 613 2212 tantum
625 2186 777 2217 audissent,
795 2195 840 2213 eos
856 2188 911 2222 pari
927 2187 998 2214 cala-
1048 2192 1138 2223 posset
1152 2188 1180 2214 in
1196 2187 1275 2214 malis
1290 2186 1454 2222 reipublicae
1468 2191 1575 2221 portum
1589 2194 1701 2213 suorum
1710 2185 1843 2213 malorum

202 2223 292 2249 mitate
303 2231 374 2255 esse3
392 2224 592 2258 quaesiverunt,
604 2228 729 2250 essentne
739 2224 832 2250 eadem
843 2223 998 2251 voluntate?
1048 2225 1166 2260 aliquem
1181 2225 1312 2251 invenire.
1352 2225 1444 2259 Itaque
1459 2223 1618 2251 introductis
1627 2224 1656 2251 in
1665 2227 1790 2250 senatum
1801 2223 1844 2250 in-

201 2259 272 2292 Quid
284 2259 360 2286 tum?
370 2260 480 2287 Cassius
491 2261 514 2287 si
525 2260 717 2296 respondisset,
725 2261 797 2288 idem
808 2262 907 2288 sentire
917 2266 943 2288 et
953 2270 997 2288 se-
1047 2262 1163 2293 dicibus,
1175 2262 1303 2288 constitui
1313 2266 1462 2292 senatores.
1474 2261 1523 2296 qui
1532 2261 1622 2288 omnia
1631 2260 1752 2288 indicum
1761 2260 1842 2292 dicta,

201 2306 263 2323 cum
275 2296 359 2324 facere
371 2297 483 2329 Sullam,
497 2302 585 2325 tamen
597 2298 663 2325 mihi
676 2307 727 2325 non
739 2299 875 2325 videretur
884 2300 912 2325 in
923 2299 996 2326 hunc
1047 2301 1220 2335 interrogata,
1233 2307 1360 2334 responsa
1371 2298 1576 2334 perscriberent.
1616 2298 1659 2325 42.
1677 2298 1713 2324 At
1721 2305 1791 2332 quos
1802 2298 1844 2325 vi-

201 2334 228 2360 id
238 2335 414 2361 criminosum
426 2343 484 2361 esse
496 2335 601 2362 debere.
614 2335 684 2368 Quid
696 2335 750 2362 ita‘?
759 2337 832 2371 quia,
840 2337 888 2371 qui
900 2336 996 2363 barba·
1047 2336 1109 2364 ros?
1128 2345 1181 2363 non
1195 2336 1284 2363 solum
1297 2344 1404 2363 summa
1415 2336 1514 2362 virtute
1523 2340 1550 2362 et
1559 2334 1624 2368 fide;
1645 2335 1725 2361 cuius
1735 2335 1843 2370 generis

202 2380 244 2398 ros
260 2371 382 2398 homines
397 2372 430 2398 ad
446 2372 548 2399 bellum
562 2372 726 2408 impelleret,
748 2382 801 2400 non
816 2373 930 2400 debehat
945 2374 997 2400 mi·
1046 2374 1075 2401 in
1085 2378 1180 2401 senatu
1191 2373 1304 2400 facultas
1314 2373 1445 2400 maxima:
1466 2371 1516 2399 sed
1529 2372 1622 2403 etiam,
1639 2380 1709 2407 quos
1723 2371 1842 2398 sciebam

202 2417 284 2435 nuere
294 2409 402 2436 illorum
413 2410 595 2445 suspicionem
611 2415 637 2436 et
648 2418 761 2446 purgare
772 2419 817 2437 eos
825 2431 831 2442 ,
849 2411 883 2438 de
893 2411 996 2446 quibus
1046 2412 1188 2442 memoria,
1199 2411 1310 2438 scientia
1318 2431 1324 2442 ,
1339 2409 1534 2437 consuetudine
1543 2413 1570 2436 et
1578 2408 1713 2435 celeritate
1722 2409 1844 2436 scriben—

201 2444 241 2471 illi
253 2445 354 2481 aliquid
365 2447 574 2481 suspicarentur.
615 2449 657 2474 37.
679 2448 737 2474 Non
747 2448 885 2483 respondit
895 2453 993 2480 tamen,
1046 2448 1074 2475 di
1089 2448 1229 2480 facillime,
1246 2456 1316 2483 quae
1325 2448 1490 2477 dicerentur,
1503 2446 1628 2481 persequi
1639 2454 1733 2481 posse:
1749 2446 1779 2473 C.
1791 2445 1843 2473 Go-

202 2490 255 2508 una
272 2482 356 2510 facere
371 2483 484 2511 Sullam.
524 2484 629 2511 Etenim
645 2489 716 2512 esset
729 2485 892 2516 absurdum,
908 2494 994 2520 quum
1045 2487 1182 2517 soonium,
1203 2485 1252 2521 qui
1266 2489 1330 2512 tunc
1345 2489 1400 2511 erat
1414 2488 1531 2519 praetor:
1553 2483 1590 2510 M.
1606 2482 1772 2515 Messallam,
1792 2483 1842 2519 qui

201 2523 302 2546 ceteros
313 2529 361 2546 sna
372 2526 466 2555 sponte
481 2522 657 2553 nominasset.
675 2522 836 2548 mentionem
849 2522 941 2550 Sullae
955 2522 996 2549 fa-
1046 2527 1103 2549 tum
1114 2527 1267 2558 praeturam
1278 2522 1397 2557 petebat:
1408 2520 1594 2556 P.Nigidium‚
1606 2519 1839 2555 App.Claudium.

202 2564 260 2582 cere
281 2556 396 2588 nullam,
420 2559 470 2584 nisi
491 2559 657 2585 admonitum
672 2563 699 2585 et
713 2559 919 2595 interrogatum:
941 2560 995 2586 nisi
1046 2559 1131 2587 Credo
1141 2568 1200 2587 esse
1213 2560 1362 2590 neminem,
1377 2559 1426 2594 qui
1436 2558 1480 2585 his
1489 2557 1646 2584 hominibus
1656 2557 1691 2584 ad
1698 2565 1762 2584 vere
1771 2557 1842 2585 refe-

203 2592 269 2619 forte
280 2593 336 2620 veri
347 2594 436 2621 simile
447 2600 494 2625 est,
509 2596 536 2621 P.
544 2596 634 2622 Sullae
644 2604 741 2622 nomen
751 2597 780 2622 in
791 2597 918 2623 memoria
930 2596 996 2624 Cas-
1045 2597 1159 2624 rendum
1170 2601 1216 2624 aut
1226 2597 1307 2624 fidem
1318 2601 1402 2632 putet,
1413 2599 1460 2622 aut
1468 2595 1608 2631 ingenium
1617 2594 1748 2622 defuisse.

202 2630 242 2656 sio
253 2639 305 2657 non
316 2630 410 2657 fuisse.
451 2631 479 2658 Si
491 2632 614 2659 nobilitas
627 2633 752 2664 hominis,
769 2633 793 2659 si
803 2633 900 2660 afflicta
910 2633 996 2661 fortu-
1100 2634 1159 2662 XV.
1174 2634 1247 2667 Quid
1256 2632 1371 2661 deinde?
1380 2631 1448 2668 quid
1458 2631 1528 2659 feci?
1537 2640 1624 2667 quum
1633 2633 1739 2664 scirem,
1751 2632 1788 2658 ita
1797 2631 1842 2659 in-

203 2675 248 2698 na,
265 2668 289 2694 si
305 2667 434 2703 reliquiae
448 2669 574 2704 pristinae
589 2670 728 2705 dignitatis
743 2679 795 2697 non
809 2674 863 2697 tam
874 2670 994 2698 illustres
1046 2671 1148 2699 dicium
1163 2672 1192 2699 in
1207 2670 1313 2698 tabulas
1327 2670 1451 2706 publicas
1467 2668 1594 2702 relatum,
1616 2674 1647 2696 ut
1660 2669 1723 2696 illae
1733 2668 1841 2696 tabulae

209 216 248 237 tes
259 218 391 245 auresque
404 214 512 237 vesunu.
526 213 551 234 ct
563 217 604 235 mc
615 208 647 234 de
659 208 799 235 invidiosis
811 208 900 239 rebus.
915 213 943 234 ut
955 208 1000 235 ille

1905 3011 1918 3052 ιμ’Δ
1911 2994 1917 2999 ι
