1941 3052
261 201 288 222 ΞΗ

792 197 813 219 3.

847 194 1050 220 ΙΝίζΕΙῑΤΙ
1086 193 1334 221 Αῑέ(ζΤΟΠΙΒ

258 272 352 301 posset.
371 266 419 292 linc
432 265 502 300 quod
519 265 566 291 feci
583 265 636 291 foro
652 264 744 291 inutile
759 264 893 299 putabam,
910 268 1044 298 propterea
1066 268 1068 300 y
1097 264 1260 296 imaginibus·
1279 266 1431 291 commoniti
1450 265 1538 291 dica-re
1555 268 1690 301 possimus
1712 267 1737 293 id
1756 268 1826 303 quod
1844 268 1881 295 lo-

257 304 327 339 quod
347 304 390 329 liic.
408 304 548 329 adnumero
569 303 710 331 voluimus,
731 302 802 336 quod
817 306 958 335 oporteret:
985 301 1045 327 reli·
1066 307 1075 359 ῙΙ

1066 358 1068 367 i

257 351 308 376 qua
324 341 457 367 trademus
471 340 656 366 exercitationi.
688 340 738 364 lloc
753 340 819 364 scire
834 344 919 363 tamen
934 343 1042 372 oportet,

1096 302 1135 326 ci»
1151 301 1374 327 mandaverimus.
1409 305 1449 328 at.
1464 304 1549 334 Quare
1564 303 1647 338 placet
1658 309 1682 329 et
1692 313 1724 330 ex
1738 305 1830 331 ordine
1844 305 1881 332 lo-

1097 346 1140 363 ros
1153 346 1317 372 comparare:
1341 344 1365 364 et
1381 339 1459 368 locon.
1472 348 1540 374 quos
1557 341 1761 375 sumpserimus,
1777 343 1882 378 egregie

257 379 497 413 pronuntiationem
514 378 608 403 bonam
624 377 649 403 id
664 376 797 411 perficere,
816 381 844 401 ut
857 383 897 401 res
912 383 943 401 ex
957 376 1046 401 animo
1066 392 1069 421 ι
1096 375 1275 401 commeditari
1287 376 1424 410 oportebit,
1442 381 1469 402 ut
1481 382 1607 411 perpetuo
1618 378 1693 403 nobis
1706 379 1882 414 liaererepos-

257 417 298 451 agi
315 416 442 441 videatur.
1066 427 1069 486 v

314 490 381 515 xvi.
395 491 436 515 28.
461 490 536 515 Nunc
555 487 587 513 nd
607 487 760 513 thesaurum
780 486 946 512 inventorum
968 491 1046 521 atque

257 526 288 552 ad
304 527 423 552 omnium
439 527 552 561 partium
568 525 710 550 rhetoricae
720 523 866 552 custodem,
881 524 1043 553 memoriam,
1067 541 1069 565 ἱ

258 569 431 590 transcamus.
467 562 590 588 Memoria
607 565 695 587 utrum
716 560 808 586 babeat
822 561 969 595 quidquam
985 561 1047 586 arti-

258 602 350 630 ficiosi.
367 610 398 626 an
413 601 500 626 omnis
516 608 529 624 a
543 603 632 624 natura
649 598 837 632 proficiscatur,
854 597 926 623 aliud
941 598 1044 623 dicendi
1068 605 1076 635 Ἰ

1074 606 1076 619 l

258 643 363 672 tempus
375 638 459 671 magis
475 637 598 663 idoneum
609 636 725 662 dabitur.
757 636 832 661 Nunc
845 635 954 669 perinde
968 640 1046 669 atque
1068 637 1076 677 3²

258 680 357 701 constet
373 676 398 701 in
415 675 462 700 hac
478 683 503 700 re
518 674 632 700 multum
648 673 734 698 valere
749 677 830 698 artem
846 677 870 698 et
885 673 1047 706 praeceptio·
1068 677 1070 709 ζ

258 722 327 742 nem,
345 713 378 738 ita
393 721 421 737 ea
437 712 469 737 de
485 720 511 737 re
527 711 675 745 loquemur.
711 710 796 736 Placet
810 710 879 735 enim
900 710 975 735 nobis
990 717 1047 734 esse

258 750 398 775 artificium
412 749 566 779 memoriae,
579 756 660 783 quare
673 747 780 782 placeat,
789 747 853 772 alias
864 746 1044 778 ostendemus;

258 788 284 813 in
302 787 457 821 praesentia,
473 785 625 812 cuiusmodi
638 785 672 811 sit
686 793 714 810 ea
729 785 888 819 aperiemus.
911 784 977 809 Sunt
997 784 1048 818 igi-

258 829 301 850 tur
318 824 386 850 ‹luae
404 824 560 855 memoriam
584 831 636 848 una
651 823 786 852 naturalis,
803 821 881 847 altera
897 821 1045 847 artificiosa.

259 862 392 887 Naturalis
406 865 445 887 est
459 870 497 891 ea,
526 868 594 895 quae
609 860 707 886 nostris
721 860 817 885 animis
832 859 910 884 insita
922 863 961 883 est
975 858 1048 883 etsi-

258 899 314 925 mul
340 907 400 925 cum
424 898 580 933 cogitatione
606 901 678 929 nata;
706 896 845 922 artificiosa
860 900 899 921 est
912 904 950 925 ea,
966 903 1046 929 quam

257 936 395 962 confirmat
415 936 534 962 inductio
557 934 687 970 quaedam
711 938 735 959 et
757 934 822 959 ratio
844 933 1045 967 praeceptionis.

259 973 310 999 Sed
330 974 392 1008 quia
416 974 442 999 in
466 973 559 998 ceteris
583 972 663 998 rebus
686 971 785 1006 ingenii
807 971 910 996 bonitas
930 970 1048 995 imitatur

258 1019 336 1045 saepe
353 1010 508 1039 doctrinam,
528 1018 570 1035 ars
589 1017 665 1043 porro
680 1013 788 1034 naturae
801 1007 939 1033 commoda
953 1006 1048 1033 confir-

258 1053 312 1074 mat
326 1052 351 1074 et
365 1052 452 1083 auget,
469 1048 531 1073 item
546 1046 574 1072 fit
586 1047 614 1072 in
628 1046 677 1072 hac
693 1054 728 1076 re,
746 1049 775 1071 ut
789 1053 990 1079 nonnumquam
1002 1052 1048 1070 na-

258 1085 352 1112 turalis
371 1085 505 1116 memoria,
526 1084 548 1110 si
567 1084 610 1109 cui
631 1083 690 1109 data
709 1086 749 1109 est
768 1083 882 1118 egregia,
899 1081 996 1108 similis
1015 1081 1049 1106 sit

258 1122 322 1148 huic
345 1122 508 1148 artificiosae.
540 1122 581 1148 ⁶29.
594 1121 672 1147 Porro
695 1120 759 1146 haec
781 1120 920 1146 artiliciosa
941 1123 1048 1145 naturae

258 1160 395 1186 commoda
408 1160 501 1185 retinet
514 1163 538 1184 et
551 1158 695 1192 amplificat
708 1158 807 1184 ratione
819 1157 961 1183 doctrinae.
977 1156 1049 1188 Qua-

258 1202 365 1232 propter
374 1201 399 1223 et
413 1196 539 1223 naturalis
553 1196 678 1221 memoria
693 1195 876 1229 praeceptione
890 1194 1049 1220 confirman-

259 1234 291 1260 ‹la
306 1239 354 1265 est,
377 1239 405 1261 ut
419 1235 453 1260 sit
467 1234 584 1269 egregia,
611 1237 636 1259 et
655 1233 727 1263 haec,
744 1240 813 1267 quae
827 1232 945 1257 doctrina
960 1231 1045 1260 datur,

258 1271 361 1307 indiget
374 1272 484 1307 ingenii.
518 1271 571 1296 Nec
587 1270 636 1296 hoc
651 1270 736 1305 magis
750 1273 795 1295 aut
808 1269 898 1295 minus
908 1269 934 1294 in
950 1268 998 1293 hac
1010 1276 1045 1297 re,
1070 1287 1071 1300 ,

259 1318 340 1344 quam
370 1310 396 1335 in
421 1308 514 1334 ceteris
539 1308 641 1334 artibus
667 1307 704 1337 fit,
730 1310 759 1333 ut
777 1307 894 1342 ingenio,
918 1305 1045 1335 doctrina,

260 1347 443 1381 praeceptione
455 1350 547 1371 natura
562 1345 679 1371 nitescat.
714 1343 800 1376 Quare
820 1348 845 1369 et
865 1343 927 1373 illis,
943 1343 990 1377 qui
1002 1350 1049 1367 na-

259 1389 317 1410 tura
337 1391 467 1410 memores
485 1387 556 1413 sunt,
572 1382 646 1408 utilis
665 1381 730 1407 haec
743 1381 792 1407 erit
805 1381 950 1412 instituti03
976 1378 1048 1414 quod

260 1425 315 1447 tute
329 1420 418 1456 paullo
432 1425 491 1455 post
505 1420 602 1454 poteris
615 1419 771 1454 intelligere.
798 1417 873 1450 Quod
888 1418 910 1443 si
924 1417 972 1448 illi,
990 1416 1048 1442 freti

259 1459 367 1493 ingenio
381 1467 438 1488 suo,
456 1462 545 1484 nostro
559 1465 610 1483 non
624 1456 752 1491 indigent,
770 1460 856 1481 tamen
871 1455 940 1481 iusta
954 1462 1048 1480 caussa

259 1495 363 1526 datur*,
393 1503 475 1530 quare
497 1495 538 1525 iis,
559 1495 606 1529 qui
626 1494 716 1519 minus
730 1493 829 1527 ingenii
845 1492 951 1523 liabent,
973 1491 1050 1517 adiu-

259 1537 348 1559 mento
360 1532 476 1558 velimus
490 1539 557 1557 esse.
582 1532 659 1557 Nunc
669 1530 702 1556 de
716 1530 855 1556 artificiosa
869 1529 995 1555 memoria
1012 1527 1050 1554 lo-
1070 1523 1079 1555 ιῚ

259 1578 384 1604 quemur.
416 1569 523 1595 Constat
543 1569 626 1604 igitur
643 1567 782 1593 artificiosa
796 1567 922 1593 memoria
936 1575 969 1592 ex
985 1565 1049 1591 locis

260 1612 285 1633 et
300 1606 474 1642 imaginibus.
508 1607 590 1632 Locos
605 1604 772 1640 appellamus
787 1612 840 1635 eos,
860 1604 907 1639 qui
923 1603 1047 1633 breviter,

259 1644 383 1679 perfecte,
397 1643 524 1679 insignite
538 1647 583 1669 aut
597 1647 689 1668 natura
704 1646 750 1668 aut
760 1650 840 1667 manu
851 1639 1047 1671 suntabsoluti,

260 1686 289 1707 ut
303 1690 348 1708 eos
362 1681 438 1707 facile
452 1679 564 1707 naturali
582 1679 710 1706 memoria
722 1678 945 1713 comprehendere
956 1682 982 1704 et
994 1685 1051 1703 am·-

259 1719 338 1754 plecti
353 1727 493 1753 queamus,
507 1722 536 1744 ut
547 1717 632 1747 aedeS,
646 1716 892 1747 intercolumnium,
908 1714 1048 1751 angulum,

261 1756 387 1782 fornicem
410 1759 435 1781 et
460 1755 519 1786 alia,
542 1763 610 1789 quae
632 1753 676 1780 his
695 1753 793 1779 similia
812 1757 884 1779 sunt.
918 1752 1050 1788 Imagines

261 1797 324 1819 sunt
343 1792 442 1819 formae
459 1791 589 1827 quaedam
605 1795 631 1817 et
645 1795 720 1817 notae
734 1795 759 1816 et
777 1790 917 1816 simulacra
932 1790 990 1816 eius
1001 1789 1047 1820 rei,

260 1839 341 1865 quam
356 1830 510 1856 meminisse
520 1828 659 1861 volumus3
673 1827 744 1862 quod
758 1836 852 1863 genus,
869 1828 940 1862 equi,
955 1827 1047 1857 leonis,

261 1867 365 1902 aquilae
381 1867 535 1893 memoriam
553 1867 575 1892 si
594 1865 716 1892 volemus
731 1865 837 1895 habere,
862 1865 993 1900 imagines
1006 1872 1051 1890 eo-

261 1913 321 1931 rum
333 1905 411 1931 certis
424 1905 452 1931 in
466 1903 531 1930 locis
541 1903 668 1930 collocare
681 1911 729 1929 nos
742 1903 882 1937 oportebit.

317 1980 358 2005 30.
379 1980 465 2011 Nunc,
482 1977 633 2005 cuiusmodi
648 1977 718 2004 locos
731 1977 860 2008 invenire,
877 1981 902 2003 et
913 1984 966 2011 quo
975 1979 1050 2011 paeto

261 2017 376 2051 reperire
399 2021 425 2042 et
448 2017 475 2042 in
501 2015 565 2042 locis
590 2015 720 2051 imagines
745 2015 904 2041 constituere
923 2017 1048 2048 oporteat,

261 2054 441 2079 ostendemus.
467 2053 548 2079 XV11.
564 2052 794 2085 Quemadmodum
807 2052 890 2087 igitur
899 2052 947 2086 qui
962 2051 1050 2077 literas

261 2091 357 2121 sciunt,
366 2095 478 2125 possunt
488 2090 515 2116 id
521 2090 593 2125 quod
599 2090 727 2116 dictatum
733 2094 774 2115 est
783 2089 898 2115 scribere
908 2093 933 2114 et
942 2088 1050 2114 recitare

261 2128 334 2163 quod
349 2128 526 2162 scripserunt,
543 2128 578 2153 ita
593 2128 639 2162 qui
654 2126 798 2162 μνημοιίκά
812 2126 971 2156 didicerunt,
987 2133 1051 2159 pos·
1072 2136 1073 2141 ¹

261 2170 325 2191 sunt
335 2173 404 2200 quae
415 2165 556 2190 audierunt
566 2165 594 2190 in
605 2164 668 2190 locis
679 2163 806 2190 collocare
815 2168 841 2189 et
853 2171 887 2189 ex
897 2163 940 2188 bis
949 2171 1051 2188 memo·
1072 2171 1073 2174 ¹

261 2203 324 2228 riter
334 2202 514 2237 pronuntiare.
530 2202 592 2228 Loci
604 2201 674 2227 enim
686 2208 760 2227 cerae
770 2205 815 2226 aut
824 2200 930 2226 chartae
943 2199 1051 2225 similli-

261 2240 298 2266 mi
309 2243 385 2271 sunt;
401 2240 533 2274 imagines
545 2238 641 2271 literis,
652 2238 792 2272 dispositio
802 2241 828 2263 et
837 2237 973 2263 collocatio
983 2237 1051 2262 ima—

261 2277 356 2312 ginum
367 2277 522 2311 scripturae;
530 2275 709 2310 pronuntiatio
719 2274 833 2301 lectioni.
841 2273 948 2309 Oportet
959 2274 1048 2308 igitur,

261 2315 284 2340 si
299 2313 424 2340 volumus
435 2312 517 2339 multa
531 2313 694 2343 meminisse,
702 2311 800 2338 multos
811 2311 888 2338 nobis
899 2311 968 2337 locos
978 2319 1051 2336 com—

261 2359 361 2386 parare,
381 2355 410 2377 ut
427 2351 454 2376 in
473 2349 566 2376 multis
586 2349 649 2375 locis
668 2348 766 2375 multas
779 2349 909 2384 imagines
923 2347 1050 2374 collocare

261 2388 407 2422 possimus.
428 2388 494 2413 Item
505 2391 630 2422 putamus
641 2390 759 2421 oportere
771 2394 803 2411 ex
816 2386 908 2412 ordine
921 2384 969 2411 hos
980 2384 1050 2410 locos

262 2425 367 2456 habere,
380 2433 413 2451 ne
423 2425 530 2460 quando
542 2423 738 2459 perturbatione
749 2422 850 2449 ordinis
861 2422 1048 2457 impediamur,

261 2470 316 2496 quo
333 2462 430 2491 secius,
452 2466 533 2496 quoto
543 2469 650 2496 quoque
664 2460 721 2486 loco
733 2459 830 2491 licebit,
846 2459 888 2485 vel
903 2459 936 2485 ab
946 2459 1052 2494 superi-

261 2507 306 2525 ore
320 2498 360 2524 vel
375 2499 407 2524 ab
421 2498 546 2525 inferiore
560 2498 600 2524 vel
612 2506 626 2524 a
637 2497 723 2524 media
738 2502 811 2532 parte
821 2497 950 2532 imagines
973 2496 1050 2530 sequi

261 2540 287 2562 et
308 2544 346 2566 ea,
367 2544 435 2570 quae
453 2535 574 2561 mandata
595 2535 659 2561 locis
679 2539 764 2566 erunt,
785 2534 875 2560 videre
893 2538 918 2559 et
934 2533 1052 2568 proferre

262 2573 405 2608 possimus.
438 2572 530 2599 va.
547 2573 614 2599 Nam
629 2576 666 2603 ut,
683 2572 707 2598 si
721 2572 748 2598 in
761 2571 853 2598 ordine
863 2575 962 2597 stantes
975 2574 1050 2596 notos
1079 2594 1081 2602 ,

261 2609 412 2644 complures
426 2609 583 2640 viderimus,
604 2609 671 2635 nihil
691 2613 779 2635 nostra
798 2608 914 2638 intersit,
931 2612 1022 2634 utrum
1036 2615 1050 2632 a

262 2655 368 2672 summo
388 2655 420 2672 an
434 2646 468 2671 ab
483 2647 536 2672 imo
549 2655 582 2672 an
601 2655 616 2672 a
634 2645 722 2672 medio
735 2646 841 2672 nomina
856 2653 947 2671 eorum
963 2644 1051 2670 dicere

262 2684 437 2718 incipiamus;
458 2683 520 2709 item
533 2684 560 2709 in
574 2683 638 2709 locis
648 2691 681 2709 ex
690 2682 782 2709 ordine
793 2682 926 2709 collocatis
935 2681 1047 2712 eveniet,

262 2725 292 2748 ut
311 2721 338 2748 in
352 2719 499 2756 quamlibet
513 2725 622 2755 partem,
640 2724 721 2755 quoto
740 2727 847 2755 quoque
865 2719 921 2746 loco
944 2718 1047 2749 libebit,

1074 680 1077 720 l

1075 724 1077 783 Ι

1097 413 1158 437 sint.
1183 412 1246 438 Nam
1259 414 1396 447 imagines,
1413 415 1482 439 sieut
1495 414 1592 445 literne,
1608 414 1738 445 delentur,
1756 416 1801 442 ubi
1816 416 1882 443 nihil

1100 448 1172 485 lillis]
1193 450 1306 475 utimur:
1330 450 1387 480 lori,
1405 455 1540 485 tamquam
1554 460 1621 481 cera,
1634 461 1766 479 remanere
1776 453 1881 480 debent.

1099 486 1137 515 Ei.
1155 495 1186 512 ne
1203 485 1266 512 forte
1283 488 1308 512 in
1325 496 1434 513 numero
1450 488 1564 514 locorum
1581 488 1635 515 falli
1648 490 1791 524 possimus,
1804 491 1884 525 quin-

1099 527 1153 548 tum
1170 531 1305 558 quemque
1321 524 1406 550 locum
1422 525 1506 559 placet
1520 526 1616 557 notari;
1632 526 1703 561 quod
1715 535 1808 557 uenus,
1822 528 1844 553 si
1856 528 1883 554 in

1097 561 1191 594 quinto
1214 560 1269 586 loco
1289 570 1396 587 manum
1419 570 1524 587 auream
1550 557 1761 594 ‹·0llo‹=emus,'in
1781 564 1885 591 decimo

1097 597 1212 631 aliquem
1237 603 1336 629 notum,
1359 599 1401 625 cui
1426 608 1582 633 praenomen
1604 601 1636 626 sit
1652 601 1769 633 Decimo;
1789 601 1885 628 deinde

1098 633 1173 660 facile
1191 635 1239 660 erit
1253 635 1378 670 deinc-ep«
1394 637 1495 662 simus—s
1511 642 1583 662 notas
1597 638 1691 671 quinto
1703 646 1810 673 quoque
1830 638 1886 666 loco

1097 671 1232 698 collocare.
1268 673 1341 698 xix.
1363 674 1425 699 tis-m
1450 674 1616 699 commodius
1637 679 1676 700 est
1700 675 1727 701 in
1749 675 1882 707 derelicta.

1097 717 1176 742 quam
1193 709 1219 735 in
1239 709 1334 736 celebri
1359 711 1464 745 regione
1484 710 1553 736 locos
1572 720 1732 746 comparare,
1749 717 1884 747 proptere-

1097 745 1168 780 quod
1194 746 1339 781 frequentia
1353 752 1378 772 et
1391 747 1572 773 obambulatio
1594 748 1732 775 hominum
1747 749 1886 776 conturbat

1076 811 1077 818 ἵ
1098 787 1123 808 et
1139 783 1253 809 infirmat
1271 784 1419 816 imaginum
1436 789 1517 815 notas,
1539 785 1653 811 solitudo
1666 790 1803 812 conservat
1818 787 1885 813 inte-

1076 847 1077 852 ,
1097 828 1157 855 gras
1171 814 1374 846 simulacrorum
1387 821 1494 856 figuras.
1526 822 1657 848 Praeterea
1672 823 1817 849 di<similes
1832 823 1885 850 for-

1099 866 1139 882 ma
1160 862 1238 892 atque
1258 862 1349 883 natura
1372 857 1419 884 loci
1437 859 1605 893 comparandi
1626 865 1696 889 sunt,
1721 865 1747 886 ut
1761 861 1886 887 distincto

1099 894 1254 920 interlucere
1269 896 1379 929 possint.
1411 896 1476 921 Nam
1494 897 1575 930 siqui
1592 896 1672 922 multa
1684 897 1886 924 intercolumnia

1076 939 1077 945 ¹
1098 933 1255 965 sumpserit,
1279 932 1480 958 conturbabitur
1501 933 1677 959 similitudine
1703 934 1832 965 locorum,
1857 939 1886 961 ut

1076 990 1077 1003 3
1099 969 1207 1001 ignoret,
1221 969 1286 1003 quid
1301 978 1408 1004 quoque
1423 970 1449 995 in
1465 969 1522 995 loco
1534 970 1675 996 collocarit.
1706 971 1738 997 Et
1753 972 1886 1007 magnitu·
1908 998 1910 1002 ,

1076 1020 1077 1028 1
1099 1006 1161 1031 dine
1177 1006 1278 1031 modica
1295 1011 1318 1031 et
1331 1007 1475 1032 mediocres
1491 1006 1559 1033 locos
1570 1007 1666 1033 habere
1675 1013 1784 1042 opertet.
1819 1009 1885 1035 Nam

1069 1043 1077 1069 '.
1099 1047 1124 1069 et
1148 1048 1250 1077 practer
1273 1044 1382 1069 modum
1405 1044 1486 1078 ampli
1506 1053 1586 1080 vagas
1608 1045 1738 1080 imagines
1757 1045 1884 1078 reddunt,

1099 1085 1125 1106 et
1151 1081 1232 1106 nimis
1255 1081 1361 1116 angusti
1385 1089 1463 1115 saepe
1485 1090 1535 1107 non
1557 1081 1680 1108 videntur
1703 1091 1780 1117 posse
1793 1091 1886 1117 capere

1101 1118 1247 1153 imaginum
1269 1118 1475 1144 collocationem.
1511 1120 1551 1145 32.
1577 1119 1643 1145 Tum
1665 1128 1713 1145 nec
1729 1120 1810 1146 nimis
1823 1119 1887 1146 illu-

1099 1159 1174 1185 stres,
1196 1163 1244 1181 nec
1262 1155 1431 1181 veliementer
1444 1156 1570 1182 obscuros
1587 1155 1655 1182 locos
1670 1156 1760 1183 haberi
1775 1161 1884 1192 oportet,

1100 1200 1132 1217 ne
1150 1197 1195 1218 aut
1212 1197 1381 1218 occaecentur
1403 1193 1518 1219 tenebris
1539 1194 1668 1229 imagines
1685 1198 1730 1220 aut
1747 1194 1887 1229 splendore

1100 1229 1290 1265 praefulgeant.
1343 1230 1480 1255 Intervalla
1511 1229 1628 1256 locorum
1659 1231 1800 1257 mediocria
1828 1239 1888 1258 esse

1100 1266 1191 1300 placet,
1209 1266 1263 1292 sere
1282 1266 1372 1301 paullo
1385 1266 1446 1301 plus
1465 1274 1510 1293 aut
1530 1268 1619 1293 minus
1633 1268 1732 1302 pedum
1746 1269 1886 1294 tricenam.
1914 1295 1915 1298 ,

1100 1304 1165 1329 Nam
1181 1308 1208 1329 ut
1222 1309 1353 1338 aspectus,
1367 1304 1401 1330 ita
1415 1305 1538 1339 cogitatio
1549 1305 1638 1331 minus
1649 1305 1726 1335 valet,
1738 1306 1796 1331 sive
1806 1306 1888 1332 nimis
1909 1314 1914 1321 ’

1100 1340 1190 1375 procul
1210 1342 1361 1371 removeris,
1382 1342 1439 1367 sive
1459 1342 1627 1368 vehementer
1641 1350 1722 1377 prope
1738 1341 1888 1369 admoveris
1909 1353 1914 1361 ·

1100 1378 1125 1403 id
1142 1377 1212 1412 quod
1227 1383 1327 1412 oportet
1341 1378 1436 1404 videri.
1469 1378 1520 1405 Sed
1531 1387 1694 1414 quamquam
1710 1379 1786 1405 facile
1799 1384 1838 1406 est
1851 1380 1886 1411 ei,

1077 1442 1078 1446 ,
1099 1416 1146 1449 qui
1166 1414 1254 1450 paullo
1272 1415 1348 1450 plura
1367 1415 1551 1450 exploraverit,
1571 1421 1595 1442 et
1613 1417 1737 1451 quamvis
1751 1417 1849 1443 multos
1862 1421 1889 1444 et

1077 1451 1079 1466 ³·
1101 1452 1208 1478 idoneos
1225 1451 1294 1478 locos
1307 1461 1467 1487 comparare,
1488 1458 1574 1479 tamen
1593 1453 1614 1479 si
1629 1453 1691 1488 quis
1705 1454 1769 1480 satis
1780 1453 1888 1481 idoneos

1101 1489 1220 1515 invenire
1237 1498 1266 1515 se
1284 1498 1334 1516 non
1354 1490 1466 1524 putabit,
1491 1490 1548 1525 ipse
1566 1490 1617 1516 sibi
1631 1491 1781 1522 constituat,
1805 1499 1888 1527 quam

1100 1526 1171 1552 volet
1184 1525 1291 1558 multos,
1309 1526 1406 1553 licebit.
1437 1527 1567 1563 Cogitatio
1579 1528 1650 1554 enim
1664 1528 1788 1563 quamvis
1801 1529 1889 1564 regio-
1908 1542 1911 1546 ⁸

1070 1573 1079 1586 ν
1101 1572 1161 1589 nem
1175 1568 1261 1598 potest
1274 1563 1397 1598 amplecti
1411 1569 1436 1590 et
1449 1565 1476 1590 in
1490 1573 1519 1590 ea
1533 1565 1614 1591 situm
1630 1564 1678 1591 loci
1691 1565 1832 1592 cuiusdam
1854 1565 1888 1593 ad

1078 1619 1079 1623 .
1100 1610 1180 1627 suum
1201 1599 1380 1637 [commodum
1399 1600 1433 1638 et]
1448 1601 1586 1628 arbitrium
1602 1601 1723 1628 fabricari
1737 1606 1762 1628 et
1775 1602 1889 1629 archita

1100 1639 1174 1664 ctari.
1208 1637 1294 1670 Quare
1317 1638 1414 1669 licebit,
1439 1639 1462 1664 si
1481 1639 1529 1665 hac
1547 1644 1666 1674 prompta
1683 1640 1758 1674 copia
1771 1640 1887 1667 contenti

1102 1684 1153 1702 non
1167 1675 1276 1706 erimus,
1293 1677 1469 1710 nosmetipsos
1483 1676 1560 1702 nobis
1572 1677 1730 1712 cogitatione
1745 1682 1832 1704 nostra
1845 1685 1888 1704 re-

1100 1713 1206 1748 gionem
1229 1713 1389 1739 constituere
1419 1718 1445 1739 et
1461 1713 1617 1740 idoneorum
1636 1713 1753 1741 locorum
1770 1723 1888 1742 eommo-

1101 1750 1240 1776 dissimam
1254 1749 1450 1776 distinctionem
1468 1759 1629 1786 comparare.

1156 1824 1218 1850 XX.
1242 1824 1278 1850 De
1301 1823 1366 1851 locis
1385 1825 1448 1851 satis
1467 1825 1568 1851 dictum
1587 1829 1640 1852 est:
1663 1833 1733 1852 nunc
1746 1825 1778 1852 ad
1791 1826 1888 1862 imagi-

1101 1870 1166 1887 num
1181 1861 1309 1888 rationem
1323 1866 1499 1888 transeamus.
1522 1864 1563 1889 33.
1578 1862 1708 1895 Quoniam
1722 1871 1785 1898 ergo
1798 1871 1887 1890 rerum

1101 1898 1204 1925 similes
1221 1899 1352 1934 imagines
1369 1907 1428 1925 esse
1441 1904 1550 1934 oportet,
1571 1904 1596 1926 et
1613 1908 1647 1926 ex
1659 1900 1785 1926 omnibus
1798 1900 1888 1927 verbis

1102 1940 1176 1962 notas
1193 1935 1270 1962 nobis
1288 1936 1478 1962 similitudines
1495 1936 1594 1972 eligere
1612 1937 1750 1968 debemus,
1765 1937 1888 1972 duplices

1101 1973 1292 2000 similitudines
1309 1981 1368 1999 esse
1385 1974 1490 2004 debent,
1511 1982 1578 2000 unae
1597 1983 1694 2005 rerum,
1714 1974 1810 2001 alterae
1827 1983 1888 2001 ver-

1078 2027 1080 2031 >
1101 2011 1206 2037 borum.
1239 2010 1338 2036 Rerum
1362 2011 1553 2037 similitudines
1578 2011 1774 2046 exprimuntur,
1801 2019 1887 2047 quum

1078 2263 1080 2298 l

1078 2425 1081 2459 Ι

1079 2480 1081 2512 l

1079 2516 1081 2578 l

1078 2051 1080 2064 ῑ
1101 2047 1255 2074 summatim
1273 2047 1393 2082 ipsorum
1411 2049 1576 2083 negotiorum
1599 2048 1729 2084 imagines
1751 2057 1888 2084 eompara-

1078 2094 1079 2098 *
1101 2094 1175 2111 mus:
1201 2085 1342 2111 verborum
1361 2085 1552 2111 similitudines
1570 2086 1777 2117 constituuntur,
1801 2094 1887 2121 quum

1101 2123 1182 2149 unius
1195 2123 1328 2157 cuiusque
1341 2123 1457 2148 nominis
1470 2127 1495 2148 et
1505 2122 1626 2149 vocabuli
1637 2123 1762 2149 memoria
1771 2123 1888 2159 imagine
1923 2132 1925 2134 ·

1102 2164 1215 2186 notatur.
1230 2160 1278 2186 Rei
1292 2160 1372 2185 totius
1386 2160 1539 2185 memoriam
1554 2168 1631 2194 saepe
1645 2168 1698 2186 una
1712 2164 1771 2186 nota
1784 2160 1888 2187 etima-
1921 2162 1923 2167 ‘

1100 2198 1162 2232 gine
1175 2196 1291 2231 simplici
1305 2196 1569 2231 comprehendemus,
1586 2196 1635 2223 hoe
1649 2196 1739 2223 modo:
1766 2201 1795 2223 ut
1807 2197 1829 2223 si
1843 2205 1888 2224 ao-

1078 2252 1079 2258 .
1101 2238 1206 2260 cusator
1222 2234 1328 2264 dixerit,
1348 2234 1381 2260 ab
1395 2241 1438 2259 reo
1452 2234 1587 2260 hominem
1601 2242 1703 2260 veneno
1715 2238 1846 2265 necatum,
1860 2238 1888 2261 et

1078 2303 1080 2308 .
1101 2270 1255 2297 hereditatis
1267 2279 1361 2297 caussa
1375 2270 1473 2297 factum
1487 2271 1612 2307 arguerit,
1627 2275 1653 2297 et
1665 2271 1724 2297 eius
1737 2271 1774 2297 rei
1788 2270 1888 2298 multos
1922 2266 1923 2270 ¹

1078 2310 1080 2330 ἱ
1101 2308 1198 2334 dixerit
1212 2312 1290 2334 testes
1304 2312 1329 2334 et
1341 2309 1461 2334 conscios
1475 2316 1547 2334 esse:
1569 2309 1592 2334 si
1606 2308 1656 2334 boc
1668 2308 1795 2342 primum,
1810 2312 1841 2334 ut
1852 2307 1888 2335 ad

1078 2355 1080 2378 l
1100 2345 1297 2371 defendendum
1315 2345 1391 2371 nobis
1409 2345 1562 2380 expeditum
1579 2345 1622 2375 sit,
1642 2345 1797 2371 meminisse
1814 2344 1888 2372 vole-
1908 2342 1922 2379 ἶ

1078 2390 1081 2409 ι
1101 2391 1175 2415 mus;
1198 2382 1225 2408 in
1239 2382 1325 2416 primo
1340 2381 1395 2408 loco
1409 2383 1446 2408 rei
1460 2383 1540 2409 totius
1553 2382 1696 2417 imaginem
1709 2381 1888 2409 conformabi-
1908 2382 1921 2402 δ

1101 2428 1176 2446 mus:
1203 2424 1339 2455 aegrotum
1363 2419 1388 2445 in
1413 2419 1479 2446 lecto
1495 2420 1636 2446 cubantem
1654 2418 1783 2445 faciemus
1795 2419 1886 2454 ipsum

1079 2462 1081 2466 ·
1101 2456 1187 2487 illum,
1213 2456 1246 2482 de
1263 2465 1317 2491 quo
1334 2462 1434 2492 agetur,
1458 2457 1481 2482 si
1495 2455 1606 2483 formam
1620 2456 1678 2482 eius
1691 2455 1884 2489 detinebimus;

1101 2494 1124 2520 si
1142 2502 1203 2519 eum
1223 2502 1274 2519 non
1293 2494 1488 2530 agnoverimus,
1507 2493 1624 2528 aliquem
1638 2497 1774 2529 aegrotum
1787 2501 1840 2519 non
1853 2493 1888 2519 de

1101 2531 1213 2557 minimo
1234 2530 1291 2557 loco
1312 2539 1459 2562 sumemus,
1487 2535 1517 2556 ut
1537 2531 1590 2556 cito
1612 2530 1639 2556 in
1662 2534 1778 2556 mentem
1795 2530 1888 2556 venire

1101 2568 1193 2602 possit,
1213 2572 1239 2594 et
1256 2576 1332 2594 reum
1349 2567 1382 2594 ad
1400 2568 1496 2594 lectum
1514 2568 1572 2593 eius
1590 2567 1775 2598 adstituemus,
1794 2566 1888 2594 dextra

1101 2605 1236 2640 poculum,
1257 2605 1364 2631 sinistra
1382 2604 1494 2634 tabulas,
1514 2604 1617 2630 medico
1632 2602 1734 2640 [digito]
1749 2603 1886 2631 testiculos

1072 2642 1081 2663 ¹1
1101 2642 1224 2669 arietinos
1243 2647 1384 2668 tenentem.
1426 2642 1479 2668 Hoc
1491 2641 1570 2667 modo
1582 2645 1609 2667 et
1621 2642 1729 2667 testium
1742 2646 1768 2667 et
1780 2640 1888 2668 heredi·-

1101 2680 1161 2706 tatis
1191 2685 1217 2705 et
1233 2687 1336 2706 veneno
1353 2679 1437 2705 necati
1451 2678 1606 2704 memoriam
1619 2678 1715 2704 habere
1727 2678 1892 2713 poterimus.-

1078 2741 1080 2745 .
1101 2718 1142 2743 34.
1166 2717 1229 2743 Item
1247 2716 1373 2751 deinceps
1391 2720 1475 2742 cetera
1491 2716 1603 2742 crimina
1620 2724 1654 2742 ex
1670 2715 1762 2742 ordine
1779 2715 1808 2742 in
1821 2714 1886 2742 loeis

1911 1469 1916 1489 l

1908 1498 1915 1523 l

1911 1936 1923 2003 ἑ

1906 2407 1921 2428 ⁴.

1910 2429 1917 2439 x

1904 2440 1920 2542 l

1904 2543 1918 2750 l

1903 2772 1919 2871 ὲ

1910 2876 1917 2903 ¹,

1910 2936 1917 2969 ζ

1907 2978 1918 2994 Ἃ

1903 2999 1925 3052 f
