<?xml version="1.0" encoding="UTF-8"?>
<!DOCTYPE html PUBLIC "-//W3C//DTD XHTML 1.0 Transitional//EN"
    "http://www.w3.org/TR/xhtml1/DTD/xhtml1-transitional.dtd">
<html xmlns="http://www.w3.org/1999/xhtml" xml:lang="en" lang="en">
 <head>
  <title>
</title>
<meta http-equiv="Content-Type" content="text/html;charset=utf-8" />
  <meta name='ocr-system' content='tesseract 3.04.00' />
  <meta name='ocr-capabilities' content='ocr_page ocr_carea ocr_par ocr_line ocrx_word'/>
</head>
<body>
  <div class='ocr_page' id='page_1' title='image "./operaomniaunovol00ciceuoft_0687.png"; bbox 0 0 1941 3052; ppageno 0'>
   <div class='ocr_carea' id='block_1_1' title="bbox 1 1412 126 1442">
    <p class='ocr_par' dir='ltr' id='par_1_1' title="bbox 1 1412 126 1442">
     <span class='ocr_line' id='line_1_1' title="bbox 1 1412 126 1442; baseline -0.008 -8"><span class='ocrx_word' id='word_1_1' title='bbox 1 1439 3 1442; x_wconf 60' lang='lat'>.</span> <span class='ocrx_word' id='word_1_2' title='bbox 39 1412 126 1434; x_wconf 70' lang='lat' dir='ltr'>scribit.</span> 
     </span>
    </p>
   </div>
   <div class='ocr_carea' id='block_1_2' title="bbox 0 0 19 3052">
    <p class='ocr_par' dir='ltr' id='par_1_2' title="bbox 0 0 19 3052">
     <span class='ocr_line' id='line_1_2' title="bbox 0 0 19 3052; baseline 0 0"><span class='ocrx_word' id='word_1_3' title='bbox 0 0 19 3052; x_wconf 95' lang='lat' dir='ltr'> </span> 
     </span>
    </p>
   </div>
   <div class='ocr_carea' id='block_1_3' title="bbox 539 641 1186 672">
    <p class='ocr_par' dir='ltr' id='par_1_3' title="bbox 539 641 1186 672">
     <span class='ocr_line' id='line_1_3' title="bbox 539 641 1186 672; baseline -0.003 0"><span class='ocrx_word' id='word_1_4' title='bbox 539 642 574 672; x_wconf 90' lang='lat' dir='ltr'>M.</span> <span class='ocrx_word' id='word_1_5' title='bbox 613 641 814 671; x_wconf 90' lang='lat' dir='ltr'><strong>TULLII</strong></span> <span class='ocrx_word' id='word_1_6' title='bbox 856 641 1186 671; x_wconf 86' lang='lat' dir='ltr'>CICERONIS</span> 
     </span>
    </p>
   </div>
   <div class='ocr_carea' id='block_1_4' title="bbox 265 738 851 789">
    <p class='ocr_par' dir='ltr' id='par_1_4' title="bbox 265 738 851 789">
     <span class='ocr_line' id='line_1_4' title="bbox 265 738 851 789; baseline -0.002 -1"><span class='ocrx_word' id='word_1_7' title='bbox 265 738 851 789; x_wconf 77' lang='lat' dir='ltr'><strong>EPISTULARUM</strong></span> 
     </span>
    </p>
   </div>
   <div class='ocr_carea' id='block_1_5' title="bbox 674 857 875 894">
    <p class='ocr_par' dir='ltr' id='par_1_5' title="bbox 674 857 875 894">
     <span class='ocr_line' id='line_1_5' title="bbox 674 857 875 894; baseline 0 0"><span class='ocrx_word' id='word_1_8' title='bbox 674 857 875 894; x_wconf 83' lang='lat' dir='ltr'>LIBRI</span> 
     </span>
    </p>
   </div>
   <div class='ocr_carea' id='block_1_6' title="bbox 905 735 1457 894">
    <p class='ocr_par' dir='ltr' id='par_1_6' title="bbox 905 735 1457 894">
     <span class='ocr_line' id='line_1_6' title="bbox 905 735 1457 787; baseline -0.004 -1"><span class='ocrx_word' id='word_1_9' title='bbox 905 735 1457 787; x_wconf 78' lang='lat' dir='ltr'>ADIHVERSOS</span> 
     </span>
     <span class='ocr_line' id='line_1_7' title="bbox 927 857 1054 894; baseline 0 0"><span class='ocrx_word' id='word_1_10' title='bbox 927 857 1054 894; x_wconf 77' lang='lat' dir='ltr'>xvl.</span> 
     </span>
    </p>
   </div>
   <div class='ocr_carea' id='block_1_7' title="bbox 93 1234 837 1262">
    <p class='ocr_par' dir='ltr' id='par_1_7' title="bbox 93 1234 837 1262">
     <span class='ocr_line' id='line_1_8' title="bbox 93 1234 837 1262; baseline -0.004 -5"><span class='ocrx_word' id='word_1_11' title='bbox 93 1237 109 1257; x_wconf 93' lang='lat'>1.</span> <span class='ocrx_word' id='word_1_12' title='bbox 127 1237 201 1257; x_wconf 64' lang='grc' dir='ltr'>ΑΚΘ.</span> <span class='ocrx_word' id='word_1_13' title='bbox 218 1238 288 1260; x_wconf 76' lang='lat' dir='ltr'>anm</span> <span class='ocrx_word' id='word_1_14' title='bbox 296 1235 437 1257; x_wconf 75' lang='lat' dir='ltr'><strong>Ptolemaeus</strong></span> <span class='ocrx_word' id='word_1_15' title='bbox 447 1234 544 1262; x_wconf 66' lang='lat' dir='ltr'>Aegypti</span> <span class='ocrx_word' id='word_1_16' title='bbox 554 1241 602 1259; x_wconf 78' lang='lat' dir='ltr'>rex,</span> <span class='ocrx_word' id='word_1_17' title='bbox 613 1241 626 1254; x_wconf 84' lang='lat' dir='ltr'>a</span> <span class='ocrx_word' id='word_1_18' title='bbox 636 1234 683 1254; x_wconf 82' lang='lat' dir='ltr'>suis</span> <span class='ocrx_word' id='word_1_19' title='bbox 694 1234 786 1258; x_wconf 83' lang='lat' dir='ltr'>eiectus,</span> <span class='ocrx_word' id='word_1_20' title='bbox 794 1234 837 1254; x_wconf 78' lang='lat' dir='ltr'>lar-</span> 
     </span>
    </p>
   </div>
   <div class='ocr_carea' id='block_1_8' title="bbox 1 1269 838 1369">
    <p class='ocr_par' dir='ltr' id='par_1_8' title="bbox 1 1269 838 1369">
     <span class='ocr_line' id='line_1_9' title="bbox 2 1269 838 1298; baseline -0.004 -6"><span class='ocrx_word' id='word_1_21' title='bbox 2 1291 3 1296; x_wconf 65' lang='lat'>,</span> <span class='ocrx_word' id='word_1_22' title='bbox 39 1272 163 1298; x_wconf 71' lang='lat' dir='ltr'>gitiunibus</span> <span class='ocrx_word' id='word_1_23' title='bbox 171 1271 320 1295; x_wconf 50' lang='lat' dir='ltr'>namurcum</span> <span class='ocrx_word' id='word_1_24' title='bbox 331 1278 343 1291; x_wconf 81' lang='lat' dir='ltr'>a</span> <span class='ocrx_word' id='word_1_25' title='bbox 351 1270 457 1292; x_wconf 83' lang='lat' dir='ltr'>Romanis</span> <span class='ocrx_word' id='word_1_26' title='bbox 467 1270 633 1291; x_wconf 73' lang='lat' dir='ltr'>restitueretur:</span> <span class='ocrx_word' id='word_1_27' title='bbox 643 1273 732 1290; x_wconf 80' lang='lat' dir='ltr'>vetante</span> <span class='ocrx_word' id='word_1_28' title='bbox 742 1269 838 1290; x_wconf 82' lang='lat' dir='ltr'>carmine</span> 
     </span>
     <span class='ocr_line' id='line_1_10' title="bbox 2 1305 835 1334; baseline -0.001 -8"><span class='ocrx_word' id='word_1_29' title='bbox 2 1321 3 1326; x_wconf 61' lang='lat'>.</span> <span class='ocrx_word' id='word_1_30' title='bbox 40 1307 161 1333; x_wconf 74' lang='lat' dir='ltr'>Sibyllino,</span> <span class='ocrx_word' id='word_1_31' title='bbox 181 1307 314 1334; x_wconf 73' lang='lat' dir='ltr'>Aegyptium</span> <span class='ocrx_word' id='word_1_32' title='bbox 334 1306 434 1327; x_wconf 79' lang='lat' dir='ltr'>exercitu</span> <span class='ocrx_word' id='word_1_33' title='bbox 450 1305 535 1329; x_wconf 82' lang='lat' dir='ltr'>iuvari,</span> <span class='ocrx_word' id='word_1_34' title='bbox 556 1305 596 1325; x_wconf 85' lang='lat' dir='ltr'>alii</span> <span class='ocrx_word' id='word_1_35' title='bbox 611 1307 755 1328; x_wconf 77' lang='lat' dir='ltr'>censuerunt,</span> <span class='ocrx_word' id='word_1_36' title='bbox 770 1307 795 1325; x_wconf 85' lang='lat' dir='ltr'>ut</span> <span class='ocrx_word' id='word_1_37' title='bbox 808 1305 835 1325; x_wconf 87' lang='lat' dir='ltr'>P.</span> 
     </span>
     <span class='ocr_line' id='line_1_11' title="bbox 1 1339 837 1369; baseline -0.005 -6"><span class='ocrx_word' id='word_1_38' title='bbox 1 1350 3 1356; x_wconf 66' lang='lat'>¹</span> <span class='ocrx_word' id='word_1_39' title='bbox 39 1342 160 1367; x_wconf 70' lang='lat' dir='ltr'>Lentulus,</span> <span class='ocrx_word' id='word_1_40' title='bbox 180 1342 276 1364; x_wconf 72' lang='lat' dir='ltr'>Ciliciae</span> <span class='ocrx_word' id='word_1_41' title='bbox 292 1349 391 1369; x_wconf 57' lang='grc' dir='ltr'>μῦθοι,</span> <span class='ocrx_word' id='word_1_42' title='bbox 411 1341 460 1362; x_wconf 85' lang='lat' dir='ltr'>siue</span> <span class='ocrx_word' id='word_1_43' title='bbox 475 1340 576 1361; x_wconf 80' lang='lat' dir='ltr'>exercitu</span> <span class='ocrx_word' id='word_1_44' title='bbox 590 1340 715 1360; x_wconf 79' lang='lat' dir='ltr'>reduceret:</span> <span class='ocrx_word' id='word_1_45' title='bbox 743 1339 797 1364; x_wconf 78' lang='lat' dir='ltr'>alii,</span> <span class='ocrx_word' id='word_1_46' title='bbox 812 1342 837 1360; x_wconf 87' lang='lat' dir='ltr'>ut</span> 
     </span>
    </p>
   </div>
   <div class='ocr_carea' id='block_1_9' title="bbox 39 1374 836 1438">
    <p class='ocr_par' dir='ltr' id='par_1_9' title="bbox 39 1374 836 1438">
     <span class='ocr_line' id='line_1_12' title="bbox 39 1374 836 1405; baseline -0.005 -7"><span class='ocrx_word' id='word_1_47' title='bbox 39 1377 168 1405; x_wconf 73' lang='lat' dir='ltr'>Pompeius.</span> <span class='ocrx_word' id='word_1_48' title='bbox 200 1378 234 1398; x_wconf 83' lang='lat' dir='ltr'>De</span> <span class='ocrx_word' id='word_1_49' title='bbox 253 1377 333 1404; x_wconf 68' lang='lat' dir='ltr'>quibus</span> <span class='ocrx_word' id='word_1_50' title='bbox 352 1377 404 1404; x_wconf 84' lang='lat' dir='ltr'>quid</span> <span class='ocrx_word' id='word_1_51' title='bbox 420 1379 490 1397; x_wconf 80' lang='lat' dir='ltr'>aetum</span> <span class='ocrx_word' id='word_1_52' title='bbox 507 1376 531 1396; x_wconf 89' lang='lat' dir='ltr'>in</span> <span class='ocrx_word' id='word_1_53' title='bbox 546 1378 625 1396; x_wconf 81' lang='lat' dir='ltr'>senatu</span> <span class='ocrx_word' id='word_1_54' title='bbox 639 1374 677 1399; x_wconf 82' lang='lat' dir='ltr'>sit,</span> <span class='ocrx_word' id='word_1_55' title='bbox 693 1374 771 1395; x_wconf 81' lang='lat' dir='ltr'>Cicero</span> <span class='ocrx_word' id='word_1_56' title='bbox 787 1381 836 1402; x_wconf 86' lang='lat' dir='ltr'>per-</span> 
     </span>
     <span class='ocr_line' id='line_1_13' title="bbox 170 1411 836 1438; baseline -0.006 -5"><span class='ocrx_word' id='word_1_57' title='bbox 170 1415 256 1438; x_wconf 76' lang='lat' dir='ltr'>(Rumae,</span> <span class='ocrx_word' id='word_1_58' title='bbox 267 1415 302 1433; x_wconf 85' lang='lat' dir='ltr'>Cn.</span> <span class='ocrx_word' id='word_1_59' title='bbox 310 1413 398 1435; x_wconf 76' lang='lat' dir='ltr'>Lentulo,</span> <span class='ocrx_word' id='word_1_60' title='bbox 408 1413 496 1437; x_wconf 79' lang='lat' dir='ltr'>Philippo</span> <span class='ocrx_word' id='word_1_61' title='bbox 507 1418 553 1430; x_wconf 74' lang='lat' dir='ltr'>eoas.</span> <span class='ocrx_word' id='word_1_62' title='bbox 564 1416 606 1433; x_wconf 73' lang='grc'>693.</span> <span class='ocrx_word' id='word_1_63' title='bbox 617 1412 642 1430; x_wconf 86' lang='lat' dir='ltr'>U.</span> <span class='ocrx_word' id='word_1_64' title='bbox 652 1411 717 1429; x_wconf 74' lang='lat' dir='ltr'>Idibus</span> <span class='ocrx_word' id='word_1_65' title='bbox 728 1411 836 1433; x_wconf 80' lang='lat' dir='ltr'>Ianuariis.)</span> 
     </span>
    </p>
   </div>
   <div class='ocr_carea' id='block_1_10' title="bbox 100 1472 769 1503">
    <p class='ocr_par' dir='ltr' id='par_1_10' title="bbox 100 1472 769 1503">
     <span class='ocr_line' id='line_1_14' title="bbox 100 1472 769 1503; baseline -0.006 0"><span class='ocrx_word' id='word_1_66' title='bbox 100 1475 136 1503; x_wconf 91' lang='lat' dir='ltr'>M.</span> <span class='ocrx_word' id='word_1_67' title='bbox 157 1475 187 1502; x_wconf 89' lang='lat' dir='ltr'>T.</span> <span class='ocrx_word' id='word_1_68' title='bbox 207 1475 236 1503; x_wconf 91' lang='lat' dir='ltr'>C.</span> <span class='ocrx_word' id='word_1_69' title='bbox 257 1475 285 1502; x_wconf 92' lang='lat' dir='ltr'>S.</span> <span class='ocrx_word' id='word_1_70' title='bbox 305 1475 335 1501; x_wconf 84' lang='lat' dir='ltr'>D.</span> <span class='ocrx_word' id='word_1_71' title='bbox 356 1475 385 1501; x_wconf 88' lang='grc' dir='ltr'>Ρ.</span> <span class='ocrx_word' id='word_1_72' title='bbox 405 1472 590 1500; x_wconf 89' lang='lat' dir='ltr'>LENTULO</span> <span class='ocrx_word' id='word_1_73' title='bbox 607 1472 769 1500; x_wconf 88' lang='lat' dir='ltr'>PROCOS.</span> 
     </span>
    </p>
   </div>
   <div class='ocr_carea' id='block_1_11' title="bbox 2 1521 836 2716">
    <p class='ocr_par' dir='ltr' id='par_1_11' title="bbox 2 1521 836 2716">
     <span class='ocr_line' id='line_1_15' title="bbox 2 1521 836 1562; baseline -0.005 -10"><span class='ocrx_word' id='word_1_74' title='bbox 2 1554 4 1562; x_wconf 58' lang='lat'>,</span> <span class='ocrx_word' id='word_1_75' title='bbox 96 1527 118 1552; x_wconf 83' lang='lat' dir='ltr'>l.</span> <span class='ocrx_word' id='word_1_76' title='bbox 134 1521 196 1561; x_wconf 88' lang='lat' dir='ltr'>Ego</span> <span class='ocrx_word' id='word_1_77' title='bbox 205 1525 279 1551; x_wconf 89' lang='lat' dir='ltr'>omni</span> <span class='ocrx_word' id='word_1_78' title='bbox 290 1524 377 1550; x_wconf 82' lang='lat' dir='ltr'>officio</span> <span class='ocrx_word' id='word_1_79' title='bbox 387 1532 416 1550; x_wconf 83' lang='lat' dir='ltr'>ac</span> <span class='ocrx_word' id='word_1_80' title='bbox 428 1524 515 1559; x_wconf 88' lang='lat' dir='ltr'>potius</span> <span class='ocrx_word' id='word_1_81' title='bbox 527 1523 623 1557; x_wconf 89' lang='lat' dir='ltr'>pietate</span> <span class='ocrx_word' id='word_1_82' title='bbox 633 1531 694 1558; x_wconf 87' lang='lat' dir='ltr'>erga</span> <span class='ocrx_word' id='word_1_83' title='bbox 707 1528 730 1549; x_wconf 89' lang='lat' dir='ltr'>te</span> <span class='ocrx_word' id='word_1_84' title='bbox 741 1523 836 1549; x_wconf 85' lang='lat' dir='ltr'>ceteris</span> 
     </span>
     <span class='ocr_line' id='line_1_16' title="bbox 3 1560 834 1596; baseline -0.006 -6"><span class='ocrx_word' id='word_1_85' title='bbox 3 1573 5 1579; x_wconf 71' lang='lat'><strong>⁴</strong></span> <span class='ocrx_word' id='word_1_86' title='bbox 38 1562 174 1590; x_wconf 82' lang='lat' dir='ltr'>satisfacio</span> <span class='ocrx_word' id='word_1_87' title='bbox 193 1562 332 1593; x_wconf 85' lang='lat' dir='ltr'>omnibus,</span> <span class='ocrx_word' id='word_1_88' title='bbox 356 1561 422 1588; x_wconf 89' lang='lat' dir='ltr'>mihi</span> <span class='ocrx_word' id='word_1_89' title='bbox 442 1561 495 1596; x_wconf 90' lang='lat' dir='ltr'>ipsi</span> <span class='ocrx_word' id='word_1_90' title='bbox 518 1568 666 1595; x_wconf 86' lang='lat' dir='ltr'><strong>numquam</strong></span> <span class='ocrx_word' id='word_1_91' title='bbox 690 1560 834 1586; x_wconf 76' lang='lat' dir='ltr'>satisfacio.</span> 
     </span>
     <span class='ocr_line' id='line_1_17' title="bbox 39 1598 834 1635; baseline -0.005 -8"><span class='ocrx_word' id='word_1_92' title='bbox 39 1601 121 1627; x_wconf 90' lang='lat' dir='ltr'>Tanta</span> <span class='ocrx_word' id='word_1_93' title='bbox 132 1600 203 1626; x_wconf 85' lang='lat' dir='ltr'>enim</span> <span class='ocrx_word' id='word_1_94' title='bbox 215 1599 370 1635; x_wconf 83' lang='lat' dir='ltr'>magnitudo</span> <span class='ocrx_word' id='word_1_95' title='bbox 379 1603 419 1625; x_wconf 89' lang='lat' dir='ltr'>est</span> <span class='ocrx_word' id='word_1_96' title='bbox 431 1603 536 1625; x_wconf 90' lang='lat' dir='ltr'>tuorum</span> <span class='ocrx_word' id='word_1_97' title='bbox 548 1606 609 1633; x_wconf 85' lang='lat' dir='ltr'>erga</span> <span class='ocrx_word' id='word_1_98' title='bbox 620 1606 662 1623; x_wconf 89' lang='lat' dir='ltr'>me</span> <span class='ocrx_word' id='word_1_99' title='bbox 669 1598 834 1629; x_wconf 88' lang='lat' dir='ltr'>meritorum,</span> 
     </span>
     <span class='ocr_line' id='line_1_18' title="bbox 3 1635 834 1673; baseline -0.006 -8"><span class='ocrx_word' id='word_1_100' title='bbox 3 1654 5 1670; x_wconf 84' lang='grc'>;</span> <span class='ocrx_word' id='word_1_101' title='bbox 39 1642 76 1669; x_wconf 87' lang='lat' dir='ltr'>ut,</span> <span class='ocrx_word' id='word_1_102' title='bbox 89 1638 217 1673; x_wconf 89' lang='lat' dir='ltr'>quoniam</span> <span class='ocrx_word' id='word_1_103' title='bbox 229 1641 266 1668; x_wconf 91' lang='lat' dir='ltr'>tu,</span> <span class='ocrx_word' id='word_1_104' title='bbox 279 1637 331 1663; x_wconf 87' lang='lat' dir='ltr'>nisi</span> <span class='ocrx_word' id='word_1_105' title='bbox 343 1635 458 1671; x_wconf 85' lang='lat' dir='ltr'>perfecta</span> <span class='ocrx_word' id='word_1_106' title='bbox 469 1635 547 1665; x_wconf 87' lang='lat' dir='ltr'>re,de</span> <span class='ocrx_word' id='word_1_107' title='bbox 559 1643 601 1661; x_wconf 89' lang='lat' dir='ltr'>me</span> <span class='ocrx_word' id='word_1_108' title='bbox 612 1643 664 1661; x_wconf 91' lang='lat' dir='ltr'>non</span> <span class='ocrx_word' id='word_1_109' title='bbox 674 1635 834 1669; x_wconf 85' lang='lat' dir='ltr'>conquiesti,</span> 
     </span>
     <span class='ocr_line' id='line_1_19' title="bbox 3 1672 836 1714; baseline -0.005 -12"><span class='ocrx_word' id='word_1_110' title='bbox 3 1711 5 1714; x_wconf 31' lang='grc' dir='ltr'>Ι</span> <span class='ocrx_word' id='word_1_111' title='bbox 39 1684 88 1712; x_wconf 85' lang='lat' dir='ltr'>ego</span> <span class='ocrx_word' id='word_1_112' title='bbox 108 1684 160 1702; x_wconf 89' lang='lat' dir='ltr'>non</span> <span class='ocrx_word' id='word_1_113' title='bbox 175 1675 246 1701; x_wconf 91' lang='lat' dir='ltr'>idem</span> <span class='ocrx_word' id='word_1_114' title='bbox 262 1675 290 1701; x_wconf 91' lang='lat' dir='ltr'>in</span> <span class='ocrx_word' id='word_1_115' title='bbox 306 1679 350 1701; x_wconf 89' lang='lat' dir='ltr'>tua</span> <span class='ocrx_word' id='word_1_116' title='bbox 367 1682 461 1700; x_wconf 81' lang='lat' dir='ltr'>caussa</span> <span class='ocrx_word' id='word_1_117' title='bbox 477 1672 577 1703; x_wconf 77' lang='lat' dir='ltr'>efficio,</span> <span class='ocrx_word' id='word_1_118' title='bbox 594 1673 676 1699; x_wconf 89' lang='lat' dir='ltr'>vitam</span> <span class='ocrx_word' id='word_1_119' title='bbox 694 1673 760 1698; x_wconf 88' lang='lat' dir='ltr'>mihi</span> <span class='ocrx_word' id='word_1_120' title='bbox 777 1681 836 1698; x_wconf 88' lang='lat' dir='ltr'>esse</span> 
     </span>
     <span class='ocr_line' id='line_1_20' title="bbox 4 1710 834 1747; baseline -0.005 -7"><span class='ocrx_word' id='word_1_121' title='bbox 4 1716 5 1721; x_wconf 63' lang='lat'>¹</span> <span class='ocrx_word' id='word_1_122' title='bbox 39 1713 159 1740; x_wconf 80' lang='lat' dir='ltr'><strong>acerbam</strong></span> <span class='ocrx_word' id='word_1_123' title='bbox 181 1716 282 1747; x_wconf 88' lang='lat' dir='ltr'>putem.</span> <span class='ocrx_word' id='word_1_124' title='bbox 323 1711 352 1738; x_wconf 91' lang='lat' dir='ltr'>In</span> <span class='ocrx_word' id='word_1_125' title='bbox 368 1720 463 1738; x_wconf 89' lang='lat' dir='ltr'>caussa</span> <span class='ocrx_word' id='word_1_126' title='bbox 476 1711 539 1736; x_wconf 82' lang='lat' dir='ltr'>haec</span> <span class='ocrx_word' id='word_1_127' title='bbox 550 1714 624 1736; x_wconf 90' lang='lat' dir='ltr'>sunt.</span> <span class='ocrx_word' id='word_1_128' title='bbox 664 1710 834 1741; x_wconf 80' lang='lat' dir='ltr'>Ammonius,</span> 
     </span>
     <span class='ocr_line' id='line_1_21' title="bbox 5 1747 835 1786; baseline -0.005 -9"><span class='ocrx_word' id='word_1_129' title='bbox 5 1778 6 1781; x_wconf 62' lang='grc'>,</span> <span class='ocrx_word' id='word_1_130' title='bbox 39 1751 110 1786; x_wconf 87' lang='lat' dir='ltr'>regis</span> <span class='ocrx_word' id='word_1_131' title='bbox 136 1749 251 1786; x_wconf 86' lang='lat' dir='ltr'>legatus,</span> <span class='ocrx_word' id='word_1_132' title='bbox 275 1753 364 1784; x_wconf 88' lang='lat' dir='ltr'>aperte</span> <span class='ocrx_word' id='word_1_133' title='bbox 384 1749 497 1783; x_wconf 84' lang='lat' dir='ltr'>pecunia</span> <span class='ocrx_word' id='word_1_134' title='bbox 518 1756 566 1774; x_wconf 91' lang='lat' dir='ltr'>nos</span> <span class='ocrx_word' id='word_1_135' title='bbox 586 1752 734 1783; x_wconf 78' lang='lat' dir='ltr'>oppugnat.</span> <span class='ocrx_word' id='word_1_136' title='bbox 784 1747 835 1773; x_wconf 81' lang='lat' dir='ltr'>Res</span> 
     </span>
     <span class='ocr_line' id='line_1_22' title="bbox 38 1784 836 1824; baseline -0.005 -10"><span class='ocrx_word' id='word_1_137' title='bbox 38 1788 125 1824; x_wconf 83' lang='lat' dir='ltr'>agitur</span> <span class='ocrx_word' id='word_1_138' title='bbox 140 1796 187 1822; x_wconf 90' lang='lat' dir='ltr'>per</span> <span class='ocrx_word' id='word_1_139' title='bbox 203 1786 309 1813; x_wconf 91' lang='lat' dir='ltr'>eosdem</span> <span class='ocrx_word' id='word_1_140' title='bbox 321 1786 474 1817; x_wconf 78' lang='lat' dir='ltr'>creditores,</span> <span class='ocrx_word' id='word_1_141' title='bbox 488 1794 534 1820; x_wconf 87' lang='lat' dir='ltr'>per</span> <span class='ocrx_word' id='word_1_142' title='bbox 544 1794 621 1820; x_wconf 83' lang='lat' dir='ltr'>quos,</span> <span class='ocrx_word' id='word_1_143' title='bbox 635 1793 720 1820; x_wconf 88' lang='lat' dir='ltr'>quum</span> <span class='ocrx_word' id='word_1_144' title='bbox 733 1788 761 1811; x_wconf 87' lang='lat' dir='ltr'>tu</span> <span class='ocrx_word' id='word_1_145' title='bbox 773 1784 836 1810; x_wconf 88' lang='lat' dir='ltr'>ade-</span> 
     </span>
     <span class='ocr_line' id='line_1_23' title="bbox 38 1821 832 1861; baseline -0.006 -9"><span class='ocrx_word' id='word_1_146' title='bbox 38 1833 90 1856; x_wconf 92' lang='lat' dir='ltr'>ras,</span> <span class='ocrx_word' id='word_1_147' title='bbox 108 1825 245 1861; x_wconf 79' lang='lat' dir='ltr'><strong>agebatur.</strong></span> <span class='ocrx_word' id='word_1_148' title='bbox 286 1824 366 1859; x_wconf 82' lang='lat' dir='ltr'>Regis</span> <span class='ocrx_word' id='word_1_149' title='bbox 382 1832 486 1853; x_wconf 82' lang='lat' dir='ltr'>caussa,</span> <span class='ocrx_word' id='word_1_150' title='bbox 499 1823 580 1857; x_wconf 86' lang='lat' dir='ltr'>siqui</span> <span class='ocrx_word' id='word_1_151' title='bbox 593 1826 665 1853; x_wconf 79' lang='lat' dir='ltr'>sunt,</span> <span class='ocrx_word' id='word_1_152' title='bbox 679 1823 726 1857; x_wconf 88' lang='lat' dir='ltr'>qui</span> <span class='ocrx_word' id='word_1_153' title='bbox 740 1821 832 1853; x_wconf 89' lang='lat' dir='ltr'>velint,</span> 
     </span>
     <span class='ocr_line' id='line_1_24' title="bbox 37 1859 836 1898; baseline -0.005 -9"><span class='ocrx_word' id='word_1_154' title='bbox 37 1863 86 1898; x_wconf 88' lang='lat' dir='ltr'>qui</span> <span class='ocrx_word' id='word_1_155' title='bbox 107 1862 185 1897; x_wconf 90' lang='lat' dir='ltr'>pauci</span> <span class='ocrx_word' id='word_1_156' title='bbox 199 1865 271 1892; x_wconf 87' lang='lat' dir='ltr'>sunt,</span> <span class='ocrx_word' id='word_1_157' title='bbox 287 1870 380 1888; x_wconf 89' lang='lat' dir='ltr'>omnes</span> <span class='ocrx_word' id='word_1_158' title='bbox 396 1869 451 1887; x_wconf 91' lang='lat' dir='ltr'>rem</span> <span class='ocrx_word' id='word_1_159' title='bbox 467 1860 499 1886; x_wconf 92' lang='lat' dir='ltr'>ad</span> <span class='ocrx_word' id='word_1_160' title='bbox 510 1860 667 1894; x_wconf 88' lang='lat' dir='ltr'>Pompeium</span> <span class='ocrx_word' id='word_1_161' title='bbox 679 1859 776 1886; x_wconf 86' lang='lat' dir='ltr'>deferri</span> <span class='ocrx_word' id='word_1_162' title='bbox 789 1868 836 1886; x_wconf 89' lang='lat' dir='ltr'>vo-</span> 
     </span>
     <span class='ocr_line' id='line_1_25' title="bbox 38 1897 832 1934; baseline -0.005 -7"><span class='ocrx_word' id='word_1_163' title='bbox 38 1899 107 1927; x_wconf 85' lang='lat' dir='ltr'>lunt.</span> <span class='ocrx_word' id='word_1_164' title='bbox 152 1898 267 1925; x_wconf 85' lang='lat' dir='ltr'>Senatus</span> <span class='ocrx_word' id='word_1_165' title='bbox 288 1898 425 1934; x_wconf 81' lang='lat' dir='ltr'>religionis</span> <span class='ocrx_word' id='word_1_166' title='bbox 445 1897 607 1924; x_wconf 86' lang='lat' dir='ltr'>calumniam</span> <span class='ocrx_word' id='word_1_167' title='bbox 628 1906 678 1923; x_wconf 90' lang='lat' dir='ltr'>non</span> <span class='ocrx_word' id='word_1_168' title='bbox 696 1897 832 1933; x_wconf 80' lang='lat' dir='ltr'>religione,</span> 
     </span>
     <span class='ocr_line' id='line_1_26' title="bbox 39 1934 834 1970; baseline -0.005 -6"><span class='ocrx_word' id='word_1_169' title='bbox 39 1937 86 1964; x_wconf 88' lang='lat' dir='ltr'>sed</span> <span class='ocrx_word' id='word_1_170' title='bbox 107 1936 293 1963; x_wconf 75' lang='lat' dir='ltr'>malevolentia</span> <span class='ocrx_word' id='word_1_171' title='bbox 312 1940 338 1962; x_wconf 91' lang='lat' dir='ltr'>et</span> <span class='ocrx_word' id='word_1_172' title='bbox 359 1935 434 1962; x_wconf 86' lang='lat' dir='ltr'>illius</span> <span class='ocrx_word' id='word_1_173' title='bbox 455 1936 542 1969; x_wconf 80' lang='lat' dir='ltr'>regiae</span> <span class='ocrx_word' id='word_1_174' title='bbox 565 1934 711 1970; x_wconf 82' lang='lat' dir='ltr'>largitionis</span> <span class='ocrx_word' id='word_1_175' title='bbox 732 1934 834 1961; x_wconf 89' lang='lat' dir='ltr'>invidia</span> 
     </span>
     <span class='ocr_line' id='line_1_27' title="bbox 38 1972 833 2009; baseline -0.004 -8"><span class='ocrx_word' id='word_1_176' title='bbox 38 1973 202 2009; x_wconf 86' lang='lat' dir='ltr'>comprobat.</span> <span class='ocrx_word' id='word_1_177' title='bbox 244 1974 270 2001; x_wconf 74' lang='lat'>2.</span> <span class='ocrx_word' id='word_1_178' title='bbox 294 1973 452 2008; x_wconf 86' lang='lat' dir='ltr'>Pompeium</span> <span class='ocrx_word' id='word_1_179' title='bbox 469 1977 494 1998; x_wconf 87' lang='lat' dir='ltr'>et</span> <span class='ocrx_word' id='word_1_180' title='bbox 510 1972 607 1998; x_wconf 81' lang='lat' dir='ltr'>hortari</span> <span class='ocrx_word' id='word_1_181' title='bbox 624 1976 649 1998; x_wconf 86' lang='lat' dir='ltr'>et</span> <span class='ocrx_word' id='word_1_182' title='bbox 659 1980 733 1998; x_wconf 91' lang='lat' dir='ltr'>orare</span> <span class='ocrx_word' id='word_1_183' title='bbox 744 1975 770 1998; x_wconf 91' lang='lat' dir='ltr'>et</span> <span class='ocrx_word' id='word_1_184' title='bbox 781 1972 833 1998; x_wconf 86' lang='lat' dir='ltr'>iam</span> 
     </span>
     <span class='ocr_line' id='line_1_28' title="bbox 38 2008 836 2044; baseline -0.005 -6"><span class='ocrx_word' id='word_1_185' title='bbox 38 2011 151 2039; x_wconf 89' lang='lat' dir='ltr'>liberius</span> <span class='ocrx_word' id='word_1_186' title='bbox 167 2019 291 2037; x_wconf 89' lang='lat' dir='ltr'>accusare</span> <span class='ocrx_word' id='word_1_187' title='bbox 302 2015 327 2036; x_wconf 87' lang='lat' dir='ltr'>et</span> <span class='ocrx_word' id='word_1_188' title='bbox 339 2018 453 2041; x_wconf 82' lang='lat' dir='ltr'>monere,</span> <span class='ocrx_word' id='word_1_189' title='bbox 468 2014 497 2035; x_wconf 89' lang='lat' dir='ltr'>ut</span> <span class='ocrx_word' id='word_1_190' title='bbox 509 2017 631 2044; x_wconf 87' lang='lat' dir='ltr'>magnam</span> <span class='ocrx_word' id='word_1_191' title='bbox 643 2008 780 2035; x_wconf 81' lang='lat' dir='ltr'>infamiam</span> <span class='ocrx_word' id='word_1_192' title='bbox 793 2008 836 2035; x_wconf 92' lang='lat' dir='ltr'>fu-</span> 
     </span>
     <span class='ocr_line' id='line_1_29' title="bbox 14 2046 832 2086; baseline -0.006 -10"><span class='ocrx_word' id='word_1_193' title='bbox 14 2061 15 2065; x_wconf 52' lang='lat'><em>*</em></span> <span class='ocrx_word' id='word_1_194' title='bbox 37 2049 101 2086; x_wconf 83' lang='lat' dir='ltr'>giat,</span> <span class='ocrx_word' id='word_1_195' title='bbox 115 2057 166 2075; x_wconf 92' lang='lat' dir='ltr'>non</span> <span class='ocrx_word' id='word_1_196' title='bbox 177 2048 344 2075; x_wconf 78' lang='lat' dir='ltr'>desistimus.</span> <span class='ocrx_word' id='word_1_197' title='bbox 376 2047 428 2073; x_wconf 85' lang='lat' dir='ltr'>Sed</span> <span class='ocrx_word' id='word_1_198' title='bbox 440 2046 518 2081; x_wconf 83' lang='lat' dir='ltr'>plane</span> <span class='ocrx_word' id='word_1_199' title='bbox 529 2055 577 2072; x_wconf 81' lang='lat' dir='ltr'>nce</span> <span class='ocrx_word' id='word_1_200' title='bbox 588 2046 713 2081; x_wconf 87' lang='lat' dir='ltr'>precibus</span> <span class='ocrx_word' id='word_1_201' title='bbox 725 2047 832 2077; x_wconf 80' lang='lat' dir='ltr'>nostris,</span> 
     </span>
     <span class='ocr_line' id='line_1_30' title="bbox 38 2083 834 2119; baseline -0.006 -5"><span class='ocrx_word' id='word_1_202' title='bbox 38 2095 87 2115; x_wconf 86' lang='lat' dir='ltr'>nec</span> <span class='ocrx_word' id='word_1_203' title='bbox 106 2085 333 2112; x_wconf 81' lang='lat' dir='ltr'>admonitionibus</span> <span class='ocrx_word' id='word_1_204' title='bbox 354 2085 463 2119; x_wconf 86' lang='lat' dir='ltr'>reliquit</span> <span class='ocrx_word' id='word_1_205' title='bbox 487 2083 584 2110; x_wconf 88' lang='lat' dir='ltr'>locum.</span> <span class='ocrx_word' id='word_1_206' title='bbox 625 2084 691 2109; x_wconf 87' lang='lat' dir='ltr'>Nam</span> <span class='ocrx_word' id='word_1_207' title='bbox 705 2091 790 2118; x_wconf 82' lang='lat' dir='ltr'>quum</span> <span class='ocrx_word' id='word_1_208' title='bbox 807 2083 834 2109; x_wconf 94' lang='lat' dir='ltr'>in</span> 
     </span>
     <span class='ocr_line' id='line_1_31' title="bbox 38 2120 835 2158; baseline -0.006 -7"><span class='ocrx_word' id='word_1_209' title='bbox 38 2132 160 2151; x_wconf 84' lang='lat' dir='ltr'>sermone</span> <span class='ocrx_word' id='word_1_210' title='bbox 181 2122 345 2158; x_wconf 86' lang='lat' dir='ltr'>quotidiano,</span> <span class='ocrx_word' id='word_1_211' title='bbox 369 2126 425 2148; x_wconf 92' lang='lat' dir='ltr'>tum</span> <span class='ocrx_word' id='word_1_212' title='bbox 447 2122 474 2147; x_wconf 96' lang='lat' dir='ltr'>in</span> <span class='ocrx_word' id='word_1_213' title='bbox 498 2125 591 2147; x_wconf 89' lang='lat' dir='ltr'>senatu</span> <span class='ocrx_word' id='word_1_214' title='bbox 613 2120 700 2155; x_wconf 86' lang='lat' dir='ltr'>palam</span> <span class='ocrx_word' id='word_1_215' title='bbox 721 2121 761 2147; x_wconf 89' lang='lat' dir='ltr'>sic</span> <span class='ocrx_word' id='word_1_216' title='bbox 781 2121 835 2156; x_wconf 87' lang='lat' dir='ltr'>egit</span> 
     </span>
     <span class='ocr_line' id='line_1_32' title="bbox 37 2158 832 2194; baseline -0.006 -6"><span class='ocrx_word' id='word_1_217' title='bbox 37 2169 160 2188; x_wconf 82' lang='lat' dir='ltr'>caussam</span> <span class='ocrx_word' id='word_1_218' title='bbox 173 2165 255 2190; x_wconf 86' lang='lat' dir='ltr'>tuam,</span> <span class='ocrx_word' id='word_1_219' title='bbox 269 2164 298 2186; x_wconf 94' lang='lat' dir='ltr'>ut</span> <span class='ocrx_word' id='word_1_220' title='bbox 309 2167 396 2194; x_wconf 88' lang='lat' dir='ltr'>neque</span> <span class='ocrx_word' id='word_1_221' title='bbox 406 2158 557 2193; x_wconf 82' lang='lat' dir='ltr'>eloquentia</span> <span class='ocrx_word' id='word_1_222' title='bbox 569 2158 667 2185; x_wconf 81' lang='lat' dir='ltr'>maiore</span> <span class='ocrx_word' id='word_1_223' title='bbox 677 2159 832 2193; x_wconf 75' lang='lat' dir='ltr'>quisquam,</span> 
     </span>
     <span class='ocr_line' id='line_1_33' title="bbox 38 2195 835 2234; baseline -0.006 -8"><span class='ocrx_word' id='word_1_224' title='bbox 38 2206 125 2234; x_wconf 87' lang='lat' dir='ltr'>neque</span> <span class='ocrx_word' id='word_1_225' title='bbox 145 2198 287 2234; x_wconf 84' lang='lat' dir='ltr'>gravitate,</span> <span class='ocrx_word' id='word_1_226' title='bbox 311 2205 358 2223; x_wconf 90' lang='lat' dir='ltr'>nec</span> <span class='ocrx_word' id='word_1_227' title='bbox 378 2196 480 2227; x_wconf 76' lang='lat' dir='ltr'>studio.</span> <span class='ocrx_word' id='word_1_228' title='bbox 504 2204 552 2222; x_wconf 89' lang='lat' dir='ltr'>nec</span> <span class='ocrx_word' id='word_1_229' title='bbox 570 2195 738 2222; x_wconf 79' lang='lat' dir='ltr'>contentione</span> <span class='ocrx_word' id='word_1_230' title='bbox 758 2203 835 2231; x_wconf 81' lang='lat' dir='ltr'>agere</span> 
     </span>
     <span class='ocr_line' id='line_1_34' title="bbox 39 2232 835 2271; baseline -0.006 -8"><span class='ocrx_word' id='word_1_231' title='bbox 39 2236 162 2271; x_wconf 89' lang='lat' dir='ltr'>potuerit,</span> <span class='ocrx_word' id='word_1_232' title='bbox 180 2243 242 2261; x_wconf 92' lang='lat' dir='ltr'>cum</span> <span class='ocrx_word' id='word_1_233' title='bbox 257 2243 364 2261; x_wconf 86' lang='lat' dir='ltr'>summa</span> <span class='ocrx_word' id='word_1_234' title='bbox 379 2233 563 2260; x_wconf 79' lang='lat' dir='ltr'>testificatione</span> <span class='ocrx_word' id='word_1_235' title='bbox 579 2237 684 2259; x_wconf 88' lang='lat' dir='ltr'>tuorum</span> <span class='ocrx_word' id='word_1_236' title='bbox 698 2233 724 2259; x_wconf 93' lang='lat' dir='ltr'>in</span> <span class='ocrx_word' id='word_1_237' title='bbox 736 2240 765 2259; x_wconf 90' lang='lat' dir='ltr'>se</span> <span class='ocrx_word' id='word_1_238' title='bbox 775 2232 835 2259; x_wconf 82' lang='lat' dir='ltr'>offi-</span> 
     </span>
     <span class='ocr_line' id='line_1_35' title="bbox 37 2269 834 2307; baseline -0.006 -7"><span class='ocrx_word' id='word_1_239' title='bbox 37 2273 139 2300; x_wconf 88' lang='lat' dir='ltr'>ciorum</span> <span class='ocrx_word' id='word_1_240' title='bbox 160 2277 186 2299; x_wconf 89' lang='lat' dir='ltr'>et</span> <span class='ocrx_word' id='word_1_241' title='bbox 205 2272 302 2299; x_wconf 86' lang='lat' dir='ltr'>amoris</span> <span class='ocrx_word' id='word_1_242' title='bbox 323 2280 385 2307; x_wconf 84' lang='lat' dir='ltr'>erga</span> <span class='ocrx_word' id='word_1_243' title='bbox 406 2275 430 2297; x_wconf 90' lang='lat' dir='ltr'>te</span> <span class='ocrx_word' id='word_1_244' title='bbox 451 2271 503 2297; x_wconf 85' lang='lat' dir='ltr'>sui.</span> <span class='ocrx_word' id='word_1_245' title='bbox 554 2270 738 2297; x_wconf 86' lang='lat' dir='ltr'>Marcellinum</span> <span class='ocrx_word' id='word_1_246' title='bbox 760 2269 834 2305; x_wconf 66' lang='lat' dir='ltr'>regi*</span> 
     </span>
     <span class='ocr_line' id='line_1_36' title="bbox 7 2308 836 2345; baseline -0.006 -7"><span class='ocrx_word' id='word_1_247' title='bbox 7 2340 8 2345; x_wconf 43' lang='grc'>,</span> <span class='ocrx_word' id='word_1_248' title='bbox 38 2318 97 2337; x_wconf 85' lang='lat' dir='ltr'>esse</span> <span class='ocrx_word' id='word_1_249' title='bbox 116 2311 213 2337; x_wconf 88' lang='lat' dir='ltr'>iratum</span> <span class='ocrx_word' id='word_1_250' title='bbox 229 2310 292 2336; x_wconf 81' lang='lat' dir='ltr'>scis.</span> <span class='ocrx_word' id='word_1_251' title='bbox 332 2309 366 2339; x_wconf 83' lang='lat' dir='ltr'>is,</span> <span class='ocrx_word' id='word_1_252' title='bbox 386 2308 435 2334; x_wconf 88' lang='lat' dir='ltr'>hac</span> <span class='ocrx_word' id='word_1_253' title='bbox 446 2308 517 2342; x_wconf 81' lang='lat' dir='ltr'>regia</span> <span class='ocrx_word' id='word_1_254' title='bbox 528 2316 622 2333; x_wconf 82' lang='lat' dir='ltr'>caussa</span> <span class='ocrx_word' id='word_1_255' title='bbox 634 2311 752 2342; x_wconf 86' lang='lat' dir='ltr'>excepta,</span> <span class='ocrx_word' id='word_1_256' title='bbox 765 2311 836 2333; x_wconf 88' lang='lat' dir='ltr'>cete—</span> 
     </span>
     <span class='ocr_line' id='line_1_37' title="bbox 38 2344 832 2375; baseline -0.006 0"><span class='ocrx_word' id='word_1_257' title='bbox 38 2347 75 2374; x_wconf 84' lang='lat' dir='ltr'>ris</span> <span class='ocrx_word' id='word_1_258' title='bbox 95 2348 122 2375; x_wconf 93' lang='lat' dir='ltr'>in</span> <span class='ocrx_word' id='word_1_259' title='bbox 138 2347 219 2374; x_wconf 88' lang='lat' dir='ltr'>rebus</span> <span class='ocrx_word' id='word_1_260' title='bbox 235 2355 263 2373; x_wconf 86' lang='lat' dir='ltr'>se</span> <span class='ocrx_word' id='word_1_261' title='bbox 278 2347 438 2373; x_wconf 83' lang='lat' dir='ltr'>acerrimum</span> <span class='ocrx_word' id='word_1_262' title='bbox 451 2345 488 2371; x_wconf 87' lang='lat' dir='ltr'>tui</span> <span class='ocrx_word' id='word_1_263' title='bbox 500 2344 667 2371; x_wconf 80' lang='lat' dir='ltr'>defensorem</span> <span class='ocrx_word' id='word_1_264' title='bbox 680 2344 734 2371; x_wconf 89' lang='lat' dir='ltr'>fore</span> <span class='ocrx_word' id='word_1_265' title='bbox 745 2349 832 2371; x_wconf 90' lang='lat' dir='ltr'>osten-</span> 
     </span>
     <span class='ocr_line' id='line_1_38' title="bbox 38 2381 835 2418; baseline -0.006 -6"><span class='ocrx_word' id='word_1_266' title='bbox 38 2383 87 2412; x_wconf 85' lang='lat' dir='ltr'>dit.</span> <span class='ocrx_word' id='word_1_267' title='bbox 126 2384 202 2418; x_wconf 90' lang='lat' dir='ltr'>Quod</span> <span class='ocrx_word' id='word_1_268' title='bbox 218 2384 271 2415; x_wconf 85' lang='lat' dir='ltr'>dat,</span> <span class='ocrx_word' id='word_1_269' title='bbox 290 2383 451 2418; x_wconf 82' lang='lat' dir='ltr'>accipimus:</span> <span class='ocrx_word' id='word_1_270' title='bbox 473 2382 546 2417; x_wconf 88' lang='lat' dir='ltr'>quod</span> <span class='ocrx_word' id='word_1_271' title='bbox 562 2382 679 2408; x_wconf 84' lang='lat' dir='ltr'>instituit</span> <span class='ocrx_word' id='word_1_272' title='bbox 694 2381 791 2408; x_wconf 88' lang='lat' dir='ltr'>referre</span> <span class='ocrx_word' id='word_1_273' title='bbox 802 2381 835 2407; x_wconf 92' lang='lat' dir='ltr'>de</span> 
     </span>
     <span class='ocr_line' id='line_1_39' title="bbox 38 2419 835 2458; baseline -0.006 -9"><span class='ocrx_word' id='word_1_274' title='bbox 38 2421 165 2458; x_wconf 77' lang='lat' dir='ltr'>religione</span> <span class='ocrx_word' id='word_1_275' title='bbox 185 2426 211 2448; x_wconf 88' lang='lat' dir='ltr'>et</span> <span class='ocrx_word' id='word_1_276' title='bbox 231 2430 310 2456; x_wconf 84' lang='lat' dir='ltr'>saepe</span> <span class='ocrx_word' id='word_1_277' title='bbox 325 2422 377 2447; x_wconf 88' lang='lat' dir='ltr'>iam</span> <span class='ocrx_word' id='word_1_278' title='bbox 394 2419 496 2450; x_wconf 85' lang='lat' dir='ltr'>retulit,</span> <span class='ocrx_word' id='word_1_279' title='bbox 513 2419 546 2445; x_wconf 87' lang='lat' dir='ltr'>ab</span> <span class='ocrx_word' id='word_1_280' title='bbox 561 2427 592 2445; x_wconf 90' lang='lat' dir='ltr'>eo</span> <span class='ocrx_word' id='word_1_281' title='bbox 606 2419 704 2445; x_wconf 89' lang='lat' dir='ltr'>deduci</span> <span class='ocrx_word' id='word_1_282' title='bbox 721 2427 771 2445; x_wconf 92' lang='lat' dir='ltr'>non</span> <span class='ocrx_word' id='word_1_283' title='bbox 788 2427 835 2453; x_wconf 89' lang='lat' dir='ltr'>po-</span> 
     </span>
     <span class='ocr_line' id='line_1_40' title="bbox 37 2455 833 2491; baseline -0.006 -5"><span class='ocrx_word' id='word_1_284' title='bbox 37 2462 98 2486; x_wconf 63' lang='lat' dir='ltr'>test.</span> <span class='ocrx_word' id='word_1_285' title='bbox 133 2461 158 2486; x_wconf 80' lang='lat'>3.</span> <span class='ocrx_word' id='word_1_286' title='bbox 173 2460 225 2486; x_wconf 83' lang='lat' dir='ltr'>Res</span> <span class='ocrx_word' id='word_1_287' title='bbox 237 2463 296 2485; x_wconf 88' lang='lat' dir='ltr'>ante</span> <span class='ocrx_word' id='word_1_288' title='bbox 308 2459 371 2485; x_wconf 90' lang='lat' dir='ltr'>Idus</span> <span class='ocrx_word' id='word_1_289' title='bbox 382 2462 438 2484; x_wconf 80' lang='lat' dir='ltr'>acta</span> <span class='ocrx_word' id='word_1_290' title='bbox 450 2458 488 2483; x_wconf 82' lang='lat' dir='ltr'>sic</span> <span class='ocrx_word' id='word_1_291' title='bbox 500 2461 549 2483; x_wconf 86' lang='lat' dir='ltr'>est.</span> <span class='ocrx_word' id='word_1_292' title='bbox 575 2456 652 2491; x_wconf 92' lang='lat' dir='ltr'>(Nam</span> <span class='ocrx_word' id='word_1_293' title='bbox 665 2456 730 2482; x_wconf 75' lang='lat' dir='ltr'>llaec</span> <span class='ocrx_word' id='word_1_294' title='bbox 742 2455 833 2482; x_wconf 86' lang='lat' dir='ltr'>Idibus</span> 
     </span>
     <span class='ocr_line' id='line_1_41' title="bbox 39 2493 834 2531; baseline -0.006 -8"><span class='ocrx_word' id='word_1_295' title='bbox 39 2503 116 2523; x_wconf 83' lang='lat' dir='ltr'>mane</span> <span class='ocrx_word' id='word_1_296' title='bbox 131 2496 249 2531; x_wconf 83' lang='lat' dir='ltr'>scripsi.)</span> <span class='ocrx_word' id='word_1_297' title='bbox 288 2495 419 2522; x_wconf 82' lang='lat' dir='ltr'>Hortensii</span> <span class='ocrx_word' id='word_1_298' title='bbox 436 2499 461 2521; x_wconf 87' lang='lat' dir='ltr'>et</span> <span class='ocrx_word' id='word_1_299' title='bbox 477 2502 534 2520; x_wconf 89' lang='lat' dir='ltr'>mea</span> <span class='ocrx_word' id='word_1_300' title='bbox 550 2498 575 2519; x_wconf 89' lang='lat' dir='ltr'>et</span> <span class='ocrx_word' id='word_1_301' title='bbox 587 2493 692 2519; x_wconf 81' lang='lat' dir='ltr'>Luculli</span> <span class='ocrx_word' id='word_1_302' title='bbox 704 2493 834 2519; x_wconf 77' lang='lat' dir='ltr'>sententia</span> 
     </span>
     <span class='ocr_line' id='line_1_42' title="bbox 39 2530 834 2569; baseline -0.006 -9"><span class='ocrx_word' id='word_1_303' title='bbox 39 2533 109 2560; x_wconf 86' lang='lat' dir='ltr'>cedit</span> <span class='ocrx_word' id='word_1_304' title='bbox 128 2533 250 2569; x_wconf 76' lang='lat' dir='ltr'>religioni</span> <span class='ocrx_word' id='word_1_305' title='bbox 265 2533 298 2560; x_wconf 91' lang='lat' dir='ltr'>de</span> <span class='ocrx_word' id='word_1_306' title='bbox 310 2533 437 2563; x_wconf 84' lang='lat' dir='ltr'>exercitu,</span> <span class='ocrx_word' id='word_1_307' title='bbox 450 2531 543 2567; x_wconf 85' lang='lat' dir='ltr'>(teneri</span> <span class='ocrx_word' id='word_1_308' title='bbox 555 2531 626 2557; x_wconf 88' lang='lat' dir='ltr'>enim</span> <span class='ocrx_word' id='word_1_309' title='bbox 642 2539 684 2556; x_wconf 89' lang='lat' dir='ltr'>res</span> <span class='ocrx_word' id='word_1_310' title='bbox 695 2530 771 2556; x_wconf 89' lang='lat' dir='ltr'>aliter</span> <span class='ocrx_word' id='word_1_311' title='bbox 782 2539 834 2556; x_wconf 94' lang='lat' dir='ltr'>non</span> 
     </span>
     <span class='ocr_line' id='line_1_43' title="bbox 39 2567 834 2606; baseline -0.005 -9"><span class='ocrx_word' id='word_1_312' title='bbox 39 2570 145 2606; x_wconf 74' lang='lat' dir='ltr'>potest.)</span> <span class='ocrx_word' id='word_1_313' title='bbox 165 2571 211 2597; x_wconf 84' lang='lat' dir='ltr'>sed</span> <span class='ocrx_word' id='word_1_314' title='bbox 226 2579 260 2598; x_wconf 91' lang='lat' dir='ltr'>ex</span> <span class='ocrx_word' id='word_1_315' title='bbox 274 2571 321 2598; x_wconf 91' lang='lat' dir='ltr'>illo</span> <span class='ocrx_word' id='word_1_316' title='bbox 331 2568 572 2599; x_wconf 85' lang='lat' dir='ltr'>senatusconsulto,</span> <span class='ocrx_word' id='word_1_317' title='bbox 585 2568 657 2603; x_wconf 90' lang='lat' dir='ltr'>quod</span> <span class='ocrx_word' id='word_1_318' title='bbox 670 2572 694 2594; x_wconf 87' lang='lat' dir='ltr'>te</span> <span class='ocrx_word' id='word_1_319' title='bbox 706 2567 834 2594; x_wconf 74' lang='lat' dir='ltr'>referente</span> 
     </span>
     <span class='ocr_line' id='line_1_44' title="bbox 40 2604 834 2641; baseline -0.005 -7"><span class='ocrx_word' id='word_1_320' title='bbox 40 2606 139 2634; x_wconf 82' lang='lat' dir='ltr'>factum</span> <span class='ocrx_word' id='word_1_321' title='bbox 158 2612 210 2639; x_wconf 85' lang='lat' dir='ltr'>est,</span> <span class='ocrx_word' id='word_1_322' title='bbox 233 2608 281 2635; x_wconf 89' lang='lat' dir='ltr'>tibi</span> <span class='ocrx_word' id='word_1_323' title='bbox 301 2607 432 2639; x_wconf 79' lang='lat' dir='ltr'>decernit,</span> <span class='ocrx_word' id='word_1_324' title='bbox 455 2610 485 2633; x_wconf 88' lang='lat' dir='ltr'>ut</span> <span class='ocrx_word' id='word_1_325' title='bbox 505 2614 595 2641; x_wconf 84' lang='lat' dir='ltr'>regem</span> <span class='ocrx_word' id='word_1_326' title='bbox 611 2605 735 2632; x_wconf 83' lang='lat' dir='ltr'>reducas:</span> <span class='ocrx_word' id='word_1_327' title='bbox 762 2604 834 2640; x_wconf 86' lang='lat' dir='ltr'>quod</span> 
     </span>
     <span class='ocr_line' id='line_1_45' title="bbox 39 2641 835 2681; baseline -0.005 -9"><span class='ocrx_word' id='word_1_328' title='bbox 39 2644 177 2672; x_wconf 77' lang='lat' dir='ltr'>commode</span> <span class='ocrx_word' id='word_1_329' title='bbox 192 2644 276 2672; x_wconf 86' lang='lat' dir='ltr'>facere</span> <span class='ocrx_word' id='word_1_330' title='bbox 287 2645 388 2681; x_wconf 88' lang='lat' dir='ltr'>possis:</span> <span class='ocrx_word' id='word_1_331' title='bbox 411 2649 440 2671; x_wconf 90' lang='lat' dir='ltr'>ut</span> <span class='ocrx_word' id='word_1_332' title='bbox 451 2645 597 2671; x_wconf 84' lang='lat' dir='ltr'>exercitum</span> <span class='ocrx_word' id='word_1_333' title='bbox 609 2642 703 2678; x_wconf 78' lang='lat' dir='ltr'>religio</span> <span class='ocrx_word' id='word_1_334' title='bbox 714 2641 796 2673; x_wconf 71' lang='lat' dir='ltr'>tollat,</span> <span class='ocrx_word' id='word_1_335' title='bbox 810 2646 835 2668; x_wconf 85' lang='lat' dir='ltr'>te</span> 
     </span>
     <span class='ocr_line' id='line_1_46' title="bbox 41 2679 835 2716; baseline -0.005 -7"><span class='ocrx_word' id='word_1_336' title='bbox 41 2686 173 2709; x_wconf 84' lang='lat' dir='ltr'>auctorem</span> <span class='ocrx_word' id='word_1_337' title='bbox 191 2687 299 2710; x_wconf 85' lang='lat' dir='ltr'>senatus</span> <span class='ocrx_word' id='word_1_338' title='bbox 319 2683 438 2710; x_wconf 86' lang='lat' dir='ltr'>retineat.</span> <span class='ocrx_word' id='word_1_339' title='bbox 479 2681 592 2708; x_wconf 84' lang='lat' dir='ltr'>Crassus</span> <span class='ocrx_word' id='word_1_340' title='bbox 609 2685 660 2707; x_wconf 87' lang='lat' dir='ltr'>tres</span> <span class='ocrx_word' id='word_1_341' title='bbox 677 2679 777 2716; x_wconf 81' lang='lat' dir='ltr'>legatos</span> <span class='ocrx_word' id='word_1_342' title='bbox 788 2679 835 2706; x_wconf 86' lang='lat' dir='ltr'>de—</span> 
     </span>
    </p>
   </div>
   <div class='ocr_carea' id='block_1_12' title="bbox 606 1012 1118 1114">
    <p class='ocr_par' dir='ltr' id='par_1_12' title="bbox 606 1012 1118 1114">
     <span class='ocr_line' id='line_1_47' title="bbox 840 1012 886 1038; baseline 0.022 -1"><span class='ocrx_word' id='word_1_343' title='bbox 840 1012 886 1038; x_wconf 72' lang='lat'>7⁴.</span> 
     </span>
     <span class='ocr_line' id='line_1_48' title="bbox 606 1083 1118 1114; baseline -0.006 0"><span class='ocrx_word' id='word_1_344' title='bbox 606 1085 808 1114; x_wconf 88' lang='lat' dir='ltr'>LIBER</span> <span class='ocrx_word' id='word_1_345' title='bbox 851 1083 1118 1114; x_wconf 86' lang='lat' dir='ltr'>PRIMUS.</span> 
     </span>
    </p>
   </div>
   <div class='ocr_carea' id='block_1_13' title="bbox 887 1231 1686 2123">
    <p class='ocr_par' dir='ltr' id='par_1_13' title="bbox 887 1231 1686 2123">
     <span class='ocr_line' id='line_1_49' title="bbox 888 1231 1685 1268; baseline -0.008 -6"><span class='ocrx_word' id='word_1_346' title='bbox 888 1235 981 1266; x_wconf 84' lang='lat' dir='ltr'>cernit,</span> <span class='ocrx_word' id='word_1_347' title='bbox 994 1243 1043 1261; x_wconf 84' lang='lat' dir='ltr'>nec</span> <span class='ocrx_word' id='word_1_348' title='bbox 1054 1234 1173 1261; x_wconf 85' lang='lat' dir='ltr'>excludit</span> <span class='ocrx_word' id='word_1_349' title='bbox 1182 1234 1354 1268; x_wconf 83' lang='lat' dir='ltr'>Pompeium:</span> <span class='ocrx_word' id='word_1_350' title='bbox 1376 1236 1468 1259; x_wconf 90' lang='lat' dir='ltr'>censet</span> <span class='ocrx_word' id='word_1_351' title='bbox 1478 1233 1550 1258; x_wconf 89' lang='lat' dir='ltr'>enim</span> <span class='ocrx_word' id='word_1_352' title='bbox 1562 1231 1639 1258; x_wconf 85' lang='lat' dir='ltr'>etiam</span> <span class='ocrx_word' id='word_1_353' title='bbox 1653 1238 1685 1256; x_wconf 86' lang='lat' dir='ltr'>ex</span> 
     </span>
     <span class='ocr_line' id='line_1_50' title="bbox 888 1268 1685 1308; baseline -0.008 -9"><span class='ocrx_word' id='word_1_354' title='bbox 888 1273 935 1304; x_wconf 82' lang='lat' dir='ltr'>iis,</span> <span class='ocrx_word' id='word_1_355' title='bbox 958 1273 1006 1308; x_wconf 88' lang='lat' dir='ltr'>qui</span> <span class='ocrx_word' id='word_1_356' title='bbox 1027 1281 1088 1299; x_wconf 89' lang='lat' dir='ltr'>cum</span> <span class='ocrx_word' id='word_1_357' title='bbox 1108 1272 1221 1307; x_wconf 84' lang='lat' dir='ltr'>imperio</span> <span class='ocrx_word' id='word_1_358' title='bbox 1236 1272 1302 1297; x_wconf 88' lang='lat' dir='ltr'>sint:</span> <span class='ocrx_word' id='word_1_359' title='bbox 1334 1271 1369 1296; x_wconf 89' lang='lat' dir='ltr'>M.</span> <span class='ocrx_word' id='word_1_360' title='bbox 1386 1269 1501 1296; x_wconf 89' lang='lat' dir='ltr'>Bibulus</span> <span class='ocrx_word' id='word_1_361' title='bbox 1516 1274 1569 1296; x_wconf 88' lang='lat' dir='ltr'>tres</span> <span class='ocrx_word' id='word_1_362' title='bbox 1586 1268 1685 1304; x_wconf 82' lang='lat' dir='ltr'>legatos</span> 
     </span>
     <span class='ocr_line' id='line_1_51' title="bbox 888 1307 1686 1344; baseline -0.006 -8"><span class='ocrx_word' id='word_1_363' title='bbox 888 1310 1007 1336; x_wconf 86' lang='lat' dir='ltr'>decernit</span> <span class='ocrx_word' id='word_1_364' title='bbox 1026 1318 1059 1336; x_wconf 88' lang='lat' dir='ltr'>ex</span> <span class='ocrx_word' id='word_1_365' title='bbox 1078 1310 1123 1340; x_wconf 87' lang='lat' dir='ltr'>iis,</span> <span class='ocrx_word' id='word_1_366' title='bbox 1140 1310 1187 1344; x_wconf 90' lang='lat' dir='ltr'>qui</span> <span class='ocrx_word' id='word_1_367' title='bbox 1204 1309 1300 1344; x_wconf 88' lang='lat' dir='ltr'>privati</span> <span class='ocrx_word' id='word_1_368' title='bbox 1316 1309 1378 1334; x_wconf 87' lang='lat' dir='ltr'>sint.</span> <span class='ocrx_word' id='word_1_369' title='bbox 1420 1308 1487 1333; x_wconf 81' lang='lat' dir='ltr'>Iluic</span> <span class='ocrx_word' id='word_1_370' title='bbox 1501 1307 1686 1333; x_wconf 88' lang='lat' dir='ltr'>assentiuntur</span> 
     </span>
     <span class='ocr_line' id='line_1_52' title="bbox 888 1343 1686 1382; baseline -0.008 -8"><span class='ocrx_word' id='word_1_371' title='bbox 888 1347 985 1382; x_wconf 91' lang='lat' dir='ltr'>reliqui</span> <span class='ocrx_word' id='word_1_372' title='bbox 1009 1346 1162 1374; x_wconf 90' lang='lat' dir='ltr'>consulares</span> <span class='ocrx_word' id='word_1_373' title='bbox 1190 1350 1293 1381; x_wconf 88' lang='lat' dir='ltr'>praeter</span> <span class='ocrx_word' id='word_1_374' title='bbox 1313 1344 1473 1375; x_wconf 89' lang='lat' dir='ltr'>Servilium,</span> <span class='ocrx_word' id='word_1_375' title='bbox 1505 1344 1553 1379; x_wconf 87' lang='lat' dir='ltr'>qui</span> <span class='ocrx_word' id='word_1_376' title='bbox 1576 1343 1686 1369; x_wconf 90' lang='lat' dir='ltr'>omnino</span> 
     </span>
     <span class='ocr_line' id='line_1_53' title="bbox 888 1379 1686 1420; baseline -0.008 -9"><span class='ocrx_word' id='word_1_377' title='bbox 888 1385 979 1411; x_wconf 89' lang='lat' dir='ltr'>reduci</span> <span class='ocrx_word' id='word_1_378' title='bbox 1001 1389 1079 1420; x_wconf 86' lang='lat' dir='ltr'>negat</span> <span class='ocrx_word' id='word_1_379' title='bbox 1093 1388 1226 1419; x_wconf 84' lang='lat' dir='ltr'>oportere,</span> <span class='ocrx_word' id='word_1_380' title='bbox 1243 1387 1269 1409; x_wconf 89' lang='lat' dir='ltr'>et</span> <span class='ocrx_word' id='word_1_381' title='bbox 1285 1382 1442 1412; x_wconf 86' lang='lat' dir='ltr'>Volcatium,</span> <span class='ocrx_word' id='word_1_382' title='bbox 1459 1381 1516 1416; x_wconf 84' lang='lat' dir='ltr'>qui,</span> <span class='ocrx_word' id='word_1_383' title='bbox 1531 1381 1606 1415; x_wconf 88' lang='lat' dir='ltr'>Lupo</span> <span class='ocrx_word' id='word_1_384' title='bbox 1618 1379 1686 1406; x_wconf 87' lang='lat' dir='ltr'>refe-</span> 
     </span>
     <span class='ocr_line' id='line_1_54' title="bbox 888 1418 1686 1456; baseline -0.006 -8"><span class='ocrx_word' id='word_1_385' title='bbox 888 1427 970 1453; x_wconf 88' lang='lat' dir='ltr'>rente,</span> <span class='ocrx_word' id='word_1_386' title='bbox 988 1422 1114 1456; x_wconf 90' lang='lat' dir='ltr'>Pompeio</span> <span class='ocrx_word' id='word_1_387' title='bbox 1129 1421 1259 1451; x_wconf 84' lang='lat' dir='ltr'>decernit,</span> <span class='ocrx_word' id='word_1_388' title='bbox 1275 1424 1301 1446; x_wconf 89' lang='lat' dir='ltr'>et</span> <span class='ocrx_word' id='word_1_389' title='bbox 1314 1419 1464 1449; x_wconf 80' lang='lat' dir='ltr'>Afranium,</span> <span class='ocrx_word' id='word_1_390' title='bbox 1482 1419 1530 1453; x_wconf 85' lang='lat' dir='ltr'>qui</span> <span class='ocrx_word' id='word_1_391' title='bbox 1541 1418 1686 1444; x_wconf 83' lang='lat' dir='ltr'>assentitur</span> 
     </span>
     <span class='ocr_line' id='line_1_55' title="bbox 888 1454 1686 1494; baseline -0.008 -8"><span class='ocrx_word' id='word_1_392' title='bbox 888 1459 1018 1487; x_wconf 85' lang='lat' dir='ltr'>Volcatio:</span> <span class='ocrx_word' id='word_1_393' title='bbox 1041 1468 1110 1494; x_wconf 90' lang='lat' dir='ltr'>quae</span> <span class='ocrx_word' id='word_1_394' title='bbox 1122 1467 1163 1485; x_wconf 84' lang='lat' dir='ltr'>res</span> <span class='ocrx_word' id='word_1_395' title='bbox 1175 1463 1254 1484; x_wconf 83' lang='lat' dir='ltr'>auoet</span> <span class='ocrx_word' id='word_1_396' title='bbox 1265 1458 1446 1492; x_wconf 85' lang='lat' dir='ltr'>suspicionem</span> <span class='ocrx_word' id='word_1_397' title='bbox 1458 1456 1578 1490; x_wconf 90' lang='lat' dir='ltr'>Pompeii</span> <span class='ocrx_word' id='word_1_398' title='bbox 1590 1454 1686 1481; x_wconf 86' lang='lat' dir='ltr'>volun-</span> 
     </span>
     <span class='ocr_line' id='line_1_56' title="bbox 888 1478 1686 1532; baseline -0.009 -8"><span class='ocrx_word' id='word_1_399' title='bbox 888 1498 962 1524; x_wconf 85' lang='lat' dir='ltr'>tatis:</span> <span class='ocrx_word' id='word_1_400' title='bbox 986 1505 1047 1523; x_wconf 92' lang='lat' dir='ltr'>nam</span> <span class='ocrx_word' id='word_1_401' title='bbox 1063 1478 1292 1532; x_wconf 54' lang='lat' dir='ltr'>advertebaffifflur</span> <span class='ocrx_word' id='word_1_402' title='bbox 1306 1494 1426 1529; x_wconf 88' lang='lat' dir='ltr'>Pompeii</span> <span class='ocrx_word' id='word_1_403' title='bbox 1438 1493 1582 1520; x_wconf 82' lang='lat' dir='ltr'>familiares</span> <span class='ocrx_word' id='word_1_404' title='bbox 1594 1500 1686 1518; x_wconf 86' lang='lat' dir='ltr'>assen-</span> 
     </span>
     <span class='ocr_line' id='line_1_57' title="bbox 888 1530 1685 1561; baseline -0.008 0"><span class='ocrx_word' id='word_1_405' title='bbox 888 1535 936 1561; x_wconf 86' lang='lat' dir='ltr'>tire</span> <span class='ocrx_word' id='word_1_406' title='bbox 956 1534 1084 1561; x_wconf 87' lang='lat' dir='ltr'>Volcatio.</span> <span class='ocrx_word' id='word_1_407' title='bbox 1126 1533 1270 1560; x_wconf 84' lang='lat' dir='ltr'>Laboratur</span> <span class='ocrx_word' id='word_1_408' title='bbox 1290 1532 1473 1558; x_wconf 85' lang='lat' dir='ltr'>vehementer:</span> <span class='ocrx_word' id='word_1_409' title='bbox 1502 1530 1627 1556; x_wconf 81' lang='lat' dir='ltr'>inclinata</span> <span class='ocrx_word' id='word_1_410' title='bbox 1644 1538 1685 1555; x_wconf 85' lang='lat' dir='ltr'>res</span> 
     </span>
     <span class='ocr_line' id='line_1_58' title="bbox 888 1568 1686 1607; baseline -0.008 -9"><span class='ocrx_word' id='word_1_411' title='bbox 888 1576 937 1598; x_wconf 91' lang='lat' dir='ltr'>est.</span> <span class='ocrx_word' id='word_1_412' title='bbox 978 1572 1088 1598; x_wconf 87' lang='lat' dir='ltr'>Libonis</span> <span class='ocrx_word' id='word_1_413' title='bbox 1109 1576 1134 1597; x_wconf 88' lang='lat' dir='ltr'>et</span> <span class='ocrx_word' id='word_1_414' title='bbox 1149 1571 1263 1607; x_wconf 78' lang='lat' dir='ltr'>Hypsaei</span> <span class='ocrx_word' id='word_1_415' title='bbox 1285 1579 1337 1596; x_wconf 92' lang='lat' dir='ltr'>non</span> <span class='ocrx_word' id='word_1_416' title='bbox 1352 1569 1464 1596; x_wconf 87' lang='lat' dir='ltr'>obscura</span> <span class='ocrx_word' id='word_1_417' title='bbox 1479 1568 1645 1594; x_wconf 83' lang='lat' dir='ltr'>concursatio</span> <span class='ocrx_word' id='word_1_418' title='bbox 1660 1571 1686 1592; x_wconf 81' lang='lat' dir='ltr'>ct</span> 
     </span>
     <span class='ocr_line' id='line_1_59' title="bbox 887 1604 1684 1643; baseline -0.009 -7"><span class='ocrx_word' id='word_1_419' title='bbox 887 1610 1033 1640; x_wconf 79' lang='lat' dir='ltr'>contentio,</span> <span class='ocrx_word' id='word_1_420' title='bbox 1055 1609 1232 1643; x_wconf 89' lang='lat' dir='ltr'>omniumque</span> <span class='ocrx_word' id='word_1_421' title='bbox 1247 1607 1366 1642; x_wconf 86' lang='lat' dir='ltr'>Pompeii</span> <span class='ocrx_word' id='word_1_422' title='bbox 1379 1606 1551 1632; x_wconf 88' lang='lat' dir='ltr'>familiarium</span> <span class='ocrx_word' id='word_1_423' title='bbox 1563 1604 1684 1631; x_wconf 87' lang='lat' dir='ltr'>studium</span> 
     </span>
     <span class='ocr_line' id='line_1_60' title="bbox 888 1642 1685 1681; baseline -0.008 -8"><span class='ocrx_word' id='word_1_424' title='bbox 888 1648 915 1673; x_wconf 92' lang='lat' dir='ltr'>in</span> <span class='ocrx_word' id='word_1_425' title='bbox 936 1655 994 1673; x_wconf 86' lang='lat' dir='ltr'>earn</span> <span class='ocrx_word' id='word_1_426' title='bbox 1009 1647 1162 1681; x_wconf 88' lang='lat' dir='ltr'>opinionem</span> <span class='ocrx_word' id='word_1_427' title='bbox 1179 1654 1233 1672; x_wconf 86' lang='lat' dir='ltr'>rem</span> <span class='ocrx_word' id='word_1_428' title='bbox 1249 1645 1429 1674; x_wconf 80' lang='lat' dir='ltr'>adduxerunt,</span> <span class='ocrx_word' id='word_1_429' title='bbox 1443 1648 1472 1669; x_wconf 87' lang='lat' dir='ltr'>ut</span> <span class='ocrx_word' id='word_1_430' title='bbox 1482 1642 1627 1677; x_wconf 86' lang='lat' dir='ltr'>Pompeius</span> <span class='ocrx_word' id='word_1_431' title='bbox 1638 1650 1685 1667; x_wconf 86' lang='lat' dir='ltr'>cu-</span> 
     </span>
     <span class='ocr_line' id='line_1_61' title="bbox 888 1679 1685 1719; baseline -0.009 -8"><span class='ocrx_word' id='word_1_432' title='bbox 888 1693 950 1719; x_wconf 87' lang='lat' dir='ltr'>pere</span> <span class='ocrx_word' id='word_1_433' title='bbox 967 1684 1102 1710; x_wconf 80' lang='lat' dir='ltr'>videatur:</span> <span class='ocrx_word' id='word_1_434' title='bbox 1128 1683 1171 1709; x_wconf 93' lang='lat' dir='ltr'>cui</span> <span class='ocrx_word' id='word_1_435' title='bbox 1187 1683 1234 1718; x_wconf 85' lang='lat' dir='ltr'>qui</span> <span class='ocrx_word' id='word_1_436' title='bbox 1252 1682 1354 1712; x_wconf 79' lang='lat' dir='ltr'>nolunt,</span> <span class='ocrx_word' id='word_1_437' title='bbox 1372 1681 1453 1708; x_wconf 77' lang='lat' dir='ltr'>iidem</span> <span class='ocrx_word' id='word_1_438' title='bbox 1470 1681 1527 1710; x_wconf 73' lang='lat' dir='ltr'>tibi,</span> <span class='ocrx_word' id='word_1_439' title='bbox 1541 1679 1685 1715; x_wconf 85' lang='lat' dir='ltr'>quodcum</span> 
     </span>
     <span class='ocr_line' id='line_1_62' title="bbox 887 1717 1685 1753; baseline -0.008 -5"><span class='ocrx_word' id='word_1_440' title='bbox 887 1722 996 1753; x_wconf 75' lang='lat' dir='ltr'>ornasti,</span> <span class='ocrx_word' id='word_1_441' title='bbox 1006 1730 1057 1748; x_wconf 92' lang='lat' dir='ltr'>non</span> <span class='ocrx_word' id='word_1_442' title='bbox 1068 1725 1132 1747; x_wconf 88' lang='lat' dir='ltr'>sunt</span> <span class='ocrx_word' id='word_1_443' title='bbox 1143 1721 1232 1747; x_wconf 92' lang='lat' dir='ltr'>amici.</span> <span class='ocrx_word' id='word_1_444' title='bbox 1256 1721 1279 1746; x_wconf 74' lang='lat'>4.</span> <span class='ocrx_word' id='word_1_445' title='bbox 1293 1720 1346 1745; x_wconf 92' lang='lat' dir='ltr'>Nos</span> <span class='ocrx_word' id='word_1_446' title='bbox 1358 1720 1384 1745; x_wconf 90' lang='lat' dir='ltr'>in</span> <span class='ocrx_word' id='word_1_447' title='bbox 1396 1727 1490 1744; x_wconf 78' lang='lat' dir='ltr'>caussa</span> <span class='ocrx_word' id='word_1_448' title='bbox 1503 1717 1685 1744; x_wconf 84' lang='lat' dir='ltr'>auctoritatem</span> 
     </span>
     <span class='ocr_line' id='line_1_63' title="bbox 887 1754 1685 1792; baseline -0.009 -6"><span class='ocrx_word' id='word_1_449' title='bbox 887 1768 918 1786; x_wconf 88' lang='lat' dir='ltr'>eo</span> <span class='ocrx_word' id='word_1_450' title='bbox 939 1760 1068 1785; x_wconf 88' lang='lat' dir='ltr'>minorem</span> <span class='ocrx_word' id='word_1_451' title='bbox 1085 1758 1225 1789; x_wconf 77' lang='lat' dir='ltr'>habemus,</span> <span class='ocrx_word' id='word_1_452' title='bbox 1241 1756 1313 1792; x_wconf 89' lang='lat' dir='ltr'>quod</span> <span class='ocrx_word' id='word_1_453' title='bbox 1326 1756 1373 1783; x_wconf 86' lang='lat' dir='ltr'>tibi</span> <span class='ocrx_word' id='word_1_454' title='bbox 1385 1756 1525 1782; x_wconf 82' lang='lat' dir='ltr'>debemus.</span> <span class='ocrx_word' id='word_1_455' title='bbox 1567 1754 1685 1781; x_wconf 87' lang='lat' dir='ltr'>Gratiam</span> 
     </span>
     <span class='ocr_line' id='line_1_64' title="bbox 887 1791 1685 1830; baseline -0.008 -7"><span class='ocrx_word' id='word_1_456' title='bbox 887 1801 975 1823; x_wconf 82' lang='lat' dir='ltr'>autem</span> <span class='ocrx_word' id='word_1_457' title='bbox 998 1801 1115 1823; x_wconf 89' lang='lat' dir='ltr'>nostram</span> <span class='ocrx_word' id='word_1_458' title='bbox 1137 1795 1286 1830; x_wconf 81' lang='lat' dir='ltr'>exstinguit</span> <span class='ocrx_word' id='word_1_459' title='bbox 1307 1794 1446 1820; x_wconf 81' lang='lat' dir='ltr'>hominum</span> <span class='ocrx_word' id='word_1_460' title='bbox 1463 1792 1594 1826; x_wconf 84' lang='lat' dir='ltr'>suspicio,</span> <span class='ocrx_word' id='word_1_461' title='bbox 1613 1791 1685 1826; x_wconf 89' lang='lat' dir='ltr'>quod</span> 
     </span>
     <span class='ocr_line' id='line_1_65' title="bbox 888 1828 1686 1869; baseline -0.009 -8"><span class='ocrx_word' id='word_1_462' title='bbox 888 1834 1013 1869; x_wconf 85' lang='lat' dir='ltr'>Pompeio</span> <span class='ocrx_word' id='word_1_463' title='bbox 1037 1842 1066 1860; x_wconf 87' lang='lat' dir='ltr'>se</span> <span class='ocrx_word' id='word_1_464' title='bbox 1090 1833 1232 1869; x_wconf 85' lang='lat' dir='ltr'>gratificari</span> <span class='ocrx_word' id='word_1_465' title='bbox 1255 1836 1358 1867; x_wconf 90' lang='lat' dir='ltr'>putant.</span> <span class='ocrx_word' id='word_1_466' title='bbox 1399 1831 1478 1858; x_wconf 87' lang='lat' dir='ltr'>Utin</span> <span class='ocrx_word' id='word_1_467' title='bbox 1499 1830 1580 1856; x_wconf 77' lang='lat' dir='ltr'>rebus</span> <span class='ocrx_word' id='word_1_468' title='bbox 1601 1828 1686 1855; x_wconf 89' lang='lat' dir='ltr'>multo</span> 
     </span>
     <span class='ocr_line' id='line_1_66' title="bbox 888 1867 1686 1906; baseline -0.009 -8"><span class='ocrx_word' id='word_1_469' title='bbox 888 1876 957 1902; x_wconf 88' lang='lat' dir='ltr'>ante,</span> <span class='ocrx_word' id='word_1_470' title='bbox 974 1880 1055 1906; x_wconf 87' lang='lat' dir='ltr'>quam</span> <span class='ocrx_word' id='word_1_471' title='bbox 1072 1869 1206 1905; x_wconf 83' lang='lat' dir='ltr'>profectus</span> <span class='ocrx_word' id='word_1_472' title='bbox 1218 1879 1255 1901; x_wconf 72' lang='lat' dir='ltr'>es,</span> <span class='ocrx_word' id='word_1_473' title='bbox 1272 1870 1305 1895; x_wconf 91' lang='lat' dir='ltr'>ab</span> <span class='ocrx_word' id='word_1_474' title='bbox 1317 1870 1376 1903; x_wconf 89' lang='lat' dir='ltr'>ipso</span> <span class='ocrx_word' id='word_1_475' title='bbox 1389 1876 1451 1904; x_wconf 88' lang='lat' dir='ltr'>rege</span> <span class='ocrx_word' id='word_1_476' title='bbox 1462 1872 1487 1894; x_wconf 89' lang='lat' dir='ltr'>et</span> <span class='ocrx_word' id='word_1_477' title='bbox 1498 1867 1530 1893; x_wconf 80' lang='lat' dir='ltr'>al)</span> <span class='ocrx_word' id='word_1_478' title='bbox 1542 1867 1644 1892; x_wconf 90' lang='lat' dir='ltr'>intimis</span> <span class='ocrx_word' id='word_1_479' title='bbox 1656 1874 1686 1891; x_wconf 87' lang='lat' dir='ltr'>ac</span> 
     </span>
     <span class='ocr_line' id='line_1_67' title="bbox 887 1903 1685 1942; baseline -0.009 -7"><span class='ocrx_word' id='word_1_480' title='bbox 887 1909 1042 1935; x_wconf 85' lang='lat' dir='ltr'>domesticis</span> <span class='ocrx_word' id='word_1_481' title='bbox 1054 1908 1173 1942; x_wconf 86' lang='lat' dir='ltr'>Pompeii</span> <span class='ocrx_word' id='word_1_482' title='bbox 1189 1907 1256 1934; x_wconf 84' lang='lat' dir='ltr'>clam</span> <span class='ocrx_word' id='word_1_483' title='bbox 1275 1907 1444 1936; x_wconf 78' lang='lat' dir='ltr'>exulceratis,</span> <span class='ocrx_word' id='word_1_484' title='bbox 1461 1904 1557 1931; x_wconf 84' lang='lat' dir='ltr'>deinde</span> <span class='ocrx_word' id='word_1_485' title='bbox 1570 1903 1656 1938; x_wconf 86' lang='lat' dir='ltr'>palam</span> <span class='ocrx_word' id='word_1_486' title='bbox 1671 1912 1685 1929; x_wconf 86' lang='lat' dir='ltr'>a</span> 
     </span>
     <span class='ocr_line' id='line_1_68' title="bbox 887 1940 1685 1981; baseline -0.009 -8"><span class='ocrx_word' id='word_1_487' title='bbox 887 1946 1075 1973; x_wconf 87' lang='lat' dir='ltr'>consularibus</span> <span class='ocrx_word' id='word_1_488' title='bbox 1095 1946 1235 1981; x_wconf 86' lang='lat' dir='ltr'>exagitatis</span> <span class='ocrx_word' id='word_1_489' title='bbox 1255 1949 1281 1971; x_wconf 90' lang='lat' dir='ltr'>et</span> <span class='ocrx_word' id='word_1_490' title='bbox 1298 1945 1325 1970; x_wconf 92' lang='lat' dir='ltr'>in</span> <span class='ocrx_word' id='word_1_491' title='bbox 1344 1951 1477 1970; x_wconf 86' lang='lat' dir='ltr'>summam</span> <span class='ocrx_word' id='word_1_492' title='bbox 1493 1941 1622 1968; x_wconf 84' lang='lat' dir='ltr'>invidiam</span> <span class='ocrx_word' id='word_1_493' title='bbox 1639 1940 1685 1966; x_wconf 87' lang='lat' dir='ltr'>ad-</span> 
     </span>
     <span class='ocr_line' id='line_1_69' title="bbox 887 1981 1684 2012; baseline -0.009 -2"><span class='ocrx_word' id='word_1_494' title='bbox 887 1984 984 2012; x_wconf 83' lang='lat' dir='ltr'>ductis.</span> <span class='ocrx_word' id='word_1_495' title='bbox 998 1984 1033 2010; x_wconf 88' lang='lat' dir='ltr'>ita</span> <span class='ocrx_word' id='word_1_496' title='bbox 1046 1991 1194 2009; x_wconf 85' lang='lat' dir='ltr'>versamur.</span> <span class='ocrx_word' id='word_1_497' title='bbox 1227 1982 1348 2009; x_wconf 87' lang='lat' dir='ltr'>Nostram</span> <span class='ocrx_word' id='word_1_498' title='bbox 1361 1981 1440 2007; x_wconf 83' lang='lat' dir='ltr'>Iidem</span> <span class='ocrx_word' id='word_1_499' title='bbox 1452 1988 1554 2009; x_wconf 82' lang='lat' dir='ltr'>omnes.</span> <span class='ocrx_word' id='word_1_500' title='bbox 1568 1986 1684 2005; x_wconf 85' lang='lat' dir='ltr'>amorem</span> 
     </span>
     <span class='ocr_line' id='line_1_70' title="bbox 888 2016 1685 2055; baseline -0.008 -8"><span class='ocrx_word' id='word_1_501' title='bbox 888 2022 926 2048; x_wconf 90' lang='lat' dir='ltr'>tui</span> <span class='ocrx_word' id='word_1_502' title='bbox 938 2021 1056 2047; x_wconf 89' lang='lat' dir='ltr'>absentis</span> <span class='ocrx_word' id='word_1_503' title='bbox 1069 2025 1221 2055; x_wconf 87' lang='lat' dir='ltr'>praesentes</span> <span class='ocrx_word' id='word_1_504' title='bbox 1233 2020 1271 2046; x_wconf 91' lang='lat' dir='ltr'>tui</span> <span class='ocrx_word' id='word_1_505' title='bbox 1283 2022 1452 2055; x_wconf 77' lang='lat' dir='ltr'>cognoscent.</span> <span class='ocrx_word' id='word_1_506' title='bbox 1493 2017 1521 2043; x_wconf 90' lang='lat' dir='ltr'>Si</span> <span class='ocrx_word' id='word_1_507' title='bbox 1533 2021 1603 2043; x_wconf 84' lang='lat' dir='ltr'>esset</span> <span class='ocrx_word' id='word_1_508' title='bbox 1614 2017 1640 2042; x_wconf 94' lang='lat' dir='ltr'>in</span> <span class='ocrx_word' id='word_1_509' title='bbox 1653 2016 1685 2041; x_wconf 80' lang='lat' dir='ltr'>iis</span> 
     </span>
     <span class='ocr_line' id='line_1_71' title="bbox 888 2053 1685 2093; baseline -0.009 -8"><span class='ocrx_word' id='word_1_510' title='bbox 888 2058 968 2090; x_wconf 84' lang='lat' dir='ltr'>fides,</span> <span class='ocrx_word' id='word_1_511' title='bbox 990 2058 1018 2085; x_wconf 88' lang='lat' dir='ltr'>in</span> <span class='ocrx_word' id='word_1_512' title='bbox 1038 2058 1140 2093; x_wconf 88' lang='lat' dir='ltr'>quibus</span> <span class='ocrx_word' id='word_1_513' title='bbox 1161 2066 1268 2084; x_wconf 91' lang='lat' dir='ltr'>summa</span> <span class='ocrx_word' id='word_1_514' title='bbox 1288 2065 1347 2084; x_wconf 85' lang='lat' dir='ltr'>esse</span> <span class='ocrx_word' id='word_1_515' title='bbox 1368 2055 1495 2083; x_wconf 71' lang='lat' dir='ltr'>debebat,</span> <span class='ocrx_word' id='word_1_516' title='bbox 1513 2063 1566 2081; x_wconf 90' lang='lat' dir='ltr'>non</span> <span class='ocrx_word' id='word_1_517' title='bbox 1583 2053 1685 2079; x_wconf 85' lang='lat' dir='ltr'>labora-</span> 
     </span>
     <span class='ocr_line' id='line_1_72' title="bbox 887 2095 1103 2123; baseline 0 -1"><span class='ocrx_word' id='word_1_518' title='bbox 887 2105 988 2123; x_wconf 89' lang='lat' dir='ltr'>remus.</span> <span class='ocrx_word' id='word_1_519' title='bbox 1029 2095 1103 2122; x_wconf 86' lang='lat' dir='ltr'>Vale.</span> 
     </span>
    </p>
   </div>
   <div class='ocr_carea' id='block_1_14' title="bbox 887 2162 1684 2296">
    <p class='ocr_par' dir='ltr' id='par_1_14' title="bbox 887 2162 1684 2262">
     <span class='ocr_line' id='line_1_73' title="bbox 939 2162 1684 2193; baseline -0.011 -4"><span class='ocrx_word' id='word_1_520' title='bbox 939 2168 968 2189; x_wconf 84' lang='lat' dir='ltr'>u.</span> <span class='ocrx_word' id='word_1_521' title='bbox 989 2167 1066 2189; x_wconf 66' lang='grc' dir='ltr'>ΔΒΕ.</span> <span class='ocrx_word' id='word_1_522' title='bbox 1085 2167 1209 2193; x_wconf 70' lang='lat' dir='ltr'>Significat,</span> <span class='ocrx_word' id='word_1_523' title='bbox 1225 2166 1278 2193; x_wconf 69' lang='lat' dir='ltr'>qui-l</span> <span class='ocrx_word' id='word_1_524' title='bbox 1292 2165 1397 2193; x_wconf 77' lang='lat' dir='ltr'>deincep·</span> <span class='ocrx_word' id='word_1_525' title='bbox 1412 2168 1483 2185; x_wconf 78' lang='lat' dir='ltr'>aetum</span> <span class='ocrx_word' id='word_1_526' title='bbox 1499 2170 1511 2184; x_wconf 83' lang='grc' dir='ltr'>ι</span> <span class='ocrx_word' id='word_1_527' title='bbox 1525 2166 1604 2183; x_wconf 72' lang='lat' dir='ltr'>uenatu</span> <span class='ocrx_word' id='word_1_528' title='bbox 1619 2162 1649 2182; x_wconf 76' lang='lat' dir='ltr'>nit</span> <span class='ocrx_word' id='word_1_529' title='bbox 1662 2162 1684 2182; x_wconf 93' lang='lat' dir='ltr'>in</span> 
     </span>
     <span class='ocr_line' id='line_1_74' title="bbox 887 2199 1684 2228; baseline -0.009 -4"><span class='ocrx_word' id='word_1_530' title='bbox 887 2210 966 2224; x_wconf 72' lang='lat' dir='ltr'>caua-a</span> <span class='ocrx_word' id='word_1_531' title='bbox 977 2203 1037 2228; x_wconf 72' lang='lat' dir='ltr'>regia</span> <span class='ocrx_word' id='word_1_532' title='bbox 1048 2203 1079 2223; x_wconf 78' lang='lat' dir='ltr'>td.</span> <span class='ocrx_word' id='word_1_533' title='bbox 1092 2203 1146 2225; x_wconf 73' lang='lat' dir='ltr'>Ian..</span> <span class='ocrx_word' id='word_1_534' title='bbox 1158 2208 1214 2228; x_wconf 77' lang='lat' dir='ltr'>quaa</span> <span class='ocrx_word' id='word_1_535' title='bbox 1224 2201 1348 2221; x_wconf 70' lang='lat' dir='ltr'>sententiae</span> <span class='ocrx_word' id='word_1_536' title='bbox 1358 2199 1439 2223; x_wconf 71' lang='lat' dir='ltr'>dictae,</span> <span class='ocrx_word' id='word_1_537' title='bbox 1450 2206 1492 2226; x_wconf 85' lang='lat' dir='ltr'>quo</span> <span class='ocrx_word' id='word_1_538' title='bbox 1503 2199 1630 2226; x_wconf 74' lang='lat' dir='ltr'>Pompeius.</span> <span class='ocrx_word' id='word_1_539' title='bbox 1643 2205 1684 2224; x_wconf 69' lang='lat' dir='ltr'>quo</span> 
     </span>
     <span class='ocr_line' id='line_1_75' title="bbox 887 2233 1623 2262; baseline -0.008 -3"><span class='ocrx_word' id='word_1_540' title='bbox 887 2238 936 2259; x_wconf 79' lang='lat' dir='ltr'>cius</span> <span class='ocrx_word' id='word_1_541' title='bbox 951 2237 1075 2258; x_wconf 75' lang='lat' dir='ltr'>familiare-</span> <span class='ocrx_word' id='word_1_542' title='bbox 1089 2237 1171 2261; x_wconf 68' lang='lat' dir='ltr'>animo,</span> <span class='ocrx_word' id='word_1_543' title='bbox 1186 2239 1207 2257; x_wconf 77' lang='lat' dir='ltr'>et</span> <span class='ocrx_word' id='word_1_544' title='bbox 1222 2242 1278 2262; x_wconf 73' lang='lat' dir='ltr'>quan</span> <span class='ocrx_word' id='word_1_545' title='bbox 1293 2234 1377 2255; x_wconf 66' lang='lat' dir='ltr'>tribuni</span> <span class='ocrx_word' id='word_1_546' title='bbox 1393 2235 1476 2255; x_wconf 74' lang='lat' dir='ltr'>frustra</span> <span class='ocrx_word' id='word_1_547' title='bbox 1486 2233 1560 2254; x_wconf 72' lang='lat' dir='ltr'>moliti</span> <span class='ocrx_word' id='word_1_548' title='bbox 1571 2233 1623 2254; x_wconf 67' lang='lat' dir='ltr'>aiut.</span> 
     </span>
    </p>

    <p class='ocr_par' dir='ltr' id='par_1_15' title="bbox 1058 2271 1508 2296">
     <span class='ocr_line' id='line_1_76' title="bbox 1058 2271 1508 2296; baseline -0.009 -4"><span class='ocrx_word' id='word_1_549' title='bbox 1058 2274 1146 2296; x_wconf 71' lang='lat' dir='ltr'>(Romae.</span> <span class='ocrx_word' id='word_1_550' title='bbox 1156 2274 1190 2292; x_wconf 85' lang='lat' dir='ltr'>Cn.</span> <span class='ocrx_word' id='word_1_551' title='bbox 1202 2272 1290 2292; x_wconf 71' lang='lat' dir='ltr'>Lentulo.</span> <span class='ocrx_word' id='word_1_552' title='bbox 1299 2271 1388 2295; x_wconf 72' lang='lat' dir='ltr'>Philippu</span> <span class='ocrx_word' id='word_1_553' title='bbox 1398 2278 1444 2289; x_wconf 65' lang='lat' dir='ltr'>cun.</span> <span class='ocrx_word' id='word_1_554' title='bbox 1455 2272 1508 2291; x_wconf 73' lang='lat'><strong>⁶⁹8.)</strong></span> 
     </span>
    </p>
   </div>
   <div class='ocr_carea' id='block_1_15' title="bbox 948 2320 1621 2352">
    <p class='ocr_par' dir='ltr' id='par_1_16' title="bbox 948 2320 1621 2352">
     <span class='ocr_line' id='line_1_77' title="bbox 948 2320 1621 2352; baseline -0.009 0"><span class='ocrx_word' id='word_1_555' title='bbox 948 2326 984 2352; x_wconf 76' lang='lat' dir='ltr'>M.</span> <span class='ocrx_word' id='word_1_556' title='bbox 1005 2326 1035 2352; x_wconf 87' lang='lat' dir='ltr'>T.</span> <span class='ocrx_word' id='word_1_557' title='bbox 1055 2325 1084 2352; x_wconf 92' lang='lat' dir='ltr'>C.</span> <span class='ocrx_word' id='word_1_558' title='bbox 1105 2324 1133 2351; x_wconf 93' lang='lat' dir='ltr'>S.</span> <span class='ocrx_word' id='word_1_559' title='bbox 1153 2325 1183 2350; x_wconf 92' lang='lat' dir='ltr'>D.</span> <span class='ocrx_word' id='word_1_560' title='bbox 1203 2324 1232 2350; x_wconf 81' lang='grc' dir='ltr'>Ρ.</span> <span class='ocrx_word' id='word_1_561' title='bbox 1254 2321 1437 2350; x_wconf 84' lang='lat' dir='ltr'>LENTULO</span> <span class='ocrx_word' id='word_1_562' title='bbox 1459 2320 1621 2348; x_wconf 80' lang='lat' dir='ltr'>PROCOS.</span> 
     </span>
    </p>
   </div>
   <div class='ocr_carea' id='block_1_16' title="bbox 886 2373 1685 2713">
    <p class='ocr_par' dir='ltr' id='par_1_17' title="bbox 886 2373 1685 2713">
     <span class='ocr_line' id='line_1_78' title="bbox 945 2373 1681 2405; baseline -0.007 0"><span class='ocrx_word' id='word_1_563' title='bbox 945 2381 968 2405; x_wconf 87' lang='lat' dir='ltr'>l.</span> <span class='ocrx_word' id='word_1_564' title='bbox 991 2373 1087 2405; x_wconf 84' lang='lat' dir='ltr'>Idibus</span> <span class='ocrx_word' id='word_1_565' title='bbox 1103 2378 1233 2405; x_wconf 87' lang='lat' dir='ltr'>Ianuariis</span> <span class='ocrx_word' id='word_1_566' title='bbox 1249 2378 1276 2404; x_wconf 90' lang='lat' dir='ltr'>in</span> <span class='ocrx_word' id='word_1_567' title='bbox 1287 2381 1381 2404; x_wconf 87' lang='lat' dir='ltr'>senatu</span> <span class='ocrx_word' id='word_1_568' title='bbox 1394 2375 1460 2403; x_wconf 91' lang='lat' dir='ltr'>nihil</span> <span class='ocrx_word' id='word_1_569' title='bbox 1472 2374 1681 2404; x_wconf 84' lang='lat' dir='ltr'>estconfectum,</span> 
     </span>
     <span class='ocr_line' id='line_1_79' title="bbox 888 2415 1685 2452; baseline -0.008 -9"><span class='ocrx_word' id='word_1_570' title='bbox 888 2422 1024 2452; x_wconf 86' lang='lat' dir='ltr'>propterea</span> <span class='ocrx_word' id='word_1_571' title='bbox 1044 2416 1117 2451; x_wconf 87' lang='lat' dir='ltr'>quod</span> <span class='ocrx_word' id='word_1_572' title='bbox 1132 2415 1191 2442; x_wconf 80' lang='lat' dir='ltr'>dies</span> <span class='ocrx_word' id='word_1_573' title='bbox 1207 2423 1301 2451; x_wconf 75' lang='lat' dir='ltr'>magna</span> <span class='ocrx_word' id='word_1_574' title='bbox 1318 2423 1351 2441; x_wconf 87' lang='lat' dir='ltr'>ex</span> <span class='ocrx_word' id='word_1_575' title='bbox 1365 2418 1438 2449; x_wconf 86' lang='lat' dir='ltr'>parte</span> <span class='ocrx_word' id='word_1_576' title='bbox 1452 2417 1629 2447; x_wconf 82' lang='lat' dir='ltr'>consumptus</span> <span class='ocrx_word' id='word_1_577' title='bbox 1644 2416 1685 2438; x_wconf 87' lang='lat' dir='ltr'>est</span> 
     </span>
     <span class='ocr_line' id='line_1_80' title="bbox 886 2449 1681 2484; baseline -0.009 -3"><span class='ocrx_word' id='word_1_578' title='bbox 886 2454 1055 2481; x_wconf 82' lang='lat' dir='ltr'>altercatione</span> <span class='ocrx_word' id='word_1_579' title='bbox 1067 2453 1172 2480; x_wconf 89' lang='lat' dir='ltr'>Lentuli</span> <span class='ocrx_word' id='word_1_580' title='bbox 1187 2452 1306 2479; x_wconf 85' lang='lat' dir='ltr'>consulis</span> <span class='ocrx_word' id='word_1_581' title='bbox 1322 2457 1347 2478; x_wconf 91' lang='lat' dir='ltr'>et</span> <span class='ocrx_word' id='word_1_582' title='bbox 1358 2451 1462 2478; x_wconf 83' lang='lat' dir='ltr'>Caninii</span> <span class='ocrx_word' id='word_1_583' title='bbox 1474 2450 1573 2476; x_wconf 87' lang='lat' dir='ltr'>tribuni</span> <span class='ocrx_word' id='word_1_584' title='bbox 1586 2449 1681 2484; x_wconf 86' lang='lat' dir='ltr'>plebis.</span> 
     </span>
     <span class='ocr_line' id='line_1_81' title="bbox 886 2487 1683 2526; baseline -0.008 -8"><span class='ocrx_word' id='word_1_585' title='bbox 886 2492 925 2518; x_wconf 87' lang='lat' dir='ltr'>Eo</span> <span class='ocrx_word' id='word_1_586' title='bbox 945 2492 987 2518; x_wconf 88' lang='lat' dir='ltr'>die</span> <span class='ocrx_word' id='word_1_587' title='bbox 1005 2499 1052 2517; x_wconf 89' lang='lat' dir='ltr'>nos</span> <span class='ocrx_word' id='word_1_588' title='bbox 1066 2499 1175 2526; x_wconf 89' lang='lat' dir='ltr'>quoque</span> <span class='ocrx_word' id='word_1_589' title='bbox 1187 2490 1270 2517; x_wconf 88' lang='lat' dir='ltr'>multa</span> <span class='ocrx_word' id='word_1_590' title='bbox 1283 2489 1362 2515; x_wconf 84' lang='lat' dir='ltr'>verba</span> <span class='ocrx_word' id='word_1_591' title='bbox 1375 2488 1498 2517; x_wconf 78' lang='lat' dir='ltr'>fecimus,</span> <span class='ocrx_word' id='word_1_592' title='bbox 1512 2487 1683 2521; x_wconf 85' lang='lat' dir='ltr'>maximeque</span> 
     </span>
     <span class='ocr_line' id='line_1_82' title="bbox 887 2524 1682 2555; baseline -0.008 0"><span class='ocrx_word' id='word_1_593' title='bbox 887 2530 938 2555; x_wconf 82' lang='lat' dir='ltr'>visi</span> <span class='ocrx_word' id='word_1_594' title='bbox 960 2537 1056 2555; x_wconf 88' lang='lat' dir='ltr'>sumus</span> <span class='ocrx_word' id='word_1_595' title='bbox 1071 2533 1193 2555; x_wconf 87' lang='lat' dir='ltr'>senatum</span> <span class='ocrx_word' id='word_1_596' title='bbox 1207 2527 1457 2554; x_wconf 83' lang='lat' dir='ltr'>commemoratione</span> <span class='ocrx_word' id='word_1_597' title='bbox 1468 2530 1527 2551; x_wconf 85' lang='lat' dir='ltr'>tuae</span> <span class='ocrx_word' id='word_1_598' title='bbox 1539 2524 1682 2551; x_wconf 82' lang='lat' dir='ltr'>voluntatis</span> 
     </span>
     <span class='ocr_line' id='line_1_83' title="bbox 887 2561 1682 2602; baseline -0.008 -9"><span class='ocrx_word' id='word_1_599' title='bbox 887 2575 948 2602; x_wconf 81' lang='lat' dir='ltr'>erga</span> <span class='ocrx_word' id='word_1_600' title='bbox 972 2566 1049 2592; x_wconf 89' lang='lat' dir='ltr'>illum</span> <span class='ocrx_word' id='word_1_601' title='bbox 1071 2565 1191 2593; x_wconf 87' lang='lat' dir='ltr'>ordinem</span> <span class='ocrx_word' id='word_1_602' title='bbox 1216 2572 1394 2591; x_wconf 82' lang='lat' dir='ltr'>commovere.</span> <span class='ocrx_word' id='word_1_603' title='bbox 1443 2563 1534 2597; x_wconf 79' lang='lat' dir='ltr'>Itaque</span> <span class='ocrx_word' id='word_1_604' title='bbox 1555 2561 1682 2597; x_wconf 82' lang='lat' dir='ltr'>postridie</span> 
     </span>
     <span class='ocr_line' id='line_1_84' title="bbox 888 2599 1682 2639; baseline -0.009 -8"><span class='ocrx_word' id='word_1_605' title='bbox 888 2604 996 2639; x_wconf 84' lang='lat' dir='ltr'>placuit,</span> <span class='ocrx_word' id='word_1_606' title='bbox 1015 2608 1044 2630; x_wconf 88' lang='lat' dir='ltr'>ut</span> <span class='ocrx_word' id='word_1_607' title='bbox 1059 2603 1175 2630; x_wconf 85' lang='lat' dir='ltr'>breviter</span> <span class='ocrx_word' id='word_1_608' title='bbox 1189 2602 1334 2629; x_wconf 72' lang='lat' dir='ltr'>sententias</span> <span class='ocrx_word' id='word_1_609' title='bbox 1349 2601 1513 2627; x_wconf 84' lang='lat' dir='ltr'>diceremus:</span> <span class='ocrx_word' id='word_1_610' title='bbox 1542 2599 1682 2626; x_wconf 83' lang='lat' dir='ltr'>videbatur</span> 
     </span>
     <span class='ocr_line' id='line_1_85' title="bbox 887 2635 1681 2674; baseline -0.008 -6"><span class='ocrx_word' id='word_1_611' title='bbox 887 2642 958 2668; x_wconf 83' lang='lat' dir='ltr'>enim</span> <span class='ocrx_word' id='word_1_612' title='bbox 971 2641 1137 2667; x_wconf 80' lang='lat' dir='ltr'>reconciliata</span> <span class='ocrx_word' id='word_1_613' title='bbox 1149 2640 1226 2667; x_wconf 84' lang='lat' dir='ltr'>nobis</span> <span class='ocrx_word' id='word_1_614' title='bbox 1238 2639 1361 2666; x_wconf 82' lang='lat' dir='ltr'>voluntas</span> <span class='ocrx_word' id='word_1_615' title='bbox 1372 2642 1480 2664; x_wconf 81' lang='lat' dir='ltr'>senatus</span> <span class='ocrx_word' id='word_1_616' title='bbox 1493 2635 1572 2674; x_wconf 78' lang='lat' dir='ltr'>[esse]</span> <span class='ocrx_word' id='word_1_617' title='bbox 1583 2647 1587 2663; x_wconf 92' lang='lat'>:</span> <span class='ocrx_word' id='word_1_618' title='bbox 1609 2635 1681 2671; x_wconf 86' lang='lat' dir='ltr'>quod</span> 
     </span>
     <span class='ocr_line' id='line_1_86' title="bbox 887 2673 1682 2713; baseline -0.009 -7"><span class='ocrx_word' id='word_1_619' title='bbox 887 2683 944 2706; x_wconf 88' lang='lat' dir='ltr'>tum</span> <span class='ocrx_word' id='word_1_620' title='bbox 968 2678 1094 2710; x_wconf 82' lang='lat' dir='ltr'>dicendo.</span> <span class='ocrx_word' id='word_1_621' title='bbox 1114 2683 1170 2705; x_wconf 87' lang='lat' dir='ltr'>tum</span> <span class='ocrx_word' id='word_1_622' title='bbox 1186 2676 1304 2713; x_wconf 81' lang='lat' dir='ltr'>singulis</span> <span class='ocrx_word' id='word_1_623' title='bbox 1319 2674 1486 2712; x_wconf 81' lang='lat' dir='ltr'>appellandis</span> <span class='ocrx_word' id='word_1_624' title='bbox 1502 2673 1682 2710; x_wconf 81' lang='lat' dir='ltr'>rogandisque</span> 
     </span>
    </p>
   </div>
  </div>
 </body>
</html>
