1941 3052
193 1085 197 1092 ,
237 1061 358 1087 vitiosius
372 1065 398 1087 et
411 1061 527 1087 deterius
551 1061 680 1087 futurum.
711 1063 752 1087 30.
767 1060 855 1093 Quid?
878 1065 966 1087 noster
980 1061 1022 1087 hic
1044 1079 1045 1085 1

241 142 285 166 120

237 219 309 237 mum
325 211 351 237 in
366 211 448 245 poc-tis
461 211 531 236 ccrni
548 210 614 239 licet,
631 210 730 244 quibus
744 213 782 234 cst
794 209 912 243 proxima
923 216 1019 243 ‹togua-
1046 209 1049 256 Ι

237 249 271 274 tio
284 257 345 274 cum
360 248 513 277 oratoribus,
530 256 609 281 quam
625 248 677 272 nint
692 247 759 272 inu-r
772 254 829 270 ›ecs‹-
845 245 954 275 Ennius,
973 245 1019 271 t’a-
1048 266 1049 271 ,

236 286 331 311 ouvius
357 285 503 319 Avi-iusque
526 284 683 313 dissimili-Q
710 291 789 317 quam
817 282 887 316 apud
907 283 1019 307 Graecos

238 321 392 357 Aeschylus,
414 321 565 355 Sophocli-n,
588 319 736 353 Euripides,
753 328 915 354 quamquam
935 319 1021 345 omni-

237 360 287 385 bun
313 368 359 393 par
384 367 465 393 paene
489 358 544 383 laus
568 358 593 383 in
619 356 743 382 dissimili
770 356 903 382 scribendi
925 364 1020 390 genere

237 397 376 422 tribuatur.
410 398 451 421 ΞΒ.
468 395 582 429 Aspicite
597 402 667 419 nunc
680 402 724 418 eos
743 392 863 418 homines
882 397 960 427 atque
980 393 1021 419 in-

237 433 358 462 tuemini,
373 441 486 466 quorum
501 431 533 456 de
549 430 669 456 facultate
683 430 846 464 quaerimus,
860 429 925 464 quid
941 429 1021 456 inter-

237 471 270 495 sit
285 471 351 495 inter
364 473 495 495 oratorum
513 467 599 493 studia
614 471 692 502 atque
707 471 822 493 naturas.
857 466 1019 492 suavitatem

238 508 374 536 isocrates,
407 505 579 530 subtilitatem
604 505 704 539 Lysias,
729 513 839 530 acumen
864 503 1018 539 llyperides,
1042 518 1043 538 3

237 543 352 569 sonitum
371 542 523 572 Aeschines,
544 542 597 567 vim
617 541 804 567 Demosthenes
820 541 920 567 habuit.
955 540 1021 572 Quis
1042 552 1044 566 ι

237 588 326 605 eorum
342 588 391 605 non
407 577 548 614 egregius?
565 583 650 604 tamen
664 579 726 613 quis
739 579 897 613 cuiusquam
914 578 963 603 nisi
978 578 1020 604 sui
1042 604 1044 610 ,

238 615 351 642 siuiilis‘?
379 616 539 642 Gravitatem
567 614 715 646 Africanus,
745 615 877 641 lenitatem
905 614 1019 645 Laelius,
1042 621 1044 627 ·

237 654 402 688 asperitatem
421 652 513 683 Galba,
535 651 666 687 profluens
684 652 811 687 quiddam
832 652 923 678 habuit
939 652 1022 678 Carbo

237 696 260 716 ct
283 699 419 716 canorum.
452 690 518 722 Quis
542 690 634 715 horum
654 698 704 716 non
720 690 843 724 princeps
857 689 1022 724 temporibus

238 727 290 752 illis
310 726 377 753 fuit‘?
396 731 421 753 et
440 736 488 753 suo
502 731 588 753 tamen
608 727 724 762 quisque
738 727 764 752 in
778 735 873 760 genere
888 727 1020 761 princeps·

238 765 301 790 Vlll.
322 765 363 790 29.
384 764 436 790 Sed
449 763 515 799 quid
529 772 578 797 ego
593 768 679 790 vetera
692 765 856 798 conquiram,
873 772 956 798 quum
973 763 1023 789 mi-

238 802 263 827 lii
280 801 354 827 liceat
369 802 405 827 uti
421 801 604 836 praesentibus
618 800 747 835 exemplis
762 805 840 835 atque
851 800 939 826 vivis‘?
952 800 1021 832 Quid

237 838 380 864 iucundius
394 838 503 864 auribus
518 839 613 864 nostris
628 847 754 873 umquam
769 838 863 864 accidit
874 838 954 863 huius
965 846 1023 864 ora-
1044 836 1045 839 ’

237 876 306 901 tione
320 875 424 902 Catuli?
442 884 510 910 quae
524 880 563 901 est
577 884 640 910 pura
655 875 701 905 sic.
717 880 743 901 ut
755 875 844 901 Latine
858 875 928 910 loqui
941 883 1022 909 paene
1044 882 1045 885 ¹

237 912 309 938 solus
329 913 457 943 videatur,
477 913 515 938 sic
533 916 621 938 autem
639 912 737 947 gravis.
755 917 783 938 ut
797 913 823 938 in
838 912 968 947 singulari
981 912 1023 938 di-

235 950 335 983 gnitate
348 950 434 976 omnis
449 954 535 976 tamen
549 949 617 975 adsit
632 949 782 975 humanitas
795 958 824 975 ac
840 949 921 984 lepos.
952 949 1022 981 Quid

238 986 337 1012 multa?
364 987 445 1013 istum
468 987 578 1013 audiens
601 986 724 1021 equidem
749 987 787 1012 sic
806 986 922 1012 iudicare
940 986 1020 1017 soleo,

236 1023 369 1058 quidquid
383 1028 428 1050 aut
442 1024 575 1050 addideris
589 1028 634 1050 aut
648 1024 791 1050 mutaveris
806 1028 850 1050 aut
865 1023 1019 1054 detraxeris,

237 1098 331 1124 Caesar
348 1107 434 1125 nonne
453 1107 547 1125 novam
565 1098 707 1133 quamdam
723 1099 849 1124 rationem
863 1097 951 1124 attulit
964 1107 1023 1124 ora-

237 1136 324 1166 tionis,
350 1139 375 1161 et
397 1135 501 1162 dicendi
524 1144 610 1171 genus
632 1136 739 1162 iuduxit
762 1144 842 1170 prope
868 1135 1022 1171 singulare?
1044 1149 1053 1164 Ἰ;

236 1171 302 1204 Quis
320 1181 448 1207 umquam
466 1181 507 1199 res
531 1177 632 1208 praeter
654 1173 724 1199 hunc
747 1173 860 1207 tragicas
879 1181 961 1207 paene
979 1181 1022 1199 co-
1044 1183 1045 1187 ¹

237 1210 312 1240 mice,
330 1210 417 1236 tristes
431 1211 548 1241 remisse,
564 1218 669 1236 severas
684 1209 774 1241 hilare,
789 1209 904 1236 forenses
918 1211 1021 1237 scenica
1044 1215 1045 1218 ’

237 1255 318 1281 prope
340 1251 476 1273 venustate
499 1248 619 1273 tractavit
639 1251 718 1282 atque
741 1248 784 1278 ita,
807 1251 836 1273 ut
849 1255 935 1282 neque
949 1247 1023 1273 iocus

237 1284 419 1319 magnitudine
434 1292 521 1310 rerum
535 1284 720 1311 excluderetur
733 1292 780 1310 nec
793 1285 909 1320 gravitas
922 1283 1022 1310 facetiis

237 1320 418 1347 minueretur?
437 1323 478 1347 3⁴.
494 1322 560 1348 Ecce
574 1326 724 1356 praesentes
738 1321 791 1348 duo
805 1330 886 1356 prope
900 1321 1023 1356 aequales
1052 1331 1053 1343 π

237 1358 374 1393 Sulpicius
388 1363 413 1384 et
427 1358 507 1385 Cotta.
528 1358 598 1391 Quid
613 1363 664 1385 tam
679 1359 746 1385 inter
756 1367 784 1384 se
794 1358 944 1385 dissimile‘?
956 1358 1022 1393 quid

237 1400 288 1422 tam
304 1396 330 1422 in
344 1404 394 1422 suo
406 1404 502 1431 genere
516 1395 670 1431 praestans?
687 1397 806 1422 Limatus
820 1395 885 1422 alter
899 1400 924 1422 et
937 1395 1024 1421 subti-
1052 1401 1053 1428 g

238 1433 278 1463 tis,
303 1441 358 1459 rem
382 1433 517 1468 explicans
540 1433 654 1468 propriis
673 1434 795 1468 aptisque
809 1433 911 1459 verbis:
934 1433 1023 1459 haeret
1044 1434 1054 1599 ,ὲ

1044 1573 1047 1594 l

236 1471 263 1496 in
277 1478 370 1496 caussa
383 1478 488 1505 semper
497 1475 531 1501 et,
543 1470 608 1505 quid
618 1470 700 1496 iudici
710 1470 876 1505 probandum
886 1470 1022 1505 sit,quum

236 1507 388 1533 acutissime
411 1507 487 1538 vidit,
511 1507 618 1534 omissis
639 1508 733 1533 ceteris
755 1507 928 1543 argumentis,
947 1508 974 1533 in
993 1515 1024 1533 eo

236 1548 352 1570 mentem
369 1545 567 1579 orationemque
584 1544 684 1580 defigit.
716 1544 853 1579 Sulpicius
867 1549 955 1570 autem
970 1543 1024 1570 for-

237 1582 340 1608 tissimo
353 1581 468 1616 quodam
482 1582 563 1608 animi
577 1582 688 1616 impetu,
701 1581 856 1616 plenissima
867 1590 896 1607 ac
907 1582 1022 1608 maxima

237 1627 308 1648 voce,
324 1627 428 1645 summa
442 1619 608 1645 contentione
620 1619 736 1653 corporis
747 1623 772 1644 et
783 1618 909 1654 dignitate
923 1623 1021 1649 motus,
1051 1612 1054 1650 l

238 1656 378 1682 verborum
393 1664 501 1690 quoque
519 1664 547 1681 ea
565 1656 692 1691 gravitate
711 1660 736 1681 et
752 1656 826 1690 copia
845 1660 893 1686 est,
908 1660 938 1682 ut
952 1663 1023 1682 unus

237 1693 269 1719 ad
282 1693 425 1719 dicendum
443 1693 666 1719 instructissimus
681 1701 694 1718 a
712 1696 804 1718 natura
818 1700 876 1718 esse
891 1692 1021 1719 videatur.

237 1730 283 1756 lx.
299 1731 340 1757 32.
364 1730 405 1756 Ad
425 1730 602 1765 nosmetipsqs
623 1730 675 1756 iam
699 1734 822 1760 revertor,
838 1730 964 1764 quoniam
984 1730 1022 1756 sic

237 1766 339 1793 fuimus
357 1775 462 1801 semper
477 1767 630 1801 comparati,
650 1771 680 1793 ut
698 1767 836 1793 hominum
854 1767 1023 1793 sermonibus

236 1804 314 1839 quasi
336 1804 364 1830 in
387 1803 495 1839 aliquod
517 1804 692 1830 contentionis
708 1803 838 1830 iudicium
853 1812 1020 1830 vocaremur:

236 1840 302 1876 quid
321 1845 373 1866 tam
391 1840 530 1872 dissimile,
550 1849 631 1876 quam
645 1849 694 1876 ego
708 1841 735 1867 in
749 1840 860 1867 dicendo
875 1845 899 1866 et
912 1841 1024 1867 Antoni·
1052 1871 1054 1880 v

237 1877 288 1904 us‘?
325 1886 410 1913 quum
428 1877 474 1904 ille
491 1879 515 1904 is
532 1878 566 1904 sit
583 1882 676 1908 orator,
697 1882 726 1904 ut
744 1877 810 1904 nihil
825 1886 855 1904 eo
868 1879 952 1912 possit
965 1886 1023 1904 esse
1052 1887 1054 1914 ξ

237 1915 426 1950 praestantius;
442 1923 491 1951 ego
503 1919 600 1946 autem,
616 1923 779 1950 quamquam
790 1919 887 1941 memet
897 1916 949 1941 mei
960 1923 1024 1950 poe—

238 1953 311 1983 nitet,
331 1960 393 1978 cum
412 1952 461 1979 hoc
479 1953 594 1978 maxime
611 1957 698 1978 tamen
713 1952 740 1978 in
753 1952 948 1986 comparatione
961 1960 1024 1978 con—
1052 1977 1055 1992 Ι

236 1990 340 2025 iungar.
361 1989 506 2020 Videtisne,
521 1998 607 2025 genus
621 1989 670 2015 hoc
683 1989 754 2024 quod
765 1990 799 2015 sit
809 1988 934 2015 Antonii?
947 1989 1021 2020 forte,

237 2026 390 2057 vehemens,
405 2031 566 2053 commotum
580 2027 608 2052 in
621 2026 732 2062 agendo,
745 2027 942 2061 praemunitum
956 2031 981 2053 et
991 2035 1024 2053 ex

236 2063 308 2090 omni
327 2068 400 2098 parte
417 2072 525 2090 caussae
543 2068 657 2098 septum,
677 2072 744 2094 acre,
765 2068 881 2094 acutum,
901 2063 1025 2090 enuclea-

238 2105 303 2131 tum,
323 2101 351 2126 in
369 2109 421 2127 una
439 2109 546 2135 quaque
563 2109 590 2126 re
603 2109 777 2131 commotam,
794 2100 903 2127 honeste
916 2100 1021 2132 cedens,

237 2139 330 2164 acriter
342 2138 496 2172 insequens,
521 2143 629 2168 terrenS,
653 2138 817 2172 supplicans,
841 2145 947 2164 summa
966 2146 1025 2164 ora-
1052 2145 1056 2407 Ι

237 2175 316 2201 tionis
339 2175 471 2205 varietate,
501 2174 574 2201 nulla
596 2179 744 2201 nostrarum
767 2175 873 2201 aurium
895 2175 1022 2201 satietate.

237 2213 278 2238 33.
293 2212 346 2238 Nos
369 2216 465 2243 autem,
489 2212 654 2246 quicumque
671 2212 699 2238 in
712 2211 825 2238 dicendo
837 2219 941 2243 sumus,
957 2220 1025 2247 quo—

238 2249 307 2275 niam
322 2257 380 2274 esse
394 2248 484 2284 aliquo
496 2250 524 2275 in
538 2257 648 2275 numero
661 2249 738 2276 vobis
752 2249 882 2279 videmur,
902 2253 972 2275 certe
986 2253 1026 2275 ta-

237 2294 298 2312 men
311 2285 344 2312 ab
358 2286 440 2312 huius
453 2285 568 2312 multum
582 2294 678 2321 genere
691 2286 836 2318 distamus,
859 2285 932 2320 quod
945 2286 1024 2321 quale

237 2323 280 2353 sit,
305 2331 356 2349 non
379 2327 419 2349 est
441 2331 531 2350 meum
553 2323 649 2354 dicere,
675 2327 810 2357 propterea
823 2323 896 2358 quod
913 2323 1024 2349 minime

237 2359 289 2386 sibi
311 2360 427 2394 quisque
448 2365 526 2386 notus
548 2365 588 2386 est
605 2364 631 2386 et
647 2359 806 2386 difficillime
819 2360 853 2386 de
865 2368 894 2386 se
907 2361 1024 2395 quisque

238 2397 328 2427 sentit,
351 2397 398 2423 sed
415 2401 503 2424 tamen
521 2397 713 2423 dissimilitudo
730 2396 843 2433 intelligi
857 2401 943 2432 potest
955 2401 1025 2423 etex

238 2437 324 2459 motus
338 2434 390 2459 mei
403 2434 582 2461 mediocritate
595 2438 620 2460 et
633 2442 666 2460 ex
679 2442 718 2465 eo,
732 2433 813 2468 quod,
829 2433 929 2469 quibus
943 2434 1025 2460 vesti-

237 2469 289 2504 giis
304 2471 419 2503 primum
433 2471 526 2502 institi,
541 2472 568 2497 in
583 2471 615 2497 iis
629 2470 683 2497 fere
693 2471 766 2497 soleo
775 2479 904 2506 perorare,
917 2475 943 2497 et
951 2470 1024 2506 quod

238 2505 373 2540 aliquanto
394 2516 435 2533 me
457 2509 539 2534 maior
562 2509 590 2534 in
611 2508 701 2534 verbis
724 2507 816 2544 [quam
832 2508 861 2534 in
874 2506 1022 2543 sententiis]

238 2542 367 2577 eligendis
381 2542 453 2570 labor
466 2549 491 2570 et
501 2553 563 2571 cura
573 2549 684 2580 torquet,
693 2549 836 2576 verentem,
847 2553 888 2575 ne,
900 2545 923 2571 si
934 2543 1025 2579 paullo

238 2579 379 2605 obsoletior
392 2580 470 2607 fuerit
483 2582 572 2613 oratio,
589 2590 640 2608 non
653 2581 734 2617 digna
747 2582 941 2616 exspectatione
951 2586 977 2608 et
986 2581 1025 2607 si-

239 2615 319 2642 lentio
331 2615 415 2643 fuisse
429 2617 557 2644 videatur.
591 2619 631 2644 34.
646 2618 723 2650 Quod
736 2618 759 2644 si
772 2619 800 2645 in
814 2618 899 2649 nobis,
915 2619 963 2653 qui
976 2618 1024 2644 ad-

238 2661 342 2684 sumus,
358 2657 442 2680 tantae
457 2654 697 2687 dissimilitudines,
713 2659 766 2682 tam
780 2659 865 2682 certae
878 2663 920 2681 res
930 2656 1023 2682 cuius-

1048 346 1049 352 ,
1070 319 1192 348 censetis.
1213 319 1234 344 si
1249 328 1350 349 omnes,
1369 320 1417 354 qui
1433 319 1501 374 ubiq

818 140 832 164 9
872 139 905 164 M.
936 139 964 164 Τ.
996 137 1267 165 thenoxts

1069 216 1122 243 que
1137 209 1256 243 propriae
1269 212 1295 234 et
1308 208 1335 235 in
1348 216 1378 234 ea
1393 209 1516 234 varietate
1530 207 1584 235 fere
1597 207 1694 235 metius
1704 217 1717 235 a
1729 209 1856 237 deteriore

1071 244 1192 271 facultate
1207 246 1291 280 magis
1300 254 1381 280 quam
1392 254 1488 281 genere
1497 245 1680 281 distinguitur,
1691 251 1770 281 utque
1779 255 1857 274 omne

1073 282 1201 312 laudatur,
1223 282 1294 317 quod
1318 282 1342 308 in
1366 291 1416 308 nuo
1437 291 1531 317 genere
1554 283 1699 318 perfectum
1713 288 1766 309 est:
1790 284 1856 319 quid

1518 328 1532 346 e
1545 324 1608 346 sunt
1622 325 1666 346 aut
1681 319 1788 347 fuerunt
1800 329 1859 347 on-

1072 361 1148 386 tores,
1173 355 1296 391 amplecti
1320 356 1496 382 voluerimus.
1533 365 1618 383 nonne
1641 356 1703 387 sorr,
1729 361 1766 388 ut,
1793 362 1859 393 quot

1071 398 1193 423 oratores,
1217 393 1324 419 totidem
1345 402 1426 428 paene
1444 394 1607 428 reperiantur
1623 402 1718 429 genera
1736 393 1860 421 dicendi?

1073 430 1111 456 Ex
1133 438 1185 465 qua
1209 439 1265 456 mea
1288 430 1467 464 disputatione
1486 430 1593 457 forsitan
1611 436 1730 457 occurrat
1743 431 1820 462 illud,
1835 431 1857 458 oi

1072 476 1154 501 paene
1177 467 1384 493 innumerabiles
1406 467 1460 493 sint
1480 468 1557 502 quui
1581 467 1679 494 formae
1706 468 1859 504 figuraeque

1072 504 1185 535 dicendi,
1201 505 1289 539 specie
1303 504 1431 539 dispares,
1447 513 1542 540 genere
1557 504 1711 535 laudabit-e,
1721 514 1771 531 non
1782 513 1860 540 ponne

1072 550 1110 571 ea,
1126 549 1194 576 quae
1209 542 1276 567 inter
1289 550 1317 567 se
1331 541 1490 576 discrepant,
1512 541 1606 567 iisdem
1621 543 1766 576 praeceptis
1780 547 1859 577 atque

1073 579 1099 604 in
1114 587 1165 604 una
1180 579 1345 605 institutione
1361 578 1476 604 formari.
1499 580 1539 605 35.
1552 578 1628 610 Quod
1643 587 1694 605 non
1707 584 1747 604 est
1761 579 1805 610 ita,
1817 580 1860 605 di-

1074 615 1302 651 ligentissimeque
1317 616 1364 641 hoc
1378 620 1417 642 est
1430 616 1477 646 eis,
1493 616 1539 651 qui
1555 616 1697 642 instituunt
1707 615 1811 651 aliquos
1821 621 1860 642 ιι-

1072 661 1124 687 que
1143 652 1276 683 erudiunt,
1298 652 1456 683 videndum,
1478 661 1532 688 quo
1549 661 1597 679 sua
1614 661 1750 688 quemque
1768 658 1859 679 natura

1073 690 1188 715 maxime
1207 689 1274 715 ferre
1293 690 1421 716 videatur.
1455 690 1558 716 Etenim
1574 689 1705 720 videmus,
1721 698 1755 716 ex
1767 689 1859 716 eodem

1073 727 1148 761 quasi
1165 726 1228 752 ludo
1240 735 1407 753 summorum
1422 728 1448 753 in
1463 736 1512 753 suo
1524 727 1656 762 cuiusque
1670 735 1765 760 genere
1779 727 1860 753 artifi-

1050 788 1052 797 ,
1072 772 1134 789 cum
1149 768 1174 790 et
1188 764 1373 799 magistrorum
1387 765 1475 790 exisse
1488 764 1643 799 discipulos,
1660 763 1806 790 dissimiles
1819 765 1860 790 in-

1074 805 1112 827 ter
1129 809 1165 831 se,
1187 805 1299 827 attamen
1320 801 1473 832 laudandos,
1492 810 1577 837 quum
1592 802 1624 828 ad
1637 802 1769 836 cuiusque
1784 805 1861 828 natu-

1073 846 1128 864 ram
1152 838 1282 864 institutio
1302 838 1414 864 doctoris
1436 838 1685 865 accommodaretur.
1720 841 1760 864 36.
1777 838 1860 865 Cuius

1073 879 1113 901 est
1135 874 1176 900 vel
1201 875 1316 901 maxime
1339 876 1443 910 insigne
1457 875 1524 902 illud
1539 876 1702 911 exemplum,
1719 880 1748 902 ut
1761 880 1860 902 cenem

1044 930 1045 942 2
1073 917 1141 938 artes
1159 912 1320 943 omittamus.
1341 912 1413 947 quod
1431 912 1534 939 dicebat
1553 914 1686 943 Isocrates,
1702 912 1792 939 doctor
1804 913 1861 939 sin-

1073 949 1184 983 gularis,
1209 958 1237 975 se
1259 948 1407 975 calcaribus
1431 950 1457 976 in
1481 949 1595 984 Ephoro,
1619 954 1708 976 contra
1726 954 1814 976 autem
1832 950 1860 976 in

1074 986 1244 1021 Theopompo
1259 985 1339 1012 frenis
1353 987 1391 1013 uti
1402 986 1498 1013 solere:
1520 986 1631 1013 alterum
1643 987 1714 1013 enim
1725 985 1862 1013 exsultan-

1051 1028 1053 1037 ¹
1075 1028 1126 1050 tem
1146 1023 1287 1050 verborum
1301 1023 1410 1050 audacia
1425 1024 1593 1058 reprimebat,
1609 1024 1720 1050 alterum
1734 1028 1862 1050 cunctan-

1075 1065 1125 1087 tem
1140 1065 1164 1086 et
1178 1061 1255 1095 quasi
1270 1061 1490 1088 verecundantem
1506 1061 1639 1087 incitabat.
1661 1061 1752 1096 Neque
1766 1069 1811 1087 eos
1824 1061 1862 1087 si-

1074 1097 1151 1124 miles
1173 1097 1258 1124 effecit
1279 1098 1347 1124 inter
1369 1107 1406 1129 se,
1428 1098 1474 1124 sed
1493 1103 1595 1124 tantum
1612 1098 1687 1125 alteri
1701 1097 1813 1128 affinxit,
1828 1097 1861 1124 de

1073 1135 1154 1161 altero
1178 1134 1288 1166 limavit,
1312 1139 1342 1161 ut
1364 1135 1391 1162 id
1412 1135 1586 1162 conformaret
1607 1136 1634 1162 in
1653 1140 1774 1170 utroque,
1789 1134 1861 1170 quod

1074 1172 1214 1207 utriusque
1228 1176 1319 1198 natura
1333 1176 1475 1207 pateretur.
1491 1172 1525 1198 X.
1539 1173 1580 1199 37.
1592 1173 1700 1199 llaeceo
1710 1172 1775 1198 mihi
1786 1179 1862 1207 prae-

1073 1209 1183 1235 dicenda
1207 1209 1322 1240 fuerunt,
1344 1214 1381 1239 ut,
1407 1210 1429 1236 si
1448 1218 1500 1236 non
1517 1210 1614 1240 omnia,
1630 1218 1699 1245 quae
1716 1217 1862 1244 praepone-

1074 1251 1164 1273 rentur
1177 1255 1190 1272 a
1205 1255 1256 1277 me,
1267 1246 1299 1272 ad
1309 1247 1430 1273 omnium
1441 1251 1559 1273 vestrum
1569 1247 1689 1273 studium
1699 1251 1724 1272 et
1733 1246 1766 1272 ad
1775 1254 1862 1282 genua

1073 1283 1109 1314 id,
1133 1283 1205 1318 quod
1227 1284 1343 1318 quisque
1362 1288 1480 1310 vestrum
1498 1284 1525 1310 in
1544 1283 1656 1310 dicendo
1669 1283 1800 1318 probaret,
1815 1283 1863 1310 ad-

1074 1320 1264 1351 haerescerent,
1280 1321 1307 1347 id
1321 1329 1336 1347 a
1349 1329 1391 1347 me
1404 1329 1490 1357 genus
1504 1321 1617 1356 exprimi
1633 1320 1774 1351 sentiretis,
1789 1320 1861 1356 quod

1074 1358 1189 1384 maxime
1203 1358 1270 1384 mihi
1283 1358 1335 1393 ipsi
1350 1358 1513 1392 probaretur.

1129 1395 1199 1430 Ergo
1217 1395 1280 1421 haec
1294 1399 1319 1421 et
1332 1395 1433 1430 agenda
1446 1400 1510 1421 sunt
1523 1394 1556 1421 ab
1569 1398 1677 1425 oratore,
1693 1402 1762 1429 quae
1775 1394 1862 1429 expli-

1074 1432 1144 1458 cavit
1165 1432 1305 1463 Antonius,
1330 1436 1355 1458 et
1373 1431 1484 1459 dicenda
1497 1431 1612 1467 quodam
1627 1431 1714 1458 modo.
1747 1430 1861 1464 Quinam

1074 1469 1156 1505 igitur
1169 1468 1274 1495 dicendi
1289 1473 1329 1495 est
1342 1469 1437 1495 modus
1451 1469 1552 1500 melior,
1568 1469 1638 1504 (nam
1648 1468 1682 1495 de
1692 1469 1793 1495 actione
1803 1473 1863 1504 post

1074 1506 1186 1541 videro.)
1207 1515 1288 1541 quam
1311 1510 1340 1532 ut
1357 1507 1456 1538 Latine,
1481 1511 1511 1533 ut
1528 1505 1615 1541 plane,
1632 1510 1660 1532 ut
1673 1510 1771 1537 ornate,
1786 1509 1817 1532 ut
1829 1505 1863 1532 ad

1074 1543 1110 1574 id,
1135 1543 1324 1578 quodcumque
1346 1548 1446 1579 agetur,
1471 1548 1531 1578 apte
1548 1547 1776 1578 congruenterque
1789 1542 1863 1569 dim-

1052 1602 1053 1610 ,
1075 1580 1154 1606 mus?
1173 1582 1214 1607 38.
1229 1580 1316 1615 Atque
1329 1588 1421 1607 eorum
1435 1580 1553 1615 quidem,
1569 1588 1638 1615 quae
1655 1579 1710 1606 duo
1722 1580 1807 1614 prima
1820 1579 1863 1606 di-

1074 1618 1111 1648 xi,
1132 1619 1258 1644 rationem
1279 1626 1330 1644 non
1348 1617 1460 1644 arbitror
1473 1617 1618 1652 exspectari
1631 1625 1646 1643 a
1660 1625 1702 1643 me
1715 1617 1776 1652 puri
1790 1616 1863 1643 dilu-

1073 1654 1181 1689 cidique
1194 1655 1333 1681 sermonis.
1364 1655 1456 1690 Neque
1469 1655 1540 1681 enim
1554 1663 1682 1681 conamur
1694 1653 1786 1680 docere
1799 1661 1862 1680 eum

1073 1691 1169 1722 dicere,
1194 1692 1241 1726 qui
1265 1691 1338 1727 loqui
1359 1692 1472 1724 nesciat3
1504 1700 1552 1718 nec
1574 1699 1689 1726 sperare,
1705 1691 1753 1726 qui
1771 1691 1863 1717 Latine

1074 1737 1126 1755 non
1144 1729 1236 1764 possit,
1257 1728 1328 1755 hunc
1345 1733 1435 1755 ornate
1448 1737 1506 1755 esse
1519 1728 1667 1760 dicturum,
1689 1736 1776 1763 neque
1790 1736 1860 1759 vero,

1074 1766 1122 1801 qui
1140 1774 1191 1792 non
1209 1765 1286 1796 dicat,
1306 1766 1379 1801 quod
1397 1765 1587 1802 intelligamus,
1603 1765 1674 1792 hunc
1688 1773 1774 1800 posse,
1789 1765 1862 1800 quod

1075 1803 1246 1834 admiremur,
1262 1802 1359 1829 dicere.
1381 1803 1547 1838 Linquamus
1558 1803 1639 1839 igitur
1652 1802 1725 1833 haee,
1737 1810 1806 1838 quae
1818 1810 1864 1829 oo-

1052 1861 1054 1866 ,
1074 1840 1220 1876 gnitionem
1234 1840 1332 1866 habent
1350 1839 1464 1871 facilem,
1480 1848 1560 1866 usum
1575 1840 1767 1871 necessarium3
1801 1847 1862 1866 nam

1075 1877 1186 1903 alterum
1201 1877 1312 1903 traditur
1327 1877 1419 1904 litteris
1433 1877 1605 1912 doctrinaque
1620 1876 1730 1912 puerili,
1749 1875 1862 1903 alterum

1052 1915 1055 1932 ἓ
1075 1914 1216 1940 adhibetur
1229 1914 1262 1940 ob
1276 1922 1334 1940 eam
1347 1923 1478 1945 caussam,
1489 1919 1519 1941 ut
1532 1913 1703 1950 intelligatur,
1711 1913 1777 1949 quid
1787 1914 1863 1949 quis-

1052 1951 1055 1974 ἶ
1074 1959 1128 1986 que
1149 1951 1231 1984 dicat,
1253 1951 1326 1986 quod
1348 1951 1472 1978 videmus
1495 1951 1530 1978 ita
1551 1959 1611 1977 esse
1629 1951 1816 1982 necessarium,
1832 1955 1864 1977 ut

1075 1993 1161 2015 tamen
1179 1997 1210 2015 eo
1227 1989 1318 2015 minus
1334 1987 1402 2015 nihil
1416 1996 1474 2015 esse
1487 1988 1580 2023 possit.
1602 1989 1643 2014 39.
1658 1987 1712 2014 Sed
1723 1988 1811 2014 omnis
1825 1987 1864 2014 lo-

1074 2025 1174 2061 quendi
1189 2025 1326 2062 elegantia,
1347 2033 1510 2060 quamquam
1524 2025 1657 2060 expolitur
1670 2025 1779 2051 scientia
1793 2024 1863 2051 litte-

1075 2071 1173 2094 rarum,
1194 2067 1281 2089 tamen
1299 2067 1412 2098 augetur
1429 2061 1549 2098 legendis
1567 2062 1715 2089 oratoribus
1728 2066 1755 2088 et
1766 2062 1860 2096 poetis.

1075 2099 1143 2126 Sunt
1165 2100 1236 2126 enim
1257 2099 1298 2126 illi
1312 2104 1421 2130 veteres,
1437 2100 1485 2134 qui
1506 2108 1598 2126 ornare
1612 2098 1730 2126 nondum
1743 2103 1863 2134 poterant

1075 2144 1190 2172 ea,quae
1203 2136 1334 2168 dicebant,
1349 2144 1442 2163 omnes
1455 2144 1536 2171 prope
1547 2136 1679 2171 praeclare
1690 2135 1783 2169 locuti,
1794 2143 1863 2171 quo-

1075 2182 1135 2200 rum
1153 2181 1274 2200 sermone
1287 2172 1428 2200 assuefacti
1441 2174 1489 2208 qui
1503 2178 1588 2204 erunt,
1605 2181 1637 2199 ne
1649 2173 1788 2208 cupientes
1800 2173 1863 2207 qui-

1075 2211 1136 2237 dem
1158 2215 1282 2245 poterunt
1304 2210 1376 2245 loqui
1399 2211 1450 2237 nisi
1469 2211 1569 2237 Latine.
1603 2211 1696 2245 Neque
1713 2214 1800 2236 tamen
1813 2210 1863 2236 erit

1075 2247 1205 2274 utendum
1227 2248 1317 2274 verbis
1339 2248 1382 2278 iis.
1407 2247 1508 2283 quibus
1526 2248 1579 2274 iam
1596 2246 1761 2274 consuetudo
1774 2251 1862 2273 nostra

1075 2293 1127 2311 non
1144 2285 1237 2315 utitur,
1253 2285 1305 2311 nisi
1318 2284 1426 2320 quando
1443 2284 1553 2311 ornandi
1572 2292 1665 2311 caussa
1684 2291 1769 2318 parce,
1789 2283 1862 2318 quod

1074 2321 1225 2354 ostendam3
1253 2321 1300 2348 sed
1318 2322 1422 2348 usitatis
1439 2322 1475 2348 ita
1491 2321 1587 2356 poterit
1603 2321 1651 2351 uti,
1669 2320 1819 2347 lectissimis
1832 2325 1863 2346 ut

1075 2363 1172 2390 utatur,
1195 2359 1229 2389 is,
1252 2359 1301 2394 qui
1322 2359 1350 2385 in
1368 2358 1503 2385 veteribus
1524 2358 1573 2384 erit
1586 2358 1692 2392 scriptis
1706 2357 1824 2384 studiose
1836 2362 1863 2383 et

1074 2395 1190 2423 multum
1203 2395 1348 2422 volutatus.
1381 2396 1429 2422 xl.
1444 2397 1485 2422 40.
1507 2395 1604 2430 Atque,
1621 2399 1651 2420 ut
1664 2395 1756 2421 Latine
1769 2393 1862 2430 loqua-

1075 2441 1143 2464 mur,
1159 2441 1212 2459 non
1225 2432 1313 2459 solum
1327 2432 1473 2459 videndum
1486 2436 1534 2462 est,
1550 2436 1580 2458 ut
1593 2436 1618 2458 et
1633 2431 1712 2458 verba
1722 2430 1862 2458 efferamus

1053 2483 1055 2490 ‹
1075 2479 1113 2501 ea,
1129 2478 1198 2505 quae
1212 2478 1290 2496 nemo
1303 2471 1361 2496 iure
1375 2468 1562 2504 reprehendat,
1584 2473 1610 2495 et
1623 2477 1652 2495 ea
1665 2469 1704 2494 sic
1716 2472 1742 2494 et
1753 2467 1862 2494 casibus

1053 2515 1055 2518 ’
1074 2512 1100 2533 et
1117 2507 1282 2544 temporibus
1299 2512 1325 2533 et
1340 2514 1436 2542 genere
1453 2510 1480 2532 et
1497 2514 1608 2532 numero
1619 2504 1816 2536 oonseramus',
1832 2510 1863 2531 ut

1052 2556 1053 2561 =
1075 2553 1107 2570 ne
1120 2544 1187 2579 quid
1200 2544 1383 2579 perturbatum
1396 2551 1426 2569 ac
1438 2542 1591 2577 discrepans
1604 2547 1650 2569 aut
1662 2546 1862 2577 praeposterum

1074 2581 1122 2613 sit,
1148 2581 1196 2607 sed
1217 2581 1296 2607 etiam
1318 2580 1409 2616 lingua
1431 2584 1457 2606 et
1474 2580 1584 2614 spiritus
1601 2583 1627 2606 et
1641 2579 1713 2606 vocis
1725 2587 1808 2605 sonus
1821 2583 1863 2605 ost

1074 2619 1132 2652 ipse
1146 2617 1333 2644 moderandus.
1354 2618 1395 2644 u.
1410 2616 1476 2643 Nolo
1489 2617 1603 2652 exprimi
1616 2616 1715 2643 litteras
1727 2615 1859 2650 putidius,

1075 2655 1135 2681 nolo
1151 2655 1288 2681 obscurari
1305 2653 1496 2690 negligentius
1527 2653 1588 2680 nolo
1600 2653 1681 2680 verba
1697 2652 1802 2679 exiliter
1813 2660 1863 2679 ex-
