1941 3052
207 133 265 158 timt
766 134 822 159 «19.
854 133 888 160 Μ.
923 132 954 159 Τ.

200 202 354 228 dii-endum.
397 204 485 237 ltaque
497 203 613 236 priinuin
628 202 652 228 iii
667 203 722 236 ipsa
734 203 894 237 cupiditate,
906 211 991 238 quum

202 239 227 265 id
244 240 330 265 sulum
348 241 446 272 agitur,
467 244 531 265 uti-n
545 239 664 268 tollatur,
683 249 732 265 nnn
745 245 783 265 esi
795 240 989 274 quaerendum.

202 277 301 302 lmiiuin
320 277 384 302 illud
401 285 482 301 nvi-ne
496 277 544 305 sit,
561 276 632 310 quod
651 276 791 302 libidinem
809 281 926 302 moveat:
944 277 990 303 sed

202 313 285 339 liliido
299 315 353 348 ipsa
367 312 479 338 tollenda
490 318 543 338 cst:
563 318 604 342 ut,
618 314 689 343 sive,
703 313 774 348 quod
788 314 928 340 lioncstiiui
941 319 988 345 est,

201 350 226 376 id
249 352 282 375 sit
298 359 433 375 Minimum
451 350 564 379 lionuni,
587 351 644 376 sive
662 350 797 384 volupiae-i,
821 352 879 376 sive
896 351 990 377 lioruiii

200 392 343 421 utrumque
353 387 524 412 conium-tuin
534 407 539 416 ,
553 387 610 412 siv(-
622 388 669 413 trin
686 387 728 413 illa
740 397 836 421 genera
850 388 988 418 lionoruiii,

199 429 285 450 taini-n
295 444 300 453 ,
318 424 396 448 vtiain
408 424 430 448 si
445 424 550 449 virtutis
563 425 649 458 ipsius
664 424 846 450 veliementior
856 427 990 459 appetitus

198 462 245 490 sit,
268 460 359 485 endi-ni
382 461 416 486 sit
436 461 563 486 omnibus
583 461 616 487 ad
632 461 820 488 deterrendum
837 462 989 488 adhibenda
1018 488 1020 494 ,

1018 501 1020 508 ⁴
1042 506 1095 530 cet.
1115 501 1207 527 timere
1219 510 1270 527 non
1282 502 1371 528 decet:
1394 504 1433 529 sic
1444 504 1561 539 gaudere
1575 504 1663 533 decet.
1682 505 1771 532 laetari
1784 515 1836 532 non

196 498 288 523 oratio.
318 498 439 523 Continet
450 502 537 523 autum
549 507 655 524 omneiii
668 499 831 525 sedationem
844 500 926 525 animi
940 500 991 526 liu-

198 543 274 560 iiiuna
293 535 317 560 in
334 539 478 568 conspectu
495 536 579 569 posita
596 540 702 562 natura:
726 545 794 571 quae
815 546 868 571 quo
884 536 990 563 facilius

196 580 322 605 expressa
334 576 469 602 cernatur,
487 572 647 607 explicanda
659 578 698 599 est
709 575 826 600 oratione
838 575 990 600 communis

196 608 313 634 conditio
335 608 432 643 lexque
453 609 532 635 vitae.
572 612 613 636 63.
637 611 727 645 ltaque
743 620 794 637 non
810 612 868 637 sine
884 620 987 642 caussa,

195 654 279 679 quum
287 645 406 671 Orestem
419 645 536 672 fabulam
550 647 815 682 doct-retliuripides,
829 649 930 683 primos
943 649 990 675 tris

197 691 290 708 versus
303 692 441 709 revocasse
452 683 552 710 dicitur
562 684 695 711 Socrates:

251 720 337 753 Neque
348 723 399 746 Ιάηι
411 723 534 747 terribilis
545 723 597 747 tilla
608 724 687 754 [nullo
699 725 784 748 oratio
793 728 836 752 ese,

248 766 293 783 nec
303 760 368 787 sors,
383 766 427 784 nec
439 760 479 784 ird
492 760 609 784 cue-'litum
620 762 744 785 inm-cmm
755 761 858 789 malum,

248 796 315 827 quod
327 797 376 820 uon
387 799 482 821 naturai
492 797 604 822 humana
613 799 734 829 patiendo
744 801 848 830 ecferat.

195 848 240 874 Est
250 853 338 874 autem
352 848 426 874 utilis
440 849 471 875 ad
489 850 719 884 persuadendum.
737 860 780 881 ea,
799 859 867 886 quae
883 850 989 877 accide-

194 886 255 915 rint,
270 884 332 911 ferri
343 890 367 911 et
379 895 457 920 posse
468 892 493 912 et
503 892 632 921 oportere.
650 889 815 914 enumeratio
827 897 928 918 eorum,
940 888 988 923 qui

194 922 321 948 tulerunt.
353 923 408 948 Etsi
420 924 597 959 aegritudinis
608 925 710 951 sedatio
721 931 746 951 et
759 926 880 951 licsterna
892 925 988 960 dispu-

195 960 290 990 tatione
302 959 434 994 explicata
446 966 494 991 est,
508 966 533 987 ct
546 962 571 987 iii
586 962 771 988 Consolationis
781 965 855 993 libro,
866 971 946 997 qui-ni
960 963 986 989 in

194 996 282 1023 tiit-dio
296 997 357 1031 (non
372 998 444 1023 euim
457 999 591 1032 sapientes
603 1000 719 1034 eramus)
732 1009 848 1026 maerore
860 1005 885 1026 ct
896 1000 986 1025 dolore

192 1034 418 1068 conscripsimus:
434 1035 561 1070 quodque
574 1041 643 1062 vetat
654 1037 832 1072 Chrysippus,
849 1037 882 1063 ad
895 1046 987 1063 recen-

193 1075 230 1097 tes
242 1072 320 1105 quasi
333 1076 450 1098 tumores
461 1073 544 1099 animi
561 1073 709 1099 remedium
729 1074 871 1104 adhibere,
893 1074 919 1100 id
939 1083 986 1100 nos
1015 1081 1017 1088 ‘

193 1107 320 1138 fecimus,
339 1114 502 1144 naturaeque
518 1111 572 1136 vim
588 1110 742 1142 attulimus,
765 1116 793 1137 ut
805 1111 985 1147 magnitudini

193 1145 342 1171 medicinae
353 1145 452 1172 doloris
465 1147 622 1182 magnitudo
632 1148 798 1175 concederet.

246 1206 335 1233 XXX.
351 1209 392 1234 625.
407 1208 458 1234 Sed
471 1209 642 1245 aegritudini,
656 1209 688 1235 (le
700 1218 752 1244 qua
763 1211 828 1236 satis
841 1214 880 1236 est
890 1210 987 1245 dispu-

191 1248 287 1275 tatum,
312 1244 443 1271 finitimus
459 1251 498 1272 est
514 1251 611 1272 metus.
651 1247 687 1273 De
702 1256 756 1282 quo
770 1256 854 1282 pauca
870 1247 984 1274 dicenda

190 1286 262 1307 sunt.
298 1282 344 1308 Est
356 1283 427 1308 enim
443 1288 543 1314 metus,
560 1288 588 1309 ut
604 1285 743 1320 aegritudo
763 1286 925 1319 praesentis,
946 1286 985 1312 sic

191 1318 234 1344 ille
246 1317 330 1344 futuri
342 1319 415 1346 mali.
458 1321 549 1355 Itaque
561 1321 683 1347 nonnulli
694 1322 872 1355 aegritudinis
883 1328 984 1357 partem

188 1355 332 1390 quamdam
356 1361 456 1383 metum
477 1366 536 1384 esse
552 1358 690 1385 dicebant:
713 1359 759 1385 alii
778 1364 866 1386 autem
883 1365 983 1386 metum

189 1393 402 1426 praemolestiam
415 1395 594 1429 appellabant,
603 1396 675 1430 quod
682 1401 752 1422 esset
762 1398 840 1431 quasi
853 1397 910 1424 dux
921 1406 985 1424 con-

187 1431 326 1464 sequentis
351 1430 498 1458 molestiae.
539 1432 644 1464 Quibus
668 1434 751 1469 igitur
771 1435 920 1461 rationibus
942 1435 984 1461 in-

187 1468 283 1493 stantia
311 1467 444 1499 seruntur,
477 1469 580 1495 eisdem
605 1475 814 1497 contemnuntur
831 1473 981 1506 sequentia.

187 1504 254 1530 Nam
267 1504 414 1531 videndum
425 1511 465 1532 est
477 1507 503 1532 in
517 1507 648 1541 utrisque,
663 1516 694 1534 ne
705 1508 773 1542 quid
785 1508 897 1540 humile,
906 1518 984 1536 sum-

186 1541 315 1573 missum,
335 1542 428 1574 molle,
448 1543 644 1575 effeminatum,
662 1544 775 1572 fractum
792 1546 982 1582 abiectumque

187 1577 326 1606 faciamus.
367 1579 419 1606 Sed
434 1589 600 1616 quamquam
621 1582 654 1608 de
674 1583 761 1616 ipsius
783 1588 870 1610 metus
889 1584 983 1610 incon-

186 1617 296 1647 stantia,
319 1617 517 1649 imbecillitate,
536 1618 642 1645 levitate
659 1619 803 1646 dicendum
821 1625 874 1652 est,
893 1626 980 1648 tamen

186 1653 300 1679 inultum
313 1654 429 1688 prodest,
445 1663 484 1686 ea,
498 1664 566 1690 quae
579 1662 744 1688 metuuntur,
758 1658 816 1692 ipsa
827 1663 982 1685 contemne-

187 1698 223 1715 re.
267 1691 372 1725 Itaque,
390 1693 448 1718 sive
459 1702 522 1719 casu
535 1693 632 1720 accidit
643 1695 701 1720 sive
715 1695 842 1726 consilio,
859 1704 983 1730 percom-

186 1726 262 1752 mode
280 1727 378 1754 t‘actum
394 1734 446 1760 est,
468 1730 540 1765 quod
557 1731 596 1757 eis
612 1731 644 1757 de
661 1731 754 1762 rebus,
778 1741 846 1767 quae
863 1734 980 1760 maxime

185 1769 354 1796 metuuntur,
372 1766 404 1792 de
421 1772 503 1793 morte
515 1772 541 1794 et
551 1767 584 1794 de
596 1768 699 1800 dolore,
716 1770 804 1804 primo
818 1775 843 1796 et
858 1771 980 1805 proximo

184 1800 227 1827 die
239 1800 405 1836 disputatum
417 1809 466 1830 est.
505 1805 578 1837 Quae
589 1807 612 1831 si
625 1806 734 1840 probata
745 1813 821 1837 suut.
840 1813 912 1834 metu
924 1817 981 1834 nia—

183 1846 235 1873 gna
246 1847 279 1865 ex
292 1845 365 1874 parte
377 1840 481 1868 liberati
493 1851 598 1869 sumus.
628 1843 728 1870 XXXI.
746 1846 788 1870 65.
805 1846 841 1870 Ac
852 1845 885 1871 de
897 1845 981 1872 malo-

183 1884 243 1901 rum
254 1877 379 1910 opinione
392 1878 530 1906 hactenus.
551 1880 697 1906 Videamus
709 1890 780 1907 nunc
791 1881 824 1908 de
835 1882 977 1913 bonorum,

184 1912 212 1938 id
228 1918 267 1938 est
283 1913 315 1939 de
332 1913 430 1941 laetitia
445 1921 470 1942 et
490 1916 523 1942 de
541 1917 698 1952 cupiditate.
742 1918 810 1944 Mihi
825 1919 936 1953 quidem
952 1920 978 1946 in

183 1954 235 1976 tota
248 1951 346 1977 ratione
358 1960 397 1983 ea,
411 1962 478 1988 quae
490 1954 605 1988 pertinet
615 1954 647 1981 ad
658 1956 741 1981 animi
753 1956 976 1990 perturbationes,

183 1994 236 2012 una
248 1996 289 2013 res
302 1988 408 2015 videtur
418 1999 540 2017 caussam
552 1992 702 2023 continere,
720 2001 813 2019 omnes
824 2002 868 2020 eas
880 2003 939 2020 esse
951 1995 978 2020 in

182 2028 271 2050 nostra
283 2030 423 2059 potestate,
441 2037 534 2055 omnes
547 2029 647 2055 iudicio
657 2035 809 2064 susceptas,
825 2039 919 2057 omnes
931 2040 978 2057 vo-

183 2059 321 2088 luntarias.
362 2064 409 2090 llic
424 2065 507 2100 igitur
521 2074 594 2092 error
607 2071 647 2093 est
661 2067 832 2102 eripiendus,
851 2068 916 2094 haec
930 2068 978 2094 de-

181 2098 310 2125 trahenda
321 2101 425 2134 opinio:
443 2107 536 2137 atque,
555 2108 584 2129 ut
595 2104 621 2130 in
633 2103 712 2130 malis
723 2105 839 2139 opinatis
851 2105 978 2132 tolerabi-

181 2134 226 2166 lia,
239 2136 317 2162 sicin
328 2137 406 2164 honis
417 2139 547 2167 sedatiora
559 2146 623 2167 sunt
632 2141 773 2168 efficienda
785 2151 824 2173 ea,
837 2151 906 2177 quae
920 2152 977 2169 nia—

180 2180 233 2207 gna
248 2178 273 2200 et
289 2173 422 2202 laetabilia
436 2177 572 2204 dicuntur.
612 2179 700 2213 Atque
716 2179 765 2205 hoc
779 2179 890 2214 quidem
902 2189 977 2206 coni-

180 2217 262 2236 niune
284 2211 415 2239 malorum
435 2219 460 2240 et
475 2214 620 2242 bonorum:
644 2221 685 2247 ut,
703 2217 727 2242 si
743 2217 797 2242 iani
814 2216 926 2243 difficile
941 2218 977 2244 sit
997 2227 999 2235 ¹

179 2247 351 2280 persuadere,
368 2250 436 2276 niliil
448 2259 539 2278 earum
551 2261 650 2283 rerum,
667 2262 735 2288 quae
746 2254 904 2288 perturbent
917 2256 976 2281 ani·
996 2263 998 2277 2

180 2292 268 2314 inum,
287 2291 332 2312 aut
347 2287 374 2312 in
391 2287 469 2314 bonis
486 2294 531 2315 aut
545 2290 572 2316 in
584 2290 662 2316 malis
676 2299 735 2317 esse
748 2291 918 2322 habendum,
936 2297 976 2318 ta—

180 2329 239 2347 men
255 2322 305 2348 alia
317 2323 352 2349 ad
363 2323 446 2350 alium
459 2331 561 2352 motum
572 2327 674 2354 curatio
685 2328 720 2354 sit
731 2327 894 2360 adhibenda,
908 2329 975 2355 alia-

178 2366 231 2391 que
246 2360 347 2386 ratione
362 2361 525 2394 malevolus,
546 2363 598 2390 alia
613 2369 726 2395 amator,
748 2365 800 2392 alia
816 2375 910 2392 rui-sus
926 2375 975 2393 an·-

178 2395 254 2435 xniuS,
277 2396 327 2423 alia
344 2398 456 2425 timidus
472 2401 658 2436 corrigendus.
699 2404 740 2428 66.
762 2403 850 2437 Atque
864 2409 919 2430 erat
935 2403 974 2429 sa-

179 2431 238 2461 ede,
251 2441 408 2468 sequentem
420 2445 478 2463 eam
490 2439 628 2469 rationem,
637 2448 706 2473 quae
718 2441 834 2466 maxime
846 2441 974 2475 probatur

178 2466 299 2511 debonis
311 2476 336 2497 et
347 2473 434 2505 malis,
451 2483 547 2510 negare
559 2484 688 2510 umquam
702 2475 799 2503 laetitia
811 2477 883 2504 allici
894 2487 972 2513 posse

179 2512 363 2547 insipientem,
377 2511 448 2544 quod
462 2512 529 2537 niliil
542 2521 671 2548 uniquam
684 2513 793 2540 liaberet
805 2514 878 2541 boni.
919 2515 972 2542 Sed

179 2540 315 2576 loquimur
330 2554 400 2572 nunc
417 2556 487 2574 more
497 2551 645 2576 communi.
686 2550 745 2577 Sint
755 2560 819 2577 sane
830 2553 880 2578 ista
891 2552 970 2584 bona,

177 2586 245 2612 quae
259 2585 397 2623 putantur,
411 2584 537 2616 honores,
551 2587 675 2618 divitiae,
689 2587 853 2623 voluptates,
870 2594 969 2616 cetera:

178 2620 265 2656 tamen
278 2625 303 2642 in
312 2626 355 2658 ‘eis
367 2620 434 2653 ipsis
444 2623 905 2661 potiundisexsultansgestiensque
917 2627 972 2653 lae-

178 2656 233 2678 titia
247 2658 333 2689 turpis
346 2661 399 2683 est:
418 2663 454 2689 ut,
470 2659 493 2685 si
505 2660 591 2687 ridere
602 2670 760 2689 concessum
771 2663 819 2695 sit,
834 2665 971 2699 vitupere-

988 133 1262 160 tlitzittitixis

1045 209 1086 230 tur
1103 209 1189 230 tamen
1202 205 1380 232 cachinnatio.
1421 207 1520 234 Eodem
1532 209 1604 235 enim
1617 209 1682 235 vitio
1692 214 1732 235 est
1742 209 1837 236 effusio

1044 242 1125 266 miiuii
1141 242 1165 267 iii
1179 241 1291 272 laetitia,
1309 251 1363 277 quo
1376 243 1401 269 in
1414 243 1504 270 dolore
1513 247 1670 272 contractio:
1687 246 1835 281 eademque

1045 278 1150 304 levitate
1169 279 1304 313 cupiditas
1324 285 1364 306 est
1385 281 1410 306 in
1431 282 1593 316 appetendo,
1615 292 1668 318 qua
1691 283 1787 309 laetitia
1810 284 1836 310 in

1045 315 1169 341 Itur-ndo:
1187 321 1225 346 et,
1245 321 1273 342 ut
1284 317 1365 343 nimis
1376 316 1466 344 afflicti
1479 318 1598 346 molestia
1607 341 1612 349 .
1631 321 1670 346 sic
1683 321 1763 346 nimis
1774 320 1836 346 elati

1045 352 1141 378 laetitia
1155 353 1211 378 iure
1224 353 1377 380 iudicantur
1390 354 1471 381 leven.
1513 356 1544 382 lit
1559 365 1643 391 quum
1659 357 1779 384 invidere
1793 366 1838 383 ae-

1042 389 1188 422 gritudinis
1199 391 1245 416 sit:
1261 390 1338 416 malis
1349 396 1437 417 autem
1449 392 1545 419 alienis
1558 393 1719 428 voluptatem
1731 403 1835 429 capere,

1045 426 1171 453 laetitiae:
1196 432 1353 462 utrumque,
1378 429 1542 456 immanitate
1557 435 1583 456 et
1599 430 1700 457 feritate
1719 432 1836 466 quadam

1043 464 1227 498 proponenda.
1244 466 1369 500 castigari
1384 466 1460 492 solet.
1500 467 1587 502 Atque
1602 473 1630 494 ut
1643 468 1775 495 confidere
1789 469 1838 495 de-

1042 538 1131 564 decet:
1147 539 1274 573 quoniam
1288 539 1401 566 docendi
1412 549 1506 567 caussa
1519 550 1532 567 a
1543 542 1644 576 gaudio
1657 542 1783 569 laetitiam
1794 543 1837 570 di-

1041 576 1217 610 stinguimus.
1263 577 1304 602 67.
1328 577 1396 603 Illud
1414 579 1465 604 iam
1481 587 1562 613 supra
1578 579 1712 609 diximus,
1733 584 1836 606 contra-

1041 613 1155 638 ctionem
1168 614 1251 639 aniini
1264 618 1333 640 recte
1347 614 1402 640 lieri
1419 624 1567 650 numquam
1585 625 1676 651 posse,
1694 616 1835 644 elationem

1041 658 1133 684 posse:
1147 650 1224 676 aliter
1235 651 1307 677 enim
1322 652 1475 678 Naevianus
1487 652 1531 679 ille
1542 653 1641 688 gaudet
1653 654 1755 685 llector,

1079 687 1170 712 Laetus
1181 697 1248 715 sum.
1262 690 1368 714 Isimlclri
1379 698 1416 714 nie
1425 692 1471 716 uba
1482 695 1512 720 te,
1521 694 1610 723 pater,
1622 700 1638 716 a
1650 692 1755 717 laudato
1766 694 1835 717 viret

1040 723 1117 750 aliter
1129 724 1173 750 ille
1184 724 1256 759 apud
1267 725 1406 756 Trabeam,

1078 762 1171 790 Laeuii,
1184 764 1294 788 delenita
1304 769 1418 796 uryenlo,
1432 767 1520 790 nutum
1531 765 1673 791 observabit
1684 774 1773 795 meum,

1078 801 1140 833 quid
1151 801 1232 829 velim,
1244 802 1306 833 quid
1316 803 1441 827 studeam.
1467 804 1607 828 Adveniens
1617 804 1697 836 (liquo
1708 803 1836 836 impellam

1448 841 1553 864 ienuam

1076 875 1144 907 sore-5
1161 875 1296 906 patebunt.-
1318 876 1349 900 de
1369 877 1506 908 improviso
1523 857 1627 909 Chi-nisis
1647 877 1690 902 ubi'
1709 885 1747 902 me
1761 880 1835 910 aspe-

1447 915 1516 938 serit

1076 949 1176 974 &lucri-5
1200 950 1299 974 obi-itini
1324 951 1387 975 mi'lu'
1409 933 1685 983 i·em‘e1,'co‘mplez·um
1709 953 1835 984 exoptans

1447 996 1542 1019 meum,-

1076 1023 1138 1047 nii'lu‘
1147 1030 1173 1047 se
1186 1024 1266 1048 dedet.

1040 1057 1126 1090 Quam
1139 1058 1203 1085 haec
1214 1059 1326 1094 pulchra
1339 1065 1422 1094 putet,
1436 1061 1494 1096 ipse
1509 1061 1561 1087 iam
1573 1061 1652 1092 dicet,

1290 1097 1431 1123 Fer-tunam
1443 1101 1523 1131 ipsam
1533 1100 1634 1124 anteibo
1642 1100 1754 1131 fortunis
1765 1101 1833 1124 meis.

1038 1132 1150 1158 XXXII.
1172 1135 1213 1159 68.
1236 1134 1304 1159 llaec
1326 1133 1424 1160 laetitia
1443 1144 1524 1170 quam
1541 1136 1628 1170 turpis
1643 1136 1691 1166 sit,
1713 1136 1779 1162 satis
1793 1139 1835 1162 est

1037 1169 1180 1205 diligenter
1195 1171 1374 1197 attendentem
1389 1173 1496 1206 penitus
1513 1172 1614 1198 videi-e.
1654 1173 1687 1199 Et
1701 1177 1731 1199 ut
1742 1177 1834 1207 turpes

1037 1212 1113 1238 sunt,
1129 1208 1176 1242 qui
1188 1207 1300 1234 efferunt
1311 1217 1339 1234 se
1352 1208 1450 1235 laetitia
1463 1214 1533 1240 tum,
1549 1218 1634 1244 quum
1647 1209 1773 1236 fruuntur
1782 1210 1834 1236 Ve-

1037 1245 1124 1271 nereis
1136 1244 1334 1280 voluptatibus:
1351 1247 1391 1272 sic
1402 1245 1540 1282 flagitiosi,
1554 1247 1602 1281 qui
1613 1255 1658 1273 eas
1670 1246 1833 1273 inflammato

1037 1282 1127 1308 animo
1137 1283 1342 1317 concupiscunt.
1381 1283 1463 1309 Totus
1476 1292 1538 1310 vero
1550 1285 1613 1315 iste,
1629 1285 1677 1319 qui
1692 1283 1774 1319 vulgo
1784 1292 1833 1319 ap-

1037 1319 1152 1354 pellatur
1166 1329 1252 1351 amor,
1273 1320 1345 1354 (nec,
1365 1320 1486 1352 hercule,
1508 1322 1630 1352 invenio,
1652 1329 1706 1356 quo
1724 1322 1833 1348 nomine

1035 1357 1088 1383 alio
1099 1357 1334 1392 possitappellari)
1350 1362 1436 1384 tantae
1453 1357 1568 1385 levitatis
1584 1363 1638 1388 est,
1661 1363 1689 1385 ut
1705 1358 1773 1384 nihil
1789 1359 1833 1384 vi-

1035 1393 1122 1425 deam,
1136 1394 1208 1430 quod
1220 1400 1312 1429 putem
1323 1394 1527 1422 conferendum.
1567 1396 1662 1428 Quem,
1675 1395 1820 1426 Caecilius,

1071 1463 1108 1468 —
1118 1451 1191 1474 de'uni
1201 1452 1246 1482 qui
1257 1458 1307 1475 non
1316 1453 1441 1476 summum
1449 1455 1528 1483 pinet,

1070 1491 1115 1512 aul
1126 1488 1239 1517 stultum,
1251 1492 1297 1512 aut
1308 1496 1393 1513 rei-um
1403 1496 1456 1513 esse
1466 1489 1611 1521 imperitum
1622 1489 1774 1514 existumat:

1072 1526 1113 1549 oui
1124 1525 1151 1550 t'ti
1162 1533 1239 1549 runnu
1248 1526 1290 1553 sit,
1303 1533 1375 1557 quem
1386 1533 1438 1550 esse
1447 1527 1584 1551 dementem
1594 1526 1662 1555 velit,

1071 1569 1143 1594 quem
1153 1563 1251 1594 sapere,
1265 1570 1339 1594 quem
1348 1564 1448 1592 surturi,
1460 1571 1533 1595 quem
1545 1565 1571 1588 iri
1582 1563 1695 1588 morbum
1706 1564 1787 1591 i‘m'i'ci',

1071 1606 1144 1631 quem
1155 1599 1244 1624 co‘ntra
1254 1601 1348 1628 (υκαι-ι’,
1361 1608 1434 1632 quem
1444 1602 1537 1632 expeti,
1549 1608 1620 1633 quem
1631 1602 1765 1626 arces-sier.

1033 1652 1075 1677 69.
1090 1651 1112 1678 O
1123 1652 1286 1686 praeclaram
1297 1653 1504 1679 emendatricem
1518 1653 1587 1679 vitae
1598 1653 1743 1688 poeticam!
1759 1660 1829 1687 quae

1033 1697 1160 1719 amorem.
1175 1688 1268 1725 flagitii
1280 1695 1305 1716 et
1317 1689 1432 1716 levitatis
1444 1695 1588 1719 auctorem.
1602 1691 1629 1716 in
1641 1690 1755 1716 concilio
1764 1689 1830 1715 deo—

1032 1734 1092 1751 rum
1103 1726 1289 1752 collocandum
1300 1732 1386 1761 putet.
1426 1727 1461 1753 De
1472 1727 1609 1753 comoedia
1622 1727 1728 1762 loquor:
1746 1734 1826 1761 quae.

1031 1763 1055 1789 si
1067 1762 1132 1789 haec
1144 1762 1243 1799 flagitia
1255 1773 1307 1790 non
1323 1764 1512 1798 probaremus,
1534 1764 1607 1790 nulla
1623 1769 1693 1790 esset
1706 1764 1826 1790 omnino.

1030 1799 1101 1832 Quid
1113 1801 1149 1827 ait
1159 1809 1193 1827 ex
1205 1801 1339 1836 tragoedia
1351 1802 1476 1836 princeps
1491 1801 1537 1827 ille
1547 1800 1780 1837 Argonautarum?

1071 1847 1106 1872 Τά
1119 1855 1156 1871 me
1165 1849 1263 1872 amoris
1273 1849 1363 1880 nidyis,
1376 1855 1451 1879 quam
1462 1848 1566 1872 lionoris
1576 1848 1712 1872 sen-avisii·
1721 1848 1817 1879 ςνάιία.

1031 1882 1102 1915 Quid
1113 1882 1194 1919 ergo‘?
1206 1883 1249 1909 liic
1261 1892 1335 1910 amor
1341 1883 1448 1909 Medeae
1459 1888 1558 1918 quanta
1571 1883 1742 1909 miseriarum
1753 1883 1828 1909 exci—

1031 1921 1097 1946 tavit
1112 1920 1248 1946 incendia!
1271 1921 1358 1956 Atque
1374 1929 1404 1947 ea
1421 1925 1509 1947 tamen
1525 1920 1598 1955 apud
1618 1919 1702 1946 alium
1721 1925 1827 1955 poetam

1030 1958 1098 1992 patri
1110 1957 1199 1984 dicere
1211 1957 1300 1989 audet,
1314 1967 1342 1984 se
1354 1959 1498 1993 coniugem
1509 1957 1638 1984 habuisse

1067 1996 1154 2028 illum,
1169 2004 1242 2021 anwr
1258 2005 1331 2029 quem
1345 1998 1462 2025 dederat,
1476 1998 1522 2029 qui
1533 1996 1594 2028 plus
1606 1995 1684 2028 pollet
1692 1996 1827 2028 potiorque

1438 2035 1474 2059 e'st
1482 2037 1566 2066 patre.

1029 2069 1153 2096 XXXIII.
1175 2070 1217 2096 70.
1239 2069 1292 2096 Sed
1304 2074 1395 2104 poetas
1407 2069 1498 2096 ludere
1510 2070 1644 2100 sinamus,
1658 2076 1775 2104 quorum
1785 2067 1826 2094 fa—

1006 2119 1007 2122 *
1029 2106 1102 2132 bulis
1123 2107 1150 2133 in
1172 2107 1222 2133 hoc
1242 2106 1343 2142 flagitio
1359 2108 1460 2134 versari
1476 2108 1566 2142 ipsum
1582 2106 1708 2133 videmus
1723 2106 1824 2132 Iovem.

1027 2143 1068 2169 Ad
1084 2144 1226 2179 magistros
1242 2145 1364 2175 virtutis.
1386 2144 1576 2180 philosophos,
1600 2144 1756 2170 veniamus:
1775 2143 1824 2177 qui

1028 2189 1146 2207 amorem
1158 2186 1255 2217 negant
1266 2183 1353 2216 stupri
1364 2191 1435 2213 esse,
1452 2183 1516 2209 etin
1527 2190 1559 2208 eo
1571 2181 1676 2217 litigant
1686 2189 1748 2207 cuin
1759 2180 1825 2214 Epi-

1027 2227 1105 2249 curo,
1127 2227 1178 2245 non
1201 2218 1330 2249 multum,
1354 2224 1384 2246 ut
1398 2220 1490 2254 opinio
1505 2227 1563 2245 mea
1581 2218 1643 2250 sert,
1666 2218 1821 2244 mentiente.

1027 2255 1094 2287 Quis
1109 2261 1149 2282 est
1163 2256 1236 2282 enim
1251 2257 1300 2282 iste
1316 2265 1391 2283 amor
1401 2256 1552 2283 amicitiae?
1571 2256 1624 2282 Cur
1635 2263 1722 2290 neque
1733 2253 1823 2280 defor-

1027 2301 1098 2319 mem
1114 2292 1310 2319 adolescentem
1325 2294 1471 2329 quisquam
1486 2298 1556 2320 amat
1572 2301 1659 2328 neque
1674 2292 1822 2333 formosum

1026 2329 1137 2356 senem‘.>
1157 2330 1223 2356 Mihi
1242 2331 1354 2365 quidem
1370 2331 1436 2357 haec
1451 2332 1478 2358 in
1493 2331 1655 2358 Graecorum
1670 2337 1822 2364 gymnastis

1025 2372 1086 2393 nata
1101 2367 1268 2394 consuetudo
1283 2368 1402 2395 videtur:
1421 2369 1449 2394 in
1463 2368 1565 2403 quibus
1577 2368 1621 2393 isti
1633 2366 1712 2393 liberi
1722 2371 1748 2393 et
1757 2374 1822 2392 con-

1024 2405 1094 2431 cessi
1105 2409 1168 2431 sunt
1179 2413 1292 2431 amores.
1332 2406 1402 2432 Bene
1413 2414 1476 2441 ergo
1486 2405 1599 2435 Ennius,

1061 2442 1169 2475 Ftaqtua·
1180 2444 1337 2475 principium
1348 2447 1392 2473 est,
1405 2445 1503 2469 nudare
1514 2444 1580 2468 inter
1590 2443 1653 2467 cit-is
1664 2443 1781 2473 corpora.
1791 2477 1797 2482 ·

1023 2478 1089 2511 Qui,
1108 2480 1214 2510 utsint,
1232 2479 1305 2514 quod
1317 2479 1373 2506 fieri
1384 2488 1463 2514 posse
1477 2479 1570 2509 video,
1587 2477 1694 2512 pudici,
1711 2477 1820 2504 solliciti

1024 2520 1112 2542 tamen
1127 2521 1153 2542 et
1163 2517 1237 2542 anxii
1249 2522 1325 2543 sunt:
1347 2525 1432 2551 eoque
1443 2516 1539 2551 magiS‚
1555 2515 1627 2550 quod
1639 2515 1724 2549 seipsi
1733 2515 1820 2541 conti-

1023 2558 1087 2579 nent
1101 2558 1126 2579 et
1141 2559 1273 2580 coercent.
1312 2555 1355 2580 7¹.
1376 2554 1477 2588 Atque,
1499 2557 1529 2578 ut
1547 2552 1694 2578 muliebres
1715 2560 1819 2578 amores

1022 2591 1152 2621 omittam,
1168 2591 1270 2626 quibus
1281 2591 1409 2617 maiorem
1421 2590 1555 2616 licentiam
1567 2594 1660 2615 natura
1671 2589 1816 2616 concessit:

1022 2628 1084 2661 quis
1096 2632 1141 2654 aut
1152 2627 1185 2654 de
1197 2628 1349 2664 Ganymedi
1360 2632 1437 2662 raptu
1448 2626 1566 2657 dubitat,
1589 2626 1655 2661 quid
1667 2631 1759 2661 poetae
1770 2634 1819 2652 ve-

1023 2663 1085 2691 lint:
1099 2669 1144 2691 aut
1155 2674 1206 2692 non
1218 2664 1428 2701 intelligit,quid
1438 2663 1674 2700 apudEuripidem
1687 2669 1712 2690 et
1723 2663 1818 2698 loqua-
