1941 3052
329 85 660 113 EPISTOLARUM
690 84 744 112 AD
774 84 1003 112 DIVERSOS
1044 85 1125 112 LIB.
1148 86 1195 112 lv.

62 159 137 194 pacis
152 162 178 184 et
192 158 220 184 in
235 156 375 184 consulatu
391 161 436 183 tuo
451 160 477 183 et
491 160 551 191 pest
570 155 739 183 consulatum
760 155 855 183 fuisse.

62 196 119 231 Ego
134 199 236 226 autem,
253 203 338 229 quum
353 193 497 220 consilium
508 198 586 220 tuum
596 193 737 228 probarem
748 197 774 219 et
784 193 856 219 idem

62 233 122 267 ipse
136 233 278 263 sentirem,
295 231 364 258 nihil
379 231 562 266 proficiebam.
603 231 667 257 Sero
682 231 755 257 enim
775 239 858 256 vene—

62 278 132 302 ram;
156 268 229 296 solus
240 277 325 301 eram;
343 268 419 294 rudis
430 277 489 294 esse
500 269 612 295 videbar
623 269 650 295 in
661 276 770 301 caussa3
788 268 858 294 inci—

62 307 153 333 deram
175 306 203 332 in
224 306 365 332 hominum
385 305 525 341 pugnandi
544 305 705 340 cupidorum
726 305 855 331 insanias,

62 344 149 374 Nunc,
157 343 285 378 quoniam
296 343 365 369 nihil
376 344 429 369 iam
441 343 566 369 videmur
577 343 703 378 opitulari
714 351 793 377 posse
805 342 858 368 rei-

62 380 201 416 publicae,
218 380 318 416 siquid
329 384 382 411 est,
399 380 427 406 in
439 389 492 415 quo
503 380 706 415 nobismetipsis
717 379 857 406 consulere

62 419 199 454 possimus
207 439 213 449 ,
226 426 279 444 non
290 422 320 444 ut
330 417 434 452 aliquid
444 426 478 444 ex
488 418 602 452 pristino
612 422 682 444 statu
694 421 782 443 nostro
793 417 857 443 reti-

61 463 188 487 neamus,
205 455 253 481 sed
268 460 298 481 ut
308 463 389 490 quam
400 455 589 481 honestissime
601 454 756 490 lugeamus:
779 461 857 480 nemo

62 497 104 520 est
113 493 250 523 omnium,
263 493 376 527 quicum
387 493 476 527 potius
487 492 565 523 mihi,
578 500 660 526 quam
672 496 770 522 tecum,
783 499 858 517 com-

62 529 258 556 municandum
272 534 374 564 putem.
414 530 468 555 Nec
478 530 550 555 enim
562 529 774 555 clarissimorum
784 528 858 554 viro-

62 576 137 598 rum,
156 575 271 602 quorum
282 566 386 593 similes
397 575 456 593 esse
467 566 613 597 debemus,
631 565 754 600 exempla
769 573 856 599 neque

62 604 289 635 doctissimorum,
301 613 369 639 quos
380 612 487 638 semper
497 603 613 634 coluisti,
626 607 767 638 praecepta
778 607 802 628 te
814 602 858 628 fu-

61 642 150 677 giunt.
191 642 278 676 Atque
289 642 347 676 ipse
358 646 433 668 antea
445 641 478 667 ad
489 645 513 667 te
525 641 709 675 scripsissem,
723 645 747 666 te
759 639 857 665 frustra

62 679 91 705 in
107 683 229 705 senatum
244 679 302 704 sive
317 679 406 713 potius
421 678 449 704 in
460 682 621 704 conventum
633 682 786 704 senatorum
798 685 857 703 esse

63 720 217 747 venturum,
231 716 259 741 ni
270 716 371 742 veritus
382 723 479 746 essem,
492 723 525 741 ne
537 716 595 741 eius
606 715 727 741 animum
739 714 858 740 offende-

62 762 133 784 rem,
146 754 220 788 quia
231 761 286 784 me,
304 757 333 778 ut
343 756 367 779 te
379 753 510 783 imitarer,
528 752 644 787 petebat.
684 752 734 779 Cui
745 751 856 786 quidem

62 799 125 826 ego,
142 798 184 816 me
196 798 281 825 quum
291 794 407 825 rogaret,
423 794 452 816 ut
464 789 586 815 adessem
597 790 625 816 in
637 794 744 820 senatu,
762 789 855 815 eadem

61 828 164 858 omnia,
182 835 251 862 quae
266 835 280 853 a
297 831 321 853 te
336 826 369 853 de
384 835 449 861 pace
464 831 490 853 et
504 826 537 853 de
547 827 684 862 Hispaniis
700 827 770 853 dicta
782 830 854 857 sunt,

62 864 167 891 ostendi
181 873 224 890 me
242 872 301 890 esse
319 864 465 890 dicturum.
504 865 529 891 2.
552 865 604 890 Res
620 864 697 890 vides
713 873 766 899 quo
777 864 856 890 modo

62 909 91 928 se
102 901 230 934 habeant;
243 901 336 928 orbem
349 906 488 932 terrarum,
504 902 626 936 imperiis
638 901 800 933 distributis,
814 910 857 927 ar-

61 938 125 965 dere
136 938 219 972 bello;
234 939 332 965 Urbem
343 939 401 965 sine
414 938 529 974 legibus,
542 939 600 965 sine
611 939 730 970 iudiciis,
743 939 802 965 sine
814 939 857 965 iu-

62 984 100 1007 re,
113 976 172 1002 sine
184 975 245 1007 fide,
259 975 378 1002 relictam
389 976 534 1010 direptioni
545 980 571 1002 et
580 976 724 1003 incendiis.
764 977 856 1011 Itaque

62 1013 131 1040 mihi
142 1014 234 1040 venire
246 1014 274 1040 in
289 1018 406 1040 mentem
421 1013 489 1040 nihil
505 1018 604 1048 potest,
627 1022 679 1040 non
695 1013 773 1040 modo
789 1013 856 1049 quid

62 1059 177 1085 sperem,
190 1050 237 1077 sed
250 1051 297 1077 vix
308 1051 361 1077 iam
372 1050 439 1086 quid
450 1050 564 1077 audeam
575 1056 676 1086 optare.
707 1051 755 1077 Sin
767 1056 856 1078 autem

62 1088 126 1120 tibi,
143 1088 247 1114 homini
262 1088 486 1123 prudentissimo,
508 1088 616 1115 videtur
631 1088 697 1115 utile
712 1097 784 1120 esse,
808 1097 856 1115 nos

61 1124 192 1160 colloqui,
211 1134 376 1160 quamquam
389 1125 496 1162 longius
507 1126 587 1152 etiam
599 1125 749 1161 cogitabam
761 1126 795 1152 ab
806 1126 857 1152 Ur-

61 1162 96 1189 be
111 1162 263 1194 discedere,
282 1163 360 1189 cuius
377 1163 430 1189 iam
446 1163 526 1189 etiam
537 1171 634 1190 nomen
645 1163 748 1190 invitus
759 1163 853 1190 audio:

60 1204 150 1226 tamen
166 1201 278 1235 propius
292 1200 427 1227 accedam.
468 1200 645 1236 Trebatioque
656 1200 798 1232 mandavi,
815 1205 853 1232 ut,

61 1237 85 1263 si
96 1237 163 1272 quid
174 1242 203 1263 tu
213 1245 275 1263 eum
286 1237 370 1264 velles
381 1237 415 1264 ad
425 1246 467 1264 me
478 1238 592 1269 mittere,
606 1246 639 1264 ne
652 1243 799 1271 recusaret:
814 1238 858 1264 id-

61 1282 116 1309 que
131 1278 160 1301 ut
175 1273 271 1306 facias,
287 1274 384 1308 velim;
406 1279 465 1306 aut,
487 1275 511 1301 si
522 1283 604 1310 quem
614 1279 721 1301 tuorum
734 1275 856 1302 fidelium

61 1311 146 1343 voles,
159 1311 192 1338 ad
204 1320 247 1338 me
257 1312 359 1345 mittas3
376 1320 409 1338 ne
420 1317 466 1338 aut
476 1312 526 1338 tibi
537 1313 610 1338 exire
621 1320 654 1338 ex
665 1312 735 1339 Urbe
747 1321 856 1339 necesse

61 1349 105 1379 sit,
119 1353 165 1375 aut
175 1349 243 1375 mihi
257 1349 393 1376 accedere.
415 1350 472 1385 Ego
483 1354 586 1376 tantum
598 1349 647 1376 tibi
659 1350 756 1381 tribuo,
769 1359 856 1385 quan-

60 1390 119 1413 tum
140 1386 208 1413 mihi
230 1386 340 1413 fortasse
360 1395 466 1423 arrogo:
489 1391 519 1413 ut
541 1387 708 1422 exploratum
730 1387 853 1419 habeam,

61 1423 196 1459 quidquid
212 1432 260 1450 nos
275 1424 308 1450 de
323 1424 461 1451 communi
476 1425 607 1451 sententia
622 1425 809 1457 statuerimus,
828 1425 855 1452 id

60 1469 154 1488 omnes
165 1461 288 1488 homines
298 1462 466 1497 probaturos.
508 1460 604 1498 [Vale]

112 1538 141 1559 11.
158 1539 235 1560 Atto.
254 1539 354 1566 Sulpicio
363 1555 368 1564 ,
384 1539 486 1566 Pompeii
501 1546 529 1559 an
539 1539 642 1560 Caesaris
657 1542 732 1567 partes
742 1542 854 1567 nequatur.

59 1573 184 1599 dubitanti,
194 1573 244 1601 plus
255 1574 338 1594 alteras
349 1574 483 1598 honestatis,
494 1574 607 1595 nmriton’·
617 1574 699 1595 alteras
710 1575 790 1595 babere
800 1575 854 1595 seri-

60 1608 101 1630 bit.
123 1609 221 1635 Longiu·
232 1616 282 1634 ergo
293 1609 447 1631 discedendum
458 1610 484 1630 ab
494 1610 553 1631 Urbe
560 1625 565 1634 ,
580 1609 604 1630 in
612 1616 655 1636 qun
664 1616 719 1636 quae
729 1610 782 1630 finnt
791 1613 855 1637 turpe

61 1643 92 1664 nit
109 1644 214 1671 probare.
234 1651 277 1665 nun
297 1646 390 1672 probare
408 1643 564 1672 periculo-um.
592 1644 634 1666 Sed
650 1652 692 1672 quo
707 1645 739 1666 sit
752 1646 853 1670 eundum,

60 1685 123 1706 quam
132 1678 233 1706 primum,
245 1682 314 1704 rogat,
325 1679 470 1700 deliberatum
480 1679 562 1700 veniat.

229 1716 259 1738 (lu
269 1716 360 1737 Cumano,
370 1716 470 1738 Marcello,
478 1716 560 1735 Lentulo
570 1723 616 1734 eon.
629 1717 684 1739 ⁷0⁵.)

176 1759 212 1785 M.
233 1759 264 1785 T.
286 1759 316 1786 C.
338 1759 367 1786 S.
389 1759 419 1786 D.
441 1759 524 1786 SER.
546 1759 740 1787 SULPICIO.

117 1802 140 1827 4.
162 1796 200 1828 Α.
213 1801 240 1828 d.
253 1810 290 1828 ui.
307 1801 366 1829 Kal.
382 1803 465 1829 Maias
480 1811 565 1837 quum
580 1811 668 1830 essem
684 1804 712 1830 in
723 1802 852 1835 Cumano,

60 1839 152 1872 accepi
167 1842 226 1865 tuas
242 1838 355 1866 litteras:
373 1840 474 1874 quibus
491 1840 566 1866 lectis
580 1841 709 1876 cognovi,
726 1848 779 1867 non
789 1842 854 1868 satis

59 1875 206 1909 prudenter
217 1875 568 1912 fecissePhilotimum,qui,
585 1886 670 1913 quum
682 1878 730 1904 abs
742 1882 766 1904 te
778 1887 855 1905 man-

60 1911 121 1938 data
137 1911 259 1944 haberet,
277 1918 307 1940 ut
321 1914 432 1945 scribis,
450 1914 483 1940 de
498 1915 626 1941 omnibus
638 1915 733 1947 rebus,
751 1915 809 1950 ipse
821 1916 854 1942 ad

59 1957 102 1975 mc
115 1957 167 1976 non
178 1950 305 1981 venisset,
322 1950 422 1977 litteras
438 1955 497 1977 tuas
508 1952 640 1985 misisset;
654 1961 721 1987 quas
732 1952 854 1980 intellexi

59 1986 197 2013 breviores
210 1986 383 2022 suisse‚quod
395 1996 457 2014 eum
468 1988 634 2023 perlaturum
646 1994 779 2024 putasses.
801 1990 853 2016 Sed

59 2028 161 2054 tamen,
180 2028 322 2059 postquam
339 2024 438 2051 litteras
455 2029 514 2052 tuas
526 2025 592 2062 legi,
607 2026 742 2053 Postumia
755 2031 799 2054 tua
811 2036 853 2053 me

59 2062 185 2088 convenit
195 2066 220 2088 et
231 2062 342 2088 Servius
357 2067 455 2089 noster.
495 2063 542 2089 llis
553 2063 667 2098 placuit,
681 2068 710 2090 ut
721 2068 748 2090 tu
761 2064 788 2090 in
799 2064 854 2091 Cu-

59 2106 170 2124 manum
182 2099 301 2126 venires:
318 2099 390 2134 quod
406 2100 486 2126 etiam
498 2108 613 2132 mecum,
631 2105 661 2127 ut
672 2101 704 2127 ad
717 2105 741 2128 te
751 2102 854 2128 scribe-

59 2143 129 2167 rem,
147 2141 269 2171 egerunt.
309 2138 334 2163 2.
356 2136 434 2168 Quod
450 2145 540 2163 meum
555 2137 699 2164 consilium
715 2139 851 2173 exquiris:

58 2172 87 2199 id
98 2177 139 2199 cst
149 2173 209 2204 tale,
223 2178 251 2199 ut
262 2182 356 2208 capere
368 2173 475 2200 facilius
486 2175 544 2209 ipsc
556 2176 670 2209 possim,
683 2184 764 2210 quam
777 2176 853 2202 alteri

59 2209 131 2236 dare.
171 2210 243 2242 Quid
255 2212 326 2237 enim
338 2215 386 2242 est,
400 2211 472 2246 quod
485 2211 598 2238 audeam
607 2212 720 2239 suadere
732 2213 790 2244 tibi,
806 2213 854 2239 bo-

58 2247 126 2274 mini
148 2256 254 2274 summa
276 2249 431 2275 auctoritate
451 2257 612 2284 summaque
632 2249 792 2284 prudentia?
812 2250 850 2281 Si.

59 2284 124 2319 quid
135 2285 316 2312 rectissimum
328 2286 371 2316 sit,
385 2286 551 2320 quaerimus,
563 2287 738 2321 perspicuum
749 2292 802 2319 est;
817 2288 850 2318 si.

59 2321 125 2356 quid
136 2323 253 2349 maxime
265 2323 404 2358 expediat,
419 2323 579 2356 obscurum,
593 2324 635 2350 sin
648 2325 666 2350 ii
677 2333 786 2355 sumus,
804 2325 852 2359 qui

58 2358 175 2393 profecto
184 2368 243 2386 esse
259 2360 404 2391 debemus,
421 2365 450 2387 ut
462 2360 529 2386 nibil
541 2360 702 2387 arbitremur
712 2361 850 2396 expedire.

60 2395 112 2421 nisi
127 2396 199 2431 quod
217 2402 318 2424 rectum
335 2397 532 2432 honestumque
547 2399 595 2430 sit,
616 2407 668 2425 non
689 2403 775 2432 potest
793 2407 852 2425 esso

59 2431 187 2465 dubium„
208 2435 274 2469 quid
287 2434 438 2461 faciendum
451 2435 528 2461 nobis
539 2436 584 2462 sit.
624 2437 649 2462 3.
670 2435 746 2468 Quod
757 2436 853 2462 existi-

58 2477 116 2495 mas
126 2478 212 2497 meam
228 2480 352 2498 caussam
368 2473 538 2499 coniunctam
555 2481 614 2499 esse
629 2481 690 2498 cum
707 2477 764 2503 tua,
781 2477 852 2500 certo

58 2506 156 2533 similis
168 2508 195 2534 in
206 2513 319 2544 utroque
331 2514 461 2541 nostrum,
470 2518 555 2544 quum
565 2510 666 2544 optime
677 2510 848 2541 sentiremus,

58 2550 130 2571 error
140 2544 200 2572 tuit.
240 2547 306 2573 Nam
321 2547 410 2573 omnia
422 2548 564 2582 utriusque
574 2546 685 2573 consilia
697 2547 730 2573 ad
741 2555 852 2574 eoncor-

59 2579 130 2608 diam
141 2586 341 2618 spectaverunt,
355 2593 409 2619 qua
420 2593 505 2619 quum
518 2585 570 2619 ipsi
582 2584 687 2611 Caesari
700 2584 768 2610 nibil
780 2589 851 2611 esset

59 2617 162 2652 utilius,
169 2621 396 2658 gratiamquoque
402 2630 450 2649 nos
457 2622 525 2651 inire
535 2622 569 2649 ab
579 2630 611 2650 eo
622 2621 790 2650 defendenda
802 2630 851 2658 pa-

894 1923 958 1950 ,que
974 1914 1039 1941 adeo
1055 1913 1139 1941 multa
1150 1913 1254 1940 addunt
1263 1918 1288 1940 et
1299 1913 1413 1940 afferunt
1424 1913 1457 1939 de
1468 1921 1527 1939 suo.

1226 86 1286 112 EP.
1313 87 1320 111 l
1344 101 1381 105 -
1401 87 1424 111 3.
1651 87 1700 111 685

907 164 936 182 ce
943 156 1149 182 arbitrabamur.
1166 156 1302 188 Quantum
1309 164 1357 183 nos
1364 155 1518 182 fefelleritet
1529 163 1610 190 quem
1623 156 1650 181 in
1662 155 1701 181 lo-

907 202 969 219 cum
986 202 1028 219 res
1039 193 1153 219 deducta
1165 194 1208 224 sit,
1222 193 1310 220 vides.
1350 194 1444 228 Neque
1455 193 1543 219 solum
1555 201 1584 218 ea
1595 193 1702 227 perspi—

907 231 955 261 cis,
965 239 1033 265 quae
1039 236 1178 266 geruntur,
1187 239 1310 266 quaeque
1322 232 1374 257 iam
1385 235 1460 266 gesta
1471 235 1542 261 sunt,
1551 229 1598 255 sed
1609 231 1699 259 etiam,

908 269 955 302 qui
971 276 1067 293 cursus
1082 277 1185 299 rerum,
1209 269 1257 303 qui
1272 269 1361 294 exitus
1373 268 1480 294 futurus
1491 268 1535 293 sit.
1575 267 1645 302 Ergo
1657 271 1702 293 aut

907 305 1020 339 probare
1031 310 1133 339 oportet
1148 314 1191 336 ea,
1210 314 1278 340 quae
1290 305 1367 335 fiunt,
1381 310 1424 331 aut
1437 306 1578 335 interesse,
1596 304 1702 330 etiamsi

908 351 960 368 non
976 342 1086 376 probes:
1105 351 1219 377 quorum
1235 342 1316 368 altera
1332 343 1400 368 mihi
1412 343 1512 376 turpis,
1530 341 1609 367 altera
1622 342 1701 367 etiam

908 379 1058 414 periculosa
1070 380 1136 405 ratio
1147 380 1264 406 videtur.
1306 381 1330 406 4.
1352 380 1449 410 Restat,
1466 384 1495 406 ut
1506 378 1701 405 discedendum

908 421 1010 451 putem.
1040 418 1069 442 In
1080 425 1133 451 quo
1148 416 1251 451 reliqua
1262 417 1369 443 videtur
1379 425 1438 443 esse
1449 416 1615 447 deliberatio,
1629 415 1702 450 quod

908 454 1052 480 consilium
1065 454 1091 480 in
1102 454 1234 484 discessu,
1247 463 1316 488 quae
1329 454 1383 480 loca
1395 463 1550 488 sequamur.
1587 453 1702 479 Omnino

908 500 994 526 quum
1006 491 1129 517 miserior
1139 500 1181 517 res
1192 500 1341 526 numquam
1353 491 1462 522 accidit,
1481 496 1538 517 tum
1554 499 1587 516 ne
1598 490 1703 516 delibe-

908 529 974 554 ratio
989 528 1100 563 quidem
1111 528 1258 554 difficilior.
1298 529 1372 554 Nihil
1384 529 1456 554 enim
1468 529 1593 554 constitui
1605 532 1700 562 potest,

908 565 980 600 quod
997 574 1048 591 non
1065 566 1183 591 incurrat
1194 566 1221 591 in
1233 574 1358 600 magnam
1371 566 1489 600 aliquam
1501 565 1700 591 difficultatem.

908 603 961 633 Tu,
981 603 1004 628 si
1016 602 1166 633 videbitur,
1185 603 1219 628 ita
1231 611 1326 629 censeo
1337 603 1431 633 facias,
1450 608 1491 633 ut,
1509 603 1532 628 si
1549 602 1632 628 habes
1649 603 1701 628 iam

908 644 1050 671 statutum,
1076 640 1142 674 quid
1157 640 1207 666 tibi
1223 640 1357 675 agendum
1373 645 1464 674 putes,
1489 641 1515 666 in
1531 648 1584 674 quo
1600 648 1651 665 non
1668 640 1703 665 sit

908 678 1082 703 coniunctum
1098 677 1242 703 consilium
1258 682 1334 704 tuum
1349 686 1411 703 cum
1431 686 1502 707 meo,
1525 676 1702 711 supersedeas

908 714 958 740 hoc
970 714 1058 740 labore
1071 715 1187 740 itineris:
1206 715 1248 740 sin
1260 719 1348 740 autem
1360 719 1413 745 est,
1427 714 1499 748 quod
1511 722 1617 739 mecum
1629 722 1703 739 com-

908 751 1045 778 municare
1064 751 1145 782 velis,
1167 760 1216 786 ego
1238 756 1262 777 te
1277 751 1448 786 exspectabo.
1489 751 1542 781 Tu,
1565 751 1637 785 quod
1659 756 1703 777 tuo

907 788 1048 815 commodo
1059 788 1116 819 fiat,
1134 797 1215 823 quam
1229 789 1348 823 primum
1360 788 1442 814 velim
1455 789 1561 818 venias.
1580 789 1649 814 sicut
1661 788 1703 813 in-

908 826 999 853 tellexi
1011 830 1037 853 et
1047 825 1141 852 Servio
1152 830 1178 852 et
1188 826 1340 852 Postumiae
1352 826 1466 860 placere.
1507 825 1580 851 Vale.

959 895 1000 916 111.
1019 895 1095 916 ARG.
1111 895 1202 916 Solatur
1212 895 1346 922 Sulpicium,
1361 898 1411 922 post
1425 901 1518 922 pugnam
1529 893 1679 915 Pharsalicam
1692 900 1704 914 a

908 932 1003 953 Caesare
1017 931 1115 952 Achaiae
1128 931 1274 958 praefectum,
1289 931 1399 951 dolentem
1413 931 1440 951 de
1456 929 1582 950 calamitate
1596 929 1702 956 reipubli-

908 973 953 987 cae.
982 969 1068 991 (Romae,
1079 968 1158 986 Caesare
1167 968 1202 986 ΠΙ.
1213 968 1287 991 Lepido
1297 974 1344 986 coss.
1357 969 1411 989 703.)

1023 1012 1059 1038 Μ.
1082 1012 1112 1038 T.
1133 1011 1162 1038 C.
1185 1011 1213 1037 S.
1235 1012 1265 1038 D.
1288 1011 1369 1038 SER.
1393 1010 1587 1037 SULPICIO.

966 1055 988 1080 ⁴.
1010 1049 1199 1079 Vehementer
1210 1058 1233 1080 te
1245 1061 1304 1079 esse
1315 1053 1462 1079 sollicitum
1474 1058 1498 1078 et
1512 1053 1538 1078 in
1550 1052 1702 1078 communi-

908 1091 959 1117 bus
970 1091 1088 1117 miseriis
1098 1091 1245 1126 praecipuo
1256 1090 1373 1125 quodam
1384 1090 1473 1117 dolore
1485 1090 1561 1125 angi,
1580 1088 1657 1115 multi
1670 1089 1703 1114 ad

908 1137 956 1154 nos
976 1128 1096 1163 quotidie
1118 1128 1252 1154 deferunt.
1305 1127 1382 1160 Quod
1405 1136 1570 1162 quamquam
1591 1127 1703 1152 minime

908 1166 990 1192 miror
1000 1171 1026 1192 et
1036 1174 1127 1191 meum
1144 1165 1343 1200 quodammodo
1359 1174 1487 1201 agnosco,
1510 1164 1587 1191 doleo
1603 1169 1700 1193 tamen,

908 1208 945 1234 te,
968 1203 1101 1238 sapientia
1124 1203 1276 1238 praeditum
1296 1211 1378 1238 prope
1398 1202 1530 1238 singulari
1543 1223 1548 1231 ,
1574 1210 1626 1227 non
1649 1201 1703 1227 tuis

907 1241 985 1267 bonis
1001 1240 1128 1266 delectari
1144 1241 1247 1275 potius,
1268 1249 1350 1275 quam
1366 1239 1461 1266 alienis
1477 1239 1555 1265 malis
1573 1239 1701 1264 laborare.

907 1278 949 1304 Me
959 1277 1080 1313 quidem,
1089 1278 1140 1304 etsi
1151 1278 1253 1303 nemini
1265 1277 1390 1308 concedo,
1399 1277 1447 1312 qui
1458 1278 1586 1303 maiorem
1598 1284 1631 1302 ex
1642 1284 1703 1310 per-

907 1315 977 1341 nicie
994 1319 1019 1341 et
1034 1320 1108 1350 peste
1124 1314 1290 1349 reipublicae
1306 1314 1456 1340 molestiam
1472 1314 1594 1344 traxerit,
1614 1317 1702 1338 tamen

908 1352 991 1379 multa
1002 1353 1055 1378 iam
1067 1352 1246 1382 consolantur,
1259 1353 1430 1386 maximeque
1441 1351 1603 1377 conscientia
1614 1350 1704 1376 consi-

908 1390 1005 1416 liorum
1017 1398 1149 1416 meorum.
1189 1389 1272 1416 Multo
1283 1390 1355 1415 enim
1369 1394 1442 1419 ante,
1461 1393 1597 1423 tamquam
1609 1396 1643 1413 ex
1654 1387 1704 1413 ali-

907 1436 960 1462 qua
975 1427 1098 1462 specula,
1116 1427 1243 1462 prospexi
1260 1431 1444 1461 tempestatem
1461 1425 1592 1452 futuram:
1616 1432 1703 1459 neque

907 1465 935 1491 id
946 1464 1034 1491 solum
1046 1473 1105 1491 mea
1116 1469 1219 1499 sponte,
1228 1464 1275 1490 sed
1287 1464 1372 1490 multo
1382 1464 1461 1490 etiam
1474 1464 1569 1498 magis,
1579 1467 1703 1488 monente

907 1507 933 1529 et
947 1502 1121 1529 denuntiante
1136 1506 1171 1528 te.
1211 1502 1268 1528 Etsi
1285 1502 1356 1527 enim
1372 1501 1447 1527 abfui
1463 1508 1588 1536 magnam
1599 1503 1703 1534 partem

906 1539 1063 1566 consulatus
1079 1540 1132 1570 tui,
1155 1544 1244 1566 tamen
1255 1543 1280 1565 et
1291 1539 1389 1565 absens
1400 1538 1609 1574 cognoscebam,
1633 1544 1702 1571 quae

906 1581 978 1603 esset
993 1581 1036 1603 tua
1052 1578 1078 1603 in
1095 1577 1145 1603 boc
1160 1576 1287 1611 pestifero
1298 1576 1369 1602 bello
1380 1575 1499 1602 cavendo
1510 1580 1535 1601 et
1546 1573 1703 1609 praedicen-

906 1614 941 1641 do
952 1615 1097 1645 sententia,
1110 1618 1135 1641 et
1145 1614 1204 1648 ipse
1215 1613 1290 1640 adsui
1302 1614 1398 1648 primis
1410 1612 1577 1647 temporibus
1589 1612 1627 1638 tui
1639 1619 1704 1637 con-

906 1651 1020 1682 sulatus,
1033 1660 1119 1686 quum
1130 1651 1332 1677 accuratissimo
1343 1651 1470 1678 monuisti
1481 1654 1613 1680 senatum,
1622 1648 1704 1675 colle-

906 1689 956 1715 ctis
968 1690 1096 1715 omnibus
1108 1688 1187 1715 bellis
1198 1688 1340 1720 civilibus,
1354 1693 1384 1715 ut
1394 1693 1420 1715 et
1430 1687 1475 1714 illa
1487 1688 1620 1717 timerent,
1633 1693 1702 1721 quae

907 1727 1139 1759 meminissent,ct
1157 1727 1269 1757 scirent,
1287 1734 1373 1761 quum
1388 1726 1550 1760 superiores,
1568 1723 1642 1750 nullo
1657 1722 1702 1749 tali

906 1764 1030 1799 exemplo
1037 1769 1112 1791 antea
1124 1764 1150 1790 in
1161 1763 1299 1798 republica
1310 1764 1425 1799 cognito,
1435 1768 1487 1789 tam
1499 1761 1622 1788 crudeles
1635 1760 1703 1786 suis-

906 1806 978 1833 sent,
1004 1802 1172 1837 quicumque
1192 1806 1283 1836 postea
1307 1800 1503 1836 rempublicam
1523 1799 1705 1834 oppressisset

906 1840 1002 1870 armis,
1019 1839 1104 1866 multo
1120 1838 1358 1865 intolerabiliorem
1375 1838 1506 1864 futurum.
1548 1838 1614 1863 Nam
1629 1834 1703 1870 quod

905 1876 1030 1911 exemplo
1041 1876 1078 1908 fit,
1092 1876 1120 1903 id
1130 1876 1211 1903 etiam
1223 1876 1280 1902 iure
1293 1876 1349 1902 lieri
1361 1880 1468 1911 putant,
1482 1874 1530 1901 sed
1541 1873 1654 1909 aliquid,
1663 1878 1703 1899 at·

1568 1913 1593 1938 9..
1614 1910 1702 1943 Quare

905 1952 1062 1978 meminisse
1079 1951 1176 1982 debes,
1193 1959 1253 1982 eos,
1266 1952 1314 1986 qui
1326 1952 1509 1977 auctoritatem
1520 1954 1546 1976 et
1557 1948 1700 1975 consilium

905 1994 982 2016 tuum
994 1998 1046 2015 non
1058 1989 1112 2016 sint
1123 1989 1275 2019 secuti‚sua
1286 1988 1399 2015 stultitia
1410 1987 1551 2017 occidisse.
1560 1994 1645 2021 quum
1659 1990 1701 2011 tua

905 2026 1047 2061 prudentia
1058 2026 1127 2053 salvi
1139 2034 1197 2052 esse
1209 2027 1369 2061 potuissent.
1409 2026 1498 2051 Dices:
1512 2024 1584 2056 Quid
1599 2031 1640 2049 me
1652 2023 1701 2048 ista

905 2072 947 2090 res
958 2063 1110 2090 consolatur
1121 2064 1148 2090 in
1160 2064 1239 2089 tantis
1252 2063 1369 2090 tenebris
1379 2067 1405 2089 et
1415 2063 1492 2097 quasi
1504 2061 1643 2096 parietinis
1650 2060 1702 2086 rei-

905 2100 1049 2136 publicae?
1068 2102 1116 2127 Est
1134 2101 1245 2127 omnino
1265 2101 1312 2127 vix
1327 2099 1501 2127 consolabilis
1516 2098 1604 2125 dolor:
1631 2102 1700 2123 tanta

905 2143 945 2164 est
955 2138 1077 2164 omnium
1089 2146 1177 2164 rerum
1189 2138 1300 2163 amissio
1311 2142 1337 2164 et
1347 2137 1498 2171 desperatio
1512 2134 1699 2170 recuperandi.

905 2175 958 2201 Sed
978 2180 1067 2202 tamen
1082 2179 1108 2201 et
1118 2175 1215 2201 Caesar
1230 2175 1288 2209 ipse
1300 2175 1334 2200 ita
1351 2174 1384 2200 de
1399 2179 1422 2200 te
1438 2173 1553 2202 iudicat.
1571 2177 1597 2198 et
1607 2180 1700 2198 omnes

905 2213 978 2238 cives
993 2212 1032 2238 sic
1048 2212 1218 2242 existimant,
1236 2211 1314 2246 quasi
1331 2211 1421 2237 lumen
1438 2210 1548 2246 aliquod
1559 2209 1700 2235 exstinctis

904 2250 1000 2276 ceteris
1015 2249 1120 2275 elucere
1136 2249 1304 2275 sanctitatem
1320 2253 1345 2275 et
1360 2248 1530 2283 prudentiam
1546 2252 1571 2273 et
1582 2247 1701 2281 ‹lignita-

905 2291 957 2313 tem
979 2291 1062 2313 tuam.
1103 2287 1172 2312 llaec
1193 2285 1241 2312 tibi
1260 2285 1293 2311 nd
1310 2285 1436 2312 levandas
1452 2285 1588 2311 molestias
1604 2291 1700 2317 magna

904 2332 963 2350 esse
979 2323 1087 2350 debent.
1128 2323 1205 2355 Quod
1226 2327 1314 2348 autem
1331 2331 1344 2348 a
1361 2323 1416 2349 tuis
1433 2323 1511 2351 ahos.
1531 2321 1557 2347 id
1569 2329 1600 2346 οο
1613 2319 1700 2346 levius

906 2360 1045 2387 [erendum
1057 2365 1105 2390 est,
1114 2360 1186 2395 quod
1198 2359 1292 2386 eodem
1304 2365 1422 2394 tempore
1433 2368 1446 2385 a
1459 2358 1551 2385 multis
1563 2358 1699 2393 etmagnis

905 2398 1035 2424 molestiis
1051 2398 1129 2429 ubes;
1147 2406 1216 2432 quas
1231 2397 1263 2423 ad
1281 2402 1304 2423 te
1315 2406 1409 2423 omnes
1420 2396 1627 2431 perscriberem,
1646 2395 1698 2421 nisi

905 2443 1023 2465 vererer,
1037 2443 1070 2461 ne
1081 2443 1110 2461 ea
1122 2443 1297 2470 cognosceres
1309 2434 1420 2464 absens.
1438 2441 1507 2469 quae
1517 2433 1581 2468 quia
1594 2441 1644 2459 non
1658 2433 1699 2458 vi-

903 2472 965 2503 des,
979 2472 1047 2498 milii
1060 2472 1160 2499 videris
1172 2472 1281 2498 meliore
1292 2480 1351 2497 esse
1362 2471 1527 2501 conditione,
1545 2478 1626 2505 quam
1639 2478 1696 2499 nos,

902 2510 950 2544 qui
963 2509 1098 2536 videmus.
1138 2512 1163 2537 3.
1186 2510 1319 2536 llactenus
1332 2509 1458 2535 existimo
1472 2512 1588 2534 nostram
1603 2515 1698 2533 conso-

904 2546 1028 2573 lationem
1041 2552 1110 2574 recto
1125 2547 1274 2574 adhibitam
1289 2554 1362 2577 esse,
1384 2545 1473 2581 quoad
1488 2545 1584 2572 certior
1599 2545 1633 2571 ab
1650 2544 1697 2570 Ιιο-

902 2585 974 2611 mine
995 2585 1161 2611 amieissimo
1183 2585 1259 2610 lieres
1275 2585 1308 2610 iis
1324 2583 1356 2610 de
1373 2583 1468 2614 rebus,
1491 2582 1593 2618 quibus
1615 2582 1697 2608 levari

902 2626 1011 2657 possent
1026 2622 1163 2650 molestiae
1175 2627 1244 2649 tuae.
1285 2620 1397 2656 Reliqua
1411 2625 1475 2648 sunt
1486 2621 1513 2647 in
1525 2625 1548 2647 to
1561 2620 1632 2655 ipso,
1651 2627 1698 2646 nen
