1941 3052
327 103 656 131 EPISTOLARUM
686 103 740 130 AD
768 102 997 129 DIVERSOS
1027 103 1178 130 LIB.VI.
1209 103 1271 130 ΕΡ.
1298 104 1365 129 1-
1386 105 1411 129 3.
1637 104 1683 129 70¹

49 179 122 202 stum
137 178 163 201 et
177 174 254 209 pium
269 178 295 201 et
309 173 433 201 debitum
449 174 615 209 reipublicae
630 179 789 209 nostraeque
801 173 844 199 di-

49 212 146 248 gnitati
156 211 317 238 videbamur
332 212 424 246 sequi3
448 221 505 243 nec,
518 221 603 247 quum
618 211 646 238 id
667 211 841 242 faciebamus,

49 255 104 277 tam
115 258 222 276 eramus
233 253 360 280 amentes,
369 253 399 275 ut
409 249 544 284 explorata
556 249 634 275 nobis
645 249 842 275 essetvictoria.

50 288 75 314 4.
96 287 183 319 Quare
199 287 223 312 si
238 287 266 312 id
281 287 384 317 evenit,
402 286 474 321 quod
490 286 706 322 ingredientibus
723 286 801 312 nobis
817 287 844 312 in

49 333 173 351 caussam
189 324 357 358 propositum
373 323 424 350 fuit
439 323 559 350 accidere
574 332 666 358 posse:
689 332 741 349 non
762 323 845 349 debe-

50 370 112 388 mus
127 362 162 388 ita
179 361 272 387 cadere
288 362 399 392 animis,
417 362 496 395 quasi
507 361 611 396 aliquid
623 361 755 391 evenerit,
772 360 844 395 quod

50 399 109 425 fieri
128 406 207 433 posse
228 407 377 433 numquam
397 399 558 432 putarimus.
599 398 691 424 Simus
712 398 795 433 igitur
815 406 843 423 ea

50 440 153 466 mente,
175 444 257 470 quam
273 436 339 462 ratio
355 440 381 462 et
394 436 493 462 veritas
508 435 680 470 praescribit,
697 439 727 461 ut
737 434 805 461 nihil
818 435 844 460 in

50 474 105 500 vita
117 472 195 499 nobis
206 473 397 507 praestandum
408 478 512 507 praeter
523 472 630 507 culpam
642 477 782 506 putemus,
800 480 846 497 ea-

50 519 103 545 que
115 519 200 545 quum
211 519 359 541 careamus,
375 510 464 536 omnia
476 510 592 536 humana
604 509 705 544 placate
717 513 743 535 et
753 509 846 535 mode-

50 552 105 574 rate
117 547 244 574 feramus.
284 547 371 582 Atque
383 547 448 573 haec
459 556 490 573 eo
503 547 618 581 pertinet
628 546 720 577 oratio,
733 551 770 577 ut,
784 554 846 580 per-

50 585 115 611 ditis
131 585 212 611 rebus
227 585 368 615 omnibus,
390 589 478 610 tamen
490 584 549 618 ipsa
559 584 645 610 virtus
657 592 685 609 se
697 588 845 610 sustentare

50 631 129 657 posse
141 622 274 648 videatur.
315 621 381 653 Sed,
399 622 423 647 si
438 626 479 647 est
492 630 554 656 spes
569 621 660 656 aliqua
676 620 757 647 rebus
772 629 846 646 com-

50 659 190 690 munibus,
204 668 234 686 ea
245 664 272 686 tu
280 680 286 690 ,
299 660 465 693 quicumque
476 663 560 685 status
571 662 611 684 est
622 658 742 688 futurus,
755 666 845 683 carere

51 706 103 723 non
115 696 208 723 debes.
243 698 269 723 5.
288 696 374 730 Atque
386 696 452 722 haec
463 696 531 721 mihi
541 695 670 721 scribenti
682 695 808 721 veniebat
818 695 845 720 in

51 739 182 765 mentem,
196 742 238 760 me
248 742 311 759 eum
321 742 379 759 esse
387 754 393 763 ,
406 733 485 759 cuius
496 737 525 759 tu
537 732 751 767 desperationem
766 740 846 758 accu-

51 780 110 797 sare
125 771 220 798 solitus
235 779 321 801 esses,
344 778 480 805 quemque
495 770 650 796 auctoritate
662 774 706 795 tua
717 774 846 795 cunctan—

51 813 105 835 tem
125 813 151 834 et
170 807 338 834 diffidentem
357 808 484 833 excitare.
525 806 583 839 Quo
599 806 710 841 quidem
727 811 845 841 tempore

50 854 103 872 non
119 854 168 881 ego
183 853 306 871 caussam
321 849 451 876 nostram,
475 844 523 870 sed
542 843 687 870 consilium
708 844 846 878 improba-

50 882 124 909 bam.
164 882 228 908 Sero
249 882 322 908 enim
338 890 386 908 nos
402 882 437 908 iis
452 882 534 908 armis
550 881 687 908 adversari
706 881 843 912 videbam,

51 928 120 955 quae
140 919 225 946 multo
245 923 304 946 ante
326 919 481 945 confirmata
500 927 548 953 per
562 919 741 954 nosmetipsos
756 923 843 945 erant:

50 957 237 992 dolebamque,
251 956 315 992 pilis
325 961 351 983 et
361 956 473 992 gladiis,
486 965 539 983 non
550 956 684 988 consiliis,
698 965 786 991 neque
798 965 847 982 au-

50 994 217 1021 ctoritatibus
228 995 326 1020 nostris
337 994 370 1020 de
382 995 440 1020 iure
451 993 561 1028 publico
572 993 727 1028 disceptari.
754 994 846 1028 Neque

50 1040 100 1067 ego
110 1040 153 1063 ea,
171 1031 318 1066 quaefacta
330 1035 405 1062 sunt,
424 1031 478 1058 fore
490 1039 575 1066 quum
587 1031 725 1062 dicebam,
738 1030 847 1057 divina-

50 1069 113 1096 bam
125 1068 227 1095 futura:
245 1068 305 1100 sed¹
319 1068 392 1103 quod
403 1073 428 1095 et
439 1068 497 1094 fieri
508 1077 600 1103 posse,
613 1073 639 1095 et
649 1069 795 1095 exitiosum
807 1067 847 1094 fo-

50 1115 91 1138 re,
110 1107 133 1132 si
144 1107 292 1137 evenisset,
306 1106 446 1137 videbam,
460 1105 488 1132 id
499 1114 532 1132 ne
543 1105 688 1137 accideret,
702 1105 844 1132 timebam:

50 1144 208 1179 praesertim
223 1152 322 1178 quum,
345 1144 369 1169 si
385 1143 454 1169 mihi
470 1142 583 1169 alterum
597 1148 688 1169 utrum
703 1143 736 1169 de
748 1147 846 1169 eventu

51 1185 131 1216 atque
146 1181 220 1207 exitu
237 1189 326 1207 rerum
342 1180 552 1215 promittendum
568 1185 651 1212 esset,
669 1180 697 1206 id
714 1180 844 1211 futurum,

51 1218 124 1253 quod
135 1219 233 1249 evenit,
247 1218 412 1253 exploratius
423 1226 530 1252 possem
541 1219 706 1252 promittere.
726 1219 761 1244 Iis
774 1218 847 1244 enim

51 1255 133 1283 rebus
140 1255 351 1291 praestabamus,
359 1264 428 1290 quae
439 1264 491 1282 non
502 1255 635 1289 prodeunt
646 1256 673 1281 in
684 1256 781 1282 aciem:
796 1264 846 1281 usu

51 1298 140 1320 autem
152 1302 296 1324 armorum,
309 1298 335 1319 et
345 1293 463 1319 militum
473 1292 566 1318 robore
578 1292 717 1319 inferiores
729 1301 845 1319 eramus.

51 1331 106 1358 Sed
121 1336 148 1357 tu
165 1330 242 1356 illum
259 1331 379 1356 animum
394 1338 466 1356 nunc
477 1329 590 1361 adhibe,
608 1339 722 1365 quaeso,
740 1339 794 1365 quo
805 1338 847 1356 me

50 1373 109 1395 tum
120 1376 179 1394 esse
190 1372 309 1402 oportere
321 1367 459 1394 censebas.
491 1369 516 1393 6.
533 1368 602 1393 Haec
613 1376 643 1394 eo
655 1368 761 1402 scripsi,
775 1367 848 1402 quod

51 1405 302 1441 mihinilargyrus
314 1405 483 1436 tuus,omnia
494 1404 527 1430 de
539 1408 563 1431 te
575 1405 731 1439 requirenti,
746 1404 849 1431 fidelis-

51 1443 121 1469 simo
132 1443 266 1477 animo(ut
277 1442 345 1468 mihi
357 1442 469 1477 quidem
481 1442 557 1468 visus
569 1442 618 1477 est)
629 1443 755 1473 narravit,
770 1447 794 1468 te
806 1442 849 1468 in-

51 1480 157 1507 terdum
169 1479 316 1506 sollicitum
331 1479 416 1506 solere
430 1488 489 1506 esse
505 1479 706 1510 vehementius,
725 1479 797 1514 quod
810 1479 849 1505 fa-

51 1526 110 1544 cere
123 1526 173 1544 non
186 1517 278 1548 debes,
287 1525 335 1543 nec
346 1517 479 1547 dubitare,
488 1517 564 1551 quin,
573 1521 619 1542 aut
630 1516 719 1551 aliqua
727 1516 849 1551 republi—

51 1563 90 1585 ca,
104 1555 142 1581 sis
155 1554 272 1585 futurus,
285 1555 334 1589 qui
345 1563 404 1580 esse
416 1554 512 1583 debes;
527 1558 573 1580 aut
583 1553 701 1588 perdita,
715 1563 767 1580 non
779 1553 849 1580 affli-

51 1593 132 1619 ctiore
148 1591 314 1622 conditione,
337 1600 419 1626 quam
439 1591 530 1618 ceteri.
571 1591 624 1617 lloc
646 1600 708 1618 vero
730 1596 846 1626 tempus,

51 1638 105 1665 quo
116 1629 261 1656 exanimati
272 1638 366 1655 omnes
377 1634 402 1655 et
412 1628 540 1663 suspensi
551 1637 656 1659 sumuS,
666 1629 715 1655 hoc
726 1629 849 1655 modera-

52 1667 118 1694 tiore
134 1667 223 1692 animo
239 1665 307 1692 ferre
323 1666 419 1697 debes,
443 1665 516 1701 quod
532 1670 558 1692 et
573 1666 600 1692 in
612 1666 679 1692 urbe
695 1675 725 1692 ea
741 1675 782 1697 es,
800 1666 848 1691 ubi

51 1709 112 1731 nata
127 1708 153 1730 et
163 1703 215 1730 alta
226 1708 266 1730 est
277 1704 342 1730 ratio
353 1712 382 1729 ac
394 1703 540 1730 moderatio
552 1703 635 1734 vitae,
653 1708 678 1730 et
693 1703 776 1729 habes
789 1703 847 1729 Ser.

52 1741 217 1776 Sulpicium,
235 1749 316 1776 quem
328 1749 435 1776 semper
449 1740 528 1767 unice
539 1740 674 1773 dilexisti,
692 1741 740 1776 qui
753 1745 776 1767 te
787 1749 849 1775 pro-

53 1777 121 1805 fecto
132 1783 157 1805 et
168 1778 354 1805 benevolentia
365 1783 390 1805 et
401 1778 532 1813 sapientia
547 1777 713 1804 consolatur:
731 1778 810 1804 cuius
825 1778 849 1803 si

52 1823 175 1842 essemus
195 1820 220 1842 et
240 1816 422 1842 auctoritatem
443 1820 469 1842 et
484 1815 629 1841 consilium
645 1816 744 1846 secuti,
768 1815 848 1851 togati

53 1853 143 1888 potius
154 1853 308 1887 potentiam,
317 1861 398 1887 quam
410 1853 505 1879 armati
516 1852 656 1878 victoriam
668 1852 848 1879 subissemus.

52 1891 78 1917 7.
101 1889 154 1916 Sed
170 1890 235 1916 baec
251 1889 369 1925 longiora
381 1890 491 1916 fortasse
508 1889 628 1920 fuerunt,
647 1898 728 1924 quam
740 1898 849 1916 necesse

54 1926 118 1954 fuit:
133 1926 192 1957 illa,
206 1935 274 1961 quae
286 1927 384 1953 maiora
397 1932 473 1958 sunt,
487 1927 598 1953 brevius
609 1935 752 1961 exponam.
793 1928 849 1962 Ego

53 1964 149 1995 babeo,
162 1964 206 1990 cui
218 1963 289 1998 plus,
303 1973 384 1998 quam
396 1964 455 1995 tibi,
469 1964 590 1994 debeam,
605 1965 751 1991 neminem.
782 1964 850 1996 Qui-

53 2001 106 2029 bus
117 2005 220 2028 tantum
230 2000 371 2032 debebam,
380 2006 511 2036 quantum
523 2006 550 2028 tu
562 2001 701 2037 intelligis,
710 2010 755 2028 eos
766 2001 849 2028 huius

53 2039 122 2066 mihi
135 2038 199 2065 belli
210 2046 289 2064 casus
299 2039 408 2073 eripuit.
449 2038 501 2070 Qui
519 2039 571 2065 sim
583 2044 671 2065 autem
684 2039 733 2066 hoc
747 2044 850 2073 tempo-

53 2085 95 2108 re,
109 2075 240 2111 intelligo.
280 2076 332 2102 Sed
343 2076 407 2110 quia
420 2084 498 2102 nemo
509 2081 549 2102 est
560 2081 612 2102 tam
624 2076 753 2108 afflictus,
771 2078 847 2112 quin,

53 2114 78 2141 si
89 2113 158 2140 nihil
169 2112 243 2139 aliud
254 2113 368 2139 studeat.
383 2113 435 2139 nisi
449 2113 566 2148 id,quod
578 2115 641 2149 agit.
656 2115 741 2149 possit
753 2123 850 2141 {lavare

54 2150 159 2186 aliquid
175 2155 201 2177 et
216 2150 336 2176 efficere:
358 2159 436 2177 omne
449 2159 539 2177 meum
553 2151 697 2178 consilium
707 2173 713 2183 ,
729 2161 847 2186 operam,

54 2188 176 2215 studium
197 2192 267 2214 certe
290 2187 372 2215 velim
392 2188 532 2214 existimes
553 2188 603 2215 tibi
624 2189 732 2224 tuisque
757 2189 850 2216 liberis

54 2233 114 2253 esse
124 2225 255 2252 debitum.

108 2295 136 2316 ΙΙ.
153 2295 228 2315 Ana.
246 2295 357 2315 Exn-unam
375 2294 519 2321 epistularum
535 2295 694 2321 infre-quentin,
712 2295 849 2322 Torquatum

55 2328 140 2350 uoluitur
150 2330 264 2350 meliorum
275 2337 314 2357 spe
325 2334 452 2356 temporum.

234 2367 333 2389 (Anus-w,
344 2366 511 2384 (¹1=‹··1·==*!V.«⁴«·=.
523 2374 536 2383 s.
549 2367 593 2385 tull.
605 2369 660 2387 .‘0‘).)

178 2409 215 2437 M.
236 2410 267 2436 T.
289 2410 318 2436 C.
341 2409 369 2436 S.
392 2410 421 2436 D.
444 2409 475 2435 A.
498 2409 720 2441 TORQUATO.

113 2447 137 2473 4.
158 2442 225 2474 Peto
245 2455 259 2473 a
275 2451 308 2477 te,
327 2455 360 2473 ne
376 2455 418 2473 me
433 2452 511 2481 putes
521 2447 658 2473 oblivione
670 2447 708 2473 tui
721 2447 806 2473 rarius
818 2447 851 2473 ad

56 2487 82 2510 te
93 2484 219 2515 scribere,
233 2493 314 2519 quam
331 2484 464 2510 solebam:
487 2484 534 2510 sed
550 2489 595 2510 aut
605 2485 735 2519 gravitate
748 2484 851 2510 valetu-

56 2519 137 2552 dinis,
151 2530 204 2556 qua
215 2526 303 2548 tamen
315 2522 367 2547 iam
380 2521 501 2556 paullum
514 2521 607 2547 videor
619 2521 710 2551 levari,
724 2526 769 2548 aut
779 2521 850 2556 quod

57 2557 144 2584 absim
155 2558 188 2585 ab
200 2559 279 2590 Urbe,
301 2563 338 2590 ut,
355 2559 402 2593 qui
413 2559 446 2585 ad
459 2563 482 2585 te
494 2559 705 2593 proficiscantur,
718 2559 787 2585 scire
799 2568 850 2584 nou

57 2595 169 2629 possim.
213 2595 300 2628 Quare
321 2596 404 2622 velim
420 2596 455 2622 ita
470 2601 598 2622 statutum
616 2596 728 2627 habens,
754 2605 794 2622 me
812 2596 850 2622 tui

57 2633 213 2659 memoriam
233 2642 296 2659 cum
311 2642 417 2660 summa
429 2633 614 2659 benevolentia
626 2638 723 2664 tenere,
738 2637 850 2668 tuasque

894 182 987 200 omnes
1008 182 1050 200 res
1066 183 1119 200 non
1133 174 1231 200 minori
1246 174 1315 200 mihi
1329 182 1418 204 curae,
1435 182 1517 208 quarn
1532 181 1606 199 meas
1618 181 1688 199 esse.

895 213 920 238 2.
933 211 1009 243 Quod
1021 212 1120 237 maiore
1132 212 1159 238 in
1172 212 1297 238 varietate
1310 210 1553 238 versataestadhuc
1560 215 1689 236 tuacaus-

895 257 933 279 sa,
947 257 1028 282 quam
1040 248 1163 275 homines
1174 253 1220 275 aut
1231 248 1356 275 volebant
1369 253 1414 274 aut
1423 248 1612 283 opinabantur,
1621 247 1690 273 mihi

895 285 983 316 crede,
992 294 1044 312 non
1051 291 1091 312 est
1097 295 1144 320 pro
1156 286 1234 312 malis
1241 290 1400 320 temporum,
1410 285 1482 320 quod
1489 284 1600 311 moleste
1609 283 1689 310 feras.

896 323 1011 348 Necesse
1027 328 1066 349 est
1077 324 1149 349 enim
1160 328 1206 349 aut
1216 324 1298 349 armis
1310 324 1399 358 urgeri
1412 321 1608 357 rempublicam
1619 330 1691 347 sem-

896 360 1017 394 piternis,
1032 365 1085 391 aut,
1102 360 1145 386 his
1161 361 1264 395 positis,
1281 361 1395 386 recreari
1406 359 1560 394 aliquando,
1574 364 1619 385 aut
1629 358 1692 384 fun—

896 397 969 423 ditus
990 397 1108 424 interire.
1149 397 1177 423 Si
1197 406 1270 423 arma
1286 396 1422 428 valebunt,
1438 406 1486 423 nec
1497 406 1550 427 eos,
1565 405 1578 422 a
1590 396 1691 431 quibus

896 434 1034 468 reciperis,
1056 435 1143 461 vereri
1158 434 1250 466 debes,
1273 443 1321 460 nec
1337 443 1391 465 eos,
1408 443 1476 468 quos
1491 433 1633 459 adiuvisti:
1657 433 1690 463 si,

896 472 978 497 armis
994 476 1039 497 aut
1054 471 1206 498 conditione
1217 472 1312 506 positis
1324 476 1370 498 aut
1381 471 1570 506 defatigatione
1581 470 1692 496 abiectis

897 513 942 535 aut
953 509 1063 535 victoria
1075 509 1209 540 detractis,
1227 509 1322 535 civitas
1333 509 1513 543 respiraverit,
1527 513 1552 534 et
1563 508 1692 543 dignitate

897 545 950 572 frui
970 546 1020 571 tibi
1041 551 1067 573 et
1087 546 1200 572 fortunis
1222 545 1326 572 licebit:
1358 547 1400 572 sin
1419 546 1528 572 omnino
1544 546 1694 571 interierint

896 583 986 609 omnia
1001 582 1136 618 fueritque
1150 584 1173 609 is
1185 584 1283 614 exitus,
1306 592 1387 617 quem
1399 583 1441 609 vir
1452 583 1690 617 prudentissimus,

896 620 932 646 M.
954 620 1095 651 Antonius,
1114 621 1166 646 iam
1181 625 1239 647 tum
1250 620 1369 651 timebat,
1383 629 1468 655 quum
1480 625 1582 646 tantum
1594 620 1694 646 instare

897 656 1029 683 malorum
1049 658 1251 692 suspicabatur:
1283 658 1381 683 misera
1396 662 1436 683 est
1450 657 1495 683 illa
1507 657 1618 692 quidem
1630 665 1694 683 con-

897 694 1000 725 solatio,
1023 695 1069 721 tali
1084 695 1241 729 praesertim
1257 695 1312 721 civi
1326 699 1351 720 et
1362 695 1428 725 viro,
1442 694 1490 720 sed
1502 699 1589 720 tamen
1601 702 1695 720 neces-

897 732 975 763 saria,
998 732 1067 758 nihil
1083 741 1141 758 esse
1155 732 1299 766 praecipue
1315 732 1443 766 cuiquam
1454 730 1601 757 dolendum
1614 732 1640 757 in
1652 739 1692 762 eo,

897 768 970 804 quod
990 769 1092 795 accidat
1103 769 1249 795 universis.
1280 770 1304 795 3.
1320 768 1393 800 Quae
1404 769 1446 794 vis
1458 769 1522 794 insit
1534 769 1561 794 in
1573 768 1616 794 his
1627 777 1695 803 pau-

897 807 936 833 cis
957 807 1062 837 verbis,
1086 806 1173 841 (plura
1194 807 1266 832 enim
1286 805 1477 832 committenda
1497 805 1625 840 epistolae
1642 814 1694 831 non

897 844 993 879 erant,)
1013 844 1037 870 si
1058 843 1186 874 attendes,
1205 843 1278 878 quod
1294 843 1374 869 facis:
1405 842 1524 877 profecto
1539 843 1619 868 etiam
1636 843 1694 868 sine

898 891 966 908 meis
978 881 1075 908 litteris
1087 880 1232 916 intelliges,
1241 885 1266 907 te
1278 880 1382 915 aliquid
1394 880 1502 910 habere,
1512 880 1584 914 quod
1591 888 1693 914 speres,

898 919 977 950 nihil,
1000 918 1072 954 quod
1088 923 1133 945 aut
1148 918 1198 945 hoc
1226 922 1271 944 aut
1286 918 1377 953 aliquo
1393 917 1558 952 reipublicae
1576 922 1645 943 statu
1661 917 1696 943 ti-

898 965 985 989 meas;
1017 956 1107 983 omnia
1127 956 1151 982 si
1171 956 1334 986 interierint,
1356 963 1455 990 quum,
1477 955 1649 989 superstitem
1671 958 1696 980 te

898 1003 957 1021 esse
978 993 1144 1028 reipublicae
1160 1002 1192 1019 ne
1207 993 1231 1019 si
1243 992 1321 1019 liceat
1334 992 1445 1027 quidem
1456 991 1533 1022 velis,
1558 991 1694 1018 ferendam

898 1040 958 1058 esse
978 1031 1121 1062 fortunam,
1145 1031 1303 1065 praesertim
1319 1038 1387 1065 quae
1403 1030 1474 1056 absit
1488 1038 1501 1055 a
1513 1028 1603 1064 culpa.
1643 1028 1695 1055 Sed

899 1069 965 1095 haec
986 1069 1126 1095 hactenus.
1167 1068 1206 1094 Tu
1223 1067 1305 1094 velim
1317 1067 1421 1093 scribas
1432 1066 1465 1093 ad
1476 1075 1527 1098 me,
1542 1066 1609 1101 quid
1621 1075 1693 1102 agas,

898 1111 924 1133 et
943 1106 991 1133 ubi
1012 1105 1120 1132 futurus
1136 1106 1183 1137 sis,
1206 1109 1244 1137 ut,
1262 1109 1308 1132 aut
1318 1113 1372 1140 quo
1383 1104 1509 1136 scribam,
1528 1108 1574 1130 aut
1584 1112 1638 1139 quo
1649 1111 1697 1130 ve-

899 1145 981 1175 niam,
994 1144 1063 1170 scire
1074 1143 1188 1178 possim.

953 1213 991 1234 111.
1012 1213 1087 1233 ARG.
1104 1213 1242 1239 Torquatum
1257 1212 1364 1232 afflictum
1388 1210 1496 1232 connmuni
1511 1210 1601 1231 miseria
1612 1209 1697 1230 solatur

900 1250 922 1269 et
930 1248 990 1269 sitae
999 1249 1054 1268 Ῑιεηε
1065 1251 1126 1269 actae
1137 1247 1281 1268 conscientia.

1093 1286 1180 1307 (unumne,
1191 1285 1269 1302 Cauni-c
1280 1284 1312 1301 IV.
1323 1290 1360 1301 cos.
1371 1290 1386 1300 s.
1398 1283 1441 1300 culi.
1450 1285 1504 1303 709)

1028 1329 1064 1355 M.
1086 1329 1117 1355 T.
1139 1328 1168 1355 C.
1191 1328 1219 1354 S.
1241 1328 1271 1354 D.
1293 1326 1325 1353 A.
1347 1325 1567 1358 TORQUATO.

957 1372 980 1397 ⁴.
1003 1365 1199 1405 Superioribus
1216 1369 1312 1396 litteris
1334 1368 1520 1395 benevolentia
1542 1368 1628 1403 magis
1649 1365 1698 1393 ad-

902 1408 1009 1438 ductus,
1023 1417 1104 1442 quam
1117 1416 1171 1442 quo
1182 1416 1224 1433 res
1236 1407 1271 1433 ita
1283 1406 1438 1441 postularet,
1453 1405 1491 1431 fui
1504 1405 1617 1441 longior.
1644 1405 1697 1430 Ne·

900 1454 953 1480 que
965 1446 1036 1471 cnim
1045 1445 1246 1471 confirmatione
1257 1449 1345 1470 nostra
1352 1443 1599 1479 egebatvirtustua,
1610 1450 1697 1476 neque

900 1487 956 1509 erat
976 1491 1005 1509 ea
1026 1491 1085 1508 mea
1100 1491 1195 1508 caussa
1211 1487 1290 1516 atque
1307 1480 1419 1511 fortuna,
1434 1485 1470 1511 ut,
1487 1480 1531 1506 cui
1543 1480 1596 1514 ipsi
1607 1479 1697 1505 onmia

900 1520 1033 1551 deessent,
1053 1520 1167 1546 alterum
1182 1519 1378 1546 confirmarem.
1401 1520 1425 1544 ἐξ.
1439 1518 1492 1543 noc
1504 1518 1566 1543 item
1579 1522 1697 1551 tempore

901 1557 1008 1584 brevior
1028 1566 1087 1583 esse
1108 1557 1203 1583 debeo.
1244 1556 1307 1582 Sive
1323 1556 1395 1582 enim
1412 1555 1479 1581 nihil
1496 1559 1552 1580 tum
1567 1563 1635 1589 opus
1648 1553 1699 1580 suit

901 1600 954 1621 tam
976 1594 1069 1621 multis
1085 1595 1185 1625 verbis,
1204 1593 1289 1620 nihilo
1304 1594 1391 1628 magis
1402 1601 1473 1618 nunc
1483 1601 1552 1626 opus
1563 1596 1616 1618 est:
1639 1591 1698 1617 sive

901 1637 958 1659 tum
969 1641 1038 1667 opus
1050 1632 1109 1663 fuit,
1124 1631 1192 1657 illud
1203 1632 1268 1657 satis
1280 1636 1328 1662 est,
1342 1630 1498 1665 praesertim
1511 1638 1596 1664 quum
1608 1637 1699 1654 acces-

900 1670 966 1696 serit
981 1669 1049 1695 nihil
1065 1670 1138 1695 novi.
1179 1669 1246 1695 Nam
1261 1669 1312 1694 etsi
1323 1667 1443 1702 quotidie
1455 1666 1559 1701 aliquid
1571 1666 1698 1692 audimus

900 1716 993 1734 earum
1014 1716 1112 1738 rerum,
1131 1715 1198 1741 quas
1215 1706 1247 1732 ad
1264 1711 1287 1733 te
1303 1705 1415 1740 perferri
1430 1705 1568 1730 existimo:
1592 1712 1698 1729 summa

901 1749 989 1771 tamen
1011 1744 1105 1770 eadem
1119 1748 1161 1770 est
1170 1748 1196 1770 et
1206 1744 1279 1769 idem
1290 1743 1388 1773 exitus,
1401 1750 1482 1777 quem
1495 1746 1607 1777 egotam
1620 1740 1699 1767 video

901 1783 1001 1813 animo,
1023 1791 1105 1816 quam
1126 1790 1169 1812 ea,
1193 1789 1262 1816 quae
1276 1780 1363 1807 oculis
1378 1779 1525 1805 cernimus.
1566 1779 1620 1804 Nec
1636 1786 1699 1804 vero

901 1819 1051 1854 quidquam
1068 1818 1155 1849 video,
1164 1818 1236 1853 quod
1248 1827 1300 1844 non
1313 1817 1384 1843 idem
1397 1821 1421 1843 te
1429 1816 1520 1842 videre
1527 1816 1698 1842 ccrtosciam.

901 1857 968 1883 Nam
989 1857 1049 1887 etsi,
1067 1865 1148 1891 quem
1164 1856 1267 1882 exitum
1284 1855 1354 1881 acies
1371 1854 1494 1880 habitura
1511 1854 1558 1884 sit,
1576 1853 1699 1879 divinare

901 1902 980 1920 nemo
1000 1898 1099 1929 potest:
1133 1898 1222 1920 tamen
1237 1897 1263 1919 et
1278 1892 1343 1918 belli
1359 1892 1462 1918 exitum
1475 1891 1566 1921 video,
1589 1895 1622 1919 et.
1637 1891 1659 1916 si
1672 1889 1699 1916 id

901 1931 1002 1962 minus,
1026 1931 1074 1957 boc
1090 1930 1201 1966 quidem
1220 1935 1300 1961 certe,
1313 1938 1399 1964 quum
1415 1929 1450 1955 sit
1466 1936 1574 1954 necesse
1585 1927 1699 1953 alterum

901 1973 992 1995 utrum
1013 1969 1130 1998 vincere,
1148 1967 1238 2002 qualis
1255 1967 1342 1994 futura
1357 1967 1392 1993 sit
1403 1965 1445 1992 vel
1457 1966 1530 1996 baec,
1546 1964 1587 1991 vel
1599 1964 1643 1990 illa
1659 1965 1700 1990 vi-

901 2006 993 2032 ctoria.
1025 2007 1049 2032 3.
1072 2005 1155 2040 quue
1171 2014 1256 2040 quum
1272 2005 1372 2039 optime
1388 2004 1524 2038 perspexi,
1543 2002 1593 2028 tale
1610 2002 1697 2032 video.

902 2043 970 2069 nihil
987 2047 1016 2069 ut
1031 2042 1094 2069 mali
1112 2043 1235 2069 videatur
1247 2042 1377 2072 futurum,
1391 2041 1414 2067 si
1427 2041 1453 2066 id
1466 2040 1507 2066 vel
1523 2045 1582 2065 ante
1594 2038 1700 2065 accide-

902 2081 944 2110 rit,
968 2080 1041 2115 quod
1057 2080 1099 2106 vel
1112 2080 1261 2106 maximum
1274 2079 1306 2105 ad
1321 2079 1442 2105 timorem
1455 2078 1621 2112 proponitur.
1664 2077 1699 2102 lta

902 2118 974 2143 enim
991 2117 1091 2148 vivere,
1110 2122 1139 2143 ut
1154 2122 1210 2143 tum
1227 2117 1261 2143 sit
1278 2116 1435 2145 vivendum,
1449 2115 1631 2140 miserrimum
1644 2118 1698 2144 est,

903 2154 970 2180 mori
991 2159 1079 2180 autem
1103 2163 1181 2180 nemo
1201 2154 1309 2188 supinus
1331 2154 1460 2179 miserum
1481 2151 1559 2178 duxit
1576 2160 1607 2177 nc
1624 2151 1700 2177 beato

902 2191 1024 2226 quidem.
1065 2190 1118 2217 Sed
1131 2192 1157 2217 in
1169 2200 1199 2216 ca
1210 2199 1239 2216 es
1251 2190 1326 2220 urbe,
1341 2190 1432 2224 inqua
1445 2189 1517 2219 baec,
1533 2188 1574 2214 vel
1587 2188 1662 2223 plura
1675 2192 1700 2213 ct

902 2229 1034 2254 ornatiora
1050 2228 1165 2262 parietes
1177 2228 1229 2262 ipsi
1243 2227 1316 2261 loqui
1328 2235 1406 2261 posse
1419 2226 1570 2252 videantur.
1604 2226 1626 2251 4.
1644 2225 1700 2259 Ego

903 2265 952 2291 tibi
965 2265 1013 2291 boc
1024 2265 1152 2291 continno
1161 2285 1166 2295 ,
1184 2265 1234 2290 etsi
1251 2264 1318 2290 levis
1329 2269 1369 2289 est
1380 2262 1525 2289 consolatio
1536 2271 1569 2288 ex
1582 2262 1699 2287 miseriis

903 2302 1030 2332 aliorum,
1055 2301 1140 2327 nihilo
1161 2306 1185 2327 te
1203 2310 1273 2327 nuuc
1294 2301 1392 2327 maiore
1414 2301 1441 2326 in
1457 2300 1613 2325 discrimine
1628 2307 1697 2329 esse,

903 2340 1116 2374 quamquemvis
1128 2339 1336 2372 auteorum.qui
1348 2337 1531 2366 discesserint,
1542 2336 1697 2377 [nutem-um,

903 2380 947 2410 qui
962 2374 1152 2411 reniunserintj.
1185 2375 1268 2401 Alteri
1282 2375 1420 2404 dimicant,
1438 2373 1513 2400 alteri
1527 2378 1652 2399 victorem
1666 2373 1700 2399 ti-

904 2418 986 2440 ment.
1027 2413 1079 2439 Sed
1101 2413 1165 2439 haec
1183 2412 1328 2438 consolatio
1349 2411 1416 2438 lovis
1432 2416 1484 2442 osu
1518 2410 1561 2437 illn
1580 2411 1697 2446 gravior,

903 2460 957 2485 qun
979 2455 1003 2477 te
1019 2451 1058 2477 uti
1070 2459 1157 2485 spero,
1174 2459 1223 2485 ego
1234 2455 1303 2476 verto
1317 2455 1387 2476 utor:
1412 2457 1459 2474 nec
1471 2448 1552 2477 enim,
1566 2448 1631 2474 dum
1643 2457 1696 2478 ero,

903 2496 986 2523 migar
1007 2487 1060 2513 ulla
1082 2497 1118 2518 re,
1135 2496 1221 2522 quum
1236 2487 1309 2513 omni
1326 2495 1417 2513 vacem
1433 2485 1525 2520 culpa:
1558 2490 1592 2515 et,
1610 2485 1698 2511 sinon

903 2535 956 2555 ero,
979 2534 1060 2551 sensu
1081 2525 1190 2551 omuino
1214 2524 1318 2550 carebo.
1359 2523 1411 2549 Sed
1432 2531 1525 2549 rursus
1549 2522 1637 2558 γλαῦκ’
1662 2522 1699 2549 εἰς

904 2562 1024 2596 21:1⁹}qu
1042 2562 1089 2596 qui
1104 2562 1136 2588 nd
1152 2567 1174 2588 te
1188 2562 1262 2588 luit-c.
1294 2561 1358 2587 Mihi
1372 2566 1408 2591 tu,
1423 2561 1470 2590 tui,
1485 2565 1528 2586 tua
1539 2560 1629 2587 omniu
1642 2569 1698 2586 ma-

905 2600 976 2626 xime
990 2608 1069 2626 curae
1080 2604 1151 2630 suut,
1165 2604 1198 2630 et,
1210 2599 1275 2625 dum
1288 2599 1388 2628 vivam,
1401 2603 1487 2624 eruut.
