1941 3052
643 135 845 162 BRUTUS.
881 135 977 161 CAP.

84 208 229 238 Gracchus
245 215 331 242 quum
344 207 368 232 ei
383 207 501 233 Fannius
515 207 548 233 de
562 206 680 233 Menelao
690 206 842 233 Maratheno
851 210 876 232 et

84 246 116 271 de
146 245 239 272 ceteris
269 244 424 271 obiecisset:
465 244 620 278 praesertim
646 253 732 279 quum
758 244 875 270 Fannius

85 291 232 317 numquam
246 283 282 308 sit
295 281 402 307 habitus
417 281 543 316 elinguis.
578 282 644 307 Nam
664 286 689 307 et
707 289 815 307 caussas
829 281 876 306 de-

85 320 220 346 fensitavit
234 324 258 345 et
273 319 424 345 tribunatus
438 319 506 349 eius,
523 319 631 345 arbitrio
644 323 668 344 et
682 319 835 345 auctoritate
846 319 874 344 P.

83 357 201 384 Africani
214 361 315 392 gestuS,
332 365 384 382 non
398 356 529 382 obscurus
544 355 604 382 fuit.
627 358 683 382 101.
699 355 772 382 Alter
785 359 873 381 autem

84 395 113 421 C.
129 395 256 425 Fannius,
277 394 311 419 M.
331 393 411 423 filius,
428 393 457 419 C.
478 393 559 419 Laelii
573 402 662 428 gener,
679 398 704 419 et
718 393 837 419 moribus
851 397 876 419 et
896 394 898 427 j

85 433 142 467 ipso
164 439 261 467 genere
282 430 387 457 dicendi
411 430 511 456 durior.
545 431 569 456 Is
592 431 675 456 soceri
690 431 824 461 instituto,
840 445 876 449 —
896 428 897 444 ³

83 477 173 504 quem,
182 469 245 503 quia
259 472 395 503 cooptatus
409 468 436 494 in
451 476 584 503 augurum
595 467 737 503 collegium
749 476 800 493 non
811 471 873 497 erat,
897 495 898 499 Ἰ

84 515 136 532 non
162 505 307 532 admodum
333 505 469 540 diligebat,
498 505 653 539 praesertim
680 513 765 539 quum
784 504 829 530 ille
843 503 874 535 Q.

84 543 237 570 Scaevolam
256 543 308 569 sibi
326 543 456 569 minorem
471 546 533 569 natu
547 550 676 578 generum
691 541 873 576 praetulisset:

83 582 127 608 cui
150 586 238 607 tamen
263 580 368 606 Laelius
392 589 419 606 se
442 588 582 610 excusans,
603 588 655 605 non
668 587 765 614 genero
779 579 875 604 minori

83 619 151 644 dixit
165 627 193 644 se
207 618 284 648 illud,
301 618 347 643 sed
362 618 453 643 maiori
466 617 534 642 [iliae
545 616 687 642 detulisse:
703 631 739 635 —
750 616 774 642 is
789 620 875 642 tamen
897 618 898 628 ¹

83 656 205 682 instituto
223 655 305 681 Laelii
319 655 473 681 Panaetium
488 653 633 680 audiverat.
667 654 733 679 Eius
747 654 834 679 omnis
849 653 875 679 in

83 693 195 720 dicendo
218 692 329 719 facultas
352 701 385 718 ex
403 692 511 718 historia
534 691 621 726 ipsius
643 699 695 717 non
714 690 876 725 ineleganter

83 731 180 765 scripta
199 730 313 765 perspici
332 734 430 763 potest,
456 737 525 763 quae
539 737 627 763 neque
641 728 720 754 nimis
735 732 774 754 est
788 727 875 753 infans

83 776 170 803 neque
192 767 307 802 perfecte
328 767 435 792 diserta.
471 767 527 793 102.
547 766 652 792 Mucius
671 769 760 791 autem
779 774 873 800 augur,

82 805 154 840 quod
177 814 223 840 pro
244 813 271 830 se
289 813 357 839 opus
376 808 438 834 erat,
459 804 517 838 ipse
536 803 648 833 dicebat,
665 807 694 829 ut
707 803 740 829 de
753 803 875 837 pecuniis

83 842 237 877 repetundis
254 846 344 868 contra
362 842 391 867 T.
407 840 562 867 Albucium.
596 841 621 866 Is
635 845 768 866 oratorum
783 841 809 866 in
824 849 876 866 nu-

82 888 154 906 mero
173 889 224 906 non
243 879 306 911 fuit,
334 879 400 905 iuris
418 878 506 904 civilis
520 877 696 913 intelligentia
710 882 788 912 atque
803 878 875 903 omni

82 917 239 952 prudentiae
260 925 355 952 genere
379 916 519 950 praestitit.
554 916 583 942 L.
609 914 714 941 Caelius
737 915 875 949 Antipater
896 930 898 935 ·

82 955 202 989 scriptor,
219 953 447 989 quemadmodum
462 953 567 984 videtis,
589 952 648 983 fuit,
665 957 694 978 ut
708 952 874 987 temporibus

82 992 145 1023 illis,
163 992 325 1022 luculentus,
338 991 404 1017 iuris
416 990 492 1017 valde
503 991 614 1025 peritus
626 989 772 1016 multorum
784 990 872 1021 etiam,

81 1033 111 1056 ut
124 1030 153 1056 L.
170 1029 266 1060 Crassi,
283 1029 416 1064 magister.

136 1067 244 1093 XXVII.
263 1068 318 1093 103.
336 1066 440 1092 Utinam
455 1066 482 1091 in
497 1066 536 1091 Ti.
553 1064 672 1091 Graccho
685 1064 802 1099 Caioque
813 1064 875 1091 Car-

81 1104 149 1131 bone
175 1104 235 1131 talis
262 1112 338 1130 mens
365 1103 397 1129 ad
422 1102 615 1137 rempublicam
638 1102 705 1128 bene
731 1102 874 1137 gerendam

81 1141 185 1173 fuisset,
201 1141 281 1176 quale
295 1141 434 1176 ingenium
448 1140 481 1166 ad
496 1140 563 1166 bene
577 1139 720 1166 dicendum
733 1139 797 1165 fuit!
814 1148 875 1173 pro—

81 1179 148 1206 fecto
167 1188 245 1205 nemo
263 1179 304 1205 his
319 1179 383 1205 viris
397 1178 480 1213 gloria
495 1178 680 1212 praestitisset.
715 1176 768 1203 Sed
782 1185 873 1203 eorum

81 1217 146 1243 alter
160 1221 267 1252 propter
280 1216 543 1242 turbulentissimum
558 1215 734 1245 tribunatum,
749 1214 781 1240 ad
792 1223 873 1249 quem

80 1263 114 1280 ex
131 1254 232 1281 invidia
251 1254 364 1280 foederis
384 1253 539 1279 Numantini
558 1252 635 1279 bonis
654 1252 737 1278 iratus
755 1260 875 1278 accesse-

81 1296 128 1322 rat,
150 1292 182 1318 ab
201 1292 258 1326 ipsa
277 1291 413 1326 republica
434 1294 474 1316 est
491 1289 660 1322 interfectus;
683 1289 748 1316 alter
767 1294 874 1324 propter

80 1333 237 1364 perpetuam
251 1329 278 1355 in
293 1328 414 1363 populari
428 1328 528 1354 ratione
540 1327 673 1353 levitatem
684 1331 768 1353 morte
779 1327 874 1353 volun-

80 1367 144 1393 taria
167 1375 195 1392 se
217 1375 231 1392 a
254 1367 393 1392 severitate
415 1365 537 1391 iudicum
558 1364 714 1390 vindicavit.
749 1364 801 1390 Sed
824 1363 875 1390 fuit

79 1408 192 1439 uterque
206 1412 330 1430 summus
344 1407 442 1429 orator:
469 1406 548 1437 atque
562 1402 612 1428 hoo
625 1402 752 1428 memoria
768 1406 873 1436 patrum

80 1446 145 1468 teste
159 1441 285 1467 dicimus.
322 1441 377 1467 101.
398 1441 464 1466 Nam
479 1444 504 1466 et
519 1439 646 1466 Carbonis
661 1444 686 1465 et
699 1439 811 1466 Gracchi
827 1439 874 1464 ha-

79 1479 175 1505 bemus
197 1479 340 1509 orationes,
366 1477 485 1504 nondum
507 1477 571 1503 satis
595 1476 749 1511 splendidas
774 1476 871 1507 verbis,

79 1516 127 1543 sed
141 1521 230 1542 acutas
245 1515 455 1550 prudentiaeque
469 1514 650 1549 plenissimas.
665 1514 727 1540 Fuit
737 1513 873 1540 Gracchus

79 1553 217 1589 diligentia
232 1552 368 1580 Corneliae
387 1552 479 1578 matris
494 1560 507 1578 a
522 1560 605 1586 puero
618 1551 712 1577 doctus
727 1556 751 1577 et
766 1551 873 1577 Graccis

80 1591 172 1618 litteris
182 1590 311 1617 eruditus.
319 1591 385 1616 Nam
396 1598 502 1624 semper
513 1589 607 1615 habuit
617 1589 784 1623 exquisitose
792 1589 874 1615 Grae-

78 1629 118 1655 cia
136 1628 286 1664 magistrOS,
307 1628 334 1654 in
354 1628 392 1653 eis
410 1628 463 1653 iam
478 1626 631 1652 adolescens
646 1626 809 1660 Diophanem
824 1626 874 1651 Mi-

79 1665 240 1702 tylenaeum,
260 1665 385 1692 Graeciae
400 1664 564 1699 temporibus
579 1663 633 1689 illis
647 1663 871 1689 disertissimum:

79 1703 126 1729 sed
149 1704 173 1729 ei
196 1703 276 1729 breve
299 1707 406 1737 tempus
428 1701 530 1737 ingenii
548 1701 664 1737 augendi
683 1705 708 1727 et
721 1700 872 1727 declarandi

79 1739 139 1767 fuit.
163 1742 220 1767 105.
236 1740 328 1771 Carbo,
344 1739 417 1775 quod
432 1740 484 1765 vita
500 1739 690 1773 suppeditavit,
707 1742 747 1765 est
761 1739 786 1764 in
802 1738 874 1764 mul-

79 1778 113 1804 tis
128 1778 235 1804 iudiciis
249 1778 407 1812 caussisque
420 1778 553 1813 cognitus.
585 1777 659 1802 lluuc
673 1777 720 1810 qui
735 1776 874 1802 audierant

79 1815 224 1850 prudentes
248 1815 380 1846 homines,
404 1815 432 1841 in
456 1814 557 1849 quibus
576 1813 715 1840 familiaris
734 1818 823 1840 noster
842 1813 871 1839 L.

79 1852 192 1884 Gellius,
203 1853 251 1887 qui
265 1861 294 1879 se
308 1852 347 1878 illi
361 1851 578 1879 contubernalem
594 1851 619 1877 in
634 1850 773 1877 consulatu
789 1851 873 1877 fuisse

79 1890 208 1921 narrabat,
231 1898 358 1916 canorum
384 1894 513 1916 oratorem
540 1893 565 1915 et
587 1888 734 1915 volubilem
761 1892 787 1915 et
808 1889 873 1914 satis

79 1936 165 1954 acrem
184 1931 263 1962 atque
280 1927 404 1953 eumdem
423 1931 449 1953 et
467 1927 651 1953 vehementem
674 1930 700 1952 et
717 1925 794 1952 valde
812 1925 874 1952 dul-

78 1973 136 1991 cem
151 1969 176 1991 et
190 1964 352 1999 perfacetum
368 1964 451 1991 fuisse
465 1964 582 1990 dicebat:
605 1963 727 1994 addebat,
743 1963 874 1989 industri-

78 2010 124 2029 um
147 2003 226 2028 etiam
245 2007 271 2028 et
288 2002 444 2037 diligentem
463 2006 489 2028 et
506 2002 533 2027 in
551 2000 786 2027 exercitationibus
800 2009 873 2027 com-

79 2039 340 2073 mentationibusque
351 2039 466 2065 multum
478 2047 571 2073 operae
583 2038 691 2064 solitum
698 2047 756 2064 esse
768 2046 872 2072 ponere.

80 2078 136 2103 106.
157 2077 204 2102 Hic
221 2077 339 2111 optimus
354 2076 407 2102 illis
423 2076 588 2111 temporibus
602 2079 642 2101 est
656 2080 781 2110 patronus
797 2075 874 2101 habi-

78 2119 131 2145 tus,
156 2122 241 2148 eoque
264 2113 349 2139 forum
374 2118 477 2140 tenente
496 2113 572 2148 plura
591 2113 647 2138 lieri
667 2113 765 2139 iudicia
779 2121 873 2147 coepe-

78 2156 150 2178 runt.
186 2151 251 2177 Nam
266 2154 291 2177 et
304 2151 474 2185 quaestiones
487 2155 629 2185 perpetuae
645 2150 693 2176 hoc
707 2150 873 2177 adolescente

78 2189 236 2215 constitutae
250 2193 321 2219 sunt,
338 2197 407 2223 quae
421 2193 496 2214 antea
510 2187 598 2214 nullae
613 2187 734 2220 fuerunt3
756 2188 784 2214 L.
801 2188 872 2214 enim

78 2226 139 2252 Piso
153 2226 278 2252 tribunus
293 2225 379 2260 plebis
394 2225 479 2261 legem
495 2226 598 2260 primus
612 2225 645 2251 de
662 2225 783 2260 pecuniis
798 2234 873 2260 repc-

79 2263 170 2290 tundis
184 2263 329 2290 Censorino
342 2267 367 2289 et
382 2263 490 2289 Manilio
500 2262 656 2288 consulibus
669 2262 743 2295 tulin
766 2263 823 2298 ipse
834 2267 873 2289 et-

80 2300 131 2327 iam
145 2301 206 2327 Piso
219 2305 245 2327 et
256 2309 365 2327 caussas
380 2301 441 2335 egit,
463 2304 488 2326 et
501 2299 645 2326 multarum
662 2300 751 2335 legum
766 2304 811 2326 aut
825 2309 873 2327 au-

80 2342 133 2364 ctor
156 2342 202 2364 aut
224 2337 361 2364 dissuasor
385 2337 448 2364 suit:
479 2338 556 2371 isque
570 2341 595 2363 et
608 2337 738 2363 orationes
752 2337 869 2372 reliquit.

79 2383 147 2410 quae
165 2375 218 2401 iam
236 2379 411 2406 evanuerunt,
432 2379 457 2400 et
475 2374 582 2400 annales
601 2383 664 2400 sune
682 2375 787 2401 exiliter
805 2376 872 2401 scri—

79 2417 153 2447 ptos;
169 2427 206 2432 —
219 2417 244 2439 et
257 2412 356 2439 iudicia
371 2412 472 2447 populi,
493 2411 593 2446 quibus
607 2411 696 2438 aderat
710 2412 802 2443 Carbo,
819 2413 871 2439 iam

79 2450 164 2485 magis
187 2454 328 2484 patronum
350 2450 545 2479 desiderabant,
571 2448 665 2474 tabella
689 2449 763 2481 ‹lata3
789 2458 871 2484 quum

80 2485 165 2522 legem
180 2487 209 2513 L.
226 2487 336 2513 Cassius
352 2487 452 2521 Lepido
463 2491 488 2512 et
499 2487 620 2513 Mancino
630 2486 787 2513 consulibus
799 2487 870 2514 tulit.

134 2524 254 2551 XXVIII.
281 2525 338 2550 107.
365 2525 456 2551 Vester
474 2524 552 2550 etium
568 2524 597 2549 D.
614 2524 719 2555 Brutus,
737 2524 771 2550 M.
788 2524 868 2555 filius,

79 2565 109 2587 ut
126 2569 159 2588 ex
177 2560 300 2588 familiari
319 2562 377 2587 eius
396 2562 425 2588 L.
445 2562 524 2588 Accio
539 2565 612 2595 poeta
627 2569 688 2586 sum
703 2561 795 2588 audire
808 2561 872 2588 soli—

80 2601 131 2629 tus,
152 2602 178 2625 et
194 2598 283 2625 dicere
302 2607 352 2625 nou
367 2598 466 2625 inculte
481 2598 582 2625 solebat
596 2602 620 2624 et
634 2602 689 2624 erat
701 2606 787 2633 quum
803 2598 872 2625 litte-

80 2635 116 2661 ris
140 2635 240 2662 Latinis
264 2640 320 2662 tum
344 2637 423 2662 etiam
442 2636 560 2667 Graecis,
582 2639 611 2661 ut
625 2636 790 2670 temporibus
804 2636 868 2667 illis,

79 2672 210 2699 eruditus.
243 2672 316 2705 Quae
335 2673 467 2700 tribuebat
481 2673 551 2700 idem
567 2672 663 2699 Accius
677 2673 754 2700 ctiam
768 2673 800 2706 Q.
818 2674 872 2700 Ma-

1012 136 1044 161 23
1065 150 1100 154 ——
1121 136 1161 161 30.
1675 138 1720 163 tta

928 206 1008 237 ximo,
1025 206 1055 232 L.
1070 205 1156 232 Paulli
1167 206 1270 240 nepoti:
1291 210 1317 232 et
1332 213 1394 232 vero
1407 211 1466 232 ante
1480 206 1627 232 Maximum
1643 206 1720 233 illum

928 244 1089 278 Scipionem,
1115 252 1168 278 quo
1191 243 1259 269 duce
1282 244 1385 278 privato
1404 244 1443 269 Ti.
1461 243 1597 270 Gracchus
1614 245 1720 270 occisus

928 286 1095 315 esset,quum
1106 280 1231 307 omnibus
1242 280 1269 306 in
1280 281 1360 307 rebus
1370 280 1555 317 vehementem
1566 285 1623 307 tum
1634 290 1719 307 acrem

927 318 1013 344 aiebat
1031 319 1058 344 in
1076 318 1189 344 dicendo
1203 317 1297 344 fuisse.
1330 319 1385 344 108.
1402 318 1469 344 Tum
1483 318 1563 344 etiam
1577 318 1605 344 P.
1621 319 1721 344 Lentu-

928 356 970 381 lus
994 355 1039 382 ille
1062 356 1194 390 princeps,
1219 355 1253 381 ad
1276 355 1469 390 rempublicam
1492 355 1631 382 dumtaxat
1649 356 1721 390 quod

927 402 995 427 opus
1007 398 1084 423 esset,
1093 394 1157 419 satis
1169 393 1294 419 habuisse
1306 393 1472 427 eloquentiae
1482 392 1592 425 dicitur,
1610 393 1721 419 iisdem-

927 439 979 464 que
999 430 1163 464 temporibus
1182 431 1211 456 L.
1227 431 1325 456 Furius
1339 430 1433 456 Philus
1446 430 1562 465 perbene
1576 431 1668 457 Latine
1683 430 1721 457 lo-

927 468 974 502 qui
989 468 1132 502 putabatur
1146 468 1438 502 litteratiusque,quam
1449 468 1542 500 ceteri;
1558 468 1721 494 P.Scaevola

928 505 1005 531 valde
1020 505 1163 539 prudenter
1177 510 1201 530 et
1216 510 1299 535 acute,
1316 505 1406 539 paullo
1418 505 1496 531 etiam
1508 506 1657 539 copiosius3
1673 514 1721 532 nec

928 542 1013 568 multo
1028 543 1117 568 minus
1132 542 1276 576 prudenter
1290 543 1333 568 Μ’.
1350 543 1486 569 Manilius.
1518 543 1599 577 Appii
1614 542 1720 569 Claudii

927 579 1064 610 volubilis,
1085 580 1133 605 sed
1151 580 1242 614 paullo
1256 579 1382 606 fervidior
1395 585 1450 606 erat
1462 581 1553 606 oratio.
1588 581 1616 606 In
1631 580 1721 615 aliquo

928 626 1038 643 numero
1052 617 1131 642 etiam
1146 617 1180 643 M.
1197 617 1311 644 Fulvius
1325 617 1436 643 Flaccus
1451 622 1475 643 et
1486 618 1594 649 C.Cato,
1603 618 1720 644 Africani

927 655 1024 680 sororis
1043 654 1124 685 filius,
1146 654 1292 680 mediocres
1305 659 1434 686 oratores,
1458 656 1506 681 etsi
1521 655 1607 681 Flacci
1622 656 1719 689 scripta

926 696 1002 723 sunt,
1025 691 1072 717 sed
1088 696 1115 717 ut
1129 692 1243 718 studiosi
1258 692 1414 719 litterarum.
1430 692 1515 719 Flacci
1530 698 1618 719 autem
1629 702 1721 718 aemu—

928 729 969 755 lus
992 730 1021 755 P.
1045 729 1141 754 Decius
1165 729 1224 760 fuit,
1249 738 1301 756 non
1325 729 1412 755 infans
1430 729 1475 756 ille
1489 730 1609 764 quidem,
1630 730 1676 756 sed
1692 735 1720 756 ut

927 767 989 797 vita,
1006 767 1044 792 sic
1058 767 1174 792 oratione
1188 767 1267 793 etiam
1282 767 1462 793 turbulentus,
1496 769 1549 793 109.
1566 768 1601 793 M.
1617 768 1720 794 Drusus

927 804 956 830 C.
972 804 1012 835 F„
1034 804 1081 838 qui
1096 804 1123 830 in
1143 804 1279 830 tribunatu
1298 804 1327 831 C.
1348 804 1498 831 Gracchum
1516 804 1654 840 collegam,
1672 806 1719 831 ite-

926 850 985 868 rum
1001 841 1148 872 tribunum,
1165 841 1251 877 fregit,
1268 842 1309 868 vir
1322 846 1346 867 et
1361 842 1475 868 oratione
1489 843 1578 877 gravis
1593 847 1618 868 et
1632 848 1721 868 aur-to-

927 880 1014 911 ritate;
1031 879 1109 913 eique
1124 880 1243 913 proxime
1258 879 1400 905 adiunctus
1415 879 1553 906 C.Drusus
1569 879 1647 906 frater
1659 880 1718 906 fuit.

927 917 1001 942 Tuus
1015 917 1094 942 etiam
1109 916 1226 951 gentilis,
1242 917 1330 947 Brute,
1348 917 1382 943 M.
1396 916 1598 947 Pennus,facile
1612 918 1721 951 agitaxit

926 955 954 980 in
968 954 1103 980 tribunatu
1119 954 1148 980 C.
1157 954 1317 984 Gracchum,
1328 954 1448 989 paullum
1459 959 1541 981 aetate
1552 954 1718 980 antecedens.

926 992 988 1018 Fuit
1006 992 1076 1017 enim
1096 992 1131 1017 M.
1153 991 1253 1025 Lepido
1271 996 1297 1017 et
1315 993 1344 1017 L.
1361 992 1452 1017 Oreste
1466 992 1624 1018 consulibus
1638 1001 1720 1026 quae-

925 1033 980 1055 stor
999 1029 1144 1059 Gracchus,
1161 1029 1285 1055 tribunus
1299 1029 1415 1059 Pennus,
1437 1029 1510 1055 illius
1524 1030 1560 1056 M.
1576 1029 1656 1060 silius,
1673 1030 1719 1064 qui

926 1075 988 1093 cum
1006 1065 1036 1098 Q.
1052 1066 1127 1092 Aelio
1145 1066 1238 1092 consul
1258 1066 1320 1093 fuit:
1343 1067 1388 1092 sed
1404 1067 1427 1092 is
1441 1067 1529 1093 omnia
1540 1076 1645 1093 summa
1659 1076 1721 1101 spe—

926 1113 987 1130 rans
1007 1103 1146 1130 aedilicius
1165 1108 1204 1129 est
1218 1108 1349 1130 mortuus.
1386 1104 1452 1130 Nam
1466 1103 1499 1130 de
1514 1105 1543 1130 T.
1560 1104 1717 1132 Flaminino,

925 1150 1007 1176 quem
1029 1142 1087 1176 ipse
1109 1141 1174 1172 vidi,
1199 1141 1266 1167 nihil
1285 1142 1382 1176 accepi,
1404 1142 1456 1168 nisi
1474 1142 1565 1168 Latine
1579 1142 1721 1177 diligenter

925 1179 1056 1205 locutum.

981 1216 1082 1242 XXIX.
1100 1217 1156 1242 110.
1172 1216 1219 1242 His
1233 1216 1351 1243 adiuncti
1366 1221 1429 1243 sunt
1443 1217 1471 1244 C.
1488 1216 1576 1247 Curio.
1594 1216 1721 1243 mecau-

925 1263 980 1285 rus,
997 1254 1026 1280 P.
1042 1253 1169 1284 Rutilius,
1186 1254 1215 1280 C.
1232 1254 1379 1280 Gracchus.
1413 1255 1449 1280 De
1468 1254 1568 1280 Scauro
1582 1259 1607 1280 et
1621 1254 1720 1281 Rutilio

925 1292 1041 1318 breviter
1059 1291 1120 1317 licet
1137 1291 1233 1323 dicere,
1254 1300 1370 1326 quorum
1389 1296 1482 1318 neuter
1496 1293 1596 1318 summi
1610 1293 1719 1318 oratoris

925 1329 1019 1355 habuit
1038 1328 1143 1355 laudem
1162 1333 1187 1355 et
1206 1333 1317 1363 uterque
1332 1330 1359 1355 in
1374 1329 1466 1355 multis
1481 1330 1583 1355 caussis
1599 1335 1719 1356 versatus

925 1371 988 1393 erat.
1023 1367 1052 1392 In
1066 1366 1229 1401 quibusdam
1244 1366 1385 1393 laudandis
1400 1368 1474 1397 viris,
1490 1368 1593 1393 etiamsi
1609 1367 1719 1393 maximi

924 1404 1026 1439 ingenii
1040 1412 1091 1430 non
1104 1408 1201 1434 essent,
1210 1403 1356 1438 probabilis
1368 1409 1455 1430 tamen
1467 1404 1611 1437 industria,
1624 1413 1720 1439 quam-

925 1450 1006 1476 quam
1025 1441 1067 1467 his
1085 1441 1196 1475 quidem
1215 1449 1267 1467 non
1286 1442 1395 1468 omnino
1409 1442 1557 1477 ingenium,
1573 1442 1620 1468 sed
1634 1447 1720 1468 orato-

925 1480 995 1505 rium
1019 1479 1157 1513 ingenium
1181 1478 1275 1504 defuit.
1310 1479 1403 1513 Neque
1425 1479 1496 1505 euim
1521 1479 1600 1505 refert
1620 1479 1716 1510 videre,

924 1516 991 1551 quid
1013 1515 1157 1542 dicendum
1180 1516 1223 1546 sit,
1249 1516 1301 1542 nisi
1320 1515 1346 1541 id
1365 1525 1448 1550 queas
1462 1516 1548 1543 solute
1563 1521 1588 1542 et
1602 1517 1719 1542 suaviter

925 1554 1019 1580 dicere.
1046 1554 1083 1579 Ne
1098 1553 1124 1579 id
1138 1552 1248 1587 quidem
1263 1553 1327 1579 satis
1341 1558 1389 1584 est,
1406 1554 1457 1579 nisi
1472 1553 1508 1584 id,
1524 1554 1596 1588 quod
1610 1554 1716 1585 dicitur,

925 1592 959 1618 sit
973 1600 1044 1622 voce,
1062 1590 1138 1616 vultu
1154 1595 1281 1625 motuque
1296 1590 1438 1617 conditius.
1475 1593 1531 1617 111.
1547 1591 1617 1623 Quid
1631 1592 1718 1618 dicam

924 1638 992 1663 opus
1007 1636 1066 1654 esse
1080 1627 1216 1654 doctrina?
1235 1628 1293 1654 siue
1306 1636 1359 1663 qua
1374 1629 1477 1654 etiamsi
1490 1628 1557 1663 quid
1572 1629 1638 1655 bene
1652 1629 1719 1655 dici-

924 1671 976 1697 tur,
1002 1666 1144 1692 adiuvante
1169 1670 1274 1695 natura,
1301 1670 1388 1691 tamen
1411 1666 1446 1696 id,
1471 1666 1535 1700 quia
1554 1666 1662 1692 fortuito
1681 1667 1716 1697 tit,

924 1712 1030 1738 semper
1045 1707 1165 1737 paratum
1180 1711 1238 1729 esse
1253 1711 1304 1729 non
1320 1707 1414 1737 potest.
1442 1704 1470 1729 In
1485 1704 1577 1729 Scauri
1591 1704 1716 1731 oratione.

924 1741 1052 1776 sapientis
1067 1740 1184 1766 hominis
1198 1744 1224 1766 et
1237 1741 1309 1771 recti,
1326 1741 1442 1775 gravitas
1456 1749 1562 1767 summa
1577 1746 1601 1767 et
1613 1746 1719 1767 natura-

925 1778 958 1805 lis
981 1778 1112 1813 quaedam
1136 1778 1220 1803 inerat
1243 1778 1393 1808 auctoritas,
1414 1787 1466 1804 non
1481 1783 1510 1804 ut
1523 1787 1655 1810 caussam,
1672 1779 1718 1804 sed

924 1821 954 1842 ut
967 1816 1150 1842 testimonium
1165 1815 1252 1841 dicere
1267 1819 1383 1849 putares,
1400 1824 1485 1850 quum
1500 1824 1547 1850 pro
1557 1824 1600 1842 reo
1610 1816 1716 1842 diceret.

926 1855 982 1880 112.
1007 1854 1060 1879 Hoc
1085 1852 1192 1879 dicendi
1214 1861 1300 1888 genus
1326 1852 1359 1879 ad
1382 1853 1525 1887 patrocinia
1553 1853 1719 1880 mediocriter

924 1896 1016 1925 aptum
1040 1890 1192 1921 videbatur,
1228 1890 1261 1916 ad
1283 1891 1442 1916 senatoriam
1466 1899 1528 1917 vcro
1549 1891 1716 1921 sententiam,

924 1929 1002 1955 cuius
1026 1933 1080 1954 erat
1103 1927 1147 1953 ille
1172 1928 1304 1962 princeps,
1326 1927 1367 1953 vel
1391 1928 1520 1958 maxime,
1551 1929 1718 1963 significabat

924 1967 996 1992 enim
1012 1974 1062 1992 non
1078 1965 1247 2000 prudentiam
1262 1964 1359 1995 solum.
1375 1965 1431 1996 sed,
1445 1965 1518 2000 quod
1533 1967 1648 1992 maxime
1663 1975 1716 1991 rem

923 2003 1083 2033 continebat,
1097 2003 1186 2029 tidem.
1211 2002 1329 2028 Ilabebat
1348 2002 1396 2029 hoc
1410 2011 1424 2028 a
1439 2008 1530 2029 natura
1547 2003 1692 2038 ipsa.qiu)‹l
1703 2013 1716 2028 a

924 2041 1042 2067 doctrina
1058 2049 1109 2066 non
1124 2039 1200 2066 facilc
1215 2044 1313 2074 posset.
1333 2040 1503 2075 Quamquam
1518 2040 1600 2066 huius
1610 2049 1718 2075 quoque

894 2108 903 2115 .
924 2079 1011 2113 ipsius
1025 2078 1072 2109 rei,
1088 2077 1315 2112 quemadmodum
1330 2078 1391 2108 seis,
1409 2083 1546 2112 praecepta
1561 2083 1632 2104 suut.
1663 2079 1718 2104 llu-

925 2116 968 2142 ius
993 2120 1018 2141 et
1037 2115 1167 2142 orationes
1186 2119 1262 2145 sunt,
1278 2119 1304 2140 et
1323 2119 1374 2141 tres
1393 2115 1425 2140 ud
1444 2115 1474 2141 L.
1491 2115 1625 2141 Futidiuiu
1646 2115 1715 2145 libri,

925 2153 1017 2187 scripti
1041 2152 1073 2178 de
1092 2153 1145 2178 vita
1164 2152 1251 2186 ipsius
1270 2157 1334 2181 acta,
1359 2161 1423 2178 sane
1442 2152 1534 2179 utiles:
1557 2161 1625 2187 quos
1641 2162 1717 2179 nemo

926 2190 1001 2225 legit:
1018 2194 1043 2216 at
1057 2190 1117 2225 Cyri
1133 2190 1214 2215 vitam
1229 2194 1254 2215 et
1263 2189 1433 2224 disciplinam
1448 2189 1547 2225 legunt,
1557 2190 1716 2224 praeclaram

923 2227 997 2253 illam
1019 2227 1139 2262 quidem,
1164 2226 1212 2253 sed
1230 2235 1317 2261 neque
1336 2231 1388 2253 tam
1409 2227 1488 2253 rebus
1508 2228 1604 2253 nostris
1618 2232 1714 2262 aptam,

925 2273 972 2291 nec
987 2269 1073 2290 tamen
1089 2264 1180 2290 Scauri
1197 2263 1323 2290 laudibus
1338 2264 1558 2298 anteponendam.

979 2302 1068 2328 XXX.
1087 2303 1142 2327 113.
1169 2302 1226 2335 Ipse
1245 2301 1323 2327 etiam
1344 2301 1466 2327 Fufidius
1486 2302 1510 2328 in
1526 2302 1616 2336 aliquo
1631 2307 1717 2336 putro-

924 2347 1018 2365 norum
1038 2347 1148 2365 numero
1167 2338 1226 2364 fuit.
1262 2338 1378 2364 Rutilius
1397 2343 1484 2364 autem
1500 2339 1526 2365 iu
1540 2339 1655 2373 quodum
1672 2340 1716 2365 tri—

923 2377 957 2402 sti
975 2380 1001 2402 et
1018 2385 1111 2402 severo
1124 2384 1221 2409 genere
1234 2375 1340 2401 dicendi
1356 2381 1476 2402 versatus
1490 2381 1542 2403 est:
1565 2381 1590 2402 et
1606 2381 1717 2411 uterque

924 2418 1015 2439 natura
1032 2413 1175 2439 vehemens
1189 2417 1214 2438 et
1227 2422 1295 2438 acer.
1324 2413 1413 2447 Itaque
1427 2422 1512 2447 quum
1528 2422 1579 2440 una
1593 2413 1716 2439 cousula-

924 2456 980 2476 tum
1000 2451 1165 2484 petivissent,
1186 2458 1237 2476 uon
1256 2449 1301 2476 illo
1319 2449 1415 2479 solum,
1436 2451 1483 2484 qui
1499 2450 1632 2484 repulsum
1649 2451 1716 2477 tuit*

923 2493 970 2518 rat,
987 2488 1121 2514 accusavit
1134 2487 1251 2513 ambitus
1265 2487 1434 2521 designatum)
1449 2489 1658 2522 competitorem,
1669 2489 1715 2514 sed

923 2525 1041 2551 Scaurus
1055 2525 1133 2551 etiam
1148 2524 1288 2550 absolutus
1303 2524 1433 2550 Rutilium
1453 2526 1478 2551 iu
1495 2525 1624 2551 iudicium
1641 2535 1715 2552 voca—

924 2563 974 2594 vit,
1006 2561 1144 2597 multaque
1169 2570 1256 2596 opera,
1285 2561 1422 2596 multaque.
1446 2563 1576 2589 industria
1599 2563 1716 2590 Rutilius

925 2599 982 2630 fuit,
998 2608 1067 2634 qune
1081 2604 1135 2625 erat
1150 2604 1286 2634 propterea
1300 2599 1406 2633 gratior,
1419 2600 1491 2634 qumi
1505 2600 1575 2626 idem
1589 2609 1715 2635 magnum

924 2645 1023 2663 munus
1046 2637 1079 2663 de
1103 2638 1160 2663 iuro
1184 2636 1361 2670 respondendi
1380 2637 1538 2664 sustinebat.
1575 2639 1631 2664 tit.
1648 2638 1716 2664 Sunt

923 2675 982 2701 eius
995 2675 1126 2701 orationes
1142 2675 1258 2700 iciunae:
1281 2673 1364 2700 multa
1380 2674 1512 2709 praeclara
1526 2675 1559 2701 de
1574 2675 1644 2707 iure,
1669 2675 1714 2702 do·
