1941 3052
236 130 280 156 136
809 133 832 156 ss,

232 202 330 226 virumn
341 205 362 226 nt
373 201 514 227 abiectum?
528 201 599 232 Qune
609 202 648 226 sic
657 201 690 226 nh
701 201 746 226 illo
755 205 809 226 netu
821 200 1020 226 essecomtubat
1047 200 1049 206 '

232 237 329 267 oculis,
356 246 430 267 voce.
451 242 540 273 gestu.
563 238 662 264 inimici
683 242 711 263 ut
731 237 850 263 ltu-rimas
865 242 952 263 tenere
968 246 1019 263 non

234 279 350 308 possent.
382 275 448 300 llaec
472 283 502 300 eo
524 274 583 300 dieo
605 274 739 309 pluribus.
765 274 836 308 quod
858 283 943 309 genus
971 274 1020 300 hoc
1048 281 1050 324 ,

233 315 315 337 totum
330 316 451 341 oratores,
468 312 514 346 qui
529 316 590 337 nunt
606 311 720 337 veritatis
736 311 819 345 ipsius
834 316 943 342 actores,
959 311 1020 337 reli·
1048 330 1050 340 .

234 353 362 382 *quei-unt.
388 349 530 374 imitatores
540 353 626 374 nutem
641 348 765 378 veritatis.
779 348 929 379 histriones,
941 356 1020 374 occu·
1041 346 1050 381 4ζ

233 389 371 419 paverunt.
407 386 479 411 LVII.
496 387 553 411 215.
569 386 604 411 Ac
618 385 675 410 sine
689 385 771 410 dubio
783 385 808 411 in
819 386 890 411 omni
902 394 928 411 re
940 385 1019 412 vincit
1042 390 1050 422 l.

233 422 403 448 irnitntioneni
420 423 527 453 v(·ritns;
549 422 596 447 sed
611 430 639 447 (ra
650 422 672 447 si
683 422 747 447 sutis
759 422 784 447 in
796 423 896 448 actione
906 422 1019 449 efficeret
1042 438 1051 453 η,

233 460 288 493 ipsu
309 468 354 493 per
371 468 442 488 sese.
464 464 517 484 nrto
537 458 651 492 protecto
670 468 719 485 non
739 467 887 493 egeremus.
923 459 1019 486 Verum
1042 460 1044 498 l

232 497 294 530 quin
317 496 396 521 animi
421 496 561 529 permotio,
582 504 650 530 quae
669 497 783 522 maxime
801 501 846 522 aut
864 496 1019 523 declaranda

232 537 277 558 aut
296 533 420 558 imitanda
439 537 478 557 cst
497 533 605 561 actione.
623 533 773 567 perturbata
787 542 866 568 saepe
881 534 914 559 ita
928 538 976 564 est.
993 539 1021 561 ut

231 570 387 595 obst-uretur
409 578 438 594 uc
457 578 538 603 paene
556 569 695 601 obruatur,
717 570 882 597 discutienda
900 576 963 597 sunt
980 580 1018 602 ea,
1042 582 1044 619 1

232 615 299 640 quac
314 606 468 637 obscurant.
489 611 513 632 ot
527 616 565 636 ea.
581 616 649 642 quae
663 612 725 633 sunt
738 608 880 634 eminentia
894 613 918 634 et
933 617 1022 643 prom·
1043 631 1044 634 ,

1049 483 1051 494 l

868 132 901 156 M.
933 131 962 156 T.
995 129 1269 157 CICERONIS

1109 200 1164 231 Oua
1202 204 1344 232 tempestate
1377 199 1449 226 Poris
1482 199 1600 226 [tremam
1632 203 1744 235 innuptis
1773 205 1859 229 iniunt

1108 280 1151 306 eyn
1177 278 1228 298 tum
1251 275 1368 306 provido.
1392 243 1639 307 expletllsuliizlinl'lere
1661 277 1695 301 dd
1707 278 1860 308 pariendum

1107 355 1152 379 prr
1168 349 1232 372 idem
1250 351 1344 380 tempus
1368 313 1636 380 ΙόΙμάοι-ΖὶἴιηῖΙῗ-ζῖιὶη
1649 352 1727 381 portu
1736 351 1861 382 ponto-mid

1477 388 1557 417 parit.

1073 419 1139 446 th.
1160 421 1216 446 220.
1239 419 1337 446 omnes
1356 425 1443 446 autem
1463 421 1511 447 lios
1530 426 1617 448 motus
1635 422 1763 457 subsequi
1783 422 1862 449 debet

1072 462 1180 492 gestus.
1201 466 1251 483 non
1271 458 1312 483 hic
1332 458 1410 483 verba
1428 458 1580 492 exprimens
1594 460 1729 490 scenicus,
1741 459 1786 486 sed
1802 460 1862 486 uni-

1073 503 1174 520 versam
1189 503 1243 520 rem
1258 500 1282 520 et
1301 496 1471 525 sententiam,
1492 504 1543 521 non
1561 495 1794 527 demonstratione.
1814 498 1861 524 sed

1072 531 1265 566 significatione
1282 531 1431 562 ‹let-laram.
1452 532 1563 558 tau-rum
1581 531 1721 560 innexione
1740 534 1788 560 hac
1802 533 1860 561 forti

1073 578 1101 594 ac
1121 569 1204 598 virili.
1227 578 1277 595 non
1296 569 1329 594 ab
1343 578 1420 595 scena
1434 574 1459 595 ct
1474 569 1657 601 histrionibus.
1673 570 1719 596 sed
1734 571 1767 597 ab
1780 572 1861 597 armis

1072 610 1117 632 aut
1135 606 1212 632 etiam
1231 615 1245 632 a
1265 605 1406 640 patanstm
1439 615 1534 632 manus
1553 611 1641 633 autem
1657 608 1745 634 minus
1759 613 1858 642 arguta,

233 649 288 678 pta.
305 643 443 669 sumenda.
478 645 535 670 ⁶3¹6.
551 644 644 670 Omnis
659 645 728 671 enini
744 649 830 671 motus
845 646 926 671 animi
940 655 1020 672 suum
1050 645 1052 685 l
1072 643 1162 677 digitis
1177 643 1344 677 subsequen-*⁸
1361 644 1448 673 verlffi.
1466 653 1515 670 ⁰⁰¹¹
1530 645 1695 678 exprimeffii
1723 645 1861 671 brachium

231 680 373 715 quemdam
389 689 401 706 a
417 685 507 707 nutura
524 681 601 707 hahet
614 681 716 708 vultum
727 687 856 709 etsonuui
867 687 1019 718 etgcstun13
1043 688 1045 694 '

232 722 369 752 totumquo
387 726 483 752 corpus
502 718 618 745 hominis
636 724 661 745 ct
678 720 736 745 cius
753 720 841 746 omnis
860 720 950 746 vultus
964 729 1022 746 oni·
1043 715 1045 748 s

232 763 332 789 nosque
349 763 440 786 voces.
458 760 487 781 ut
505 756 578 782 nervi
601 756 627 782 in
651 756 763 787 fidibus.
785 757 818 783 ita
837 761 943 788 sonant.
965 762 993 783 ut
1007 767 1020 783 n

231 796 303 817 motu
330 792 410 818 animi
437 801 545 828 quoque
571 797 634 819 sunt
659 793 761 828 pulsae.
797 795 861 820 Nam
889 803 966 820 voces
993 799 1022 820 ut

231 829 343 855 chordae
361 834 424 855 sunt
442 830 568 861 intentae.
590 839 658 865 quae
673 831 704 857 atl
719 840 854 866 quemque
869 836 964 858 tactum
981 841 1021 858 re-

230 866 386 900 spondeant.
403 871 487 898 acuta,
503 868 601 903 graviS,
618 869 681 899 cita.
699 869 782 899 tarda.
797 878 904 904 magna.
926 878 1019 904 parva;
1043 879 1051 903 χ

231 911 298 937 quas
318 908 404 930 tamen
424 909 492 930 inter
509 914 601 931 omnes
619 910 658 932 est
673 915 722 932 suo
740 914 862 941 quaeque
885 906 911 932 in
925 915 1021 941 genere

232 940 383 967 mediocris.
406 941 492 976 Atque
507 943 585 968 etiam
597 942 641 968 illa
656 948 718 969 sunt
731 943 816 969 abhis
826 943 933 978 delapsa
945 943 1020 978 plura
1043 952 1045 958 ¹

230 985 339 1012 genera.
361 977 432 1009 lene.
448 987 585 1013 asperum;
608 985 779 1011 contractum.
795 980 937 1013 diffusum
959 990 1022 1007 con-

231 1014 324 1041 tinenti
343 1015 452 1050 spiritu.
472 1017 637 1049 intermisso,
660 1017 785 1048 fractum,
802 1018 932 1050 scissum;
955 1017 1021 1044 ssexo

231 1060 295 1078 sono
317 1057 500 1084 extenuatum.
527 1053 655 1081 inflatum.
681 1056 740 1081 2t7.
760 1054 870 1081 Nullum
893 1059 933 1081 est
950 1056 1020 1082 enim

200 1087 204 1095 ¹
231 1088 325 1115 horum
344 1098 484 1125 generum.
504 1091 576 1126 quod
595 1100 646 1118 non
665 1096 718 1118 arte
735 1100 765 1119 ac
779 1092 956 1119 moderatione
971 1097 1022 1119 tra·
1044 1106 1051 1129 μ

230 1130 325 1152 ctetur.
360 1127 390 1153 lli
410 1132 472 1153 sunt
490 1129 582 1158 actori.
604 1133 632 1155 ut
651 1129 757 1163 pictori,
777 1130 891 1164 expositi
905 1129 938 1156 ad
952 1130 1022 1156 vari·
1043 1145 1052 1159 =.

230 1163 328 1189 andum
360 1163 469 1191 colores.
504 1165 589 1192 LVIII.
622 1165 702 1192 Aliud
732 1167 803 1193 enim
835 1167 907 1193 vocis
935 1175 1021 1202 genus
1050 1168 1051 1198 1

229 1200 365 1226 iracundia
391 1201 442 1227 sibi
469 1207 569 1229 sumat:
604 1208 726 1235 acutum,
754 1204 906 1236 incitatum.
931 1204 1022 1231 crebro

229 1237 358 1264 incidens.

268 1276 363 1308 Impius
376 1277 494 1302 hortatur
508 1285 545 1302 me
557 1279 648 1310 frater,
664 1281 691 1304 ut
704 1287 771 1305 meos
784 1281 859 1306 malis
872 1282 948 1305 misor

267 1315 412 1338 manderem
426 1316 512 1339 natos:
526 1329 562 1333 —
572 1329 608 1334 —

230 1353 254 1375 et
268 1357 305 1380 ea.
322 1358 390 1384 quae
404 1354 432 1376 tu
446 1350 558 1381 dudum.
575 1351 679 1383 Antoni,
696 1353 843 1387 protulisti:
1043 1363 1053 1378 ⁴»

267 1387 406 1420 seyreqare
417 1389 462 1414 abs
476 1393 498 1414 te
510 1391 603 1415 ausus:
1042 1379 1045 1439 ξ

230 1427 267 1449 et:
1044 1448 1045 1451 .

268 1461 361 1494 Ecquis
373 1463 419 1487 hoc
432 1462 633 1489 animadvertit?
651 1466 751 1490 vincite.
1043 1457 1044 1462 ¹

230 1502 255 1523 et
281 1499 376 1524 Atreus
401 1498 454 1525 fere
478 1503 557 1526 totus.
595 1499 677 1527 Aliud
700 1501 834 1527 miseratio
855 1509 886 1528 ac
908 1509 1018 1532 maeror,

229 1534 358 1566 flexibile.
376 1535 494 1570 plenum,
509 1537 688 1572 interruptum
701 1536 782 1564 flebili
795 1546 872 1565 voce:

268 1573 323 1604 Quo
336 1575 403 1599 nuuc
416 1582 455 1599 me
467 1573 583 1600 vertam?
602 1577 669 1608 quod
679 1577 728 1601 iter
738 1577 860 1609 incipiam
872 1574 992 1609 ingredi?

267 1610 374 1672 prmtim
384 1610 570 1643 paternamne?
589 1614 656 1638 <inne
668 1614 703 1638 ad
716 1612 800 1639 Peliae
809 1611 900 1646 silias?
1049 1615 1052 1640 l

229 1647 274 1672 eti
299 1655 326 1672 a:
1049 1649 1052 1676 ἓ

268 1684 289 1710 0
300 1687 382 1716 pater,
395 1693 409 1710 ο
417 1687 515 1717 parv-ia,
531 1693 546 1711 ο
559 1685 656 1712 Pm'umi’
668 1687 769 1712 deintus!
1049 1685 1052 1710 l

229 1725 254 1747 et
267 1729 336 1755 quae
348 1726 512 1756 sequuntur:

267 1758 336 1784 Haec
345 1760 431 1784 omnia
443 1761 498 1785 vidi
511 1761 676 1791 inlemari.

266 1795 368 1820 Priamo
381 1798 406 1821 ui
420 1799 498 1821 vitam
511 1798 613 1822 evitari.

230 1833 287 1858 2⁴8.
303 1831 385 1858 Aliud
395 1837 490 1863 metus.
503 1832 652 1859 demissum
661 1838 687 1859 et
698 1833 831 1860 haesitans
841 1834 1018 1861 etabiectum:

267 1874 349 1900 Malu·
366 1876 448 1901 modis
464 1884 519 1901 sum
534 1877 730 1906 circumventus,
745 1877 844 1906 merbo.
860 1878 965 1906 exsilio,
979 1881 1021 1903 at-

637 1921 684 1946 que
697 1915 798 1946 inopia:

267 1950 319 1974 tttm
340 1956 422 1981 pavor
443 1951 595 1982 sapientiam
622 1958 719 1976 omnem
740 1951 776 1976 mi
801 1953 950 1977 exanimato
975 1959 1022 1977 eae-
1049 1939 1052 1994 l

633 1989 749 2020 pecteret
753 1997 762 2019 ;
1049 1998 1053 2042 l

266 2023 333 2047 alter
351 2023 489 2049 terribilem
505 2025 642 2050 minitatur
653 2026 722 2051 vitae
735 2026 880 2051 cruciatum
892 2027 915 2050 e't
927 2033 1020 2056 necem,

266 2061 334 2092 quae
343 2068 415 2085 nemo
427 2064 463 2086 est
479 2064 531 2086 tam
535 2062 613 2094 firmo
622 2062 724 2096 ingenio
737 2066 760 2087 et
773 2063 847 2088 uinta
860 2063 1020 2095 confidentia,

268 2095 336 2127 Quin
353 2099 465 2130 resuqiat
478 2099 567 2124 timido
577 2101 694 2132 mum
701 2100 779 2131 acque
789 2099 937 2126 exalbescat
945 2103 1020 2126 metu.

229 2141 288 2166 ⁶2⁴9.
315 2140 396 2167 Aliud
419 2143 475 2169 vis:
497 2139 664 2176 contentum.
691 2143 849 2174 vehemens.
876 2143 1022 2171 imminens

229 2177 344 2212 quadam
358 2178 509 2206 incitatione
517 2178 670 2216 gravitate:

266 2223 362 2250 Iter-tim
375 2224 492 2258 Thyestes
503 2228 601 2252 me‘cmn
611 2225 765 2252 altercatum
776 2224 791 2240 *
804 2227 915 2256 advenit,

267 2263 358 2287 iterum
371 2263 424 2288 iam
437 2264 587 2296 aggreditur
596 2271 636 2289 me
648 2265 671 2288 et
684 2264 796 2296 quietum
806 2265 955 2289 exsuscitat.

266 2297 353 2324 Maior
362 2300 424 2324 mihi
437 2301 521 2330 moles.
536 2302 621 2326 maius
631 2300 825 2325 miscenddm'st
834 2301 939 2331 malum,

267 2337 311 2367 qui
320 2336 392 2362 itlius
405 2338 524 2362 acerbum
534 2339 578 2363 cor
591 2338 745 2363 contundam
754 2341 777 2362 et
788 2339 960 2370 comprimam.

1041 2320 1044 2361 i

230 2378 311 2406 Aliud
329 2381 465 2422 voluptas:
491 2381 619 2410 effusum.
640 2380 712 2413 leno,
728 2386 863 2414 tenerum,
879 2382 1020 2409 hilaratum
1041 2365 1044 2438 i

230 2424 259 2441 ac
272 2425 429 2445 remissum:
1042 2440 1052 2455 rx

267 2462 316 2487 Sed
338 2464 399 2489 milii
419 2472 498 2497 quum
514 2465 596 2491 tetulit
611 2473 730 2508 eoronam
747 2466 777 2490 ob
792 2465 955 2490 collocandas
970 2467 1021 2491 mi-
1041 2452 1044 2524 Ξ

268 2536 314 2560 tivi
329 2538 438 2568 serebat.
456 2541 532 2570 quum
553 2505 766 2564 simulgbtelizts’sese
779 2546 836 2564 eam
853 2539 931 2564 alleri
947 2540 1018 2568 dare,

267 2576 320 2597 tum
329 2573 364 2598 ed
377 2577 400 2598 te
410 2574 549 2601 ludibunda
562 2577 632 2601 docte
641 2580 665 2601 et
677 2576 784 2602 delicate
793 2576 891 2601 detulit.

230 2608 312 2635 Aliud
335 2608 468 2636 molestia:
502 2611 560 2638 sine
581 2612 809 2638 commiseratione
829 2620 909 2648 grave
934 2611 1021 2647 quod·
1048 2616 1052 2658 ἶ

230 2645 291 2672 dam
302 2650 327 2672 et
341 2654 394 2673 uno
408 2655 503 2681 pressu
517 2657 546 2674 ac
559 2657 624 2676 sono
636 2648 781 2676 obductum
793 2658 797 2673 :
1049 2672 1051 2674 .

1050 692 1052 712 l
1073 681 1207 714 procerius
1235 681 1392 714 proiectum.
1417 682 1493 715 quasi
1513 681 1647 716 quoddam
1667 681 1748 708 telum
1767 683 1862 708 oratio-

1050 713 1052 747 Ι
1073 717 1127 748 nis;
1154 717 1292 752 supplosio
1311 717 1385 752 pedis
1404 718 1429 744 in
1447 718 1660 744 contentionibus
1675 723 1718 745 aut
1733 719 1861 754 incipien-

1050 766 1051 771 =
1073 754 1114 780 dis
1128 759 1173 780 aut
1187 755 1320 781 liniendis
1355 754 1406 780 Sed
1422 756 1447 781 in
1461 764 1504 781 ore
1519 760 1582 781 sunt
1599 757 1697 782 omnia.
1720 757 1777 782 22⁴.
1793 756 1821 783 In
1831 765 1861 783 eo

1050 788 1051 825 l
1072 796 1159 817 autem
1175 792 1233 826 ipso
1247 791 1399 818 dominatus
1413 797 1452 818 est
1465 793 1552 819 omnis
1566 792 1717 820 oculorum:
1739 802 1793 828 quo
1807 802 1863 819 me·

1050 832 1051 840 ¹
1074 828 1125 854 lius
1149 829 1230 855 nostri
1255 829 1292 855 illi
1317 837 1407 859 senes.
1431 830 1478 864 qui
1498 835 1666 864 personatum
1686 839 1718 856 ne
1737 830 1861 857 Roscium

1071 865 1181 900 quidem
1208 874 1304 901 magno
1325 874 1402 900 opere
1426 866 1576 893 laudabant.
1617 867 1705 893 Animi
1729 872 1768 893 est
1790 869 1862 893 enirn

1043 903 1051 945 λ
1072 903 1160 929 omnis
1174 903 1241 929 actio
1250 908 1274 929 et
1285 903 1371 938 imago
1382 903 1462 929 animi
1475 904 1574 935 vultus.
1587 904 1688 930 indices
1698 904 1778 931 oculi.
1796 905 1861 931 Nam

1073 940 1136 966 haec
1154 945 1193 966 est
1212 949 1263 966 una
1282 949 1342 975 pars
1359 941 1484 975 corporis.
1500 949 1581 976 quae.
1597 946 1661 976 quot
1675 942 1756 968 animi
1775 946 1862 968 motus

1073 981 1148 1008 sunt.
1181 982 1217 1004 tot
1246 977 1453 1013 significationes
1480 982 1505 1004 et
1535 978 1754 1005 commutationes
1780 979 1864 1013 possit

1050 1015 1051 1018 ’
1072 1014 1184 1041 efficere.
1219 1015 1311 1049 Neque
1330 1023 1392 1041 vero
1409 1019 1449 1041 est
1465 1016 1619 1050 quisquam.
1635 1016 1681 1050 qui
1695 1015 1787 1042 eadem
1800 1024 1864 1042 coo-

1073 1052 1168 1078 nivens
1195 1051 1299 1078 efficiat.
1334 1052 1532 1087 Theophrastus
1555 1052 1678 1088 quidem.
1704 1053 1861 1079 Tauriscum

1072 1089 1229 1124 quemdam,
1261 1089 1342 1120 dixit.
1375 1094 1487 1116 actorem
1520 1098 1643 1116 aversum
1669 1089 1777 1116 solitum
1805 1098 1864 1116 esee

1072 1127 1172 1157 dicere.
1193 1126 1239 1162 qui
1258 1127 1286 1152 in
1299 1126 1402 1161 agendo
1415 1132 1544 1153 contuens
1557 1127 1659 1162 aliquid
1671 1128 1861 1162 pronuntiaret.

1072 1165 1131 1191 222.
1158 1163 1244 1196 Quare
1269 1164 1406 1190 oculorum
1431 1168 1471 1190 est
1493 1173 1587 1200 magna
1611 1163 1763 1191 moderatio.
1797 1165 1862 1190 Nam

1073 1201 1126 1227 oris
1150 1209 1201 1227 non
1223 1205 1263 1227 est
1286 1201 1399 1227 nimium
1423 1201 1548 1227 mutanda
1571 1202 1686 1236 species.
1713 1210 1745 1228 ne
1767 1206 1813 1227 aut
1830 1201 1863 1227 ad

1043 1237 1052 1273 ζ,
1073 1238 1186 1273 ineptias
1221 1243 1266 1264 aut
1299 1238 1331 1264 ad
1366 1239 1520 1273 pravitatem
1554 1238 1671 1273 aliquam
1701 1238 1861 1265 deferamur.

1044 1289 1052 1304 μ
1073 1275 1149 1302 Oculi
1163 1280 1239 1306 sunt,
1255 1284 1370 1310 quorum
1385 1280 1441 1302 tum
1457 1276 1608 1306 intentione.
1626 1281 1680 1302 tum
1696 1276 1860 1305 remissione.

1073 1317 1130 1339 tum
1144 1313 1274 1344 coniectu,
1291 1317 1347 1339 tum
1362 1312 1501 1344 hilaritate.
1518 1318 1606 1339 motus
1619 1313 1768 1339 animorum
1779 1313 1864 1348 signi-

1073 1350 1184 1376 ficemus
1207 1354 1266 1384 apte
1287 1358 1349 1376 cum
1371 1358 1467 1386 genere
1489 1350 1548 1384 ipso
1568 1350 1703 1376 orationis.
1724 1349 1773 1376 Est
1791 1350 1863 1376 enim

1073 1388 1140 1414 actio
1166 1387 1243 1422 quasi
1265 1395 1353 1413 sermo
1374 1387 1500 1421 corporis.
1520 1395 1574 1422 quo
1597 1387 1682 1422 magis
1701 1387 1782 1413 menti
1800 1395 1864 1413 con-

1072 1432 1172 1461 gruens
1194 1432 1252 1451 esse
1270 1423 1355 1450 debet.
1394 1423 1492 1451 Oculos
1509 1429 1597 1451 autem
1616 1429 1708 1451 natura
1726 1424 1816 1455 nobis.
1834 1429 1865 1450 ut

1072 1470 1142 1497 equo
1159 1466 1185 1488 et
1198 1461 1266 1488 leoni
1280 1466 1358 1492 setas.
1374 1461 1495 1492 caudam,
1511 1470 1597 1492 aures.
1613 1461 1646 1488 ad
1660 1466 1748 1488 motus
1761 1461 1864 1488 animo-

1073 1508 1132 1525 rum
1154 1498 1327 1525 declarandos
1348 1498 1431 1525 dedit.
1464 1500 1523 1526 223.
1546 1498 1633 1531 Quare
1653 1499 1680 1525 in
1703 1498 1752 1525 hac
1774 1502 1862 1525 nostra

1072 1536 1173 1563 actione
1186 1535 1334 1562 secundum
1350 1544 1440 1562 vocem
1454 1535 1546 1562 vultus
1561 1535 1642 1568 valet;
1664 1536 1687 1562 is
1700 1540 1788 1562 autem
1799 1544 1864 1562 ocu-

1073 1573 1106 1599 lis
1127 1573 1301 1608 gubernatur.
1334 1572 1421 1607 Atque
1442 1573 1470 1598 in
1493 1573 1526 1599 iis
1549 1573 1684 1604 omnibus,
1709 1581 1778 1608 quae
1800 1577 1865 1599 sunt

1072 1610 1196 1641 actionis,
1221 1611 1290 1636 inest
1312 1609 1442 1644 quaedam
1465 1610 1506 1636 vis
1526 1619 1540 1636 a
1559 1614 1651 1636 natura
1668 1610 1737 1636 data.
1776 1609 1864 1642 Quare

1072 1648 1151 1673 etiam
1171 1647 1220 1673 hac
1237 1647 1362 1681 imperiti.
1380 1646 1427 1673 hac
1442 1646 1550 1682 vulgus.
1566 1647 1615 1673 hac
1628 1646 1744 1682 denique
1758 1646 1863 1673 barbari

1072 1685 1188 1710 maxime
1210 1688 1417 1710 commoventur.
1458 1684 1542 1710 Verba
1564 1684 1635 1710 enim
1654 1685 1787 1710 neminem
1806 1692 1864 1710 mo-

1073 1726 1148 1752 vent.
1165 1721 1216 1747 nisi
1235 1729 1311 1752 eum.
1335 1722 1382 1756 qui
1400 1720 1521 1747 eiusdem
1541 1720 1647 1757 linguae
1665 1722 1787 1748 societate
1799 1729 1864 1747 con-

1072 1759 1180 1785 iunctus
1203 1762 1256 1790 est;
1277 1759 1476 1793 sententiaeque
1494 1766 1573 1793 saepe
1591 1763 1681 1785 acutae
1703 1766 1755 1785 non
1773 1763 1863 1784 acuto-

1071 1804 1132 1822 rum
1146 1795 1285 1822 hominum
1299 1803 1395 1821 sensus
1409 1795 1615 1830 praetervolant:
1635 1796 1710 1827 actio.
1722 1803 1791 1831 quae
1800 1803 1862 1830 prae

1071 1841 1100 1859 se
1123 1837 1225 1859 motum
1247 1833 1329 1858 animi
1354 1831 1415 1863 fert.
1439 1841 1532 1859 omnes
1549 1837 1650 1865 movet;
1676 1832 1772 1859 iisdem
1790 1833 1862 1858 enim

1071 1870 1192 1896 omnium
1219 1870 1301 1896 animi
1328 1870 1445 1896 motibus
1467 1870 1632 1896 concitantur
1653 1874 1678 1896 et
1699 1878 1744 1896 eos
1765 1869 1861 1896 iisdem

1072 1907 1141 1934 notis
1154 1911 1180 1933 et
1193 1916 1220 1933 in
1234 1906 1294 1933 aliis
1307 1911 1455 1942 agnoscunt
1467 1911 1493 1933 et
1505 1907 1534 1933 in
1547 1915 1576 1933 se
1586 1907 1638 1942 ipsi
1651 1906 1778 1933 indicant.

1126 1944 1184 1970 LX.
1210 1945 1270 1971 224.
1288 1944 1330 1970 Ad
1343 1944 1453 1970 actionis
1467 1948 1554 1970 autem
1569 1952 1648 1970 usum
1662 1948 1742 1979 atque
1756 1943 1863 1970 laudem

1072 1982 1216 2008 maximam
1234 1981 1292 2007 sine
1310 1980 1393 2008 dubio
1411 1985 1511 2016 partem
1526 1989 1578 2007 vox
1590 1981 1704 2013 obtinet3
1726 1989 1794 2016 quae
1807 1981 1863 2015 pri-

1072 2027 1147 2045 mum
1169 2023 1210 2044 est
1226 2018 1340 2053 optanda
1356 2018 1446 2050 nobis;
1468 2017 1578 2049 deinde.
1598 2026 1784 2053 quaecumque
1802 2018 1859 2047 erit.

1071 2064 1102 2082 ea
1119 2055 1227 2082 tuenda.
1259 2055 1296 2082 De
1313 2063 1367 2090 quo
1385 2055 1453 2081 illud
1470 2056 1523 2081 iam
1541 2055 1608 2081 nihil
1623 2054 1656 2081 ad
1670 2055 1719 2081 hoc
1732 2055 1859 2090 praecipi-

1071 2092 1133 2119 endi
1146 2101 1242 2128 genus,
1257 2091 1485 2127 quemadmodum
1499 2093 1557 2119 voci
1570 2092 1715 2118 serviatur:
1736 2091 1861 2127 equidem

1071 2138 1168 2166 magno
1191 2138 1270 2164 opere
1287 2137 1382 2155 censeo
1399 2128 1584 2162 serviendum;
1605 2129 1653 2155 sed
1670 2128 1739 2156 illud
1757 2128 1862 2155 videtur

1071 2166 1104 2194 ab
1118 2167 1200 2193 huius
1214 2166 1296 2193 nostri
1310 2167 1440 2192 sermonis
1454 2165 1542 2193 officio
1555 2175 1607 2193 non
1617 2165 1765 2196 abhorrere,
1776 2166 1858 2200 quod.

1071 2208 1101 2230 ut
1117 2203 1174 2230 dixi
1191 2203 1282 2238 paullo
1299 2207 1372 2234 aute,
1388 2203 1513 2238 plurimis
1526 2204 1553 2229 in
1567 2203 1648 2230 rebus
1661 2202 1733 2238 quod
1746 2203 1862 2229 maxime

1071 2246 1111 2267 est
1129 2240 1207 2272 utile,
1231 2240 1259 2266 id
1279 2241 1369 2267 nescio
1393 2249 1448 2276 quo
1470 2245 1546 2276 pacto
1555 2241 1634 2266 etiam
1646 2239 1721 2266 decet
1735 2239 1860 2266 maxime.

1071 2278 1138 2304 Nam
1156 2277 1188 2304 ad
1207 2285 1299 2304 vocem
1317 2277 1489 2304 obtinendam
1508 2277 1575 2304 nihil
1592 2282 1633 2303 est
1649 2276 1758 2308 utilius,
1777 2285 1860 2312 quam

1070 2315 1162 2342 crebra
1179 2314 1304 2347 mutatio;
1327 2314 1393 2341 nihil
1412 2315 1601 2350 perniciosius,
1616 2322 1698 2349 quam
1711 2313 1794 2340 effusa
1803 2314 1862 2340 sine

1070 2352 1267 2378 intermissione
1279 2352 1421 2378 contentio.
1441 2353 1501 2379 225.
1515 2349 1604 2383 Quid?
1621 2350 1655 2377 ad
1668 2359 1745 2378 aures
1758 2356 1861 2378 nostras

1071 2393 1097 2415 et
1109 2389 1220 2415 actionis
1233 2389 1400 2419 suavitatem.
1416 2388 1483 2424 quid
1495 2393 1536 2414 est
1546 2388 1732 2415 vicissitudine
1741 2393 1767 2415 et
1775 2389 1862 2415 varie-

1071 2430 1122 2452 tate
1139 2431 1165 2452 et
1181 2426 1387 2452 commutatione
1399 2424 1506 2461 aptius?
1523 2425 1615 2460 ltaque
1628 2425 1698 2451 idem
1713 2425 1858 2458 Gracchus,

1071 2462 1144 2498 quod
1167 2468 1241 2498 potes
1262 2462 1363 2493 audire.
1389 2462 1488 2493 Catule.
1513 2470 1547 2488 ex
1568 2462 1670 2488 Licinio
1690 2462 1786 2489 cliente
1803 2467 1858 2494 tuo,

1072 2499 1184 2526 litterato
1213 2499 1334 2531 homine.
1357 2508 1439 2535 quem
1456 2507 1565 2525 servum
1583 2498 1635 2525 sibi
1653 2498 1699 2525 ille
1715 2499 1811 2526 habuit
1826 2499 1859 2526 ad

1071 2545 1190 2569 manum.
1206 2545 1268 2564 cum
1282 2536 1424 2563 eburneola
1437 2535 1532 2563 solitus
1545 2535 1692 2562 esthabere
1702 2535 1800 2567 fistula.
1811 2537 1860 2571 qui

1042 2578 1043 2601 ὲ
1071 2578 1152 2601 staret
1179 2573 1282 2601 occulte
1310 2577 1371 2608 post
1400 2573 1503 2608 ipsum.
1534 2581 1621 2608 quum
1649 2574 1857 2603 concionaretur.

1071 2612 1186 2645 peritum
1205 2611 1353 2641 hominem.
1368 2611 1416 2646 qui
1429 2609 1531 2636 inflaret
1543 2609 1664 2636 celeriter
1675 2618 1737 2637 eum
1751 2619 1857 2641 sonum,

1069 2656 1126 2684 quo
1140 2647 1219 2674 illum
1237 2652 1282 2674 aut
1299 2647 1442 2674 remissum
1459 2647 1592 2677 excitaret.
1608 2651 1654 2673 aut
1666 2655 1681 2674 a
1693 2647 1859 2674 contentione
