1941 3052
236 152 284 174 ‘itu
806 150 859 174 tut.
893 148 926 174 M.

236 221 258 246 si
271 219 336 254 quid
350 219 413 245 snru·
425 219 467 246 sit,
482 217 552 252 quod
566 222 643 252 puts-u
655 226 696 243 ηπ·
708 218 775 243 svin·
785 223 915 252 oportere.
938 218 1028 253 ltaque

237 258 327 291 accepi
347 264 380 282 ri.
399 256 435 282 ΙιΙ.
455 256 554 280 litteras
567 260 624 280 tuas
638 256 738 280 inanes.
779 255 848 286 Quid
861 256 932 281 enim
947 255 1029 281 liabe-

238 293 372 327 lms,qu‹›d
386 292 536 317 spritu-ros?
556 292 622 317 mihi
635 297 721 317 lanu-n
737 291 811 319 illud,
821 292 1025 327 quidquiderat.

237 340 288 357 non
306 330 446 355 molestum
461 328 518 358 fuit,
538 328 604 354 nihil
617 328 691 354 aliud
703 330 770 354 scire
784 338 834 359 mc,
849 330 910 355 nnvi
924 334 947 355 tc
960 329 1027 355 nihil

238 367 344 393 habere,
371 365 509 399 Scripsisti
525 370 611 391 tamen
625 366 714 391 ncscio
725 366 836 400 quidde
848 366 949 392 Clodia.
978 367 1027 393 Ubi

236 413 299 439 crgo
319 412 347 428 vn
369 402 427 428 cst‘?
455 407 500 428 nut
514 402 622 437 quando
639 403 767 428 ventura?
797 403 884 429 Placet
901 403 969 429 milii
986 412 1028 430 rc»

235 441 283 471 sic,
297 445 325 466 ut
336 439 485 465 secundum
497 439 628 465 Othonem
642 439 708 465 nihil
721 441 816 475 iringis.
838 443 862 466 ἓ.
876 440 928 467 Sed
942 449 1028 475 neque

237 478 304 503 lianc
326 477 494 503 venditurum
512 481 586 511 puto.
628 477 777 513 Delectatur
793 478 864 504 enim
881 482 906 503 ct
920 478 1026 512 copiosa

235 519 287 540 cst:
320 519 345 540 et
363 513 428 539 illud
441 513 554 540 alterum
566 522 646 549 quam
660 515 694 540 sit
704 514 828 544 difficile,
847 519 871 541 te
883 524 934 541 non
948 515 1026 550 fugit.

234 551 287 577 Sed
303 551 414 577 obsecro
429 552 575 581 enitamur,
594 556 622 577 ut
633 551 736 586 aliquid
749 551 780 577 ad
794 552 834 581 id,
852 552 925 587 quod
936 553 1025 587 cupio.

234 589 427 623 excogitemus.
451 590 474 614 53.
484 588 539 622 Ego
552 597 592 614 inc
606 588 944 623 hincpostridieexiturum
953 594 1025 624 puto,
1049 591 1057 599 '¹

233 625 281 651 sed
301 630 347 652 aut
368 626 393 651 in
410 625 592 651 'l'usculanum
614 630 660 652 aut
679 625 803 656 domum,
833 626 896 652 indo
917 626 1027 653 fortasse

234 663 376 697 Arpinum.
409 662 498 694 Quum
510 667 611 689 certum
624 663 722 693 sciero,
740 663 856 689 scribam
870 663 902 689 ad
915 668 948 690 te.
976 664 1027 690 Ve-

235 705 309 726 nerat
326 700 391 725 milii
411 700 435 726 in
449 705 564 726 montem
582 708 688 726 monere
707 705 739 731 te,
759 700 825 727 utid
838 702 936 735 ipsum,
954 701 1026 736 quod

235 737 312 767 facis.
334 737 443 763 faceres.
485 737 612 763 Putabam
627 738 713 767 enim,
731 738 899 764 commodius
916 743 939 764 te
955 738 1025 764 idem

234 774 307 801 istud
319 774 391 800 domi
403 782 480 809 agere
492 783 579 809 posse,
594 774 806 809 interpellatione
817 775 932 802 sublata.

287 843 367 864 Xhllt.
396 846 426 866 (tn
437 845 517 864 Antiati,
527 846 605 863 (ra-*mv
616 846 640 862 lv
657 853 687 862 ιω

419 888 586 915 CICERO
615 888 782 915 ATTICO
811 889 839 915 S.

292 927 314 950 l.
338 921 398 960 Ego
414 925 542 959 postridie
557 925 633 956 idus,
652 930 680 952 ut
695 927 791 960 scripsi
803 926 837 952 ad
849 931 872 953 te
884 931 956 956 ante,
976 927 1025 952 La-

691 854 718 863 ,,,
730 846 773 863 «ult.
786 848 840 867 τος.)

232 963 310 989 nuvii
327 971 433 989 maner(¹
449 963 589 991 constitui:
617 963 679 989 inde
695 968 740 990 aut
756 964 852 990 Romae
867 968 912 990 aut
928 965 954 990 in
971 964 1026 989 Tu-
1047 994 1055 1002 μ

770 1001 847 1033 Quod
871 1001 936 1026 siles
957 1001 1024 1027 mihi
1046 1006 1055 1026 5=

231 999 352 1026 sculano.
393 1000 467 1026 Scies
491 1005 551 1026 ante
576 1006 730 1035 utrumque.

234 1036 307 1063 illam
322 1045 377 1063 rem
390 1036 444 1063 fore
457 1037 614 1068 levamento,
629 1038 696 1063 bene
709 1037 787 1069 sacis,
816 1038 935 1073 quumid
943 1043 1022 1068 esset,

232 1074 398 1105 mihicrede,
411 1074 531 1108 perinde,
547 1079 574 1100 ut
585 1075 738 1101 existimare
751 1080 777 1101 tu
790 1084 840 1101 non
848 1084 951 1110 posses.
973 1076 1025 1101 Res
1046 1094 1047 1100 1

232 1111 345 1141 indicat.
363 1116 462 1146 quanto
478 1120 557 1145 opere
575 1111 600 1137 id
612 1113 734 1146 cupiam,
752 1121 838 1147 quum
851 1112 899 1138 tibi
911 1112 1023 1138 audeam
1046 1143 1047 1147 Ἰ

230 1148 364 1175 confiteri:
381 1157 462 1183 quem
475 1149 502 1174 id
514 1157 565 1174 non
577 1149 611 1175 ita
625 1148 701 1174 valde
709 1149 949 1183 proliarearbitrer.
971 1149 1024 1175 Sed
1046 1158 1055 1180 '2

232 1185 680 1219 ferendustibiinhocmeuserror3
696 1186 841 1212 serendus‘?
852 1187 971 1213 —immo
979 1195 1025 1212 ve-
1054 1182 1055 1203 i

232 1232 260 1248 ro
270 1223 349 1248 ctiam
362 1222 542 1248 adiuvandus
580 1225 604 1249 ’2.
621 1224 656 1249 De
668 1223 780 1254 Othone,
795 1223 898 1254 diffido,
913 1223 1024 1250 fortasse

230 1260 294 1294 quia
311 1261 400 1293 cupio.
446 1259 498 1285 Sed
515 1264 602 1286 tamen
620 1261 704 1286 maior
718 1261 798 1287 etiam
814 1269 855 1287 res
871 1265 924 1292 est,
942 1270 1023 1296 quam

230 1296 368 1322 facultates
389 1301 507 1327 nostrae,
530 1298 686 1331 praesertim
705 1297 858 1325 adversario
873 1303 899 1324 et
913 1298 1021 1333 cupido,

229 1339 255 1360 et
271 1333 401 1368 locuplete
412 1339 438 1360 et
450 1333 556 1360 herede.
599 1335 753 1361 Proximum
766 1340 815 1366 est,
830 1340 859 1362 ut
871 1335 953 1361 velim
963 1335 1024 1362 Clo-

229 1371 299 1397 diae.
341 1370 393 1397 Sed
409 1371 433 1397 si
447 1372 496 1397 ista
513 1372 602 1397 minus
614 1372 708 1398 confici
720 1377 842 1407 possunt,
856 1372 932 1399 effice
942 1372 1024 1408 quid-

230 1417 282 1434 vis.

229 1445 313 1471 ullius
329 1446 396 1476 voti,
410 1445 568 1472 obstrictum
584 1451 659 1480 puto.
700 1446 811 1473 Videbis
827 1449 907 1474 etiam
923 1447 1023 1474 Trebo-

229 1483 337 1509 nianos:
364 1483 414 1509 etsi
426 1483 524 1509 absunt
535 1482 648 1509 domini.
689 1483 751 1515 Sed,
765 1489 793 1510 ut
805 1484 838 1510 ad
850 1489 874 1511 te
887 1485 943 1511 heri
955 1485 1023 1511 scri-

229 1520 286 1554 psi,
309 1520 494 1546 considerabis
517 1521 598 1546 etiam
620 1520 652 1547 de
672 1521 839 1554 Tusculano,
881 1531 913 1549 ne
934 1527 1022 1548 aestas

228 1556 332 1583 effluat:
355 1557 427 1592 quod
439 1562 508 1584 certe
520 1566 572 1583 non
583 1562 624 1584 est
634 1559 866 1586 committendum.

284 1626 363 1646 XLIV.
386 1628 416 1646 (lu
426 1628 505 1649 Antiati,
515 1629 594 1646 Caes-'irc
604 1629 638 1646 IV.
649 1636 686 1646 cos.
696 1636 711 1647 a,
722 1629 766 1647 noll.
778 1631 833 1652 709.)

414 1670 583 1698 CICERO
612 1671 779 1699 ATTICO
808 1672 837 1699 S.

286 1710 308 1733 t.
321 1704 358 1734 Et
369 1708 484 1734 Hirtium
498 1708 602 1743 aliquid
614 1709 647 1735 ad
658 1714 682 1736 te
694 1712 847 1744 συμπαθῶς
857 1709 890 1736 de
901 1718 943 1736 me
954 1710 1022 1736 scri-

229 1745 316 1779 psisse
336 1744 413 1771 facile
434 1746 532 1780 patior,
555 1746 867 1782 (secitenimhumanez)
889 1752 916 1773 et
927 1752 951 1773 te
961 1748 1021 1773 eius
1050 1753 1052 1762 ’

227 1781 368 1816 epistolam
389 1782 422 1808 ad
443 1791 485 1808 me
509 1791 561 1809 non
584 1784 706 1815 misisse,
724 1784 808 1811 multo
824 1784 940 1811 facilius.
981 1785 1021 1810 Tu

227 1819 300 1845 enim
316 1820 395 1846 etiam
413 1819 569 1846 humanius.
610 1820 686 1847 Illius
704 1820 818 1852 librum,
835 1830 917 1856 quem
933 1821 966 1847 ad
978 1830 1020 1847 me

228 1857 302 1882 misit
317 1856 350 1883 de
366 1856 476 1888 Catone,
494 1862 633 1891 propterea
649 1857 710 1884 volo
725 1858 862 1894 divulgari
878 1867 891 1885 a
907 1859 974 1889 tuis,
992 1863 1021 1885 ut

227 1901 261 1919 ex
285 1893 396 1919 istorum
422 1894 616 1928 vituperatione
635 1895 670 1921 sit
691 1895 766 1921 illius
787 1897 871 1922 maior
892 1895 1018 1922 laudatio.

227 1931 253 1957 2.
278 1929 355 1962 Quod
373 1938 421 1965 per
436 1930 578 1957 Mustelam
594 1932 665 1967 agis,
689 1931 773 1958 habes
790 1933 926 1959 hominem
943 1933 1020 1959 valde

226 1966 354 1993 idoneum
371 1968 479 2002 meique
494 1976 558 1994 sane
573 1969 726 1995 studiosum
745 1970 798 1995 iam
813 1969 876 1996 inde
888 1978 901 1995 a
914 1970 1020 1996 Pontia-

227 2012 271 2031 no.
312 2004 411 2030 Perfice
428 2005 511 2040 igitur
521 2005 635 2039 aliquid.
677 2006 748 2038 Quid
760 2012 849 2033 autem
865 2007 953 2038 aliud,
967 2007 1019 2033 nisi

227 2046 257 2068 ut
277 2041 366 2068 aditus
389 2042 424 2068 sit
440 2042 572 2076 emptori?
601 2043 673 2077 quod
688 2052 736 2078 per
751 2045 877 2079 quemvis
893 2044 1019 2070 heredem

227 2083 314 2114 potest
333 2078 414 2105 effici.
456 2079 508 2105 Sed
525 2079 665 2106 Mustelam
682 2080 709 2106 id
721 2081 918 2115 perfecturum,
936 2082 960 2107 si
977 2090 1019 2107 ro-

226 2116 313 2151 gariS,
335 2120 409 2150 puto.
450 2116 517 2142 Mihi
529 2125 591 2143 vero
602 2122 627 2143 ct
640 2117 737 2148 locum,
753 2127 835 2153 quem
845 2123 920 2153 opto,
934 2119 967 2145 ad
980 2118 1016 2146 id,

226 2153 299 2188 quod
312 2152 447 2184 volumus,
461 2153 577 2185 dederis,
591 2159 616 2180 et
625 2159 761 2189 praeterea
773 2156 918 2192 ἐγγήριηια.
951 2156 1018 2182 Nam

225 2190 271 2216 illa
284 2190 345 2217 Silii
356 2195 382 2217 et
392 2191 470 2217 Drusi
482 2200 533 2217 non
548 2192 613 2217 satis
626 2191 824 2220 οἰκοδεσποτικά
836 2193 905 2219 mihi
922 2192 1019 2219 viden-

226 2232 278 2254 tur.

225 2269 269 2291 tur
285 2264 377 2291 malim
393 2266 512 2300 primum
523 2266 650 2297 Othonis,
668 2266 766 2293 deinde
778 2267 896 2294 Clodiae.
936 2267 964 2294 Si
975 2268 1018 2294 ni-

226 2301 266 2328 hil
279 2301 335 2331 fiet,
353 2307 399 2329 aut
414 2303 498 2329 Druso
516 2302 597 2329 ludus
614 2308 654 2329 est
667 2305 865 2340 suggerendus,
878 2309 924 2332 aut
939 2309 1018 2331 uten-

225 2339 292 2365 dum
307 2339 468 2366 Tusculano.
509 2342 534 2366 3.
549 2339 626 2372 Quod
637 2340 710 2367 domi
721 2346 746 2367 te
757 2341 902 2373 inclusisti,
915 2343 1016 2369 ratione

225 2375 322 2403 fecisti.
362 2376 414 2403 Sed
429 2385 530 2412 quaeso
544 2377 658 2408 confice,
676 2383 701 2404 et
712 2382 736 2404 te
748 2387 863 2405 vacuum
876 2379 957 2406 redde
969 2388 1017 2406 no-

225 2413 277 2439 bis.
317 2414 374 2449 Ego
388 2414 464 2444 hinc,
479 2419 507 2440 ut
518 2415 615 2449 scripsi
628 2419 712 2445 antea,
726 2416 854 2450 postridie
865 2416 904 2443 1d.
927 2417 1016 2443 Lanu-

224 2450 272 2480 vii,
289 2450 387 2477 deinde
407 2451 536 2485 postridie
556 2452 583 2478 in
605 2452 766 2479 Tusculano.
806 2453 922 2480 Contudi
942 2454 1015 2480 enim

224 2487 356 2518 animum,
369 2492 395 2514 et
407 2487 517 2515 fortasse
526 2489 589 2519 vici,
603 2489 626 2515 si
638 2489 716 2515 modo
727 2497 909 2524 permansero.
940 2491 1014 2517 Scies

224 2523 309 2558 igitur
319 2524 430 2551 fortasse
441 2533 508 2556 cras,
521 2534 660 2552 summum
671 2526 809 2560 perendie.
844 2529 869 2554 4.
884 2527 937 2554 Sed
947 2528 1014 2563 quid

223 2559 281 2586 est?
296 2569 405 2595 quaeso.
436 2562 597 2589 Philotimus
608 2571 657 2589 nec
667 2564 785 2590 Carteiae
804 2565 960 2600 Pompeium
975 2570 1015 2592 te-

224 2597 296 2627 neri,
319 2598 382 2632 (qua
403 2598 436 2624 de
452 2607 478 2625 re
501 2599 648 2626 litterarum
664 2599 698 2626 ad
713 2600 838 2627 Clodium
854 2603 1013 2629 Patavinum

223 2634 370 2660 missarum
390 2635 545 2670 exemplum
564 2635 633 2663 ffiihi
648 2636 752 2672 Oppius
775 2643 801 2664 et
811 2639 910 2665 Balbus
931 2640 1014 2666 mise—

224 2675 295 2702 rant,
313 2679 341 2697 se
352 2671 380 2697 id
395 2671 494 2698 factum
510 2673 658 2708 arbitrari,)
674 2674 832 2710 bellumque
846 2681 934 2703 narrat
950 2677 1014 2703 reli—

1046 1102 1049 1117 l

322 1408 379 1443 Ego
395 1416 437 1434 me
453 1409 551 1434 maiore
562 1408 705 1444 religione,
722 1418 804 1444 quam
815 1411 961 1445 quisquam
973 1409 1024 1436 fuit
1045 1406 1054 1424 '⁴

318 2227 389 2259 Quid
405 2229 477 2254 enim
492 2228 585 2255 sedere
599 2233 665 2255 totos
679 2229 738 2255 dies
752 2230 780 2256 in
791 2229 874 2257 villa‘?
903 2231 954 2257 Ista
966 2231 1018 2266 igi-
1047 2240 1049 2247 ⁴

1057 318 1059 328 Ι
1079 293 1124 327 gin
1135 293 1282 319 Caniniano
1293 295 1369 323 sciro,
1383 293 1449 328 quid
1462 295 1505 320 sit.

1054 896 1056 920 ζ
1077 899 1219 925 cognoram
1231 899 1263 917 ex
1275 891 1329 917 tuis
1342 891 1445 917 litteris.

1050 1833 1051 1852 ἶ
1071 1836 1182 1863 delabor
1201 1836 1235 1863 ad
1250 1836 1381 1863 Clodiam.

959 148 988 174 Τ.
1019 148 1314 175 (IlCERONlS'

1079 227 1163 253 quum
1177 219 1242 245 sutis
1254 228 1391 253 magnum.
1433 219 1503 246 Solet
1513 222 1624 247 omnino
1634 230 1692 247 east·
1708 221 1858 250 Fulvium

1079 255 1129 281 sod
1147 260 1248 285 tomen.
1266 257 1289 282 ai
1303 256 1369 291 quid
1383 257 1465 282 habea
1477 272 1521 283 -—.
1554 259 1616 284 Volo
1627 259 1706 285 etiam
1718 260 1751 285 de
1763 261 1869 286 naufra-

1133 361 1201 382 xm'.
1225 365 1256 382 u„
1267 364 1346 386 'in-nan,
1357 365 1432 381 ‹zu-m
1446 364 1477 381 iv.
1486 372 1522 381 u...
1535 373 1547 382 ..
1559 367 1603 383 «un.
1614 368 1668 387 τινα.)

1262 406 1428 433 CICERO
1458 407 1626 434 ATTICO
1658 408 1687 435 S.

1138 445 1159 469 l.
1184 439 1243 479 Ego
1258 444 1301 470 liic
1312 444 1366 470 duo
1378 453 1473 479 magna
1485 444 1655 481 avrteiypmn
1666 446 1780 473 absolvi.
1804 448 1870 473 Nut-

1081 480 1105 506 lo
1119 481 1191 506 enim
1209 481 1262 507 alio
1277 481 1355 508 modo
1371 490 1384 506 a
1402 483 1508 508 miseria
1524 483 1603 517 quasi
1614 483 1736 509 aberrare
1747 492 1857 518 [mesum

1079 518 1117 543 Tu
1136 518 1217 548 milii,
1235 519 1340 544 etiamsi
1354 519 1421 545 nihil
1434 520 1497 549 erit,
1515 519 1587 554 quod
1600 520 1715 549 scribas,
1728 522 1800 556 quod
1816 522 1869 548 son·

1081 556 1113 580 ita
1127 554 1218 581 vidi-o:
1246 561 1333 582 tamen
1345 555 1371 582 id
1385 557 1474 590 ipsum
1487 557 1589 582 scribas
1602 557 1692 585 velim.
1707 563 1731 583 te
1743 559 1809 585 nihil
1823 559 1870 585 ha-

1080 592 1172 617 buisse
1181 613 1186 620 .
1199 592 1270 627 quod
1282 593 1423 623 scriberes.
1437 593 1502 619 dum
1516 593 1593 619 modo
1605 603 1636 620 nc
1650 594 1691 620 his
1704 595 1802 622 verbis.
1846 599 1866 622 2.

1081 630 1115 655 D(-
1128 630 1221 660 Attica,
1234 630 1344 665 optime.
1366 631 1465 663 ἱ-Ικηδίιι
1476 635 1520 657 tua
1533 639 1575 657 me
1587 637 1688 658 movet:
1711 633 1760 658 etsi
1772 633 1869 659 scribis

1079 666 1146 692 nihil
1168 675 1237 693 esse.
1278 668 1306 694 ln
1327 667 1479 694 Tusculano
1494 676 1525 693 eo
1539 668 1707 695 commodius
1721 678 1779 699 ero.
1796 670 1868 705 quod

1077 708 1102 730 et
1123 704 1244 730 crebrius
1267 709 1325 730 tuas
1342 704 1441 731 litteras
1455 705 1599 739 accipiam,
1617 710 1642 732 et
1657 711 1682 732 te
1698 707 1786 740 ipsum
1803 715 1870 734 non-

1079 749 1227 776 numquam
1253 742 1360 768 videbo.
1402 743 1468 768 Nam
1484 747 1570 769 cetera
1586 742 1696 777 quidem
1714 744 1869 779 ἀπιστότερα

1077 783 1151 804 crant
1172 779 1296 805 Asturae:
1326 780 1414 805 nunc·
1431 779 1507 806 haec.
1526 788 1595 814 quac
1612 779 1749 810 refricant,
1768 781 1811 807 hic
1827 789 1869 807 me

1055 825 1057 835 ¹
1078 817 1164 851 magis
1175 821 1287 851 angunt.
1309 817 1365 842 Etsi
1378 821 1478 847 tamen,
1494 816 1659 852 ubicumque
1671 826 1741 844 sum.
1757 818 1800 844 illa
1808 824 1869 844 sunt

1078 861 1193 879 mecum.
1235 855 1259 879 3.
1275 854 1310 879 Dc
1322 854 1434 879 Caesare
1447 855 1535 880 vicino
1550 855 1708 889 scripseram
1721 855 1753 881 ad
1761 860 1793 882 te.
1805 856 1868 890 quia

1482 891 1550 917 Eum
1562 891 1676 918 σι”ννιιην
1687 891 1800 924 Quirino
1812 901 1868 918 ma-

1079 927 1116 957 lo,
1139 936 1219 962 quam
1241 927 1335 954 Saluti.
1376 928 1415 954 Tu
1441 937 1503 954 vero
1523 928 1653 965 pervulga
1673 929 1798 956 Hirtium.
1841 930 1867 955 iel

1076 965 1147 990 enim
1161 965 1249 999 ipsum
1262 970 1396 1000 putaram,
1409 965 1480 1000 quod
1492 965 1603 996 scribis,
1636 971 1677 996 ut,
1695 975 1780 1001 quurn
1794 967 1868 1001 inge—

1077 1002 1152 1027 nium
1168 1003 1247 1028 amici
1264 1003 1347 1029 nostri
1363 1003 1533 1037 probaretur,
1551 1002 1685 1033 ὑπόθεσις
1697 1004 1867 1038 vituperandi

1076 1039 1183 1066 Catonis
1196 1039 1360 1066 irrideretur.

1129 1108 1209 1129 ΧΙΧΙ.
1234 1110 1483 1133 (¹11A·»ii-=;,c1.‹mrn'.
1496 1118 1505 1127 e
1546 1119 1559 1128 .,
1571 1112 1614 1127 mu.
1627 1113 1664 1129 τω
1676 1114 1680 1125 1

1256 1148 1424 1175 CICERO
1457 1149 1625 1175 ATTtCO
1658 1149 1685 1175 S

1131 1181 1266 1215 Vincam,
1289 1186 1396 1220 opinor,
1418 1187 1549 1212 animum.
1571 1191 1597 1212 et
1618 1186 1737 1212 Lanuvio
1758 1195 1866 1221 pergam

1076 1223 1104 1248 in
1117 1222 1312 1249 Tusculanum.
1343 1224 1396 1249 Aut
1409 1224 1481 1249 enim
1494 1223 1561 1249 mihi
1575 1224 1599 1249 in
1612 1228 1772 1258 perpetuum
1785 1224 1868 1250 fundo

1076 1259 1122 1286 illo
1133 1259 1279 1286 carendum
1291 1265 1344 1286 est:
1371 1261 1442 1294 (nam
1454 1259 1529 1286 dolor
1541 1259 1612 1286 idem
1623 1260 1750 1290 manebit,
1765 1266 1867 1287 tantum

1076 1296 1265 1332 mediocrius:)
1286 1302 1331 1323 aut
1352 1298 1450 1328 nescio,
1473 1297 1540 1332 quid
1559 1298 1676 1326 intersit,
1696 1302 1784 1324 utrum
1803 1298 1867 1324 illuc

1075 1343 1147 1360 nunc
1162 1335 1283 1364 veniam,
1297 1343 1329 1360 an
1341 1334 1374 1360 ad
1388 1334 1481 1361 decem
1493 1343 1586 1361 annos.
1627 1335 1721 1369 Neque
1732 1336 1804 1361 enim
1818 1336 1867 1361 ista

1075 1372 1160 1398 maior
1174 1371 1334 1401 admonitio,
1352 1380 1433 1406 quam
1449 1372 1550 1406 quibus
1567 1371 1676 1397 a<sidue
1690 1372 1829 1403 conficior,
1842 1378 1867 1398 et

1074 1409 1133 1435 dies
1143 1413 1169 1435 et
1180 1414 1280 1435 noctes.
1320 1408 1391 1441 Quid
1403 1409 1484 1445 ergo?
1513 1410 1635 1443 inquies:
1667 1409 1735 1435 nihil
1749 1409 1868 1435 litterae‘?

1075 1446 1103 1472 In
1120 1445 1169 1472 hac
1183 1446 1295 1481 quidem
1312 1455 1338 1472 re
1351 1455 1451 1473 vereor.
1466 1455 1498 1472 ne
1511 1447 1590 1472 etiam
1602 1451 1701 1472 contra.
1743 1447 1809 1472 Nam
1824 1455 1867 1472 es-

1073 1491 1130 1509 sem
1142 1483 1252 1509 fortasse
1263 1483 1364 1509 durior.
1387 1483 1500 1510 Exculto
1509 1485 1516 1494 ·
1529 1484 1600 1510 enim
1612 1484 1702 1510 animo
1713 1483 1779 1509 nihil
1792 1492 1868 1519 agre-

1073 1525 1122 1551 ste,
1136 1520 1204 1547 nihil
1219 1521 1399 1547 inhumanum
1411 1526 1460 1547 est.

1126 1606 1218 1628 ’.(ΙΧΙΙΔ
1246 1609 1275 1632 (tn
1286 1608 1402 1629 Taunum,
1412 1608 1489 1626 cama>
1499 1608 1530 1625 iv.
1542 1615 1579 1625 cm.
1590 1616 1604 1626 Δ.
1614 1609 1658 1626 mn.
1668 1610 1711 1627 tos.

1255 1651 1423 1678 C1CERO
1451 1651 1621 1678 ATTICO
1649 1651 1678 1677 S.

1131 1690 1153 1714 4.
1176 1683 1224 1715 Tu
1246 1689 1340 1724 igitur,
1365 1693 1393 1714 ut
1407 1688 1554 1722 scripsisti,
1588 1696 1636 1714 nec
1652 1687 1680 1714 id
1697 1688 1866 1714 incommodo

1073 1730 1128 1752 tuo.
1150 1724 1612 1759 Velbinaeenimpoteruntlitterae.
1634 1724 1864 1752 Occurrametiam

1072 1763 1096 1789 si
1109 1771 1218 1789 necesse
1229 1763 1288 1789 erit.
1329 1762 1399 1797 Ergo
1411 1761 1437 1788 id
1449 1761 1570 1796 quidem,
1584 1767 1613 1788 ut
1623 1763 1732 1796 poteris.
1759 1763 1794 1788 De
1805 1763 1866 1789 Mu-

1072 1799 1151 1829 stela,
1171 1805 1198 1826 ut
1212 1799 1324 1825 scribis:
1357 1799 1406 1825 etsi
1422 1807 1550 1834 magnum
1560 1807 1629 1833 opus
1640 1804 1690 1825 est.
1730 1799 1768 1826 Eo
1779 1800 1865 1835 inagis

1421 1836 1592 1871 Quamquam
1607 1837 1635 1862 in
1652 1841 1764 1871 utroque
1780 1836 1865 1863 Fabe-

1073 1875 1177 1900 rianum
1195 1883 1291 1900 nomen
1306 1873 1502 1907 explorandum
1518 1878 1571 1899 est:
1606 1872 1640 1899 de
1651 1881 1717 1908 quo.
1737 1873 1805 1899 nibil
1818 1882 1865 1900 no-

1071 1912 1170 1941 cuerit,
1183 1912 1207 1937 si
1218 1910 1322 1945 aliquid
1332 1919 1394 1936 cum
1406 1910 1488 1937 Balbo
1499 1911 1552 1937 eris
1564 1909 1682 1941 locutus;
1706 1915 1731 1936 et
1741 1910 1862 1945 quidem,

1072 1953 1101 1974 ut
1115 1957 1156 1974 res
1168 1953 1221 1978 est,
1235 1956 1323 1974 emere
1335 1956 1382 1974 nos
1395 1947 1478 1978 velle.
1497 1955 1545 1974 nec
1557 1955 1635 1982 posse
1646 1948 1705 1973 sine
1717 1947 1767 1974 isto
1778 1949 1865 1974 nomi-

1072 1994 1114 2016 ne,
1128 1994 1177 2011 nec
1188 1985 1287 2012 audere
1299 1993 1326 2010 re
1338 1985 1447 2011 incerta.
1489 1986 1513 2011 2.
1529 1984 1580 2010 Sed
1591 1984 1699 2019 quando
1710 1984 1802 2011 Clodia
1814 1985 1865 2011 Ro-

1071 2031 1129 2048 mae
1142 2022 1231 2049 futura
1245 2027 1294 2052 est,
1309 2027 1333 2048 et
1344 2022 1408 2056 quia
1421 2022 1486 2048 tanti
1498 2030 1554 2048 rem
1565 2021 1699 2052 aestimas,
1713 2029 1743 2048 eo
1754 2030 1865 2056 prorsus

1071 2065 1175 2095 specto:
1203 2068 1255 2086 non
1266 2059 1333 2094 quin
1346 2058 1415 2085 illud
1427 2058 1533 2091 nialim3
1559 2058 1607 2084 sed
1617 2063 1643 2084 et
1653 2067 1749 2094 magna
1761 2067 1803 2085 res
1813 2064 1862 2089 est,

1070 2102 1096 2123 et
1106 2096 1218 2123 difficile
1232 2101 1365 2123 certamen
1377 2105 1440 2122 cum
1451 2096 1559 2131 cupido,
1573 2103 1634 2122 cum
1647 2095 1787 2130 locuplete.
1800 2104 1862 2122 cum

1071 2133 1182 2160 herede:
1206 2135 1255 2160 etsi
1267 2133 1300 2160 de
1311 2133 1459 2167 cupiditate
1473 2133 1575 2160 nemini
1587 2132 1746 2159 concedam:
1767 2134 1863 2159 ceteris

1071 2171 1152 2198 rebus
1169 2171 1308 2197 inferiores
1319 2179 1426 2196 sumus.
1466 2170 1520 2197 Sed
1532 2170 1597 2196 haec
1607 2177 1704 2196 coram.
1743 2171 1768 2196 3.
1784 2169 1862 2196 Hirtii

1072 2207 1182 2239 librum,
1196 2213 1225 2235 ut
1236 2207 1311 2237 facis,
1323 2207 1446 2244 divulga.
1481 2208 1518 2234 De
1530 2206 1682 2238 Philotimo,
1695 2205 1766 2233 idem
1777 2211 1803 2233 et
1813 2215 1863 2242 ego

1069 2245 1228 2272 arbitrabar.
1268 2245 1383 2272 Domum
1398 2250 1472 2271 tuam
1486 2243 1573 2280 pluris
1584 2243 1663 2270 n'deo
1678 2243 1807 2274 futuram,
1821 2245 1863 2270 vi-

1068 2283 1132 2309 cino
1151 2283 1274 2310 Caesare.
1315 2282 1498 2308 Tabellarium
1519 2289 1610 2308 meum
1625 2280 1705 2307 hodie
1723 2286 1861 2315 exspecta-

1069 2328 1140 2346 mus.
1181 2320 1235 2347 Nos
1245 2319 1279 2346 de
1290 2319 1358 2346 Pilia
1369 2325 1395 2346 et
1404 2319 1490 2346 Attica
1501 2319 1627 2345 certiores
1639 2317 1726 2344 faciet.

1119 2405 1224 2426 XLVIII.
1247 2408 1277 2429 (lu
1287 2407 1404 2429 Tusculano,
1413 2407 1493 2425 Caes-re
1502 2407 1535 2424 tv.
1545 2412 1584 2424 οω.
1594 2412 1610 2423 s.
1620 2406 1664 2424 wll.
1675 2408 1730 2427 709.)

1249 2449 1419 2477 CICERO
1447 2447 1618 2476 ATTICO
1646 2448 1675 2475 S.

1123 2487 1208 2519 Domi
1231 2496 1256 2519 te
1277 2491 1392 2518 libenter
1410 2500 1470 2518 esse
1484 2490 1562 2517 facile
1580 2490 1668 2517 credo.
1709 2490 1762 2517 Sed
1778 2490 1860 2517 velim

1066 2530 1149 2560 scire,
1167 2529 1235 2564 quid
1247 2529 1297 2556 tibi
1308 2533 1398 2560 restet,
1411 2533 1457 2555 aut
1470 2529 1558 2554 iamne
1568 2527 1726 2554 confeceris.
1766 2528 1824 2564 Ego
1835 2533 1860 2555 te

1067 2567 1094 2592 in
1106 2566 1259 2593 Tusculano
1270 2570 1404 2601 exspecto,
1417 2573 1503 2600 eoque
1516 2565 1612 2600 magiS,
1625 2564 1698 2600 quod
1709 2565 1860 2591 Tironista-

1066 2604 1114 2629 tim
1137 2608 1163 2630 te
1183 2609 1328 2630 venturum
1349 2602 1496 2637 scripsisti,
1523 2606 1549 2628 et
1567 2601 1696 2628 addidisti
1720 2607 1744 2628 te
1764 2606 1859 2637 putare

1065 2648 1134 2675 opus
1144 2648 1214 2666 esse.
1255 2639 1408 2666 Sentiebam
1419 2639 1541 2669 omnino,
1559 2643 1691 2674 quantum
1702 2639 1771 2665 mihi
1781 2647 1859 2673 prae-

1065 2685 1128 2704 sens
1149 2676 1305 2712 prodesses,
1342 2675 1390 2702 sed
1411 2675 1496 2703 multo
1519 2677 1606 2712 magis
1626 2681 1687 2711 post
1706 2675 1857 2703 discessum
