1941 3052
230 128 277 154 6ἷο
689 129 728 153 Η.
764 128 798 153 Μ.
833 127 863 153 Τ,

227 197 329 224 tamdiu
340 198 472 222 cessavit?
483 197 546 223 Nam
560 196 603 222 illo
615 197 679 223 ulter
690 197 852 223 Caesoninus
863 196 1017 223 Calventius

227 235 260 261 ab
275 234 450 260 odotem-nnn
464 239 581 260 versutus
593 239 632 259 est
644 234 669 259 in
682 233 749 263 foro.
766 243 850 268 quum
867 242 928 259 eum
942 242 1018 268 prae-

228 277 266 298 ter
282 271 435 297 simulatam
452 275 638 304 versutamque
654 271 788 297 tristitiam
805 270 877 296 nulla
894 279 935 296 res
945 279 1017 296 com-

228 308 371 339 mendaret,
384 318 434 334 non
448 308 513 334 iuris
524 307 654 337 studium,
668 316 718 333 non
730 307 845 338 dicendi,
855 316 906 334 non
918 308 954 334 rei
966 308 1017 334 mi-
1038 301 1040 347 J

229 346 324 376 lituris.
344 354 394 371 non
410 344 653 379 cognmccmlorum
667 344 818 375 hominum,
837 354 888 371 non
902 344 1017 371 liberali·
1038 351 1047 379 ,j

1038 382 1047 419 J
1069 386 1093 407 et
1115 386 1186 408 tuam
1208 382 1346 416 praedarn;
1368 383 1460 409 saltem
1479 383 1545 410 dum
1559 385 1744 411 conticesceret
1760 385 1805 412 illa
1821 386 1860 412 la·

228 388 274 409 tas.
315 384 398 413 Quem
421 382 580 416 praeteriens
599 390 683 415 quum
709 381 838 407 incultum
848 402 853 412 ,
879 381 1016 408 liurridurn

228 424 412 453 :necatumque
429 418 556 450 vidisses,
577 419 679 444 etiamsi
701 423 830 454 agrestem
847 423 872 445 et
893 418 1017 445 inhuma-

228 466 291 482 num
304 456 484 486 existimares,
499 460 584 481 tamen
598 455 770 482 libidinosum
783 461 807 482 et
819 456 952 490 perditum
965 465 1016 482 non

227 499 342 528 putareS.
370 494 408 519 tt.
423 492 489 518 Cum
502 492 550 519 lioc
562 492 677 523 bomine,
691 502 723 519 an
735 502 796 519 eum
808 494 898 528 stipite
909 493 1017 520 Aethio-

227 539 258 565 μυ
270 531 291 556 si
305 530 330 556 in
344 529 398 556 foro
408 530 580 561 constitisses,
595 530 660 556 niliil
672 530 792 556 crederes
804 531 946 557 interesse:
959 531 1017 556 sine

225 576 320 598 seusu,
338 567 395 593 sine
411 575 517 601 sapore.
535 566 684 602 elinguem,
703 567 820 599 tardum,
838 567 1016 594 inhumanum
1038 580 1040 594 ι

226 605 372 637 negotium.
404 604 585 639 Cappadocem
598 604 676 631 modo
687 605 825 639 abreptum
837 605 869 631 de
880 613 960 641 grege
973 613 1017 631 ve·
1038 606 1040 620 r

227 642 326 667 nulium
339 641 451 667 diceres.
485 641 556 668 Idem
568 641 639 668 domi
650 651 731 677 (ptam
745 642 918 669 libidinosus!
935 651 1016 677 quam

227 679 363 713 impurusl
385 687 465 713 quam
478 679 667 713 intemperans,
682 689 731 706 non
746 680 823 706 ianua
835 680 957 715 receptis.
970 679 1016 706 sed
1038 703 1039 710 ,

227 715 407 751 pseudothyro
427 716 589 742 intromissis
610 716 807 751 voluptatibusl
840 716 929 749 Quum
957 725 1018 743 vero

225 753 304 779 ctiam
327 752 421 779 litteris
441 753 548 779 studere
565 754 657 788 incipit
673 759 698 780 et
714 754 803 781 lielluo
819 754 943 781 immanis
954 763 1016 781 cum

225 789 364 817 Graeculis
376 790 571 825 philosophari,
585 796 640 817 tum
653 796 692 817 est
703 791 850 826 Epicureus
859 812 865 822 ,
878 800 928 818 non
942 792 1017 826 peni-

226 832 268 854 tus
280 827 318 853 illi
330 827 500 862 disciplinae.
517 836 703 863 quaecumque
714 834 766 858 est.
782 829 902 859 deditus.
915 829 961 855 scd
974 838 1017 855 ca-

225 869 288 900 ptus
305 873 357 890 uno
373 865 453 891 verbo
469 865 622 900 voluptatis.
664 866 746 892 Habet
766 871 854 893 autem
876 867 1016 902 magistros

225 910 277 928 non
289 910 322 928 ex
333 903 391 928 istis
403 902 513 937 ineptis,
531 903 577 937 qui
592 902 650 929 dies
662 908 728 930 totos
739 903 772 929 (le
781 903 869 930 officio
879 912 909 929 ac
919 905 951 929 de
963 904 1017 930 vir-

225 943 281 966 tute
290 939 438 970 disserunt,
451 940 498 974 qui
510 940 542 966 ad
554 940 684 971 laborem,
701 940 734 967 ad
746 941 913 972 industriam,
927 941 958 967 ad
971 949 1017 975 pe-

206 971 210 978 ’
225 976 308 1003 ricula
321 985 368 1011 pro
379 977 461 1011 patria
471 977 611 1003 subeunda
623 977 808 1010 adliortantur;
831 978 877 1005 sed
893 987 951 1008 θος,
969 978 1016 1013 qui

224 1013 370 1048 disputent,
385 1014 474 1040 lioram
488 1014 588 1041 nullam
601 1024 709 1041 vacuam
724 1015 857 1050 voluptate
867 1024 926 1042 esse
937 1015 1018 1042 debe-

225 1059 265 1082 τες
289 1051 315 1077 in
337 1051 408 1077 omni
430 1056 502 1086 parte
516 1052 632 1086 corporis
648 1061 754 1087 semper
769 1058 887 1088 oportere
908 1052 1016 1087 aliquod

224 1087 354 1124 gaudium
374 1088 630 1124 delectationemque
652 1090 760 1116 versari.

224 1126 302 1160 quasi
325 1125 465 1160 praefectis
489 1126 632 1152 libidinum
657 1135 780 1154 suarum:
815 1127 843 1154 lii
867 1127 1016 1162 voluptates

223 1171 317 1189 omnes
329 1163 460 1198 vestigant
475 1168 553 1198 atque
569 1163 724 1190 odorantur:
748 1164 775 1190 hi
792 1169 855 1191 sunt
868 1165 1016 1191 conditores
1038 1159 1046 1199 ᾗ

224 1200 451 1235 instructoresque
466 1201 596 1227 convivii:
615 1201 695 1227 iidem
712 1201 867 1236 expendunt
882 1206 962 1237 atque
973 1210 1017 1227 ae-

223 1238 332 1264 stimant
343 1237 502 1272 voluptateS,
520 1239 734 1273 sententiamque
745 1239 837 1265 dicunt
848 1243 873 1265 et
887 1239 1014 1270 iudicant,

223 1279 354 1309 quantum
375 1275 474 1309 cuique
495 1274 599 1301 libidini
623 1276 794 1302 tribuendum
810 1284 868 1302 esse
883 1276 1014 1303 videatur.
1038 1282 1039 1287 ¹

1038 1313 1047 1343 ,¹
1067 1313 1169 1340 curiam
1184 1313 1242 1340 sine
1257 1322 1362 1340 summa
1378 1314 1476 1340 virtute
1491 1322 1520 1340 ac
1536 1313 1662 1340 maximis
1672 1313 1770 1348 opibus
1780 1318 1860 1341 etco-

223 1311 323 1338 Horum
340 1311 385 1338 ille
401 1312 502 1338 artibus
519 1312 640 1339 eruditus
655 1314 690 1339 ita
702 1314 862 1348 contempsit
873 1313 941 1340 hanc
953 1322 1016 1348 pru-

222 1349 408 1375 dentissimam
435 1350 584 1381 civitatem,
613 1355 643 1376 ut
669 1359 762 1377 omnes
790 1360 854 1377 suas
879 1350 1014 1382 libidines,
1038 1346 1039 1389 J

222 1387 312 1413 omnia
326 1385 424 1422 flagitia
440 1386 519 1413 latere
535 1395 613 1421 posse
629 1387 813 1418 arbitraretur.
831 1388 854 1414 si
865 1388 944 1415 modo
955 1388 1017 1415 vul-

223 1428 280 1450 tum
301 1424 483 1458 importunum
499 1424 526 1450 in
543 1424 629 1450 forum
650 1424 799 1451 detulisset.

222 1498 350 1524 Pisonum
360 1498 529 1529 affinitatem,
546 1507 628 1534 quam
641 1498 720 1535 longe
731 1499 802 1526 hunc
813 1499 846 1526 ab
859 1500 908 1526 hoc
917 1508 1016 1535 genere

221 1536 342 1571 cognatio
363 1540 479 1562 materna
495 1536 662 1571 Transalpini
677 1537 818 1572 sanguinis
838 1537 1016 1572 abstulisset,)

221 1572 269 1599 sed
281 1581 341 1604 vos,
360 1572 545 1608 populumque
556 1574 718 1605 Romanum,
732 1583 783 1601 non
795 1574 915 1605 consilio,
928 1583 1016 1609 neque
1044 1599 1045 1603 ,

175 1598 382 1645 ρ-ᾯοᾳυειιῑὶει,
395 1610 466 1644 quod
479 1611 505 1636 in
519 1610 609 1637 multis
621 1619 700 1645 saepe
711 1611 814 1642 accidit,
824 1611 870 1638 sed
882 1612 956 1647 rugis
967 1620 1015 1638 su—

207 1647 385 1682 'percilioque
396 1647 508 1682 decepit.
552 1650 590 1674 46.
613 1648 642 1674 L.
655 1649 729 1679 Piso,
747 1653 811 1675 tune
825 1657 908 1674 ausus
923 1657 952 1675 es
964 1651 1014 1675 isto

221 1683 306 1715 oculo,
320 1693 372 1710 non
382 1684 468 1711 dicam
480 1685 530 1711 isto
540 1685 637 1715 animo,
650 1685 699 1711 ista
711 1685 804 1716 fronte,
819 1694 869 1712 nou
882 1686 942 1716 vita,
957 1690 1015 1712 tan-

220 1725 248 1748 to
258 1721 415 1756 supercilio,
437 1722 499 1757 (non
511 1722 582 1748 enim
594 1731 704 1757 possum
715 1722 816 1753 dicere,
839 1723 918 1749 tantis
933 1723 1013 1749 rebus

221 1758 325 1794 gestis,)
345 1767 407 1784 cum
431 1759 463 1785 A.
486 1759 600 1785 Gabinio
622 1760 773 1786 consociare
796 1760 906 1786 consilia
930 1761 1013 1794 pestis
1036 1778 1037 1794 ,

222 1794 314 1821 meae?
334 1796 392 1822 Non
404 1799 428 1822 te
438 1795 513 1822 illius
524 1801 722 1832 unguentorum
736 1797 812 1828 odor,
831 1806 882 1824 non
898 1797 954 1823 vini
966 1806 1014 1823 an-

221 1831 334 1863 helitus,
349 1840 400 1859 non
412 1832 498 1864 frons,
510 1833 655 1860 calamistri
667 1838 753 1860 notata
765 1835 900 1870 vestigiis,
916 1834 943 1860 in
955 1843 1013 1860 eam

221 1870 406 1904 cogitationem
427 1869 588 1901 adducebat,
610 1875 651 1901 ut.
673 1879 757 1905 quum
779 1871 854 1897 illius
873 1880 900 1897 re
915 1872 1012 1897 similis

222 1905 333 1938 fuisses,
357 1906 450 1933 frontis
467 1907 514 1933 tibi
530 1908 713 1943 integumento
728 1908 760 1934 ad
776 1908 933 1935 occultanda
944 1913 1012 1935 tanta
1035 1915 1044 1946 ξπ

221 1942 319 1979 flagitia
329 1943 433 1970 diutius
444 1945 483 1970 uti
495 1953 546 1970 non
558 1944 665 1971 liceret?
675 1945 743 1972 Cum
755 1945 804 1972 hoc
815 1950 843 1972 tu
854 1946 923 1972 coire
929 1954 1012 1972 ausus
1034 1956 1036 1966 ·

221 1988 262 2011 es,
281 1985 309 2007 ut
319 1980 485 2007 consularem
497 1981 667 2017 dignitatem,
685 1987 714 2009 ut
728 1982 890 2017 reipublicae
901 1987 1010 2014 statum,

221 2022 251 2044 ut
261 2022 370 2044 senatus
381 2019 575 2050 auctoritatem.
592 2024 622 2046 ut
636 2020 702 2046 civis
717 2020 818 2055 optime
830 2020 916 2046 meriti
928 2019 1012 2047 sortu-

222 2063 268 2081 nas
285 2055 481 2089 provinciarum
498 2055 601 2082 foedere
617 2056 771 2084 addiceres?
790 2062 815 2084 te
825 2056 944 2088 consule,
959 2058 1012 2084 tuis

221 2092 316 2118 edictis
327 2097 353 2118 et
363 2093 493 2127 imperiis,
506 2094 610 2120 senatui
621 2094 775 2129 populoque
781 2095 898 2121 Romano
909 2103 962 2121 non
973 2100 1013 2121 est
1035 2116 1037 2124 ,

222 2128 334 2160 licitum,
343 2138 394 2156 non
407 2130 484 2156 modo
494 2131 633 2157 sententiis
644 2136 723 2166 atque
735 2132 888 2158 auctoritate
899 2141 957 2163 sua,
965 2132 1013 2158 sed
1042 2147 1043 2152 =

221 2174 254 2192 ne
266 2166 339 2192 luctu
350 2166 459 2202 quidem
470 2176 499 2193 ac
510 2169 608 2194 vestitu
619 2169 781 2203 reipublicae
792 2169 946 2196 subvenire.
970 2170 1011 2196 ⁴7.

220 2203 360 2238 Capuaene
375 2209 399 2230 te
415 2204 541 2239 putabas,
560 2206 587 2231 in
601 2214 654 2240 qua
669 2206 735 2232 urbe
748 2206 915 2233 domicilium
926 2215 1013 2242 quon-

219 2240 281 2267 dam
293 2241 434 2275 superbiae
446 2241 508 2272 fuit,
521 2242 659 2269 consulem
671 2251 743 2274 esse,
755 2244 826 2270 sicut
837 2252 893 2270 eras
905 2252 935 2270 eo
945 2249 1013 2270 tem-

219 2286 292 2312 pore,
305 2286 337 2304 an
348 2278 454 2310 Romae,
465 2279 493 2305 in
503 2288 556 2314 qua
567 2279 672 2306 civitate
682 2289 775 2307 omnes
786 2286 847 2308 ante
857 2290 904 2307 vos
915 2290 1014 2308 consu-

221 2315 258 2341 les
270 2316 374 2341 senatui
386 2316 548 2350 paruerunt?
559 2317 598 2343 Tu
609 2326 638 2344 es
649 2326 742 2348 ausus,
755 2318 783 2344 in
795 2318 869 2345 Circo
880 2318 1012 2345 Flaminio

220 2352 446 2386 productus,cum
458 2358 502 2380 tuo
513 2353 559 2380 illo
571 2355 626 2389 pari
638 2354 734 2386 dicere,
743 2355 779 2381 Te
789 2364 896 2390 semper
906 2356 1013 2382 miseri-

219 2389 325 2415 cordem
336 2389 438 2416 fuisse?
457 2399 510 2426 quo
527 2392 607 2418 verbo
622 2397 745 2418 senatum
760 2397 840 2427 atque
853 2401 946 2419 omnes
963 2393 1011 2419 bo-

221 2434 268 2452 nos
279 2431 349 2457 tum,
362 2436 446 2462 quum
459 2436 473 2453 a
484 2429 567 2463 patria
579 2434 680 2463 pestem
691 2429 872 2464 depulissem,
889 2429 1011 2456 crudeles

220 2462 420 2490 demonstrabas
430 2464 523 2491 fuisse.
537 2466 576 2491 Tu
588 2466 739 2493 misericors
750 2475 792 2492 me
803 2466 910 2493 affinem
922 2471 1008 2498 tuum,

220 2507 301 2533 quem
312 2501 366 2526 tuis
382 2502 509 2532 comitiis,
527 2503 724 2538 praerogativae
738 2504 858 2538 primum
873 2504 1011 2530 custodem

221 2535 392 2570 praefeceras,
405 2546 485 2572 quem
497 2539 624 2566 Kalendis
630 2541 684 2566 Ian.
697 2541 773 2566 tertio
785 2540 842 2567 loco
852 2541 1011 2567 sententiam

220 2580 339 2607 rogaras,
361 2575 532 2601 constrictum
547 2577 665 2603 inimicis
679 2577 843 2612 reipublicae
863 2577 1008 2604 tradidisti:

802 1091 842 1116 ⁴5.
867 1090 914 1116 His
934 1091 1018 1116 utitur
1038 1115 1039 1131 J

839 1425 894 1452 VII.
916 1426 940 1452 Is
962 1433 1014 1457 me,
1038 1443 1039 1449 .

221 1469 385 1495 quamquam
397 1469 439 1487 me
450 1461 560 1496 quidem
573 1470 637 1492 non,
649 1462 800 1498 (cognoram
811 1463 896 1493 enim,
910 1467 1016 1497 propter
1038 1459 1039 1477 ἶ

899 127 1175 154 (ttCEItosts
1207 127 1393 155 OttATtO

1044 198 1046 229 j
1070 197 1157 223 verbis
1169 206 1182 222 a
1193 198 1308 239 *genibus
1319 199 1372 224 tuin
1384 198 1519 233 repulisti:
1532 198 1657 234 idemque
1668 204 1705 230 tu.
1718 198 1857 227 clementia

1045 243 1047 246 ⁴
1069 243 1097 259 ac
1113 234 1293 260 misericordia
1311 235 1456 269 singulari,
1473 244 1558 270 quum
1574 245 1624 271 ego
1639 245 1689 263 una
1704 245 1766 263 curu
1778 246 1859 272 repu-

1038 266 1047 290 ,¹
1069 271 1137 297 blica
1152 280 1203 297 non
1219 271 1374 302 tribunicio.
1391 272 1437 298 sed
1452 273 1585 299 consulari
1602 275 1655 300 ictu
1669 274 1855 304 concidissem.

1045 319 1047 350 1
1069 312 1140 334 tanto
1150 308 1249 334 scelere
1260 313 1384 343 tantaque
1396 309 1595 344 intemperantia
1607 310 1690 342 luisti.
1700 317 1728 337 ut
1739 321 1771 338 ne
1778 320 1857 338 unam

1069 345 1178 379 quidem
1196 345 1286 371 heram
1302 346 1430 372 interesse
1446 351 1563 381 paterere
1578 348 1645 374 inter
1659 357 1744 374 meam
1756 354 1858 383 pestem

1069 420 1194 445 mentatio
1205 424 1230 445 et
1239 420 1356 454 gemitus
1368 420 1455 447 Urbis.
1481 421 1649 448 l8.Nondum
1661 422 1747 456 palam
1760 422 1858 450 {actum

1068 460 1123 482 erat
1134 456 1262 482 occidisse
1274 456 1567 492 rempublicam.quum
1579 458 1626 484 tibi
1637 459 1745 486 arbitria
1757 459 1859 487 funeris

1068 493 1250 520 solvebantur.
1268 493 1324 520 Uno
1333 494 1480 529 eodemque
1492 499 1609 529 tempore
1619 495 1715 522 domus
1726 505 1783 523 mea
1793 497 1860 524 diri-

1070 530 1204 565 piebatur,
1221 530 1341 561 ardebat.
1359 531 1426 557 bona
1441 531 1473 558 ad
1491 532 1607 558 vicinum
1619 532 1756 560 consulem
1767 534 1800 561 de
1811 534 1860 560 Pa-

1070 567 1138 597 latio.
1151 567 1341 595 deTusculano
1351 569 1383 594 ad
1395 569 1457 595 item
1470 569 1587 596 vicinum
1599 569 1710 596 alterum
1721 571 1858 598 consulem

1068 604 1267 631 deferebantur:
1284 614 1368 640 quum
1377 626 1383 635 ,
1401 606 1496 632 iisdem
1507 607 1595 641 operis
1605 606 1760 643 suffragium
1773 607 1859 636 feren-

1069 642 1154 673 tibus,
1172 642 1264 668 eodem
1275 642 1420 678 gladiatore
1433 643 1525 674 latore.
1543 652 1626 670 vacuo
1637 652 1687 670 non
1699 644 1778 672 modo
1787 654 1802 671 a
1812 645 1860 673 bo-

1069 680 1119 710 nis,
1133 679 1179 706 sed
1191 680 1268 706 etiam
1280 689 1294 706 a
1307 680 1406 711 liberis,
1420 685 1498 715 atque
1510 681 1582 707 inani
1595 680 1657 712 loro,
1671 681 1763 717 ignaro
1773 691 1860 717 popu-

1070 716 1094 742 lo
1105 717 1222 743 Romano
1231 717 1296 752 quid
1308 722 1442 752 ageretur.
1459 723 1553 744 senatu
1570 727 1632 744 vero
1646 727 1774 753 oppresso
1784 724 1810 746 et
1819 719 1860 747 af-

1046 787 1047 790 Ἴ
1069 753 1146 783 nicto.
1159 754 1265 781 duobus
1276 755 1366 789 impiis
1378 754 1539 790 nefariisque
1548 755 1705 782 consulibus
1716 757 1857 788 aerarium,

1069 792 1228 826 provinciae.
1244 791 1370 827 legionem
1385 792 1495 826 imperia
1506 792 1682 819 donabantur.

1125 829 1190 855 Vlll.
1212 829 1310 855 Horum
1326 829 1467 856 consulum
1479 830 1570 856 ruinas
1581 838 1627 856 vos
1638 829 1762 857 consules
1774 835 1859 858 vestra

1068 866 1166 892 virtute
1187 865 1314 897 fulsistis,
1337 875 1442 893 summa
1462 867 1630 894 tribunorum
1650 867 1737 902 plebis
1757 873 1860 902 praeto-

1045 898 1047 904 ⁴
1069 911 1182 938 rumque
1195 903 1246 930 lide
1257 908 1282 930 et
1294 903 1433 939 diligentia
1447 903 1591 930 sublevati.
1624 905 1664 930 ⁴9.
1686 904 1757 937 Quid
1767 913 1816 946 ego
1826 904 1860 932 de

1069 941 1298 975 praestantissimo
1313 941 1383 972 viro,
1401 941 1430 967 T.
1447 941 1548 972 Annio,
1566 940 1671 968 dicam?
1690 946 1736 968 aut
1749 950 1812 977 quis
1825 943 1860 969 de

1069 977 1114 1004 tali
1124 978 1182 1004 cive
1193 978 1258 1004 satis
1268 978 1349 1014 digne
1361 987 1489 1013 umquam
1501 978 1642 1014 loquetur?
1659 978 1711 1011 Qui
1721 987 1807 1014 quum
1818 980 1860 1006 vi-

1068 1014 1153 1046 deret,
1170 1015 1327 1042 sceleratum
1339 1016 1440 1046 civem,
1459 1021 1504 1042 aut
1518 1016 1696 1042 domesticum
1711 1017 1800 1051 potius
1812 1016 1861 1044 ho-

1068 1056 1150 1083 stem,
1163 1053 1186 1079 si
1199 1052 1304 1088 legibus
1316 1053 1353 1079 uti
1367 1052 1468 1084 liceret,
1486 1053 1585 1080 iudicio
1595 1061 1654 1079 esse
1666 1052 1857 1089 frangendum:

1068 1090 1109 1116 sin
1130 1090 1187 1124 ipsa
1208 1090 1307 1116 iudicia
1327 1090 1368 1116 vis
1383 1090 1523 1125 impediret
1538 1099 1568 1116 ac
1583 1090 1698 1121 tolleret,
1720 1090 1859 1118 audaciam

1069 1127 1178 1158 virtute,
1209 1126 1325 1154 furorem
1347 1127 1515 1158 fortitudine¹
1541 1128 1715 1154 temeritatem
1735 1127 1857 1159 consilio,

1068 1172 1178 1190 manum
1191 1173 1285 1195 manu,
1303 1165 1358 1191 vim
1370 1165 1396 1191 vi
1406 1173 1465 1191 esse
1475 1164 1668 1200 superandam:
1690 1165 1777 1200 primo
1787 1165 1820 1192 de
1832 1166 1858 1192 vi

1067 1201 1222 1236 postulavit.
1240 1202 1415 1236 Posteaquam
1426 1202 1459 1228 ab
1470 1202 1563 1228 eodem
1576 1201 1673 1228 iudicia
1685 1201 1790 1228 sublata
1800 1210 1859 1229 esse

1068 1238 1149 1271 vidit3
1163 1247 1195 1265 ne
1206 1238 1250 1265 ille
1261 1240 1349 1265 omnia
1362 1239 1388 1264 vi
1398 1244 1489 1273 posset
1499 1239 1612 1270 efficere,
1624 1239 1741 1265 curavit:
1753 1240 1801 1274 qui
1811 1239 1860 1266 do-

1067 1276 1135 1307 cuit,
1161 1284 1247 1310 neque
1262 1281 1330 1302 tecta
1348 1284 1435 1311 neque
1451 1275 1550 1311 templa
1565 1284 1652 1311 neque
1667 1275 1755 1303 sorum
1772 1285 1859 1312 neque

1067 1351 1120 1385 piis
1131 1351 1165 1377 ab
1175 1351 1302 1377 intestino
1313 1350 1450 1377 latrocinio
1460 1359 1538 1385 posse
1549 1349 1671 1377 defendi:
1684 1351 1732 1386 qui
1742 1351 1857 1385 primus,

1068 1392 1127 1423 post
1138 1396 1228 1414 meum
1239 1387 1388 1414 discessum
1401 1392 1502 1414 metum
1514 1388 1600 1418 bonis,
1613 1396 1689 1423 spem
1701 1388 1858 1419 audacibus,

1068 1426 1190 1452 timorem
1202 1425 1265 1451 huic
1275 1425 1371 1456 ordini,
1383 1425 1540 1452 servitutem
1551 1424 1655 1460 depulit
1665 1425 1775 1452 civitati.
1815 1426 1858 1453 20.

1067 1462 1152 1494 Quam
1168 1463 1296 1489 rationem
1311 1462 1369 1497 pari
1384 1463 1495 1493 virtute,
1517 1462 1620 1493 animo,
1638 1462 1689 1488 fide
1704 1462 1733 1488 P.
1750 1461 1859 1489 Sextius

1067 1504 1189 1530 secutus,
1212 1508 1260 1534 pro
1270 1508 1327 1526 mea
1337 1499 1437 1529 salute,
1459 1508 1506 1535 pro
1520 1504 1607 1526 vestra
1621 1500 1789 1531 auctoritate,
1811 1508 1860 1534 pro

1066 1542 1137 1563 statu
1157 1537 1273 1563 civitatis
1294 1536 1382 1563 nullas
1401 1537 1454 1563 sibi
1473 1537 1642 1568 inimicitias,
1668 1535 1771 1563 nullam
1792 1538 1857 1568 vim.

1066 1574 1155 1601 nullos
1166 1575 1292 1609 impetus,
1301 1574 1406 1600 nullum
1419 1574 1487 1600 vitae
1497 1573 1642 1601 discrimen
1653 1573 1793 1600 *vitandum
1799 1582 1859 1601 um·-

1066 1620 1147 1646 quam
1159 1612 1276 1646 putavit:
1298 1612 1346 1646 qui
1357 1619 1480 1638 caussam
1490 1615 1612 1642 senatus,
1625 1611 1784 1647 exagitatam
1794 1619 1859 1638 oon-

1043 1670 1044 1675 .
1065 1648 1188 1674 cionibus
1203 1648 1400 1683 improborum,
1420 1648 1460 1675 sic
1473 1656 1522 1674 sua
1537 1647 1675 1684 diligentia
1691 1647 1858 1675 multitudini

1043 1692 1044 1696 ¹
1065 1685 1274 1716 commendavit,
1292 1690 1321 1711 ut
1336 1685 1403 1711 nibil
1420 1690 1472 1711 tarn
1487 1684 1629 1720 populare,
1645 1693 1727 1720 quam
1738 1690 1857 1712 vestrum

1065 1731 1175 1753 nomen,
1198 1722 1266 1748 nihil
1282 1727 1334 1748 tam
1350 1722 1476 1749 omnibus
1491 1730 1582 1748 carum
1595 1721 1753 1757 aliquando,
1775 1731 1856 1757 quam

1065 1764 1152 1786 vestra
1163 1760 1304 1786 auctoritas
1316 1759 1464 1786 videretur:
1475 1760 1524 1794 qui
1535 1767 1578 1785 me
1587 1767 1673 1794 quum
1684 1759 1858 1786 omnibusre-

1065 1797 1116 1823 bus
1125 1817 1131 1828 ,
1143 1797 1244 1831 quibus
1255 1796 1380 1823 tribunus
1391 1795 1478 1831 plebis
1490 1797 1589 1831 potuit,
1601 1795 1733 1827 defendit,
1747 1801 1804 1823 tum
1816 1805 1858 1823 re-

1065 1834 1148 1869 liquis
1159 1833 1268 1865 officiis,
1284 1834 1358 1860 iuxta
1369 1842 1398 1860 ac
1409 1834 1431 1860 si
1443 1842 1519 1860 meus
1532 1833 1611 1860 frater
1624 1838 1706 1864 esset,
1723 1839 1857 1860 sustenta-

1065 1872 1116 1898 vit:
1138 1872 1218 1898 cuius
1228 1879 1277 1907 ego
1287 1871 1444 1902 clientibus,
1459 1870 1570 1901 libertis,
1583 1870 1692 1901 familia,
1705 1872 1799 1906 copiis,
1813 1870 1857 1898 lit-

1065 1908 1127 1935 teris
1139 1909 1174 1935 ita
1185 1917 1245 1935 sum
1257 1913 1435 1939 sustentatus,
1454 1913 1483 1934 ut
1494 1916 1568 1934 meae
1579 1906 1737 1935 calamitatis
1747 1916 1800 1935 non
1810 1907 1857 1934 ad-

1065 1946 1135 1972 iutor
1144 1945 1242 1976 solum,
1256 1954 1350 1972 verum
1361 1946 1440 1972 etiam
1452 1946 1542 1971 socius
1552 1944 1698 1971 videretur.
1738 1947 1780 1971 21.
1801 1945 1856 1972 lam

1064 1988 1210 2009 ceterorum
1226 1982 1312 2009 officia
1333 1982 1475 2018 studiaque
1498 1982 1618 2008 vidistis:
1639 1990 1721 2018 quam
1740 1981 1857 2018 cupidus

1042 2011 1043 2039 l
1065 2020 1152 2047 meiC.
1161 2019 1296 2051 Cestilius,
1309 2028 1391 2055 quam
1402 2019 1540 2046 studiosus
1552 2019 1642 2051 vestri,
1654 2028 1737 2055 quam
1747 2027 1801 2046 non
1810 2027 1857 2046 va-

1043 2068 1044 2075 *
1065 2058 1121 2084 rius
1133 2057 1212 2084 suerit
1223 2058 1250 2084 in
1262 2065 1366 2084 caussa.
1406 2056 1477 2089 Quid
1488 2057 1524 2083 M.
1537 2055 1664 2091 Cispius?
1677 2057 1722 2083 cui
1732 2065 1781 2093 ego
1791 2057 1854 2092 ipsi,

1064 2095 1166 2130 parenti
1183 2094 1311 2130 fratrique
1326 2095 1385 2121 eius
1400 2095 1486 2121 sentio
1499 2098 1630 2129 quantum
1649 2093 1775 2120 debeam:
1796 2094 1854 2129 qui,

1063 2141 1149 2167 quum
1161 2141 1175 2158 a
1186 2140 1228 2158 me
1240 2132 1362 2158 voluntas
1373 2140 1465 2158 eorum
1476 2132 1504 2158 in
1514 2131 1617 2166 privato
1627 2130 1726 2158 iudicio
1735 2136 1806 2158 esset
1815 2130 1858 2158 of-

1042 2173 1043 2176 ’
1064 2169 1152 2200 feusa,
1169 2169 1271 2204 publici
1287 2170 1338 2196 mei
1355 2168 1476 2196 beneficii
1491 2169 1619 2195 memoria
1632 2169 1764 2203 privatam
1773 2167 1857 2195 offen-

1063 2207 1165 2233 sionem
1186 2207 1415 2233 oblitteraverunt.
1455 2207 1510 2232 Iam
1529 2206 1559 2232 T.
1581 2206 1694 2237 Fadius,
1720 2205 1768 2240 qui
1787 2204 1856 2232 mihi

1042 2254 1043 2259 ¹
1063 2249 1189 2278 quaestor
1204 2243 1268 2274 fuit,
1287 2244 1330 2270 Μ’.
1347 2243 1470 2272 Curtius.
1492 2243 1571 2269 cuius
1585 2251 1634 2278 ego
1648 2242 1717 2277 patri
1730 2247 1856 2277 quaestor

1042 2277 1043 2322 J
1064 2280 1116 2312 fui,
1130 2281 1232 2311 studio,
1250 2289 1352 2311 amore,
1369 2281 1458 2307 animo
1468 2280 1532 2306 huic
1542 2278 1732 2306 necessitudini
1744 2287 1796 2306 non
1807 2278 1856 2306 de-

1042 2337 1043 2351 ,
1063 2317 1181 2344 fuerunt.
1216 2317 1298 2344 Multa
1309 2318 1342 2344 de
1354 2326 1395 2344 me
1407 2317 1436 2344 C.
1448 2317 1576 2348 Messius,
1589 2321 1615 2343 et
1625 2316 1756 2343 amicitiae
1767 2321 1792 2343 et
1803 2317 1855 2343 rei-

1041 2353 1043 2398 J
1063 2355 1186 2390 publicae
1197 2364 1300 2386 caussa,
1309 2355 1390 2381 dixit:
1404 2354 1490 2390 legem
1500 2353 1638 2389 speciatim
1650 2353 1726 2379 initio
1737 2353 1770 2379 de
1781 2353 1855 2380 salu-

1041 2405 1043 2426 ;
1063 2398 1087 2419 te
1098 2401 1157 2419 mea
1168 2392 1357 2428 promulgavit.
1383 2393 1424 2418 22.
1437 2391 1468 2423 Q.
1481 2391 1629 2421 Fabricius,
1641 2390 1675 2420 si,
1687 2398 1756 2425 quae
1766 2390 1800 2417 de
1810 2398 1854 2417 me

1040 2429 1042 2458 j
1062 2438 1139 2465 agere
1154 2435 1263 2456 conatus
1278 2434 1331 2460 est,
1353 2437 1383 2455 ea
1398 2433 1487 2455 contra
1502 2429 1557 2454 w'm
1572 2432 1598 2454 et
1612 2427 1712 2454 ferrum
1728 2427 1854 2462 perficere

1040 2463 1041 2494 i
1061 2467 1206 2502 potuisset:
1223 2475 1315 2493 mense
1325 2467 1446 2492 Ianuario
1457 2470 1577 2492 nostrum
1588 2469 1688 2490 statum
1698 2472 1854 2499 recuperas-

1039 2501 1041 2529 l
1061 2512 1166 2530 semus:
1183 2512 1266 2539 quem
1276 2503 1309 2530 ad
1319 2503 1432 2530 salutem
1444 2510 1530 2528 meam
1541 2501 1664 2528 voluntas
1674 2500 1795 2536 impulit,
1811 2502 1853 2528 vis

1040 2539 1041 2562 ἶ
1061 2541 1212 2572 retardavit,
1225 2541 1463 2567 auctoritaswstra
1474 2539 1615 2565 revocavit.
1656 2538 1704 2565 tx.
1724 2539 1780 2565 tam
1790 2546 1853 2566 vero

1038 2603 1040 2612 J
1061 2583 1194 2613 praetores
1205 2587 1259 2613 quo
1269 2578 1358 2604 animo
1368 2578 1395 2603 in
1406 2584 1449 2603 me
1460 2575 1567 2606 fuerint.
1583 2584 1630 2602 vos
1641 2576 1796 2618 existimare
1804 2584 1853 2611 po-

220 2613 249 2635 tu
270 2618 360 2636 meum
379 2619 517 2645 generum,
539 2614 721 2648 propinquum
742 2619 832 2645 tuum,
855 2619 884 2641 tu
903 2614 1008 2641 affinem

221 2650 307 2676 tuam,
330 2646 410 2673 filiam
426 2656 525 2679 meam,
547 2651 750 2684 superbissimis
770 2656 796 2678 et
814 2651 1009 2679 crudelissimis

1038 2618 1040 2625 '
1060 2616 1162 2646 tuistis,
1180 2624 1266 2650 quum
1276 2615 1306 2641 L.
1320 2613 1450 2641 Caecilius
1465 2613 1590 2648 priuatim
1604 2621 1647 2639 me
1657 2613 1715 2639 suis
1725 2613 1852 2640 omnibus

1058 2653 1143 2687 copiis
1163 2652 1295 2679 studuerit
1314 2655 1475 2681 sustentare,
1496 2649 1604 2685 publice
1623 2649 1799 2686 promulgarit
1818 2649 1851 2676 de
