1941 3052
824 141 864 164 δη.
900 138 934 164 Μ.

255 144 302 164 -ἫΗ

310 209 370 229 ΧΙν.
390 208 406 228 Δ
416 209 431 228 Ι(
440 208 465 227 (ι’.
489 207 579 228 Nuntiat
601 214 624 226 n·
641 208 667 227 ula
687 207 813 234 ltrpuhliru
834 214 888 233 upu-
907 213 1046 233 ton-pinnen:
1074 209 1076 228 l

255 243 338 268 Quinto
349 249 434 270 operam
446 250 505 262 auam
517 242 538 262 in
550 243 613 262 rel-ua
624 241 672 262 ‘lua
683 242 800 269 pullir‘tur
808 257 813 265 ,
829 242 856 261 M.
869 242 948 260 (lrtium
960 246 979 261 et
990 241 1045 262 Tre-

255 279 337 300 nattum
348 277 488 298 commemini,
518 279 618 298 (tt-mutuo,
627 279 672 301 App
689 278 772 296 t‘uttttm
782 285 828 296 nun.
842 280 894 299 του.)

1074 270 1075 290 l

431 321 586 346 MARCUS
612 320 643 352 Q.
672 321 813 347 FnATttt
840 321 867 346 S.
1073 315 1075 359 l

312 362 334 385 l.
355 354 431 384 Duas
443 357 530 382 atlhuv
541 366 554 382 a
568 362 591 383 te
603 358 693 392 accepi
705 357 844 392 epistolas:
861 356 995 393 [quarum]
1008 357 1046 383 al-
1074 367 1075 374 ¹

255 403 336 423 teram
350 396 375 421 in
389 395 447 428 ipso
458 394 578 419 discessu
592 399 688 425 nostro,
698 394 935 421 ultermnArimino
946 394 1044 421 datam.

255 434 356 461 l'lnres,
369 440 436 466 quas
447 431 544 457 scribis
557 436 580 457 te
591 431 707 462 dedisse,
722 441 772 458 non
785 441 949 466 acceperam.
990 432 1046 465 Ego
1073 425 1075 440 ¹

255 479 296 496 nie
309 470 334 495 in
347 470 467 494 (ἶιιιιιιιιιο
478 473 503 494 et
514 469 688 503 Pompeiano,
707 474 891 504 praeterquam
903 468 975 503 quod
987 470 1045 495 sine

255 513 292 536 te.
311 511 430 532 cett-rum
447 505 512 531 satis
527 506 666 532 commode
681 506 861 532 oblectabam:
886 511 911 532 et
929 515 1001 532 eram
1019 507 1045 532 in

254 543 350 570 iisdem
369 542 432 568 locis
449 551 534 576 usque
546 543 578 568 ad
591 543 648 569 Kal.
662 544 719 569 lun.
733 543 850 569 futurus.
890 543 1045 569 Scribebam

255 581 313 611 illa,
331 588 399 615 quae
415 579 550 610 dixeram,
568 580 699 606 πολιτικάς
723 581 843 615 spissum
864 589 927 606 sane
938 589 1007 615 opus
1021 585 1047 606 et
1066 581 1075 598 =³

253 625 410 652 operosum:
428 616 475 642 scd
491 617 514 642 si
531 626 564 643 ex
579 618 708 643 sententia
724 618 897 648 successerit,
916 617 982 643 bene
997 618 1047 643 erit
1073 620 1075 629 ¹

252 663 331 689 opera
344 654 442 689 posita:
456 655 497 680 sin
511 654 614 685 minus.
632 655 658 680 in
672 654 738 681 illud
751 655 840 690 ipsum
853 663 924 681 mare
935 654 1046 681 deiicie-
1073 639 1075 666 Ι

254 701 328 722 mua,
345 691 418 726 quod
429 696 580 725 spectantes
591 692 746 718 scribimus.
774 692 972 728 Aggrediemur
983 691 1043 722 alia.
1073 694 1075 727 ᾗ

253 729 380 764 quoniam
396 729 536 763 quiescere
551 737 600 755 non
614 738 769 763 possumus.
809 731 833 756 Ξ,
856 730 911 755 Tua
923 729 1045 755 mandata

253 774 399 801 persequar
409 765 553 799 diligenter
563 771 588 792 et
598 766 778 801 adiungendis
790 766 946 793 hominibus
953 767 1046 801 etqui·
1073 771 1075 796 Ι

253 803 368 830 busdam
384 811 435 829 non
451 802 610 829 alienandis.
651 804 782 830 Maximae
799 803 865 830 mihi
885 812 947 830 vero
967 812 1046 829 curae
1073 801 1075 832 Ι

254 841 316 871 erit,
329 844 358 866 ut
368 840 523 866 Ciceronem
535 845 611 866 tuum
623 846 798 875 nostrumque
810 841 930 871 videam,
943 840 1046 866 scilicet
1074 837 1075 870 ζ

253 877 387 913 quotidie:
406 876 452 902 sed
466 877 617 911 inspiciam.
631 878 697 912 quid
709 878 807 908 discat,
823 887 904 913 quam
917 878 1046 912 saepissi-
1074 892 1075 910 ι

253 924 309 941 me:
327 919 365 945 et,
384 915 436 940 nisi
452 914 496 940 ille
510 920 673 946 contemnet.
691 916 770 941 etiarn
788 916 946 951 magistrum
963 923 1005 940 me
1020 915 1045 940 ei
1066 925 1075 946 ξι

213 959 217 966 ’
253 951 408 987 profitebor:
421 951 707 978 cuiusreinonnullam
717 953 940 978 consuetudinem
952 957 1045 978 nactus
1066 951 1075 978 ’ἵ

252 998 313 1015 sum
330 989 356 1014 in
375 988 423 1014 hoc
441 988 534 1014 horum
551 989 655 1015 dierum
671 990 737 1020 otio,
756 990 881 1015 Cicerone
894 994 982 1016 nostro
995 989 1046 1014 nii·
1066 1011 1075 1025 ,,

252 1034 315 1053 nore
338 1025 514 1060 perducendo.
555 1028 579 1052 3.
607 1027 659 1056 Tu.
682 1026 910 1061 quemadmodum
936 1026 1042 1055 scribis,
1066 1046 1075 1067 ,Ι

251 1063 324 1098 quod
341 1063 446 1089 etiamsi
462 1071 513 1089 non
529 1063 673 1093 scriberes.
698 1063 782 1090 facere
799 1068 822 1090 tc
837 1063 1045 1099 diligentissime
1073 1084 1075 1102 Λ

252 1106 340 1126 tamen
352 1100 484 1130 sciebam,
502 1099 582 1126 facies
593 1100 709 1131 scilicet,
724 1106 752 1127 ut
764 1109 821 1127 mea
834 1101 956 1127 mandata
969 1100 1046 1135 dige-
1073 1126 1075 1137 A

252 1146 303 1168 ras.
317 1146 487 1171 persequare.
501 1137 636 1163 conficias.
667 1138 732 1173 Ego,
745 1147 830 1172 quum
844 1139 951 1164 Romam
966 1146 1046 1164 vene-
1073 1143 1075 1175 ι’

252 1184 294 1204 ro,
313 1174 417 1200 nullutn
433 1175 641 1208 praetermittam
658 1175 778 1201 Caesaris
795 1175 979 1205 tabellarium.
1000 1175 1045 1201 cui
1072 1178 1075 1217 ἰ

252 1211 352 1238 litteras
367 1211 398 1237 ad
411 1216 435 1237 te
447 1220 497 1237 non
509 1211 581 1237 (lem.
623 1212 668 1237 llis
680 1212 776 1238 diebus
788 1212 931 1247 (ignosces)
942 1213 986 1238 cui
998 1212 1045 1238 da-
1073 1224 1075 1239 ι

252 1257 317 1279 rem.
332 1248 381 1274 fuit
393 1257 470 1274 nemo
480 1253 539 1274 ante
551 1248 623 1275 hunc
634 1249 668 1275 M.
682 1249 798 1279 Orsium,
817 1250 937 1284 equitem
949 1250 1045 1275 Roma·
1072 1241 1075 1270 Ῑ

251 1294 326 1316 num,
340 1290 459 1311 nostrum
473 1290 497 1311 et
508 1287 751 1320 pernecessarium.
769 1291 794 1312 et
805 1286 877 1321 quod
889 1291 972 1313 estex
984 1295 1045 1312 mu-

251 1323 352 1357 nicipio
366 1322 500 1349 Atellano:
518 1323 590 1357 quod
605 1324 658 1349 scis
674 1332 732 1349 esse
748 1324 775 1349 in
791 1323 842 1349 fide
854 1328 952 1350 nostra.
993 1324 1045 1350 lta—
1072 1337 1074 1352 ι

251 1368 303 1395 que
319 1368 381 1386 eum
398 1360 447 1386 tibi
462 1360 620 1386 commendo
630 1361 657 1386 in
669 1361 797 1387 maiorem
815 1361 938 1391 modum,
957 1361 1044 1387 homi-

251 1406 312 1423 nem
328 1397 400 1424 domi
421 1396 610 1432 splendidum,
632 1398 780 1433 gratiosum
801 1399 881 1424 etiam
902 1403 975 1424 extra
996 1398 1044 1424 do-

250 1443 339 1461 mum:
360 1443 440 1469 quem
458 1434 497 1460 sac
513 1439 596 1461 uttua
609 1434 767 1461 liberalitate
778 1436 828 1462 tibi
839 1435 953 1471 obliges.
996 1436 1044 1461 Est
1072 1462 1073 1466 ,

250 1472 376 1498 tribunus
388 1471 505 1498 militum
518 1473 545 1498 in
557 1473 676 1499 exercitu
688 1478 787 1499 nostro.
828 1473 940 1499 Gratum
956 1473 1044 1499 homi-

250 1518 310 1535 nem
322 1509 562 1543 observantemque
574 1518 728 1545 cognosces.
758 1509 914 1536 Trebatium
926 1515 954 1536 ut
965 1509 1043 1536 valde

250 1555 331 1577 ames,
346 1546 518 1572 vehementer
529 1552 552 1572 te
564 1555 636 1582 rogo.
677 1547 750 1573 Vale.

302 1616 343 1636 XV
356 1622 375 1635 a.
392 1616 409 1635 A
418 1616 468 1635 ttG.
485 1615 588 1636 Caesaris
598 1615 755 1637 liberalitatem
766 1616 852 1641 laudat,
864 1616 913 1637 eius
924 1623 947 1637 se
957 1616 1042 1637 studio-

249 1649 360 1670 »issi-num
377 1650 498 1677 profitetur.
527 1651 561 1670 De
575 1650 672 1671 eiusdem
688 1651 762 1671 favore
775 1651 798 1671 in
814 1651 944 1672 Trebatium
956 1654 978 1671 et
988 1652 1042 1672 Cur-

249 1684 311 1705 tium.
336 1685 368 1705 De
379 1685 433 1712 reip.
446 1689 512 1705 statu.
541 1687 627 1708 (Romae.
638 1688 730 1708 Domitio,
739 1690 790 1711 App.
803 1688 884 1706 Pulcluo
895 1695 941 1705 con.
954 1689 1008 1709 700.)

377 1730 411 1755 M.
433 1729 576 1756 CICERO
597 1730 625 1756 S.
645 1731 676 1757 D.
698 1729 730 1762 Q.
752 1731 907 1757 FRATRI.

307 1768 329 1792 l.
350 1761 388 1792 A.
401 1766 428 1793 d.
442 1775 477 1793 tv.
490 1768 557 1793 Non.
570 1768 640 1798 lun..
658 1776 712 1802 quo
726 1767 769 1793 die
782 1768 892 1795 Romam
903 1769 979 1799 veni.
998 1776 1042 1794 ac—

249 1804 308 1838 cepi
320 1809 378 1829 tuas
392 1803 499 1835 litteras.
514 1804 588 1831 datas
600 1804 761 1831 Placentiae:
777 1805 875 1831 deinde
887 1805 983 1831 alteras
994 1814 1042 1840 po-
1062 1814 1065 1834 l

248 1840 351 1871 stridie,
364 1840 438 1867 datas
450 1841 540 1867 Laude
549 1844 557 1853 '
570 1842 662 1872 Nonis,
675 1850 735 1867 cum
749 1842 870 1868 Caesaris
883 1842 985 1873 litteris,
1000 1851 1042 1868 re-

249 1876 324 1903 fertis
337 1879 412 1903 omni
426 1878 527 1908 officio,
549 1878 703 1913 diligentia,
726 1880 867 1905 suavitate.
908 1880 976 1906 Sunt
993 1880 1041 1905 ista

248 1913 359 1949 quidem
375 1923 485 1950 magna.
509 1915 551 1941 vel
567 1917 656 1949 potius
678 1916 804 1942 maxima.
845 1916 948 1943 Habent
969 1917 1041 1942 enim
1062 1922 1064 1933 *

249 1952 304 1977 vim
320 1960 444 1986 magnam
461 1951 493 1977 ad
508 1952 619 1987 gloriam
635 1958 661 1979 et
675 1952 708 1978 ad
722 1961 856 1979 summam
871 1953 1039 1989 dignitatem,
1062 1968 1063 1971 =

247 1988 300 2015 Sed
311 1989 378 2014 mihi
394 1989 485 2020 crede.
503 1998 584 2023 quem
601 1990 682 2020 nosti,
700 1990 772 2024 quod
789 1991 815 2016 in
830 1991 889 2017 istis
900 1991 981 2017 rebus
992 2000 1042 2026 ego
1070 1986 1071 1993 ¹

247 2025 359 2060 plurimi
371 2027 490 2056 aestimo,
501 2026 527 2052 id
540 2027 592 2053 iam
604 2027 698 2057 habeo,
707 2032 730 2053 te
741 2027 845 2054 scilicet
856 2029 975 2062 primum
989 2033 1040 2054 tam

247 2063 438 2089 inservientem
449 2065 586 2090 communi
597 2064 735 2099 dignitati:
749 2064 846 2091 deinde
852 2066 973 2092 Caesaris
984 2071 1042 2092 tan-

248 2105 305 2126 tum
322 2101 348 2126 in
365 2109 407 2126 me
423 2109 553 2131 amorem,
575 2110 656 2136 quem
677 2102 805 2128 omnibus
822 2102 864 2128 his
881 2102 1036 2133 honoribus,

247 2146 315 2172 quos
327 2146 368 2163 me
380 2146 393 2163 a
404 2146 433 2163 se
444 2143 598 2172 exspectare
611 2138 677 2168 vult,
690 2143 831 2173 antepono.
854 2140 967 2166 Litterae
978 2148 1041 2166 vero

246 2175 306 2200 eius
316 2183 368 2201 una
380 2174 455 2201 datae
470 2183 532 2201 cum
550 2176 616 2207 tuis;
635 2184 750 2210 quarum
766 2177 874 2203 initium
888 2182 940 2206 est.
958 2185 1039 2211 quam

246 2212 339 2238 suavis
355 2212 380 2237 ei
396 2217 459 2238 tuus
473 2212 605 2238 adventus
620 2212 713 2243 fuerit.
737 2218 762 2240 et
779 2214 926 2240 recordatio
942 2215 1040 2240 veteris

246 2249 353 2279 amoris.
369 2248 476 2280 deinde,
489 2258 518 2275 se
529 2249 694 2280 effecturum,
712 2256 741 2277 ut
752 2259 801 2286 ego
811 2252 838 2277 in
850 2251 939 2278 medio
950 2251 1039 2277 dolore
1061 2264 1062 2268 ¹

245 2294 276 2312 ac
291 2285 425 2312 desiderio
441 2287 480 2312 tui
494 2291 531 2317 te,
549 2295 634 2322 quum
646 2296 660 2313 a
675 2296 717 2314 me
727 2288 850 2319 abesses,
867 2289 1039 2323 potissimum
1061 2302 1063 2306 ν

245 2331 338 2349 secum
359 2332 418 2349 esse
434 2323 556 2350 laetarer:
581 2324 776 2351 incredibiliter
797 2325 972 2352 delectarunt.
1012 2327 1037 2352 2.
1061 2325 1062 2334 ¹

245 2360 331 2392 Quare
343 2360 409 2386 facis
421 2365 448 2387 tu
460 2361 570 2395 quidem
582 2360 705 2392 fraterne,
718 2362 791 2396 quod
801 2371 844 2389 me
856 2363 978 2393 hortaris,
991 2362 1039 2389 sed

246 2397 399 2424 mehercule
419 2403 570 2424 currentem
591 2407 663 2425 nunc
683 2399 808 2433 quidem,
832 2405 861 2427 ut
875 2401 965 2427 omnia
980 2409 1039 2426 mea

245 2434 333 2460 studia
354 2435 381 2460 in
402 2436 485 2461 istum
500 2444 586 2461 unum
601 2435 745 2462 conferam.
785 2437 842 2472 Ego
858 2446 921 2464 vero
934 2437 1038 2463 ardenti

245 2470 356 2504 quidem
368 2472 457 2498 studio
469 2472 519 2498 hoc
530 2471 640 2499 tortasse
651 2472 776 2504 efficiam.
785 2474 857 2508 quod
863 2483 943 2509 saepe
953 2475 1039 2501 viato—

246 2507 335 2538 ribus.
353 2517 437 2542 quum
449 2515 604 2544 properant,
621 2511 724 2541 evenit,
741 2515 782 2541 ut,
800 2512 824 2537 si
837 2512 938 2542 serius,
956 2520 1037 2546 quam
1060 2533 1061 2545 ,

247 2542 397 2575 voluerunt,
412 2545 477 2572 forte
488 2547 663 2578 surrexerint,
676 2548 843 2581 properando
853 2549 934 2574 etiam
946 2549 1035 2579 citius,
1060 2551 1061 2567 ³

246 2588 327 2614 quam
339 2581 405 2607 side
417 2583 499 2609 multa
515 2589 590 2610 nocte
606 2584 778 2619 vigilassent,
795 2586 966 2619 perveniant,
984 2593 1038 2620 quo

246 2615 344 2643 velint:
361 2618 399 2643 sic
414 2627 475 2653 ego.
492 2621 620 2655 quoniam
635 2622 662 2647 in
678 2622 729 2647 isto
740 2621 848 2648 homine
859 2622 971 2649 colendo
984 2628 1037 2649 tam

246 2653 391 2680 indormivi
406 2654 467 2687 diu,
490 2662 513 2683 te
529 2657 681 2684 mehercule
697 2666 777 2693 saepe
793 2660 938 2688 excitante.
955 2668 1037 2686 cursu
1057 2660 1067 2685 't

1073 510 1075 516 ⁴
1097 505 1197 539 gratias
1208 505 1274 531 mihi
1287 506 1351 540 agit.

1074 874 1075 881 ¹
1097 876 1182 908 citiis;
1198 877 1231 902 ita
1243 881 1268 902 et
1279 886 1346 907 esse.
1361 882 1386 904 et
1398 877 1590 908 sore,auricula
1603 878 1692 904 infima
1705 879 1771 904 scito
1783 878 1888 905 mollio—

1073 1109 1075 1123 :
1097 1100 1183 1135 magis
1195 1104 1223 1126 ut
1234 1100 1280 1126 alii
1292 1101 1370 1126 nobis
1383 1101 1571 1131 assentiantur,
1584 1109 1666 1135 quam
1677 1101 1844 1136 nosmetipsi.

1071 1470 1073 1476 ⁴
1095 1471 1183 1501 frater,
1197 1470 1256 1501 t‘uit,
1269 1479 1338 1506 quae
1350 1476 1438 1506 putas.
1460 1471 1552 1506 Neque
1563 1471 1635 1497 enim
1646 1476 1792 1505 occupatus
1802 1479 1884 1501 eram,

1072 1512 1073 1516 ’
1095 1517 1182 1543 neque
1203 1508 1375 1542 perturbatus
1395 1516 1444 1534 nec
1464 1509 1548 1534 iratus
1569 1507 1664 1534 alicui:
1686 1507 1734 1534 sed
1754 1508 1804 1534 hoc
1820 1507 1888 1534 saci-

1070 1634 1072 1641 ι
1094 1628 1179 1650 nunc,
1197 1620 1234 1645 mi
1249 1620 1350 1654 optime
1360 1625 1385 1646 et
1396 1620 1558 1646 suavissime
1570 1619 1662 1649 frater,
1679 1619 1711 1645 ad
1726 1628 1756 1646 ea
1767 1619 1832 1645 dum
1845 1628 1887 1645 re-

1070 1864 1071 1867 ,
1093 1850 1208 1869 morere:
1227 1843 1263 1872 si.
1278 1843 1315 1868 mi
1325 1842 1433 1874 Quinte,
1446 1851 1528 1876 parva
1539 1841 1629 1876 aliqua
1641 1850 1683 1867 res
1693 1846 1777 1872 esset,
1793 1842 1820 1867 in
1831 1850 1886 1876 qua

1069 2115 1071 2117 >
1091 2102 1278 2138 gnificationes
1293 2102 1441 2133 declarant,
1464 2111 1514 2128 nec
1531 2101 1651 2128 laborant
1668 2103 1677 2113 ‘
1694 2102 1720 2132 ⁸,
1737 2100 1810 2136 quod
1824 2109 1884 2127 mea

966 138 996 164 T.
1027 138 1301 165 (ztcflttoxts

1098 209 1229 241 corrigam
1241 209 1404 239 tarditatem.
1422 216 1477 237 tunt
1493 212 1584 245 equis.
1602 217 1657 237 tum
1675 220 1736 238 vero
1751 211 1886 246 (quoniam

1074 246 1075 264 1
1098 245 1195 270 scribis
1211 254 1303 279 poema
1318 247 1352 272 ab
1367 256 1398 272 eo
1413 253 1531 274 nostrum
1547 249 1661 282 probari)
1673 249 1813 284 quadrigis
1824 258 1888 283 poe-

1099 282 1168 308 ticis.
1208 283 1284 308 Modo
1296 284 1362 309 mihi
1375 283 1434 309 date
1447 285 1616 314 Britanniam.
1630 295 1638 310 (
1651 295 1710 311 uani
1722 287 1831 320 pingam
1843 295 1888 312 co-

1099 319 1200 344 loribus
1213 320 1265 345 tuis
1277 320 1403 354 penicillo
1415 330 1482 347 mco.
1519 322 1571 348 Sed
1582 323 1629 356 qui
1659 322 1727 355 auo‘?
1736 323 1808 358 quod
1820 323 1887 350 mihi

1098 361 1213 390 tempus.
1229 357 1324 383 llomue
1336 359 1501 392 praem-nim.
1516 363 1543 384 ut
1556 359 1603 385 inte
1615 368 1656 385 me
1668 365 1750 394 rogat,
1759 361 1886 390 manenti.

1073 395 1075 414 2
1099 402 1214 419 vacuum
1229 394 1397 420 ostenditur?
1416 395 1466 421 Sed
1484 395 1585 421 videro.
1627 396 1746 423 Fortasse
1762 398 1833 424 enim
1850 399 1890 430 (ut

1099 430 1134 463 lit)
1152 431 1240 456 vincet
1254 436 1316 457 tuus
1330 440 1403 457 amor
1413 441 1506 458 omnes
1520 432 1701 459 difficultates.
1742 436 1766 460 3.
1789 434 1889 461 Treba-

1098 468 1164 493 tium
1177 467 1248 501 quod
1261 468 1293 494 ad
1305 478 1333 494 se
1345 469 1474 498 miserim.
1484 469 1600 504 persalse
1611 475 1636 495 et
1648 470 1799 497 humaniter
1808 472 1888 498 etiam

1393 507 1477 541 Negat
1486 507 1572 536 enim.
1593 507 1618 533 in
1631 512 1700 533 tanta
1715 507 1888 535 multitudine

1097 550 1203 571 eorum,
1216 543 1263 576 qui
1277 551 1328 568 una
1339 548 1442 573 essent.
1457 552 1622 578 quemquam
1634 544 1731 575 luisse.
1748 545 1795 580 qui
1812 545 1888 572 vadi-

1099 579 1218 604 monium
1230 580 1370 614 concipere
1382 585 1480 614 posset.
1522 581 1556 607 M.
1569 582 1660 607 Curtio
1676 581 1840 608 tribunatum
1854 582 1888 608 ab

1097 624 1128 641 eo
1139 616 1231 650 petivi.
1245 617 1316 650 (nam
1327 617 1459 643 Domitius
1469 627 1497 643 se
1508 618 1624 644 derideri
1635 623 1763 653 putasset.
1781 620 1805 645 si
1818 624 1890 646 esset

1097 661 1110 678 a
1124 662 1165 678 me
1177 658 1298 688 rogatus:
1317 654 1367 680 hoc
1381 655 1453 680 enim
1469 660 1509 681 est
1523 655 1582 681 eius
1595 655 1797 690 quotidianum.
1814 664 1843 683 se
1854 665 1888 683 ne

1098 690 1236 716 tribunum
1249 691 1365 717 militum
1377 691 1487 726 quidem
1500 691 1598 718 facere:
1611 693 1691 718 etiam
1704 693 1730 719 in
1741 698 1833 720 senatu
1847 692 1889 719 lu-

1073 748 1074 752 ,
1097 727 1131 753 sit
1143 728 1260 762 Appium
1271 728 1415 761 colles-vam,
1433 734 1569 763 propterea
1583 730 1634 755 isse
1646 729 1678 755 ad
1690 730 1843 760 Caesarem.
1860 735 1890 757 ut

1097 764 1214 799 aliquem
1227 765 1392 791 tribunatum
1404 766 1543 800 auferrem
1555 766 1601 792 sed
1614 767 1640 793 in
1652 766 1764 793 alterum
1775 776 1886 794 annum.

1099 801 1126 827 ld
1142 803 1285 829 etCurtius
1303 803 1336 828 ita
1353 803 1466 829 volebat.
1508 805 1532 830 t.
1554 804 1607 834 Tu.
1624 803 1852 838 quemadmodum
1864 810 1888 830 te
1939 797 1941 832 l

1097 847 1190 864 censes
1206 844 1325 874 oportere
1341 848 1399 866 esse
1415 841 1441 866 in
1458 840 1638 875 republica0et
1650 841 1675 867 in
1687 842 1785 867 nostris
1796 842 1888 868 inimi-

1098 922 1163 939 rem.
1204 915 1229 939 5.
1253 914 1302 940 ltes
1319 915 1450 941 Romanae
1465 924 1494 941 se
1510 916 1549 941 sic
1567 914 1709 941 habebant.
1749 915 1810 942 Erat
1822 924 1888 942 non—

1098 950 1170 976 nulla
1182 959 1244 985 spes
1255 952 1433 982 comitiorum.
1447 952 1493 978 sed
1507 952 1618 978 incerta.-
1631 958 1685 978 erat
1696 952 1785 987 aliqua
1797 953 1887 987 suspi-

1097 988 1138 1013 cio
1151 987 1312 1019 dictaturae,
1329 998 1360 1015 ne
1376 998 1406 1015 ea
1422 989 1532 1024 quidem
1547 995 1631 1016 certa:
1649 998 1787 1016 summum
1802 991 1886 1016 otium

1097 1023 1210 1055 forense,
1223 1025 1270 1051 sed
1280 1028 1444 1052 senescentis
1456 1027 1542 1062 magis
1552 1027 1678 1057 civitatis,
1686 1035 1767 1061 quam
1779 1027 1888 1062 aequie-

1096 1063 1205 1088 scentis.
1246 1062 1382 1089 Sententia
1396 1068 1484 1090 autem
1497 1069 1583 1090 nostra
1596 1065 1622 1090 in
1634 1068 1728 1090 senatu
1741 1064 1885 1093 eiusmodi,

1173 1137 1283 1164 'I'omfit‘l'
1297 1138 1312 1164 ὁ
1327 1138 1425 1172 τλήμων
1436 1138 1548 1173 πόλεμος
1558 1137 1728 1174 ἐξεργάζεται.

1150 1206 1192 1226 XV
1205 1206 1224 1225 b.
1241 1206 1258 1226 A
1267 1206 1318 1226 ttG.
1335 1207 1432 1227 Fratrem
1448 1214 1490 1226 non
1506 1206 1552 1227 wlt
1562 1211 1613 1227 ante
1622 1210 1707 1234 tenipu-
1718 1213 1729 1227 e
1739 1206 1852 1234 proviaci-
1864 1207 1887 1227 in

1097 1240 1176 1260 t‘rliem
1191 1241 1273 1261 redire:
1293 1248 1318 1262 at
1331 1242 1358 1262 de
1373 1241 1456 1262 ambitu
1470 1241 1513 1261 iam
1528 1242 1641 1262 telmoduu
1656 1241 1822 1267 innotescente
1835 1249 1886 1262 een—

1096 1275 1202 1301 queritnr.
1231 1278 1318 1299 (nom-e,
1329 1279 1421 1299 Domitia.
1431 1280 1482 1302 App.
1493 1278 1574 1297 Pulchro
1583 1285 1629 1296 eun.
1641 1280 1696 1301 τοο.)

1228 1321 1264 1347 Μ.
1285 1321 1429 1348 CICERO
1449 1321 1477 1348 S.
1498 1322 1528 1348 D.
1550 1320 1581 1354 Q.
1603 1321 1757 1348 FRATRI.

1154 1361 1176 1385 ⁴.
1191 1359 1200 1369 ·
1208 1360 1219 1370 ’
1227 1354 1340 1385 Calamo
1350 1364 1376 1385 et
1386 1363 1532 1386 atramento
1542 1364 1695 1394 temperato,
1703 1359 1793 1385 charta
1807 1359 1886 1385 etiam

1095 1396 1201 1423 dentata
1212 1404 1254 1422 res
1265 1401 1368 1432 agetur.
1399 1396 1502 1423 Scribis
1513 1397 1594 1427 enim,
1608 1401 1632 1422 te
1643 1404 1716 1422 meas
1727 1395 1828 1423 litteras
1838 1404 1888 1423 suo

1095 1435 1212 1468 periotes
1228 1434 1276 1460 vix
1291 1434 1378 1469 legere
1392 1435 1524 1468 potuisse:
1543 1434 1570 1460 in
1581 1442 1635 1469 quo
1646 1433 1714 1460 nihil
1725 1442 1831 1464 eorum,
1849 1434 1887 1460 mi

1095 1554 1213 1580 semper,
1228 1550 1269 1576 ut,
1287 1546 1454 1580 quicumque
1469 1545 1589 1572 calamus
1605 1546 1633 1571 in
1649 1554 1744 1571 manus
1755 1553 1828 1571 meas
1840 1553 1888 1571 ve-

1095 1583 1172 1613 nerit,
1184 1591 1216 1609 eo
1225 1583 1266 1608 sic
1276 1588 1344 1613 utar,
1357 1587 1493 1617 tamquam
1506 1582 1584 1609 bono.
1624 1584 1649 1608 2.
1671 1582 1770 1608 Verum
1781 1581 1886 1609 attende

1094 1657 1196 1687 scribo.
1214 1665 1284 1691 quae
1299 1661 1328 1683 tu
1344 1657 1371 1683 iu
1387 1657 1436 1683 hac
1447 1656 1541 1683 eadem
1552 1656 1628 1682 brevi
1639 1655 1751 1691 epistola
1763 1667 1887 1692 πραγμα-

1093 1697 1168 1724 τικῶς
1178 1693 1256 1720 valde
1271 1694 1414 1728 scripsisti.
1455 1694 1490 1719 De
1505 1702 1559 1728 quo
1569 1694 1652 1728 petis.
1670 1698 1699 1719 ut
1713 1693 1746 1719 ad
1760 1697 1799 1723 te,
1817 1693 1886 1719 nihil

1093 1730 1244 1761 occultans,
1267 1730 1335 1757 nihil
1356 1730 1546 1761 dissimulans,
1569 1730 1637 1756 nihil
1658 1730 1708 1756 tibi
1728 1729 1883 1766 indulgens,

1093 1776 1219 1804 germane
1227 1767 1394 1803 fraterneque
1406 1768 1561 1798 rescribam,
1571 1767 1597 1793 id
1609 1772 1657 1797 est,
1667 1772 1757 1793 utrum
1765 1766 1847 1798 voles,
1857 1772 1887 1794 ut

1093 1805 1253 1836 dixerimus.
1267 1814 1300 1831 an
1311 1805 1344 1831 ad
1355 1804 1555 1839 expediendum
1567 1809 1600 1834 te.
1614 1805 1637 1831 si
1649 1813 1743 1831 caussa
1755 1805 1798 1834 sit.
1812 1813 1887 1830 com-

1093 1880 1272 1909 sciscitarere,
1286 1879 1353 1914 quid
1366 1879 1476 1905 vellem:
1493 1884 1595 1910 tamen,
1613 1887 1698 1913 quum
1709 1878 1759 1904 tibi
1770 1878 1887 1913 permis-

1092 1925 1173 1942 surus
1184 1925 1285 1946 essem,
1302 1921 1331 1943 ut
1342 1916 1455 1945 faceres.
1469 1916 1541 1951 quod
1553 1915 1650 1947 velles:
1667 1924 1717 1951 ego
1730 1916 1801 1950 ipse.
1817 1915 1885 1950 quid

1093 1953 1386 1984 vellem,ostenderem.
1403 1954 1430 1980 ln
1442 1953 1490 1979 hac
1502 1962 1564 1980 vero
1575 1962 1602 1979 re
1614 1953 1663 1979 hoc
1674 1951 1791 1988 profecto
1801 1960 1887 1987 quae-

1093 1991 1139 2021 ris,
1147 1991 1302 2017 cuiusmodi
1314 1990 1392 2017 illum
1403 1999 1512 2021 annum,
1521 1991 1706 2025 quisequitur,
1715 1994 1882 2024 exspectem:

1092 2028 1171 2062 plane
1182 2033 1227 2054 aut
1238 2028 1414 2063 tranquillum
1426 2027 1513 2058 nobis.
1522 2033 1642 2054 autcerte
1654 2027 1882 2053 munitissimum:

1092 2064 1165 2100 quod
1176 2065 1297 2100 quotidie
1312 2065 1423 2096 domus,
1441 2065 1514 2100 quod
1529 2064 1630 2095 sorum,
1648 2063 1720 2099 quod
1735 2064 1831 2090 theatri
1845 2064 1885 2090 si·
1903 2067 1907 2071 ⁷

1091 2140 1255 2166 conscientia
1266 2141 1404 2174 copiarum
1416 2145 1576 2169 nostrarum,
1589 2138 1662 2174 quod
1668 2138 1798 2169 Caesaris,
1810 2137 1891 2173 quod.

1092 2177 1212 2212 Pompeii
1226 2178 1340 2213 gratiam
1356 2182 1489 2203 tenemus.
1529 2177 1598 2202 Haec
1613 2184 1668 2206 me,
1691 2180 1720 2202 ut
1739 2175 1881 2206 confidam.

1091 2214 1203 2241 faciunt.
1243 2214 1291 2241 Sin
1303 2214 1402 2249 aliquis
1413 2218 1535 2248 erumpet
1546 2213 1660 2240 amentis
1671 2212 1788 2239 hominis
1799 2211 1881 2242 furor,

1091 2253 1180 2278 omnia
1195 2256 1259 2278 sunt
1273 2251 1306 2278 ad
1322 2260 1384 2278 eum
1400 2250 1578 2286 frangendum
1593 2249 1727 2285 expedita.
1767 2251 1792 2276 3.
1813 2249 1885 2276 Haec

1091 2290 1127 2315 ita
1137 2289 1232 2319 sentio.
1245 2288 1345 2320 iudico,
1359 2288 1392 2315 ad
1403 2294 1428 2315 te
1439 2287 1574 2323 explorate
1584 2287 1682 2314 scribo.
1708 2286 1834 2313 Dubitare
1846 2291 1880 2317 te,

1091 2335 1143 2352 non
1154 2327 1340 2357 assentatorie,
1358 2326 1406 2352 sed
1422 2325 1536 2352 fraterne
1552 2329 1621 2351 veto.
1660 2323 1747 2356 Quare
1762 2324 1889 2349 suavita—,

1091 2364 1124 2389 tis
1136 2363 1263 2398 equidem
1277 2369 1381 2390 nostrae
1393 2362 1520 2389 fruendae
1530 2369 1625 2388 caussa
1635 2369 1763 2395 cuperem
1775 2366 1798 2387 te
1808 2360 1843 2387 ad
1853 2359 1889 2388 id.

1090 2405 1197 2435 tempus
1209 2401 1315 2431 venire,
1332 2400 1406 2435 quod
1416 2399 1537 2426 dixeras:
1559 2398 1607 2425 sed
1622 2397 1690 2424 illud
1700 2397 1770 2424 malo
1781 2402 1886 2429 tamen..

1090 2437 1162 2472 quod
1174 2442 1262 2472 putas,
1276 2438 1363 2473 magis
1374 2438 1468 2469 etiam:
1483 2434 1598 2472 itla[me]
1606 2435 1686 2461 etiam
1697 2435 1790 2470 magni
1800 2435 1885 2466 aestiffi

1090 2483 1133 2501 mo
1145 2476 1309 2509 ιὶμφιλαφιάν
1320 2474 1395 2501 illam
1406 2479 1492 2504 tuam,
1505 2478 1531 2499 et
1540 2473 1765 2506 exspectationem
1776 2471 1884 2498 debito-³

1090 2520 1149 2538 rum
1165 2517 1282 2538 tuorum.
1321 2511 1391 2538 lllud
1405 2511 1517 2546 quidem
1532 2510 1572 2535 sic
1587 2509 1696 2539 habeto,
1714 2508 1783 2534 nihil
1801 2508 1887 2536 nobis,

1089 2548 1231 2583 expeditis.
1245 2550 1268 2575 si
1280 2548 1440 2578 valebimus,
1455 2547 1508 2573 fore
1520 2546 1690 2572 fortunatius.
1711 2546 1795 2572 Parva
1804 2550 1887 2576 sunt„

1088 2594 1157 2620 quae
1168 2586 1279 2616 desunt,
1297 2594 1352 2620 quo
1366 2585 1464 2611 nostris
1474 2583 1585 2619 quidem
1597 2583 1727 2613 moribus,
1740 2587 1766 2608 et
1775 2591 1805 2608 ea
1816 2586 1886 2616 sunt,

1088 2623 1121 2648 ad
1135 2622 1327 2657 explicandum
1338 2621 1556 2656 expeditissima,
1574 2620 1653 2647 modo
1664 2619 1811 2646 valeamus.
1852 2620 1887 2649 4..

1088 2660 1214 2686 Ambitus
1225 2659 1294 2686 redit
1304 2659 1440 2685 immanis.
1481 2659 1635 2692 Numquam
1649 2656 1699 2683 fuit
1710 2665 1767 2691 par.
1806 2655 1886 2685 Idib..
