1941 3052
435 168 619 195 ORATIO
652 168 741 195 PRO
774 169 809 194 M.

74 242 152 269 tionis
173 239 303 267 invidiam
323 240 405 266 oratio
419 244 459 266 est
474 244 561 266 vestra
576 239 694 274 delapsa.
734 239 865 266 Posuistis

73 280 154 310 enim,
162 278 275 313 atqueid
287 282 375 304 tamen
386 277 532 304 titubanter
542 277 696 308 etstrictim,
704 276 866 303 coniuratio-

72 317 115 343 nis
126 315 197 342 bunc
203 315 457 350 propteramicitiam
464 314 592 341 Catilinae
604 315 759 349 participem
766 313 864 346 fuisse3

72 353 100 380 in
115 361 170 388 quo
185 361 238 379 non
248 352 327 379 modo
336 353 437 378 crimen
448 361 501 378 non
512 351 644 382 haerebat,
658 351 706 378 sed
717 352 763 378 vix
773 351 865 377 diserti

73 390 247 417 adolescentis
258 389 415 416 cohaerebat
425 390 516 416 oratio.
547 388 600 421 Qui
610 389 682 415 enim
694 393 782 415 tantus
793 388 866 414 furor

72 429 100 454 in
121 426 227 454 Caelio?
249 427 322 462 quod
343 431 445 453 tantum
465 431 511 453 aut
530 426 558 453 in
578 426 698 453 moribus
719 430 866 460 naturaque

73 464 182 495 vulnus,
205 469 250 490 aut
265 465 292 490 in
308 472 336 490 re
351 469 431 499 atque
446 463 570 490 fortuna?
593 463 640 490 ubi
656 463 773 498 denique
788 467 828 489 est
838 463 865 489 in

71 503 122 529 ista
137 502 293 537 suspicione
304 501 386 528 Caelii
397 510 493 528 nomen
505 500 645 527 auditum?
664 501 784 527 Nimium
795 499 867 526 mul-

72 544 97 566 ta
110 539 144 566 de
160 547 188 565 re
203 539 314 565 minime
329 538 412 565 dubia
428 538 534 573 loquor3
556 538 606 564 hoc
616 542 704 564 tamen
718 537 791 563 dico:
814 545 866 563 non

72 576 152 603 modo
165 577 189 603 si
204 576 293 603 socius
309 576 513 606 coniurationis,
530 575 578 601 sed
593 575 646 601 nisi
660 575 866 601 inimicissimus

71 614 151 641 istius
163 613 272 640 sceleris
283 613 379 639 fuisset
387 634 392 645 ‚
400 621 549 648 numquam
556 612 747 638 coniurationis
758 620 867 637 accusa-

71 652 143 678 tione
163 650 369 678 adolescentiam
389 659 467 677 suam
488 650 660 685 potissimum
680 648 866 675 commendare

72 688 211 716 voluisset.
245 689 284 714 ⁴6.
306 687 395 720 Quod,
414 687 485 713 haud
501 687 569 718 scio,
588 695 620 713 an
636 686 669 712 de
684 686 786 712 ambitu
798 686 866 712 etde

71 726 232 752 criminibus
252 726 311 751 istis
331 725 465 751 sodalium
486 733 515 750 ac
530 724 713 759 sequestrium
728 723 865 758 (quoniam

72 763 126 790 huc
136 762 358 798 incidi)similiter
368 761 585 796 respondendum
595 765 698 796 putem.
711 761 866 795 Numquam

72 801 144 827 enim
159 804 213 826 tam
228 799 334 827 Caelius
351 807 442 825 amens
454 798 562 830 fuisset,
576 803 614 829 ut,
628 799 651 824 si
662 807 691 824 se
701 798 753 824 isto
763 798 867 824 infinito

72 838 174 864 ambitu
195 836 429 868 commaculasset,
452 836 570 862 ambitus
586 835 699 862 alterum
715 839 864 867 accusaret;

72 883 159 910 neque
169 875 227 901 eius
239 874 299 901 facti
310 874 338 900 in
349 873 430 900 altero
441 873 622 908 suspicionem
634 877 780 908 quaereret,
789 873 866 898 cuius

71 913 130 948 ipse
140 912 194 938 sibi
204 916 360 946 perpetuam
373 911 506 937 licentiam
517 914 631 945 optaret;
655 919 711 941 nec,
725 911 748 936 si
760 910 813 936 sibi
824 918 868 935 se-

71 949 123 976 mel
139 948 289 984 periculum
305 948 423 975 ambitus
439 948 613 975 subeundum
629 952 745 982 putaret,
759 948 817 982 ipse
829 947 868 973 al-

71 991 157 1014 terum
169 987 265 1013 iterum
276 986 394 1012 ambitus
404 986 674 1012 criminearcesseret.
689 984 868 1020 Quodquam-

70 1033 153 1060 quam
178 1032 226 1050 nec
249 1023 383 1058 sapienter
407 1027 432 1049 et
452 1032 495 1049 me
515 1023 599 1049 invito
620 1022 694 1053 facit,
717 1027 806 1048 tamen
827 1026 868 1048 est

71 1061 204 1088 eiusmodi
219 1061 369 1096 cupidinis,
387 1065 417 1087 ut
431 1061 517 1096 magis
533 1061 656 1086 insectari
668 1059 779 1086 alterius
789 1060 868 1086 inno-

70 1099 194 1130 centiam,
207 1107 289 1133 quam
300 1098 333 1124 de
344 1106 373 1124 se
384 1098 477 1124 timide
487 1098 602 1133 cogitare
613 1097 746 1124 videatur.

129 1137 169 1163 ⁴7.
190 1136 257 1162 Nam
268 1138 341 1171 quod
352 1144 396 1161 aes
406 1135 524 1162 alienum
535 1135 668 1162 obiectum
680 1138 867 1170 est‚sumptus

71 1173 237 1209 reprehensi,
265 1172 370 1200 tabulae
390 1172 534 1209 flagitatae:
557 1172 658 1204 videte,
680 1181 763 1207 quam
783 1180 868 1207 pauca

70 1211 256 1246 respondeam.
297 1209 426 1241 Tabulas,
453 1210 501 1245 qui
522 1210 549 1236 in
570 1210 653 1244 patris
673 1214 801 1244 potestate
816 1214 865 1240 est,

71 1248 159 1275 nullas
183 1248 298 1275 conficit.
337 1247 479 1275 Versuram
504 1256 653 1282 numquam
677 1247 787 1274 omnino
806 1246 868 1273 fecit

72 1285 164 1312 ullam.
205 1285 336 1321 Sumptus
350 1285 431 1311 unius
445 1285 551 1320 generis
567 1285 686 1311 obiectus
698 1289 751 1316 est,
764 1284 868 1311 habita-

71 1324 165 1350 tionis:
187 1323 295 1359 triginta
306 1322 428 1349 millibus
439 1322 546 1349 dixistis
557 1331 619 1348 eum
631 1322 758 1348 habitare.
790 1322 868 1348 Nunc

71 1360 181 1387 demum
201 1359 335 1396 intelligo,
357 1360 386 1386 P.
409 1359 495 1386 Clodii
516 1358 633 1386 insulam
653 1368 714 1386 esse
734 1358 865 1390 venalem,

71 1398 150 1425 cuius
165 1397 210 1424 hic
223 1398 252 1424 in
263 1396 393 1423 aediculis
404 1396 517 1428 habitat,
531 1396 637 1428 decem,
650 1401 680 1423 ut
689 1397 792 1432 opinor,
805 1396 868 1422 mil-

72 1435 152 1462 libus.
191 1435 244 1461 Vos
255 1439 353 1466 autem,
366 1434 431 1461 dum
443 1434 483 1460 illi
497 1433 600 1469 placere
610 1433 702 1466 vultis,
715 1434 749 1461 ad
759 1438 866 1469 tempus

70 1474 94 1499 ei
107 1472 276 1499 mendacium
289 1477 408 1498 vestrum
419 1471 678 1498 accommodavistis.

127 1511 167 1536 ⁴8.
189 1509 417 1544 Reprehendistis,
426 1517 440 1535 a
452 1513 524 1544 patre
535 1509 774 1545 quodsemigrarit.
789 1507 867 1541 Quod

70 1547 181 1583 quidem
200 1547 254 1573 iam
274 1547 301 1573 in
323 1546 372 1573 hac
391 1551 474 1573 aetate
489 1547 600 1573 minime
616 1546 866 1582 reprehendendum

70 1589 124 1611 est:
146 1584 194 1620 qui
223 1592 309 1619 quum
329 1588 355 1610 et
374 1592 408 1610 ex
430 1583 593 1619 reipublicae
617 1593 712 1610 caussa
728 1585 780 1610 iam
795 1588 867 1610 esset

70 1622 137 1649 mihi
157 1621 266 1657 quidem
282 1620 435 1653 molestam,
452 1621 505 1647 sibi
521 1626 608 1648 tamen
623 1621 767 1657 gloriosam
783 1622 867 1648 victo-

70 1660 135 1686 riam
155 1663 330 1690 consecutus,
352 1663 378 1685 et
396 1667 443 1693 per
463 1663 573 1685 aetatem
589 1659 761 1695 magistratus
777 1663 865 1694 petere

70 1700 173 1732 posset,
197 1705 249 1723 non
266 1696 344 1723 modo
359 1696 527 1731 permittente
542 1700 628 1731 patre,
645 1696 693 1723 sed
708 1696 788 1722 etiam
803 1704 866 1722 sua-

69 1734 148 1761 dente
163 1733 196 1760 ab
213 1742 244 1761 eo
260 1733 428 1770 semigravit;
451 1738 477 1760 et
489 1742 575 1769 quum
590 1734 688 1760 domus
703 1734 786 1768 patris
801 1743 815 1760 a
826 1733 866 1760 fo—

69 1779 98 1798 ro
115 1771 192 1807 longe
207 1771 326 1803 abesset,
341 1779 396 1806 quo
407 1770 513 1798 facilius
525 1775 551 1798 et
561 1776 664 1798 nostras
676 1771 769 1798 domos
780 1772 863 1802 obire,

70 1813 96 1836 et
116 1809 174 1844 ipse
197 1818 210 1835 a
231 1809 289 1835 suis
309 1808 359 1835 coli
380 1812 483 1843 posset,
500 1808 630 1835 conduxit
644 1809 673 1835 in
684 1808 798 1840 Palatio,
812 1817 864 1836 non

69 1854 179 1882 magno.
201 1845 322 1873 domum.
362 1846 428 1873 vul.
450 1845 508 1878 Quo
525 1846 580 1873 loco
597 1855 707 1881 possum
723 1846 811 1873 dicere
826 1846 862 1878 id,

69 1883 142 1919 quod
157 1883 198 1910 vir
212 1883 393 1914 clarissimus,
411 1884 446 1910 M.
463 1883 589 1914 Crassus.
606 1892 692 1918 quum
703 1883 737 1910 de
747 1883 864 1911 adventu

70 1921 141 1957 regis
151 1920 293 1947 Ptolemaei
305 1925 470 1955 quereretur,
485 1920 575 1955 paullo
586 1926 646 1948 ante
656 1921 734 1953 dixit.

129 1958 233 1984 Utinam
244 1966 274 1984 ne
284 1960 312 1984 in
322 1966 422 1984 nemora
432 1959 500 1984 I'e'lio
510 1973 523 1978 -
533 1973 547 1978 -
557 1973 570 1978 -

70 2003 100 2022 ac
116 1994 222 2031 longius
236 1993 347 2030 quidem
358 1995 424 2021 mihi
435 1999 575 2022 contexere
586 1995 636 2022 hoc
646 2004 752 2023 carmen
764 1995 863 2023 liceret.

127 2032 194 2059 Nam
203 2034 342 2066 numquam
355 2033 417 2058 hera
430 2041 521 2059 errans

71 2069 138 2096 hanc
149 2069 298 2096 molestiam
311 2069 388 2096 nobis
399 2069 546 2101 exhiberet,

125 2107 215 2133 Mode'a
227 2108 313 2133 animo
326 2115 414 2140 aegra,
428 2108 515 2133 αηιόνε
528 2115 603 2133 saevo
612 2108 719 2134 sanleia!

70 2143 115 2170 Sic
129 2144 215 2175 enim,
232 2143 348 2175 iudices.
366 2143 517 2178 reperietis,
534 2144 620 2179 quod,
636 2153 722 2179 quum
732 2143 802 2172 adid
816 2144 866 2172 loci

71 2189 180 2213 venero,
198 2180 346 2211 ostendam,
360 2180 428 2207 hanc
439 2180 585 2208 Palatinam
597 2182 717 2209 Medeam
728 2183 866 2218 migratio-

71 2226 186 2254 nemque
207 2218 270 2245 huic
285 2217 446 2245 adolescenti
461 2227 582 2246 caussam
598 2219 728 2246 malorum
743 2220 865 2247 omnium

70 2256 128 2284 nive
139 2256 228 2291 potius
239 2263 394 2282 sermonum
407 2255 501 2282 fuisse.

125 2295 166 2320 ⁴9.
187 2292 366 2326 Quamobrem
387 2292 446 2324 illa,
468 2301 537 2328 quae
556 2301 590 2320 ex
609 2298 792 2321 accusatorum
807 2303 866 2320 ora-

70 2330 140 2358 tione
155 2331 320 2366 praemuniri
335 2330 388 2356 iam
403 2334 430 2356 et
440 2329 504 2366 fingi
513 2330 710 2365 intelligebam,
724 2331 808 2358 fretus
820 2340 866 2358 ve-

70 2372 124 2394 stra
147 2367 288 2403 prudentia
297 2388 303 2399 ,
329 2367 445 2399 iudices,
471 2376 523 2394 non
544 2368 712 2402 pertimesco.
752 2369 866 2395 Aiebant

70 2405 154 2436 enim¹
168 2405 223 2432 fore
238 2410 332 2432 testem
348 2409 511 2436 senatorem,
528 2406 576 2440 qui
587 2414 616 2431 se
628 2405 772 2440 pontificiis
782 2407 866 2432 comi-

71 2442 115 2469 tiis
134 2442 272 2477 pulsatum
292 2451 306 2469 a
321 2441 410 2469 Caelio
428 2442 538 2469 diceret.
578 2442 599 2469 A
614 2451 670 2477 quo
683 2451 824 2477 quaeram,
842 2443 864 2469 si

69 2478 209 2514 prodierit:
232 2480 358 2515 primum,
371 2488 420 2506 cur
429 2480 519 2506 statim
531 2479 598 2506 nihil
610 2479 710 2515 egerit?
723 2479 829 2510 deinde,
841 2480 865 2506 si

69 2515 98 2543 id
111 2517 202 2552 queri,
214 2525 296 2552 quam
308 2525 385 2553 agere
396 2516 533 2548 maluerit,
546 2525 594 2544 cur
605 2516 752 2551 productus
762 2525 776 2543 a
789 2517 864 2544 vobis

70 2553 170 2588 potius,
181 2562 264 2589 quam
274 2554 334 2589 ipse
344 2563 391 2589 per
400 2562 443 2585 ae,
465 2563 513 2581 cur
524 2558 595 2581 tanto
606 2558 665 2589 post
676 2555 774 2589 potius,
782 2563 863 2589 quam

70 2590 209 2623 continuo.
224 2592 301 2627 queri
317 2590 458 2618 maluerit?
478 2591 506 2618 Si
522 2591 589 2618 mihi
605 2591 637 2618 ad
653 2591 718 2618 haec
732 2596 808 2618 acute
823 2601 865 2618 ar-

70 2631 189 2663 guteque
203 2628 382 2664 responderit:
405 2633 463 2655 tum
478 2637 604 2664 quaeram
619 2628 749 2664 deniquo,
766 2637 801 2656 cx
810 2637 864 2664 quo

71 2665 122 2691 ista
138 2663 208 2692 fonte
218 2670 322 2693 senator
332 2670 447 2693 emanet.
487 2667 553 2693 Nam
565 2667 588 2693 si
604 2666 662 2701 ipse
671 2666 771 2693 orietur
781 2670 807 2693 et
818 2675 864 2692 na-

72 2705 161 2729 scetur
175 2710 209 2730 ex
218 2710 290 2737 aese3
313 2703 433 2736 fortasse,
446 2707 476 2731 ut
485 2703 567 2736 soleo.
579 2703 775 2731 commovebor.
815 2703 863 2730 Sin

845 168 1035 195 CAELIO.

1086 167 1104 194 C
1119 169 1140 195 A
1155 168 1182 194 P.
1219 170 1232 194 3
1252 183 1288 187 -
1311 169 1349 193 10.
1660 168 1709 193 525

918 243 1006 265 autem
1022 244 1062 266 est
1077 238 1182 266 rivulus
1198 239 1342 265 arcessitus
1358 242 1383 265 et
1397 237 1496 264 ductus
1507 237 1540 263 ab
1556 238 1614 272 ipso
1625 238 1710 272 capite

917 277 1093 302 accusationis
1104 281 1219 302 vestrae:
1243 276 1367 306 laetabor,
1380 283 1466 310 quum
1478 279 1547 301 tanta
1558 275 1642 310 gratia
1653 278 1711 300 tan-

918 314 1006 348 tisque
1021 314 1119 348 opibus
1134 314 1266 340 accusatio
1278 318 1365 339 vestra
1377 313 1487 343 nitatur,
1506 320 1590 338 unum
1607 316 1712 338 senato-

917 359 973 377 rem
984 350 1071 377 solum
1083 359 1151 382 esse,
1164 352 1212 386 qui
1223 351 1299 377 vobis
1309 349 1451 386 gratificari
1462 348 1550 380 vellet,
1559 349 1709 375 inventum.

918 390 959 415 20.
989 388 1043 414 Nec
1066 393 1155 414 tamen
1179 387 1247 414 illud
1271 396 1357 423 genus
1383 387 1496 413 alterum
1521 391 1712 413 nocturnorum

918 426 1027 451 testium
1048 426 1215 460 pertimesco.
1255 425 1303 451 Est
1320 425 1391 451 enim
1406 424 1508 451 dictum
1523 423 1556 449 ab
1572 423 1639 454 illis,
1657 423 1713 449 fore

917 463 964 497 qui
975 462 1106 493 dicerent,
1115 471 1211 489 uxores
1222 471 1285 488 suas
1297 471 1310 488 a
1321 471 1400 488 caena
1412 461 1553 488 redeuntes
1564 465 1712 487 attrectatas

917 508 976 526 esse
991 508 1006 526 a
1021 499 1119 526 Caelio.
1151 500 1252 526 Graves
1268 504 1346 526 erunt
1361 499 1496 529 homiues,
1513 498 1562 533 qui
1573 498 1622 524 hoc
1633 497 1712 524 iurati

917 536 1006 563 dicere
1027 536 1178 563 audebunt:
1199 545 1285 571 quum
1306 537 1342 563 sit
1361 536 1404 562 his
1424 535 1619 567 confitendum,
1633 544 1714 561 num-

917 583 998 608 quam
1011 583 1052 605 se,
1066 583 1098 600 ne
1109 582 1256 609 congressu
1268 573 1379 608 quidem
1390 578 1416 600 et
1425 574 1578 604 constituto,
1592 573 1713 607 coepisse

918 611 951 637 de
965 612 1044 638 tantis
1060 611 1166 638 iniuriis
1182 611 1307 645 experiri.
1338 611 1385 637 IX.
1407 610 1460 636 Sed
1473 614 1556 636 totum
1568 618 1653 645 genus
1665 618 1713 644 op·

919 649 1090 684 pugnationis
1106 648 1201 679 huius,
1215 648 1332 678 iudices,
1351 652 1376 674 et
1386 648 1438 674 iam
1451 648 1604 682 prospicitis
1616 648 1712 673 animis

918 690 956 716 et,
973 694 1060 720 quum
1075 684 1217 716 inferetur,
1230 685 1386 720 propulsare
1396 685 1539 711 debebitis.
1572 685 1629 711 Non
1640 685 1712 711 enim

918 723 951 749 ab
962 722 1059 749 iisdem
1071 727 1210 749 accusatur
1220 723 1256 749 M.
1269 722 1384 753 Caelius,
1393 731 1406 748 a
1418 722 1518 757 quibus
1530 726 1710 757 oppugnatur.

918 759 1007 786 Palam
1027 760 1055 786 in
1070 768 1133 786 eum
1149 760 1200 786 tela
1213 760 1360 790 iaciuntur,
1378 759 1446 785 clam
1462 759 1711 785 subministrantur.

917 799 945 824 2⁴
954 818 960 823 .
976 798 1068 832 Neque
1079 797 1107 824 id
1118 805 1149 823 eo
1159 796 1226 828 dico,
1240 801 1270 823 ut
1280 796 1445 823 invidiosum
1457 797 1530 822 sitin
1541 805 1598 827 eos,
1611 796 1713 830 quibus

917 834 1065 870 gloriosum
1085 834 1135 861 hoc
1150 835 1230 860 etiam
1244 843 1303 860 esse
1320 833 1408 860 debet.
1439 834 1600 869 Funguntur
1614 833 1711 864 officio,

917 871 1065 898 defendunt
1080 880 1158 903 suos,
1175 871 1290 902 faciunt,
1307 871 1380 906 quod
1395 871 1446 897 viri
1461 870 1600 897 fortissimi
1612 870 1711 896 solent:

920 909 982 936 laesi
998 908 1101 940 dolent,
1117 909 1177 936 irati
1192 908 1352 939 efferuntur,
1368 913 1488 943 pugnant
1505 907 1628 934 lacessiti.
1661 907 1714 934 Sed

919 951 1021 973 vestrae
1036 947 1182 981 sapientiae
1197 950 1285 973 tamen
1301 950 1354 977 est,
1368 946 1485 976 iudices,
1503 954 1569 976 non,
1583 945 1606 971 si
1618 954 1712 971 caussa

919 985 989 1010 iusta
1005 988 1046 1011 est
1060 984 1125 1010 viris
1141 983 1256 1010 fortibus
1270 983 1444 1018 oppugnandi
1459 983 1495 1009 M.
1508 982 1641 1014 Caelium,
1654 982 1714 1008 ideo

919 1022 996 1048 vobis
1011 1029 1121 1056 quoque
1136 1030 1183 1047 vos
1198 1030 1322 1047 caussam
1338 1025 1431 1056 putare
1447 1029 1506 1047 esse
1517 1021 1616 1046 iustam
1627 1020 1715 1046 alieno

918 1058 1002 1086 dolori
1023 1059 1125 1094 potius,
1141 1067 1224 1094 quam
1241 1063 1343 1085 vestrae
1360 1058 1421 1084 fidei
1436 1057 1601 1084 consulendi.
1641 1056 1715 1090 Quae

918 1097 954 1123 sit
965 1096 1110 1123 multitudo
1128 1097 1156 1123 in
1173 1095 1241 1127 foro,
1254 1105 1323 1131 quae
1333 1104 1439 1131 genera,
1452 1104 1522 1130 quae
1534 1095 1632 1126 studia,
1645 1103 1715 1130 quae

919 1134 1031 1160 varietas
1048 1134 1202 1164 hominum.
1215 1134 1321 1160 videtis.
1353 1133 1394 1159 Ex
1405 1133 1453 1159 hac
1464 1133 1538 1168 copia
1549 1141 1631 1167 quam
1643 1132 1714 1159 mul-

919 1176 958 1198 tos
974 1180 1033 1198 esse
1048 1171 1228 1202 arbitramini,
1246 1171 1293 1206 qui
1309 1171 1465 1198 hominibus
1477 1170 1640 1205 potentibus,
1653 1178 1714 1205 gra-

919 1209 1003 1240 tiosis,
1026 1209 1144 1240 disertis.
1165 1217 1251 1244 quum
1272 1207 1377 1243 aliquid
1396 1216 1441 1235 eos
1456 1207 1525 1234 velle
1540 1207 1711 1235 arbitrentur.

919 1246 989 1273 ultro
1004 1254 1033 1273 se
1048 1246 1140 1273 offerre
1155 1245 1270 1277 soleant,
1287 1254 1394 1281 operam
1411 1254 1515 1277 navare,
1530 1245 1714 1272 testimonium

919 1283 1053 1319 polliceri?
1072 1285 1115 1311 22.
1130 1284 1184 1310 Hoc
1199 1292 1232 1310 ex
1242 1291 1340 1319 genere
1350 1283 1374 1309 si
1385 1283 1432 1318 qui
1444 1291 1473 1309 se
1483 1283 1510 1309 in
1523 1282 1572 1309 hoc
1582 1282 1713 1309 iudicium

919 1321 985 1348 forte
999 1321 1171 1356 proiecerint:
1191 1321 1353 1348 excluditote
1369 1328 1461 1347 eorum
1472 1320 1659 1355 cupiditatem,
1672 1320 1714 1346 iu-

918 1358 1006 1390 dices,
1028 1359 1158 1393 sapientia
1178 1362 1279 1389 vestra.
1303 1362 1332 1385 ut
1345 1357 1439 1384 eodem
1455 1362 1573 1392 tempore
1590 1362 1616 1383 et
1631 1357 1714 1383 huius

918 1395 999 1422 saluti
1019 1400 1044 1422 et
1064 1395 1187 1431 religioni
1208 1400 1311 1422 vestrae
1326 1399 1352 1421 et
1365 1399 1455 1421 contra
1470 1393 1714 1429 periculosissimas

919 1433 1058 1460 hominum
1075 1434 1206 1468 potentias
1221 1433 1367 1460 conditioni
1378 1432 1499 1459 omnium
1511 1432 1612 1458 civium
1624 1432 1714 1466 provi-

918 1470 991 1497 disse
1006 1470 1162 1497 videamini.
1202 1470 1335 1505 Equidem
1352 1478 1399 1496 vos
1414 1469 1545 1496 abducam
1561 1477 1575 1495 a
1587 1469 1712 1499 testibus

919 1516 1006 1543 neque
1031 1508 1113 1534 huius
1137 1507 1231 1534 iudicii
1255 1507 1406 1538 veritatem.
1428 1515 1496 1541 quae
1518 1507 1614 1533 mutari
1639 1505 1714 1532 nullo

918 1545 997 1572 modo
1018 1549 1117 1580 potest,
1141 1546 1168 1572 in
1188 1544 1324 1572 voluntate
1344 1544 1452 1571 testium
1470 1543 1594 1570 collocari
1615 1544 1712 1573 sinam.

917 1591 986 1618 quae
1003 1582 1129 1610 facillime
1145 1582 1223 1618 fingi,
1237 1581 1312 1609 nullo
1327 1581 1432 1617 negotio
1442 1580 1510 1608 flecti
1521 1589 1551 1607 ac
1563 1580 1714 1616 detorqueri

918 1624 1013 1656 potest.
1054 1620 1227 1656 Argumentis
1247 1628 1371 1655 agemus;
1394 1619 1479 1654 signis
1496 1618 1568 1645 omni
1585 1617 1644 1644 luce
1660 1617 1714 1644 cla-

917 1658 1033 1685 rioribus
1046 1658 1158 1684 crimina
1170 1656 1333 1684 refellemus.
1360 1657 1411 1683 Res
1423 1664 1484 1683 cum
1496 1664 1532 1688 re.
1545 1664 1640 1682 caussa
1651 1663 1712 1682 cum

918 1704 1022 1726 caussa.
1037 1695 1103 1723 ratio
1113 1703 1175 1722 cum
1187 1695 1287 1721 ratione
1299 1693 1441 1730 pugnabit.

972 1732 1007 1759 X.
1029 1734 1070 1759 23.
1090 1733 1183 1768 ltaque
1202 1732 1276 1758 illam
1294 1736 1395 1766 partem
1411 1739 1520 1757 caussae
1536 1729 1614 1756 facile
1630 1730 1714 1764 patior

916 1770 1033 1805 graviter
1044 1774 1070 1796 et
1079 1774 1170 1796 ornate
1181 1778 1194 1797 a
1206 1770 1242 1796 M.
1254 1769 1349 1796 Crasso
1362 1767 1442 1805 [esse]
1455 1772 1612 1803 peroratam,
1626 1767 1659 1793 de
1670 1775 1714 1793 sc-

916 1807 1065 1834 ditionibus
1072 1806 1262 1842 Neapolitanis,
1271 1806 1304 1833 de
1310 1806 1552 1833 Alexandrinorum
1564 1805 1714 1840 pulsatione

917 1844 1073 1876 Puteolana,
1091 1844 1124 1872 de
1140 1845 1218 1872 bonis
1233 1844 1331 1871 Pallae.
1371 1843 1473 1871 Vellem
1485 1843 1587 1869 dictum
1600 1847 1670 1868 esset
1681 1842 1714 1868 ab

917 1882 1010 1910 eodem
1025 1882 1104 1909 etiam
1119 1882 1153 1908 de
1168 1883 1259 1909 Dione.
1301 1882 1336 1908 De
1351 1890 1406 1916 quo
1416 1881 1475 1916 ipso
1486 1885 1573 1907 tamen
1585 1879 1651 1915 quid
1663 1885 1712 1909 cst,

916 1919 989 1955 quod
1000 1920 1174 1955 exspectetis,
1187 1919 1259 1954 quod
1270 1919 1302 1950 is.
1315 1919 1362 1954 qui
1375 1918 1445 1950 fecit,
1458 1922 1566 1944 autnon
1578 1918 1660 1948 timet.
1669 1922 1716 1943 aut

916 1958 996 1984 etiam
1008 1956 1124 1984 fatetur?
1143 1957 1190 1984 Est
1201 1958 1272 1983 enim
1284 1965 1340 1983 rex.
1375 1956 1427 1988 Qui
1438 1960 1527 1982 autem
1539 1955 1627 1981 dictus
1638 1959 1714 1981 estet

916 1994 1021 2022 adiutor
1032 1994 1118 2022 fuisse
1129 1999 1154 2021 et
1164 1994 1297 2025 conscius,
1307 1994 1336 2020 P.
1347 1993 1475 2023 Ascitius‚
1483 1993 1506 2019 is
1518 1992 1618 2019 iudicio
1629 1997 1669 2018 est
1681 1992 1714 2018 li·

917 2032 1034 2059 beratus.
1073 2032 1150 2065 Quod
1167 2033 1248 2068 igitur
1263 2036 1303 2058 est
1318 2030 1475 2058 huiusmodi
1486 2030 1600 2060 crimen,
1616 2034 1653 2059 ut,
1665 2030 1712 2064 qui

916 2070 1060 2101 commisit,
1074 2078 1125 2096 non
1137 2074 1223 2105 neget,
1237 2069 1284 2104 qui
1297 2069 1411 2104 negavit,
1420 2067 1559 2095 absolutus
1571 2067 1618 2099 sit,
1632 2066 1659 2093 id
1671 2067 1714 2093 hic

918 2107 1100 2142 pertimescat,
1123 2107 1170 2142 qui
1191 2115 1243 2133 non
1265 2106 1343 2133 modo
1363 2115 1377 2132 a
1393 2105 1473 2136 facto,
1496 2113 1589 2131 verum
1605 2105 1683 2131 etiam
1700 2113 1713 2129 a

916 2145 1094 2171 conscientiae
1113 2144 1267 2179 suspicione
1287 2142 1390 2170 abfuit?
1410 2147 1448 2174 et.
1466 2143 1488 2168 si
1505 2142 1605 2168 Ascitio
1619 2149 1713 2168 caussa

917 2181 980 2216 plus
1001 2181 1113 2216 profuit.
1130 2190 1211 2216 quam
1228 2181 1318 2207 nocuit
1334 2180 1448 2212 invidiam
1463 2179 1526 2206 huic
1541 2179 1626 2206 oberit
1636 2184 1711 2205 tuum

918 2218 1099 2250 maledictum.
1112 2219 1161 2253 qui
1172 2218 1251 2245 istius
1263 2217 1322 2244 facti
1335 2226 1387 2244 non
1400 2217 1477 2244 modo
1488 2217 1652 2251 suspicione,
1665 2216 1712 2242 sod

918 2264 950 2282 ne
970 2255 1079 2282 iufamia
1098 2255 1209 2290 quidem
1224 2260 1265 2282 est
1279 2254 1424 2289 aspersus?
1444 2255 1485 2281 26.
1503 2269 1540 2274 —
1555 2254 1588 2280 At
1603 2261 1712 2288 pracva—

918 2293 1042 2320 ricutione
1057 2297 1098 2320 est
1112 2293 1230 2320 Ascitius
1247 2292 1384 2318 liberatus.
1405 2306 1443 2312 --
1467 2290 1594 2318 Perfacile
1609 2295 1650 2316 cst
1668 2291 1711 2315 isti

919 2330 974 2357 loco
986 2330 1154 2364 respondere.
1163 2330 1229 2356 mihi
1242 2329 1428 2364 pracsertim.a
1439 2337 1493 2363 quo
1505 2328 1549 2354 illa
1560 2336 1654 2353 caussa
1665 2327 1713 2353 ‹le—

918 2367 992 2393 fensa
1002 2372 1052 2393 est.
1092 2367 1146 2394 Sed
1157 2366 1262 2394 Caelius
1273 2367 1402 2401 optimam
1413 2374 1537 2392 caussam
1548 2365 1640 2391 Ascitii
1653 2372 1712 2390 esse

917 2404 1072 2431 arbitratur:
1098 2403 1260 2430 cuicuimodi
1273 2404 1283 2415 ⁴
1299 2408 1387 2429 autem
1403 2403 1450 2432 sit.
1467 2411 1481 2430 a
1498 2411 1546 2428 sua
1564 2406 1638 2436 putm
1653 2410 1712 2428 esse

916 2442 1078 2473 seiunctam
1095 2450 1181 2476 nequo
1192 2439 1456 2470 s‹›1um(*.aelius.sod
1469 2440 1546 2466 etiam
1559 2438 1711 2466 adolescen—

917 2484 955 2505 tes
968 2478 1352 2507 humanissimictdoctissimi.
1361 2477 1517 2504 rectissimis
1528 2476 1626 2503 studiis
1632 2481 1711 2511 atquc

915 2516 1025 2551 optimis
1039 2516 1142 2542 artibus
1154 2515 1275 2551 praediti.
1288 2515 1364 2541 Titus
1375 2514 1509 2549 caiusque
1521 2513 1645 2549 Coponii:
1663 2514 1710 2548 qui

915 2562 948 2580 ex
968 2553 1094 2580 omnibus
1116 2554 1232 2580 maxime
1248 2553 1338 2579 Dionis
1354 2557 1465 2579 mortem
1484 2551 1640 2578 doluerunt:
1663 2551 1708 2586 qui

915 2598 1001 2625 quum
1015 2590 1149 2618 doctrinae
1164 2590 1254 2617 studio
1269 2595 1348 2625 atque
1360 2589 1547 2619 humanitatis,
1561 2593 1617 2615 tum
1630 2589 1708 2614 ctiam

917 2627 1032 2662 hospitio
1055 2628 1146 2655 Dionis
1171 2628 1338 2654 tenebuntur.
1383 2626 1523 2653 liubitabat
1542 2627 1565 2653 is
1586 2625 1656 2661 apud
1679 2625 1707 2651 l..

916 2665 1073 2696 Lucceium.
1097 2670 1126 2692 ut
1141 2665 1264 2692 audistis.
1306 2665 1401 2691 Fuerat
1417 2665 1441 2691 ci
1456 2673 1486 2691 co
1508 2664 1579 2690 nitus
1594 2662 1710 2690 Alexan-

914 2702 994 2730 driae.
1033 2702 1104 2736 Quid
1115 2708 1160 2730 aut
1172 2703 1223 2735 hic,
1236 2707 1282 2729 aut
1291 2711 1399 2730 summo
1409 2701 1486 2737 splen
1506 2710 1550 2728 ore
1561 2700 1706 2737 praeditus,
