1941 3052
246 158 294 183 496
709 157 748 181 Η.
785 155 817 180 Μ,

244 235 330 262 cipem
347 236 417 252 nram
433 231 456 251 et
474 227 498 251 in
516 225 752 259 itt·.1‹›‹·0snn‹›qu‹=
764 225 952 259 persolverent.
993 226 1035 250 29.
1056 226 1058 232 '

244 264 319 296 Quod
337 273 420 298 quum
434 264 567 288 Deiotarus
585 262 710 296 religione
727 271 773 287 sua
788 262 938 287 castissime
950 266 1037 287 tuere-
1056 263 1059 298 ᾗ

246 307 300 331 tur,
318 310 397 335 quem
415 309 497 325 uuum
516 300 644 324 hahemus
661 300 685 324 in
697 299 759 324 orbe
772 304 899 325 teri-urum
913 298 1037 324 lidelissi-

246 347 318 364 mum
336 338 397 363 hui‹·
414 337 524 371 imperio
539 341 618 370 ntquc
631 336 844 361 amantissimum
857 336 938 362 nostri
952 336 1037 361 nomi·
1057 359 1059 370 Ι

246 376 301 401 nis:
315 375 455 407 Brogitaro,
471 379 497 398 ut
510 378 568 398 ante
580 373 789 402 dixi‚addi1·tum
803 373 914 407 pecunia
927 372 1037 398 tradidi·
1056 375 1059 388 ⁸

245 413 288 437 sti.
323 412 406 445 Atque
420 411 490 436 hunc
503 415 589 435 tamen
603 410 761 440 Deiotarum,
775 418 854 444 saepe
866 419 878 435 a
891 414 984 435 senatu
996 418 1037 435 re-
1057 432 1059 438 ,

244 448 296 483 gali
310 448 415 474 nomine
426 447 538 480 dignum
551 447 746 477 existimatum,
763 446 973 473 clarissimorum
987 447 1037 472 im-

246 490 394 520 peratorum
408 484 566 510 testimoniis
577 489 708 515 ornatum,
719 489 745 510 tu
758 485 836 510 etiam
850 493 936 519 regem
945 483 1037 518 appel-

247 523 291 548 lari
304 531 363 547 vum
378 522 510 557 Brogitaro
523 521 608 547 iubes.
635 522 687 547 Sed
699 521 765 547 alter
775 526 814 547 est
827 530 871 547 rex
885 521 983 547 iudicio
995 529 1037 546 sc-

245 564 322 585 natus
338 568 384 593 per
401 568 461 588 uos,
485 559 595 593 pecunia
607 559 758 593 Brogitarus
774 567 820 593 per
836 563 859 584 te
870 558 1034 593 appellatus:

244 596 355 622 alterum
373 596 471 630 putabo
486 604 587 631 regem,
605 597 627 622 si
647 596 781 627 hahuerit,
799 596 869 622 unde
882 596 928 622 tibi
941 595 1034 625 solvat.
1057 599 1059 603 ‘

244 633 314 668 quod
327 634 350 659 ei
363 642 409 668 per
420 633 599 669 syngrapham
612 633 758 660 credidisti.
779 634 844 659 Nam
857 642 941 668 quum
954 632 1036 658 multa
1057 635 1059 639 ¹

245 672 314 705 rogia
330 675 393 696 siunt
408 671 434 696 in
451 671 582 701 Deiotaro,
606 675 661 696 tum
679 671 723 696 illa
745 671 874 701 maxime,
896 669 967 705 quod
989 670 1036 696 tibi
1057 678 1059 693 ι

245 716 385 733 nummum
399 707 503 733 nullum
515 707 601 736 dedit:
618 708 690 742 quod
704 717 761 734 eam
774 712 874 742 partem
887 707 953 743 legis
966 712 1036 737 tuae,

244 754 312 780 quae
323 745 485 780 congruebat
496 754 556 771 cum
570 745 669 771 iudicio
680 750 801 776 senatus,
820 750 849 771 ut
865 745 922 779 ipse
939 753 983 770 rex
995 753 1038 769 es-

243 787 296 813 set,
315 791 364 808 non
378 781 541 816 repudiavit:
564 783 635 817 quod
649 783 849 813 Pessinuntem,
867 791 913 817 per
923 781 1012 808 scelus
1023 790 1037 807 a

245 824 268 846 te
281 819 408 845 violatum
421 824 445 845 et
456 819 590 845 sacerdote
601 821 737 855 sacrisque
751 819 893 855 spoliatum
903 841 909 850 ,
928 827 1038 853 recupe-

245 857 324 887 ravit,
339 861 368 882 ut
380 857 405 882 in
419 857 528 891 pristina
542 857 668 890 religion<-
680 862 810 883 servaret:
826 857 898 892 quod
910 857 1038 882 caerimo-
1058 855 1059 858 ’

245 895 314 925 nius,
338 894 371 920 ab
386 894 458 920 omni
475 899 605 920 vetustate
619 899 754 929 acceptas,
776 904 788 920 a
805 895 938 930 Brogitaro
953 893 1037 928 pollui

245 940 296 958 non
317 931 394 961 sinit,
422 931 577 966 mavultque
601 940 728 967 generum
749 941 829 958 suum
852 940 961 957 munere
982 935 1035 960 tuo,

209 964 214 971 ’
243 977 324 1003 quam
338 968 405 995 illud
418 968 508 995 sanum
521 969 678 1004 antiquitate
690 969 827 1005 religionis
841 977 938 995 carere.
973 967 1034 998 Sed,

245 1010 273 1032 ut
288 1005 321 1032 ad
337 1006 400 1032 haec
415 1005 588 1040 haruspicum
606 1015 731 1041 responsa
747 1006 865 1036 redeam,
888 1014 921 1032 ex
936 1005 1037 1040 quibus
1058 1008 1059 1014 ¹

244 1048 284 1069 cst
300 1043 417 1077 primum
434 1043 466 1069 de
483 1043 567 1069 ludis:
590 1045 652 1078 quis
668 1049 720 1074 est,
738 1044 785 1079 qui
803 1043 828 1069 id
846 1052 896 1069 non
914 1047 997 1069 totum
1010 1043 1036 1068 in
1058 1046 1067 1075 ἓν

245 1081 323 1106 istius
336 1080 412 1106 ludos
424 1081 588 1115 praedit-turn
601 1086 624 1107 et
637 1090 794 1116 responsum
807 1089 865 1107 esse
878 1079 1007 1106 fateatur?

298 1117 368 1143 XlV.
386 1119 426 1143 30.
449 1118 576 1152 Sequitur
590 1119 622 1144 de
640 1118 703 1145 locis
719 1119 814 1149 sacris,
833 1118 975 1153 religiosis.
1016 1116 1038 1143 O
1058 1127 1059 1146 ι

245 1154 438 1189 impudentiam
461 1155 568 1181 miram!
593 1155 626 1182 de
650 1164 707 1182 mea
731 1155 810 1181 domo
829 1155 917 1181 dicere
937 1153 1039 1180 audes?
1058 1154 1060 1159 '

245 1192 386 1218 Committe
398 1192 438 1218 vel
451 1192 608 1218 consulibus
625 1193 666 1219 vel
679 1193 782 1219 senatui
796 1192 836 1218 vel
848 1192 960 1227 collegio
972 1200 1038 1226 pon-

245 1229 344 1255 tificum
357 1234 440 1255 tuam.
467 1229 503 1255 Ac.
515 1239 571 1255 mea
584 1230 694 1264 quidem
708 1230 749 1256 his
761 1230 847 1256 tribus
858 1229 984 1256 omnibus
996 1229 1038 1254 iu-

243 1266 335 1297 diciis,
354 1266 448 1293 utdixi
460 1271 548 1297 antea,
568 1267 675 1293 liberata
692 1271 742 1293 est.
782 1267 815 1293 At
831 1268 857 1293 in
870 1267 902 1293 iis
913 1266 1035 1296 aedibus,
1058 1298 1060 1302 .

244 1313 310 1338 quas
323 1308 364 1334 tu,
378 1303 408 1336 Q.
423 1304 496 1334 Seio,
510 1305 599 1339 equite
612 1305 741 1336 Romano,
756 1305 812 1331 viro
823 1305 937 1339 optimo,
956 1312 1002 1338 per
1014 1308 1041 1330 ιε
1058 1306 1060 1314 '

244 1341 410 1375 apertissime
422 1341 571 1372 interfecto,
592 1346 679 1373 tenes,
697 1341 825 1368 sacellum
841 1342 901 1368 dico
916 1340 1001 1367 fuisse
1013 1345 1038 1367 et

243 1387 311 1404 υνυς.
352 1378 462 1404 Tabulis
475 1378 522 1404 hoc
533 1387 683 1410 censorum,
697 1379 823 1405 memoria
836 1378 981 1405 multorum
994 1378 1039 1404 fir-

245 1415 322 1441 mabo
332 1424 361 1441 ac
372 1415 481 1441 docebo.
514 1417 554 1442 3⁴.
571 1416 672 1451 Agatur
683 1416 761 1443 modo
773 1416 836 1442 haec
847 1425 898 1447 res,
912 1415 993 1451 (quod
1005 1424 1037 1442 ex

244 1461 273 1479 eo
284 1457 392 1479 senatus
403 1453 534 1483 consulto,
547 1453 619 1488 quod
632 1462 717 1488 nuper
728 1453 888 1484 estfactum,
902 1453 992 1479 referri
1005 1452 1037 1479 ad
1058 1466 1060 1486 3

244 1499 290 1515 vos
303 1498 410 1516 necesse
421 1490 483 1525 est.)
497 1490 594 1521 haheo,
611 1500 679 1526 quae
691 1490 724 1517 de
736 1490 800 1517 locis
811 1491 944 1527 religiosis
956 1490 1036 1516 velim
1058 1491 1060 1511 l

242 1527 339 1553 dicere.
379 1527 467 1559 Quum
479 1528 512 1554 de
523 1528 602 1554 domo
612 1533 655 1554 tua
666 1528 771 1559 dixero,
789 1529 816 1554 in
831 1537 884 1563 qua
901 1533 988 1554 tamen
1003 1528 1037 1553 ita

243 1569 283 1590 est
295 1564 491 1591 inaedificatum
504 1565 646 1596 sacellum,
665 1570 694 1592 ut
710 1565 779 1592 alius
795 1565 899 1596 fecerit,
917 1565 965 1591 tibi
980 1569 1037 1591 tan-

244 1601 381 1628 tummodo
396 1603 429 1628 sit
446 1602 660 1629 demoliendum:
683 1607 740 1628 tum
756 1603 865 1634 videbo,
889 1611 954 1629 num
970 1602 1038 1628 mihi

244 1647 352 1665 necesse
363 1639 398 1665 sit
408 1639 441 1665 de
452 1639 512 1665 aliis
525 1640 602 1665 etiam
615 1639 717 1674 aliquid
728 1640 825 1666 dicere.
859 1641 956 1666 Putant
966 1640 1037 1665 enim
1059 1638 1061 1646 ¹

244 1676 364 1702 nonnulli
386 1676 418 1702 ad
440 1685 481 1703 me
503 1677 646 1711 pertinere,
668 1677 902 1704 armamentarium
923 1676 1037 1703 Telluris

243 1714 355 1747 aperire.
397 1714 487 1748 Nuper
503 1713 530 1740 id
547 1714 665 1748 patuisse
680 1714 788 1743 dicunt,
805 1719 831 1740 et
845 1723 894 1750 ego
906 1713 1036 1740 recordor.

244 1751 321 1776 Nunc
342 1751 539 1777 sanctissimam
555 1755 656 1785 partem
673 1759 701 1777 ac
717 1751 807 1778 sedem
825 1752 956 1778 maximae
976 1750 1039 1777 reli-

244 1787 333 1823 gionis
349 1789 452 1822 privato
466 1787 559 1814 dicunt
574 1787 708 1815 vestibulo
722 1789 861 1815 contineri.
901 1787 984 1814 Multa
996 1796 1038 1814 nie

245 1829 365 1857 movent;
390 1825 461 1860 quod
485 1825 563 1851 aedes
584 1825 699 1851 Telluris
722 1830 762 1851 est
784 1826 928 1852 curationis
949 1833 1036 1852 meae:

244 1861 316 1896 quod
329 1862 360 1893 is,
374 1862 420 1896 qui
434 1862 501 1888 illud
512 1863 747 1889 armamentarium
759 1862 879 1893 sustulit,
893 1871 978 1888 meam
991 1862 1039 1889 do-

245 1907 318 1925 mum
336 1900 489 1933 pontilicum
507 1899 606 1926 iudicio
622 1899 759 1926 liberatam
770 1900 918 1926 secundum
931 1899 1037 1926 fratrem
1058 1903 1060 1922 l

244 1945 326 1962 suum
338 1936 480 1962 iudicatam
492 1945 551 1963 esse
562 1937 675 1963 dicebat.
708 1937 795 1963 Movet
806 1946 848 1963 me
859 1938 938 1963 etiam
951 1937 977 1963 in
989 1937 1038 1963 hac

244 1974 350 1999 caritate
362 1982 494 2004 annonae,
511 1974 650 2000 sterilitate
665 1983 803 2009 agrorum,
822 1974 910 2009 inopia
928 1973 1036 2009 frugum

245 2010 337 2046 religio
349 2010 477 2041 Telluris,
491 2015 516 2037 et
526 2019 556 2037 eo
567 2011 666 2046 magis,
678 2012 750 2046 quod
762 2011 854 2037 eodem
865 2015 968 2037 ostento
977 2011 1038 2037 Tel-

246 2047 297 2074 luri
308 2047 451 2082 postulatio
461 2047 552 2074 deberi
563 2049 670 2074 dicitur.
711 2050 752 2075 32.
774 2049 866 2075 Vetera
879 2048 988 2075 fortasse
1000 2049 1039 2075 lo-

244 2086 367 2120 quimur:
389 2093 553 2120 quamquam
570 2085 618 2112 hoc
629 2087 652 2112 si
664 2086 755 2112 minus
766 2086 839 2112 civili
856 2087 912 2112 iure
923 2087 1038 2120 perscri-

245 2127 319 2157 ptum
332 2127 380 2153 est,
395 2122 452 2158 lege
464 2127 551 2149 tamen
564 2127 685 2154 naturae,
699 2124 835 2150 communi
846 2123 904 2149 iure
915 2123 1037 2159 gentium

245 2160 377 2186 sancitum
398 2164 445 2190 est,
468 2165 497 2186 ut
517 2160 583 2186 nihil
605 2160 728 2186 mortales
744 2169 757 2187 a
772 2161 825 2186 diis
840 2160 1037 2186 immortalibus
1059 2155 1061 2165 ¹

246 2205 297 2223 usu
309 2205 401 2232 capere
414 2198 526 2231 possint.
558 2197 615 2223 XV.
629 2198 817 2224 Verumtamen
829 2198 938 2232 antiqua
953 2197 1039 2233 negli-

244 2234 348 2269 gimus:
372 2234 485 2260 etiamne
496 2243 524 2260 ea
537 2234 713 2270 negligemus,
726 2243 796 2270 quae
808 2235 875 2261 liunt
884 2243 969 2270 quum
982 2244 1039 2261 ma-

245 2271 331 2297 xime:
354 2280 422 2306 quae
434 2271 577 2298 videmus?
596 2272 625 2298 L.
639 2273 776 2303 Pisonem,
800 2273 862 2307 quis
874 2273 972 2303 nescit,
995 2272 1037 2299 his

245 2308 312 2343 ipsis
329 2309 494 2343 temporibus
510 2309 657 2335 maximum
678 2314 703 2335 et
723 2310 925 2336 sanctissimum
940 2310 1038 2336 Dianae

245 2345 372 2372 sacellum
388 2346 414 2372 in
431 2346 564 2372 Caeliculo
579 2346 742 2373 sustulisse?
761 2347 867 2373 Adsunt
882 2347 963 2373 vicini
978 2347 1037 2373 eius

245 2382 308 2409 loci:
332 2382 408 2409 multi
429 2388 492 2409 sunt
512 2383 590 2409 etiam
607 2384 633 2410 in
651 2384 698 2410 hoc
713 2384 818 2415 ordine,
840 2384 889 2419 qui
909 2384 1038 2410 sacrificia

244 2420 389 2455 gentilitia,
407 2420 454 2446 illo
464 2421 523 2454 ipso
533 2421 559 2446 in
571 2420 681 2451 sacello,
695 2426 793 2447 statuto
805 2421 869 2452 loco,
883 2421 1039 2447 anniversa-

245 2457 277 2482 rii
289 2456 439 2483 factitarint.
461 2458 494 2483 Et
504 2458 669 2492 quaerimus,
678 2458 715 2484 dii
727 2458 890 2485 immortales
901 2466 970 2493 quae
982 2457 1038 2484 loca

245 2492 407 2525 desiderent,
430 2495 496 2529 quid
518 2494 682 2530 significent,
704 2495 737 2521 de
756 2504 810 2530 quo
831 2494 992 2530 loquantur?
1015 2496 1036 2522 Α

246 2529 425 2557 Sex.Serrano
436 2532 604 2558 sanctissima
615 2531 711 2558 sacella
724 2532 846 2563 suffossa,
859 2532 1034 2563 inaedificata,

245 2574 385 2600 oppressa,
407 2576 511 2594 summa
532 2568 648 2603 denique
669 2569 835 2604 turpitudine
855 2578 914 2595 esse
934 2568 1037 2596 foedata

247 2603 399 2629 nescimus?
411 2605 498 2630 33.'ru
510 2614 595 2632 meam
607 2606 718 2632 domum
730 2606 882 2641 religiosam
894 2606 978 2633 facere
989 2615 1037 2641 po·-

247 2640 339 2666 tuisti‘?
349 2641 438 2675 Ecqua
450 2640 555 2667 mente‘?
564 2651 645 2677 quam
657 2644 794 2669 amiseras.
806 2642 863 2675 Qua
875 2643 974 2670 manu?
983 2651 1036 2678 qua

245 2677 419 2704 disturbaras.
459 2677 516 2710 Qua
527 2679 608 2705 voce?
625 2688 679 2714 qua
695 2680 800 2706 incendi
812 2681 939 2707 iusseras.
978 2679 1036 2712 Qua

850 155 878 180 Τ,
911 154 1186 181 ClCEltONlS
1219 154 1405 182 ORATIO

1090 224 1164 258 lege?
1183 234 1264 260 quum
1279 234 1310 251 ne
1323 226 1348 252 in
1361 225 1405 252 illa
1416 225 1526 261 quidem
1539 227 1698 261 impunitate
1709 231 1752 253 tua
1764 227 1880 262 scripse-

1089 271 1140 287 ras.
1166 262 1224 294 Quo
1236 262 1388 297 pulvinari?
1396 263 1468 297 quod
1480 269 1625 298 stuprat-an,
1651 264 1709 296 Quo
1720 263 1882 291 simulacro?

1088 299 1159 333 quod
1181 304 1302 334 ereptum
1323 308 1355 326 ex
1376 301 1520 326 meretricia
1536 301 1659 336 sepulcro
1674 302 1698 327 in
1715 302 1881 336 imperatoria

1089 341 1262 362 monumento
1272 336 1423 363 collocaras.
1463 337 1532 369 Quid
1550 338 1627 364 habet
1643 347 1699 364 mea
1711 338 1807 364 domus
1819 337 1882 365 reli-

1088 373 1170 405 giosi,
1189 373 1240 399 nisi
1256 373 1328 408 quod
1345 374 1442 408 impuri
1459 379 1485 400 et
1500 375 1621 410 sacrilegi
1638 377 1764 410 parictem
1780 374 1883 411 tangit?

1089 410 1192 444 ltaque,
1211 419 1243 436 ne
1258 411 1321 445 quis
1336 420 1454 437 meorum
1467 411 1624 446 imprudens
1636 413 1807 447 introspicere
1820 421 1883 447 pos·

1088 447 1122 472 sit
1135 452 1206 473 tuam
1219 447 1338 477 domum,
1351 457 1380 474 ac
1393 453 1416 474 te
1428 457 1499 474 sacra
1512 448 1556 474 illa
1569 454 1612 474 tua
1625 449 1763 476 facientem
1777 449 1880 481 videm

1090 484 1178 510 tollam
1191 485 1270 511 altius
1283 490 1395 511 tectum:
1419 494 1469 512 non
1483 490 1511 511 ut
1521 494 1570 522 ego
1582 491 1606 512 te
1617 486 1776 521 despiciam,
1790 486 1837 513 aed
1850 494 1882 513 ne

1090 526 1116 547 tu
1129 522 1243 555 aspicias
1255 522 1347 548 urbem
1359 531 1426 553 eam,
1440 531 1520 558 quam
1532 523 1620 549 delere
1632 523 1750 550 voluisti.

1146 559 1213 585 xvt.
1232 561 1273 585 35.
1296 559 1348 585 Sed
1370 560 1421 586 iam
1443 560 1616 595 haruspicum
1633 561 1734 596 reliqua
1755 569 1882 596 responsa

1091 596 1239 622 videamus,
1261 606 1411 623 ona-rouza
1425 605 1536 624 conruit
1551 606 1595 624 ins
1609 606 1722 628 nsouz
1737 606 1883 624 nsunt-

1088 643 1166 659 cros.
1207 633 1276 666 Quid
1288 638 1327 660 est
1339 633 1406 660 hoc‘?
1424 634 1458 660 de
1470 634 1656 661 Alexandrinis
1668 643 1726 661 esse
1739 634 1816 662 video
1826 643 1882 661 m·

1089 679 1209 696 monem:
1231 679 1312 706 quem
1325 680 1374 706 ego
1385 680 1435 697 non
1448 671 1544 698 refuto.

1090 707 1248 743 legatorum,
1271 717 1356 742 quum
1374 708 1512 735 hominurn
1530 709 1662 743 praesidio
1682 710 1817 735 munitum
1836 709 1880 740 sit,

1089 749 1145 770 tum
1157 745 1236 771 etiam
1248 745 1340 771 divino
1352 746 1408 772 iure
1420 754 1478 772 esse
1491 746 1628 773 vallatum.
1669 746 1719 773 Sed
1735 754 1835 781 quaero
1849 746 1882 773 ab
1922 755 1923 759 ¹

1090 782 1198 817 illo.qui
1211 791 1303 808 omnes
1316 783 1417 809 indices
1429 783 1554 809 tribunus
1566 792 1580 810 e
1591 792 1693 810 carcere
1705 784 1731 810 in
1745 783 1831 810 sorum
1842 783 1883 810 es-

1089 818 1172 850 fudit,
1193 820 1271 846 cuius
1287 820 1396 846 arbitrio
1410 821 1480 846 sicae
1495 829 1588 847 omnes
1604 830 1675 847 nunc
1695 825 1774 856 atque
1793 821 1882 847 omnia

1091 865 1190 882 venena
1207 861 1363 887 tractantur,
1379 858 1426 893 qui
1442 866 1503 884 cum
1517 858 1676 884 Hermarcho
1691 858 1757 885 Chio
1771 866 1883 894 syngra-

1090 894 1156 928 phas
1173 893 1247 920 secit:
1270 894 1365 929 ecquid
1377 896 1456 925 sciat,
1479 904 1562 921 unum
1579 896 1737 921 acerrimum
1758 894 1883 921 adversa-

1090 931 1158 957 rium
1172 931 1337 962 Hermarchi,
1351 932 1542 962 Theodosium,
1562 932 1679 968 legatum
1691 932 1723 958 ad
1735 937 1856 958 senatum
1869 941 1882 958 a

1058 961 1067 991 if
1089 968 1195 994 civitate
1208 968 1288 994 libera
1301 969 1423 999 missum,
1432 970 1485 995 sica
1498 969 1675 1004 percussum?
1685 969 1756 1004 quod
1769 978 1819 996 non
1832 969 1883 996 mi-

1090 1014 1150 1036 nus,
1163 1014 1243 1040 quam
1255 1006 1288 1032 de
1299 1006 1495 1038 Alexandrinis,
1509 1007 1650 1042 indignum
1663 1007 1715 1033 diis
1727 1006 1884 1033 immortali-

1089 1043 1141 1068 bus
1151 1052 1210 1068 esse
1223 1044 1320 1073 visum,
1334 1048 1405 1070 certo
1415 1044 1479 1070 scio.
1502 1046 1543 1070 35.
1557 1045 1610 1070 Nec
1620 1044 1727 1070 confero
1739 1044 1846 1070 nuncin
1859 1048 1884 1070 te

1090 1088 1173 1106 unum
1185 1081 1284 1107 omnia.
1325 1080 1392 1115 Spes
1404 1081 1487 1107 maior
1497 1086 1567 1107 esset
1578 1081 1686 1111 salutis,
1705 1081 1728 1107 si
1745 1085 1848 1116 praeter
1859 1085 1883 1106 te

1090 1125 1166 1143 nemo
1177 1122 1246 1144 esset
1257 1118 1395 1152 impurus:
1411 1118 1502 1153 plures
1513 1123 1590 1145 sunt:
1605 1118 1654 1145 hoc
1665 1123 1690 1145 et
1702 1123 1729 1145 tu
1741 1118 1789 1145 tibi
1801 1117 1884 1144 confi—

1089 1154 1131 1180 dis
1143 1155 1241 1190 magis,
1260 1160 1285 1181 et
1297 1164 1344 1181 nos
1356 1164 1437 1190 prope
1449 1156 1506 1182 iure
1517 1155 1678 1182 diffidimus.
1718 1155 1784 1188 Quis
1795 1155 1884 1182 Plato—

1089 1199 1144 1217 rem
1155 1200 1188 1218 ex
1200 1191 1334 1223 Orestide,
1347 1201 1416 1227 quae
1428 1201 1489 1227 pars
1501 1193 1668 1219 Macedoniae
1680 1193 1761 1219 libera
1773 1197 1821 1220 est.
1836 1192 1884 1219 ho-

1066 1251 1067 1258 ,
1090 1229 1188 1255 minem
1202 1230 1228 1255 in
1241 1229 1295 1255 illis
1308 1229 1371 1256 locis
1382 1229 1483 1256 clarum
1496 1239 1525 1256 ac
1537 1230 1662 1259 nobilem.
1677 1230 1884 1265 legatum'rhes-

1089 1266 1233 1292 salonicam
1246 1266 1278 1292 ad
1290 1271 1411 1293 nostrum
1422 1267 1462 1302 (ut
1473 1275 1501 1293 se
1513 1268 1570 1302 ipse
1581 1267 1884 1302 appellavit)irnperato-

1090 1311 1144 1329 rem
1169 1304 1277 1329 venisse
1301 1303 1402 1330 nescit‘?
1426 1313 1508 1339 quem
1531 1304 1576 1331 ille
1600 1309 1708 1340 propter
1731 1304 1881 1339 pecuniam.

1089 1349 1170 1375 quam
1182 1341 1215 1367 ab
1226 1349 1257 1367 eo
1267 1346 1424 1376 extorquere
1435 1350 1487 1368 non
1499 1346 1612 1376 poterat,
1629 1342 1657 1368 iu
1673 1341 1779 1368 vincula
1795 1341 1885 1368 conie-

1066 1391 1067 1394 =
1089 1378 1134 1408 cit,
1155 1382 1181 1404 et
1197 1378 1330 1404 medicum
1345 1379 1489 1405 intromisit
1503 1387 1598 1409 suum,
1619 1379 1667 1414 qui
1685 1378 1778 1415 legato.
1800 1379 1881 1409 socio,

1090 1415 1183 1446 amico,
1198 1415 1280 1442 libero
1292 1415 1446 1442 foedissime
1457 1421 1482 1443 et
1493 1416 1680 1443 crudelissime
1691 1424 1772 1442 venas
1783 1415 1885 1442 incide-

1090 1457 1138 1478 ret.
1154 1452 1266 1479 Secures
1278 1462 1340 1479 suas
1351 1454 1483 1480 cruentari
1495 1453 1593 1480 scelere
1605 1453 1702 1480 noluit:
1716 1461 1812 1480 nornen
1822 1453 1885 1488 qui-

1089 1489 1150 1516 dem
1163 1490 1255 1525 populi
1268 1491 1378 1517 Romani
1391 1495 1462 1517 tanto
1473 1490 1572 1517 scelere
1585 1491 1789 1521 contaminavit,
1811 1494 1841 1516 ut
1855 1489 1883 1517 id

1066 1547 1067 1560 2
1090 1527 1162 1553 nulla
1175 1536 1202 1554 re
1213 1529 1306 1562 possit,
1321 1529 1372 1554 nisi
1385 1528 1472 1563 ipsius
1484 1528 1626 1563 supplicio,
1640 1528 1751 1563 expiari.
1785 1526 1884 1560 Quales

1058 1567 1067 1593 ,Ξ
1090 1564 1161 1591 hunc
1175 1565 1313 1591 carnifices
1328 1570 1455 1600 putamus
1471 1565 1581 1596 habere,
1603 1566 1650 1600 qui
1672 1566 1751 1591 etiam
1772 1564 1884 1591 medicis

1066 1599 1067 1624 l
1089 1602 1146 1628 suis
1159 1611 1210 1628 non
1222 1602 1254 1628 ad
1266 1602 1389 1633 salutem,
1403 1603 1450 1629 sed
1461 1602 1494 1629 ad
1507 1611 1597 1629 necem
1609 1601 1718 1629 utatur‘?

1144 1639 1226 1666 xvfl.
1244 1641 1286 1666 36.
1306 1639 1357 1666 Sed
1369 1640 1525 1670 recitemus,
1542 1639 1609 1675 quid
1620 1643 1758 1674 sequatur.
1792 1647 1883 1665 rrum·

1090 1685 1123 1702 ετ
1137 1685 1339 1703 insicum->uu
1354 1685 1540 1703 szceecrnu.
1580 1677 1634 1703 Hoc
1644 1675 1711 1711 quid
1726 1676 1774 1706 sit,
1792 1684 1839 1711 per
1854 1683 1884 1702 se

1089 1714 1178 1748 ipsum
1191 1722 1243 1740 non
1255 1713 1331 1740 facile
1342 1714 1513 1748 interpretor,
1531 1713 1579 1740 sed
1594 1722 1627 1740 ex
1642 1722 1685 1744 eo.
1703 1712 1775 1748 quod
1791 1713 1884 1748 scqui-

1089 1755 1145 1782 tur,
1163 1751 1287 1786 suspicor
1301 1751 1334 1777 de
1350 1755 1456 1777 tuorum
1472 1750 1593 1777 iudicum
1609 1750 1751 1777 manifesto
1766 1750 1884 1785 periurio

1089 1788 1155 1819 dici,
1175 1788 1276 1823 quibus
1292 1788 1356 1814 olim
1368 1789 1451 1823 erepti
1463 1793 1552 1814 essent
1564 1788 1681 1819 nummi,
1700 1788 1752 1814 nisi
1763 1796 1777 1814 a
1789 1792 1883 1814 senatu

1089 1825 1252 1860 praesidium
1266 1825 1456 1860 postulassent.
1477 1825 1564 1858 Quare
1575 1830 1663 1852 autem
1675 1825 1708 1851 de
1718 1824 1761 1851 his
1772 1824 1826 1850 dici
1837 1833 1884 1851 su-

1089 1863 1184 1897 spicer,
1198 1863 1263 1889 haec
1273 1871 1368 1889 caussa
1378 1867 1426 1893 est.
1439 1862 1511 1898 quod
1523 1863 1561 1889 sic
1572 1867 1667 1893 statuo,
1681 1866 1706 1888 et
1716 1861 1785 1888 illud
1795 1862 1823 1888 in
1835 1861 1884 1888 hac

1089 1900 1195 1926 civitate
1206 1908 1265 1926 esse
1276 1900 1393 1926 maxime
1405 1899 1510 1926 illustre
1521 1904 1600 1935 atque
1611 1900 1716 1935 insigne
1723 1899 1881 1934 periurium,

1089 1943 1115 1963 et
1127 1942 1150 1963 te
1162 1938 1252 1972 ipsum
1264 1942 1351 1963 tamen
1363 1938 1389 1963 in
1403 1937 1513 1972 periurii
1528 1945 1640 1972 poenam
1655 1937 1689 1963 ab
1703 1936 1751 1968 iis,
1767 1936 1882 1972 quibus-

1089 1983 1151 2001 cum
1162 1975 1316 2005 coniurasti,
1330 1983 1382 2001 non
1394 1975 1492 2001 vocari.

1145 2013 1186 2038 37.
1208 2012 1241 2038 Et
1256 2011 1347 2043 video,
1364 2012 1393 2038 in
1408 2011 1584 2046 haruspicum
1599 2011 1736 2046 responsis
1749 2009 1814 2036 haec
1823 2018 1884 2037 esse

1089 2049 1246 2080 subiuncta,
1271 2058 1443 2075 sAcntrtcrA
1466 2058 1597 2075 vsrcsn
1618 2056 1811 2078 occuenoue
1833 2056 1884 2074 in-
1910 2051 1917 2056 ”

1089 2096 1141 2113 sus
1163 2095 1344 2113 υιιιοειιτειι
1367 2095 1459 2112 μου
1482 2094 1682 2116 perennent.
1722 2084 1883 2119 Haruspices

1089 2124 1154 2150 haec
1166 2123 1322 2159 loquuntur,
1336 2132 1368 2150 an
1381 2123 1458 2158 patrii
1471 2127 1635 2158 penatesque
1645 2121 1703 2148 dii?
1722 2122 1798 2148 Multi
1810 2121 1882 2148 enim

1089 2165 1165 2192 sunt,
1188 2160 1279 2192 credo,
1302 2161 1330 2187 in
1346 2169 1414 2196 quos
1429 2160 1512 2187 huius
1527 2159 1650 2187 maleficii
1666 2159 1786 2194 suspicio
1795 2158 1881 2185 cadat.

1089 2199 1151 2233 quis
1163 2203 1266 2233 praeter
1276 2198 1349 2224 hunc
1360 2197 1464 2224 unum?
1478 2197 1598 2224 Obscure
1609 2197 1717 2228 dicitur,
1729 2204 1799 2231 quae
1809 2204 1882 2222 sacra

1090 2235 1190 2270 polluta
1200 2234 1273 2261 sint‘?
1282 2235 1348 2270 quid
1359 2234 1476 2270 planius,
1489 2234 1556 2270 quid
1566 2234 1685 2270 gravius,
1697 2232 1764 2268 quid
1774 2232 1884 2269 religio-

1089 2273 1146 2298 sius
1160 2272 1214 2298 dici
1230 2272 1333 2307 potest?
1353 2281 1483 2299 varus-ra
1496 2279 1699 2301 occari-muz.
1738 2269 1812 2306 Nego
1827 2269 1882 2296 ulla

1089 2310 1169 2336 verba
1181 2309 1340 2340 Lentulum,
1356 2318 1466 2345 gravem
1477 2313 1606 2336 oratorem
1617 2316 1646 2334 ac
1661 2307 1805 2338 disertum,
1822 2315 1883 2333 sae-

1089 2348 1160 2382 pius,
1173 2355 1258 2382 quum
1271 2351 1295 2373 te
1305 2350 1449 2377 accusaret,
1463 2353 1619 2380 usurpasse,
1631 2353 1713 2380 quam
1725 2344 1798 2374 haec,
1811 2352 1882 2379 quae

1089 2393 1160 2410 nunc
1175 2393 1209 2410 ex
1219 2384 1340 2410 Etruscis
1357 2383 1432 2410 libris
1447 2384 1476 2409 in
1487 2387 1512 2409 te
1522 2389 1649 2409 conversa
1660 2386 1740 2416 atque
1751 2381 1882 2416 interpre—

1089 2426 1140 2447 tata
1151 2421 1287 2447 dicuntur.
1308 2421 1413 2447 Etenim
1423 2420 1496 2456 quod
1507 2419 1666 2446 sacrificium
1678 2423 1731 2445 tam
1743 2423 1881 2444 vetustum

1088 2463 1137 2489 est,
1151 2467 1233 2493 quam
1245 2458 1302 2489 hoc,
1310 2457 1383 2493 quod
1393 2466 1407 2484 a
1418 2457 1528 2493 regibus
1539 2455 1650 2491 aequale
1660 2455 1724 2482 huic
1737 2455 1796 2482 urbi
1806 2463 1882 2482 acce—

1088 2495 1197 2530 pimus‘?
1206 2495 1283 2527 Quod
1293 2500 1381 2521 autem
1393 2499 1445 2521 tam
1456 2493 1599 2523 occultum,
1607 2501 1688 2528 quam
1699 2492 1736 2524 id,
1744 2491 1816 2527 quod
1827 2500 1880 2519 non

1079 2533 1176 2559 -solum
1191 2533 1310 2559 curiosos
1325 2531 1416 2559 oculos
1431 2530 1562 2561 excludit,
1584 2530 1632 2556 sed
1650 2531 1730 2556 etiam
1745 2528 1881 2556 errantes?

1087 2578 1141 2604 quo
1152 2578 1204 2596 non
1215 2570 1293 2596 modo
1303 2568 1468 2603 improbitas,
1477 2567 1524 2594 sed
1536 2576 1568 2594 ne
1579 2567 1758 2602 imprudentia
1769 2566 1880 2602 quidem

1088 2608 1172 2641 possit
1182 2605 1299 2633 intrare?
1313 2605 1384 2641 quod
1395 2604 1505 2640 quidem
1515 2604 1677 2631 sacrificium
1688 2612 1768 2630 nemo
1777 2608 1837 2630 ante
1846 2603 1877 2629 P.

1088 2643 1224 2674 Clodium,
1237 2643 1310 2670 omni
1322 2642 1458 2672 memoria,
1471 2641 1590 2672 violavit,
1603 2650 1682 2668 nemo
1690 2649 1820 2676 umquam
1831 2639 1880 2666 ad-

1087 2681 1131 2712 iit,
1154 2689 1232 2707 nemo
1252 2679 1384 2716 neglexit,
1407 2687 1485 2706 nemo
1499 2679 1540 2705 vir
1555 2679 1672 2714 aspicere
1687 2686 1740 2705 non
1759 2677 1876 2704 horruit:

1585 672 1629 698 Sic
1640 673 1711 698 enirn
1723 673 1821 703 sentio.
1838 673 1882 699 ius
1922 694 1925 702 ,,
