1941 3052
233 151 282 175 sti
692 151 729 174 19.
768 148 801 173 Μ.
836 147 865 174 Τ,

231 229 311 255 quam
325 220 378 246 illis
395 221 495 248 verbis,
513 222 535 244 iu·
545 220 607 251 qm'd
621 222 811 243 mit-roannclum
823 223 893 247 canet,
907 225 965 243 esso
977 225 1017 244 ea·

231 263 337 291 (τι-[1111111
361 257 506 282 videri-tur:
533 256 566 281 de
583 255 637 283 liis.
655 263 739 289 quum
757 254 872 289 populus
890 255 1023 281 Romanus

232 295 298 320 nibil
313 303 439 328 umquam
453 293 568 321 iussi-rit,
582 291 730 326 quidquam
742 292 824 317 nudes
836 292 924 317 dicere
935 301 1024 318 sacro-
1043 322 1045 329 Α

231 337 351 358 minctum
366 330 466 357 fuisso?
487 330 542 355 XV.
561 330 600 355 34.
617 330 668 354 Noc
681 337 741 354 vcro
754 329 816 354 baec
828 330 910 355 oratio
922 338 978 355 nica
991 329 1022 355 ad
1043 336 1046 359 ξ

232 368 419 395 infirmandum
438 367 530 393 foedus
545 367 750 395 Gaditanorum,
769 366 884 396 iudices,
900 368 1021 401 pertinet.

232 407 322 440 Neque
337 406 407 431 enim
425 409 463 430 est
480 412 582 433 meum.
601 408 689 429 contra
705 403 857 437 opinionem
871 405 1020 434 vetustatis,

229 448 317 468 contra
331 443 372 468 ius
383 443 482 476 optime
495 441 828 470 meritaecivitatis.contra
841 442 1022 467 auctoritatem

230 485 337 506 senatus
349 479 444 505 dici-re.
477 479 554 504 Duris
566 478 636 504 enim
648 478 782 513 quondam
796 479 960 512 temporibus
973 479 1024 504 rei-

231 517 352 551 publicae
365 521 474 546 nostrae,
487 524 572 550 quum
585 520 741 550 praepotens
753 520 819 541 terra
832 516 952 551 marique
959 516 1023 542 Kar-

230 555 308 588 thago
325 554 384 580 nixa
397 553 502 579 duabus
519 553 653 587 llispaniis
666 553 728 579 buic
738 554 850 587 imperio
862 554 1021 584 immineret,

229 597 253 617 vt
264 600 348 626 quum
361 591 414 617 duo
422 590 532 616 fulmina
541 591 621 616 nostri
635 591 738 625 imperii
751 591 841 616 subito
852 591 1020 626 inilispania.
1044 593 1045 624 l

229 630 276 654 Cn.
291 633 315 654 et
328 629 355 654 Ρ.
370 628 517 663 Scipiones,
534 628 656 654 exstincti
669 627 838 658 occidissent.
853 629 881 654 L.
898 629 1020 659 Marcius,
1043 633 1045 643 ¹

229 666 357 700 priniipili
369 666 497 695 centurio,
506 674 567 691 cum
575 665 713 691 Gaditanis
726 665 818 691 foedus
830 666 1021 692 icissedicitur.
1043 646 1045 684 i

228 703 304 734 Quod
325 712 410 738 quum
432 703 516 738 magis
533 703 584 728 lide
600 702 674 728 illius
691 703 796 738 populi.
811 703 911 729 iustitia
924 708 1020 733 nostra.

1043 690 1045 702 l

230 745 359 767 vetustate
374 741 489 775 (lenique
506 741 577 774 ipsa,
589 748 670 775 qunm
687 740 777 775 aliquo
792 740 901 775 publico
916 740 1024 767 vinculo
1044 737 1051 767 ’Ῐ

228 778 364 812 religionis
377 782 518 807 teneretur,
527 778 661 812 sapientes
674 777 795 803 homines
807 782 832 803 et
843 778 944 812 publici
957 778 1023 804 iuris
1043 807 1045 811 ¹

228 816 314 850 periti,
329 815 462 846 Gaditani,
477 816 510 841 M.
521 815 620 849 Lepido
631 814 661 847 Q.
671 814 764 842 Catulo
774 815 941 846 consulibus.
955 825 968 841 a
980 824 1024 841 se·
1043 817 1045 853 Ι

229 858 290 879 natu
302 853 335 879 de
348 853 450 879 foedere
463 852 673 887 postulaverunt.
711 852 778 878 Tum
790 857 830 879 est
840 861 901 878 cum
914 853 1024 879 Gadita·
1043 858 1045 881 j

228 891 269 916 nis
287 890 379 916 foedus
395 890 435 916 vel
453 895 608 916 renovatum
621 889 661 915 vel
674 890 766 916 ictum.
807 890 842 916 De
853 899 908 925 quo
919 890 1023 917 foedere
1043 903 1045 912 x

228 928 344 962 populus
365 928 499 953 Romanus
515 927 671 953 sententiam
689 936 740 953 non
757 927 830 957 tulit.
853 929 899 962 qui
916 929 1022 954 iniussu
1043 942 1045 965 3

212 962 276 991 'suo
292 965 366 991 nullo
382 969 457 999 pacto
472 969 557 999 potest
573 965 699 997 religione
715 964 837 1000 obligari
869 967 910 991 35.
924 966 959 991 lta
971 965 1023 992 Ga·
1043 970 1045 998 ζ

227 1002 316 1029 ditana
328 1003 429 1033 civitas,
442 1002 514 1037 quod
528 1002 663 1028 beneficiis
678 1002 736 1028 suis
752 1010 812 1037 erga
829 1003 1022 1037 rempublicam

228 1044 342 1066 nostram
359 1040 486 1074 consequi
504 1040 597 1073 potuit.
615 1039 687 1074 quod
701 1040 890 1074 imperatorum
903 1041 1023 1066 testimo-
1043 1050 1045 1076 ς

228 1078 288 1107 niis.
301 1077 373 1112 quod
390 1082 531 1107 vetustate,
548 1076 619 1112 quod
631 1076 662 1108 Q.
675 1076 776 1107 Catuli,
790 1079 889 1104 summi
902 1078 961 1109 viri,
975 1086 1023 1104 au-
1043 1077 1045 1106 l

226 1115 356 1145 ctoritate,
375 1114 446 1149 quod
464 1114 563 1140 iudicio
578 1119 700 1144 senatus.
714 1114 786 1148 quod
798 1114 915 1146 foedere,
928 1124 1023 1141 conse·
1043 1111 1045 1142 Ι

226 1156 285 1178 cuta
306 1156 359 1180 estz
386 1151 457 1186 quod
479 1151 586 1186 publica
606 1151 733 1186 religione
754 1152 850 1178 sanciri
872 1153 971 1187 potuit,
995 1152 1022 1179 id
1043 1144 1045 1195 Ξ

226 1189 310 1215 abest.
352 1189 470 1223 Populus
481 1189 551 1215 enim
565 1197 593 1214 se
605 1197 737 1223 nusquam
749 1189 888 1224 obligavit.
929 1191 1022 1225 Neque
1042 1199 1045 1219 l

227 1226 286 1253 ideo
305 1231 345 1252 est
365 1227 557 1253 Gaditanorum
573 1234 666 1252 caussa
682 1226 806 1252 deterior.
847 1227 1021 1254 Gravissimis
1042 1221 1045 1256 l

226 1264 297 1290 enim
308 1268 333 1290 et
345 1264 469 1298 plurimis
481 1264 561 1290 rebus
574 1268 612 1289 est
624 1263 700 1289 fulta.
727 1263 779 1290 Sed
791 1265 835 1290 isti
847 1264 1021 1299 disputationi
1042 1268 1044 1295 j

225 1306 295 1327 certe
315 1301 380 1327 nibil
397 1305 437 1327 est
454 1301 513 1327 loci.
553 1300 755 1327 sacrosanctum
772 1302 843 1327 enim
856 1302 922 1328 nibil
936 1307 1023 1337 potest

226 1347 297 1369 esse,
316 1339 367 1364 nisi
384 1338 455 1373 quod
471 1347 517 1372 per
532 1338 663 1373 populum
675 1338 815 1372 plebemve
827 1340 959 1366 sancitum
970 1345 1020 1366 est.

226 1376 294 1402 XVI.
311 1375 388 1408 Quod
399 1376 422 1402 si
435 1376 483 1402 boc
500 1375 601 1406 foedus,
615 1375 687 1410 quod
700 1376 817 1410 populus
828 1377 963 1403 Romanus
973 1386 1022 1404 au-

225 1418 295 1439 ctore
310 1418 404 1439 senatu
420 1413 649 1439 commendatione
665 1417 690 1439 et
702 1413 802 1440 iudicio
812 1415 961 1446 vetustatis,
975 1423 1022 1441 vo-

226 1450 326 1476 luntate
345 1455 370 1477 et
385 1451 524 1477 sententiis
541 1451 598 1477 suis
614 1451 780 1485 comprobat,
798 1450 870 1478 idem
886 1452 1021 1488 suffragiis

224 1488 436 1522 comprobasset:
457 1487 525 1522 quid
536 1492 604 1519 erat.
623 1496 671 1514 cur
680 1497 713 1514 ex
724 1489 784 1523 ipso
795 1488 899 1515 foedere
912 1489 1022 1516 Gadita-
1049 1513 1051 1521 .

225 1534 288 1551 num
302 1526 328 1551 in
340 1526 473 1551 civitatem
486 1530 602 1551 nostram
613 1525 698 1560 recipi
709 1534 760 1552 non
769 1525 876 1552 liceret?
896 1527 968 1553 Nihil
980 1531 1022 1554 est

224 1563 294 1589 enim
310 1562 383 1589 aliud
398 1563 425 1589 in
444 1562 562 1593 foedere,
580 1563 645 1593 nisi.
667 1567 696 1589 ut
712 1572 758 1589 νυ.
772 1572 806 1589 ετ
819 1572 954 1591 aereum
968 1573 1021 1591 PAX

224 1600 268 1626 sit.
309 1600 380 1632 Quid
400 1600 428 1626 id
447 1600 480 1626 ad
500 1599 653 1626 civitatem?
677 1600 842 1627 Adiunctum
857 1601 925 1628 illud
940 1603 1020 1628 etiam

224 1642 277 1668 est,
295 1637 367 1672 quod
384 1646 435 1664 non
450 1641 490 1664 est
507 1637 535 1663 in
549 1637 676 1664 omnibus
688 1637 855 1664 foederibus:
878 1648 1021 1665 »iussn-

224 1683 279 1701 τευ
294 1684 396 1701 eornm
411 1683 522 1701 noum!
537 1683 666 1701 cominu
680 1683 879 1701 coussnvno.
900 1676 929 1702 td
941 1676 1020 1702 habet

224 1712 293 1738 hanc
304 1712 369 1742 vim,
383 1717 412 1738 ut
423 1712 457 1738 sit
468 1711 514 1738 ille
525 1712 552 1738 in
565 1711 670 1738 foedere
680 1711 798 1738 inferior.
835 1714 876 1739 36.
898 1713 1020 1740 Primum

224 1749 299 1775 verbi
309 1757 395 1784 genus
408 1749 457 1776 boc
468 1757 556 1775 consi:
565 1749 687 1780 nvno‘,
701 1758 755 1784 quo
766 1750 852 1785 magis
863 1750 890 1776 in
903 1749 1017 1786 legibus,

223 1794 305 1821 quam
317 1786 344 1812 in
357 1786 523 1817 foederibus,
536 1787 575 1812 uti
587 1786 718 1817 solemus,
732 1787 889 1821 imperantis
900 1793 953 1819 est,
966 1796 1019 1814 non

224 1823 365 1857 precantis.
410 1823 511 1849 Deinde
533 1831 619 1858 quum
645 1823 755 1850 alterius
779 1824 873 1858 populi
895 1825 1019 1852 maiestas

223 1861 374 1887 conservari
384 1861 501 1894 iubetur,
509 1860 542 1886 de
553 1860 634 1887 altero
644 1860 752 1887 siletur:
765 1866 834 1887 certe
846 1861 891 1888 ille
902 1862 1020 1898 populus

224 1897 251 1923 in
263 1898 393 1932 superiori
405 1897 555 1924 conditione
565 1906 715 1933 caussaque
721 1899 837 1933 ponitur,
846 1899 925 1926 cuius
936 1901 1020 1926 maie-
1040 1915 1041 1922 .

223 1939 278 1961 stas
295 1934 408 1961 foederis
423 1935 558 1961 sanctione
569 1935 730 1961 defenditur.
771 1936 800 1962 In
811 1944 866 1971 quo
876 1941 930 1963 erat
941 1946 1020 1963 accu-

223 1972 317 1998 satoris
329 1972 510 2007 interpretatio
520 1972 630 2008 indigna
641 1973 814 2007 responsione
822 1994 828 2004 ,
841 1974 888 2008 qui
900 1974 935 2000 ita
946 1975 1020 2001 dice-

223 2009 281 2040 bat.
305 2012 409 2035 comiter
431 2017 490 2035 esse
511 2012 690 2036 conmuniter.-
717 2011 796 2045 quasi
816 2019 879 2037 vero
899 2012 1017 2046 priscum

224 2046 332 2081 aliquod
344 2051 388 2072 aut
399 2046 537 2073 insolitum
550 2047 662 2073 verbum
674 2047 902 2082 interpretaretur.
924 2049 1018 2076 Comes

224 2083 343 2119 benigni,
357 2083 457 2115 faciles,
471 2092 569 2110 suaves
581 2084 703 2111 homines
713 2093 772 2111 esse
783 2085 920 2112 dicuntur.

276 2136 314 2140 —
322 2136 360 2141 —
369 2124 414 2155 qui
423 2124 523 2147 erranti
537 2124 641 2148 comiter
650 2125 777 2149 monstrat
787 2125 864 2154 viam,

223 2158 349 2194 benigne,
362 2167 414 2184 non
434 2163 555 2194 gravate:
578 2161 745 2185 communiter
759 2160 869 2194 quidem
885 2165 955 2187 certe
966 2169 1018 2187 non

222 2196 356 2222 convenit.
377 2196 418 2222 37.
431 2196 464 2222 Et
474 2195 555 2222 simul
567 2195 682 2222 absurda
694 2205 736 2222 res
747 2202 794 2228 est,
803 2198 891 2224 caveri
903 2198 1016 2230 foedere,

223 2237 252 2258 ut
263 2233 427 2259 maiestatem
440 2233 650 2268 populiRomani
661 2235 839 2261 communiter
848 2240 1016 2267 conservent,

223 2269 250 2296 id
261 2274 309 2300 est.
323 2275 352 2296 ut
362 2270 480 2305 populus
487 2271 622 2297 Romanus
634 2279 711 2297 suam
723 2272 888 2298 maiestatem
900 2272 1020 2299 essesal—

223 2316 283 2333 vam
295 2307 368 2334 velit.
409 2307 485 2340 Quod
501 2308 524 2334 si
539 2308 591 2334 iam
603 2309 639 2334 ita
650 2313 728 2339 esset,
742 2313 773 2335 ut
782 2317 841 2336 esse
852 2318 904 2336 non
916 2315 1015 2345 potest:

223 2349 309 2371 tamen
325 2344 358 2371 de
369 2350 457 2371 nostra
469 2346 614 2376 maiestate,
627 2345 695 2372 nibil
705 2345 739 2372 de
749 2346 857 2373 illorum
868 2352 1017 2374 caveretur.

224 2382 344 2408 Potestne
363 2383 447 2418 igitur
466 2387 555 2409 nostra
578 2383 702 2409 maiestas
723 2391 737 2409 a
752 2383 891 2411 Gaditanis
902 2385 1018 2421 benigne

222 2419 386 2451 conservari,
403 2420 426 2446 si
442 2419 474 2446 ad
489 2428 547 2446 eam
558 2420 723 2446 retinendam
736 2421 880 2448 Gaditanos
890 2422 1018 2457 praemiis

223 2455 317 2482 elicere
329 2465 380 2483 non
393 2456 558 2492 possumus?
576 2457 665 2484 Potest
675 2466 734 2484 esse
745 2458 923 2494 ulladenique
935 2460 1019 2486 maie·

222 2497 285 2523 staS,
298 2494 321 2519 si
333 2494 571 2530 impedimur,quo
581 2495 1016 2529 minusperpopulumRomanum

224 2528 412 2557 beneficiorum
423 2532 530 2558 virtutis
541 2540 635 2558 caussa
647 2531 851 2559 tribuendorum
858 2538 1016 2568 potestatem

223 2566 427 2601 imperatoribus
439 2569 535 2595 nostris
546 2568 716 2595 deferamus?

277 2602 357 2629 xvn.
379 2606 420 2630 38.
443 2604 494 2631 Sed
509 2606 575 2640 quid
591 2615 640 2642 ego
655 2605 777 2641 disputo,
789 2615 859 2641 quae
869 2607 936 2634 mihi
947 2612 1014 2639 tum.

223 2639 246 2665 si
262 2639 386 2666 Gaditani
401 2646 489 2667 contra
505 2651 548 2669 me
562 2643 694 2673 dicerent,
707 2651 768 2669 vere
783 2651 862 2677 posse
876 2644 930 2670 dici
941 2645 1016 2671 vid&

224 2676 332 2703 rentur?
350 2676 406 2704 Illis
422 2678 493 2705 enim
505 2680 687 2714 repetentibus
698 2681 728 2707 L.
741 2679 893 2707 Cornelium
906 2690 1016 2717 respon-

901 147 1175 174 ClCEllONlS
1208 148 1394 175 ORATlO

1074 218 1173 248 dci-em.
1189 217 1273 253 legem
1285 223 1414 254 poputum
1427 220 1574 247 Romanum
1587 221 1700 247 iussisse
1713 220 1747 247 de
1758 222 1866 249 civitate

1074 256 1228 286 tribuenda:
1250 256 1312 282 huic
1322 258 1411 290 generi
1424 256 1512 292 legum
1521 257 1617 284 fundos
1628 258 1740 293 populos
1748 259 1803 286 lieri
1814 268 1865 287 uon

1074 292 1172 323 nolet-m
1195 293 1243 319 Cn.
1262 293 1417 328 Pompeium
1432 294 1465 320 de
1475 295 1580 321 comitii
1592 297 1720 322 sententia
1731 297 1865 323 civitatem

1076 329 1137 355 buic
1151 329 1271 360 dedisse.
1290 331 1394 357 nullum
1407 332 1498 366 populi
1511 334 1591 358 nostri
1604 333 1709 359 ius-um
1721 333 1867 360 Gaditano·

1076 367 1185 393 babere:
1209 368 1298 402 itaque
1322 369 1388 395 nibil
1411 377 1470 394 esso
1490 375 1694 399 sacrosanctum.
1716 370 1788 405 quod
1810 370 1868 406 lege

1050 426 1052 429 .
1075 409 1216 438 exceptum
1235 405 1382 437 videretur;
1405 407 1427 432 si
1443 411 1527 436 esset.
1546 411 1632 433 tamen
1644 408 1670 433 in
1683 407 1787 434 foedere
1799 407 1866 434 nihil

1075 450 1134 466 esse
1149 447 1257 468 cautum
1274 448 1375 477 praeter
1386 452 1490 478 pacem:
1507 443 1777 471 additumetiamesse
1788 445 1865 475 illud.

1076 483 1104 504 ut
1116 479 1279 506 maiestatem
1293 480 1330 506 illi
1343 485 1458 506 nostram
1469 489 1626 507 conservare
1636 481 1776 508 deberent:
1798 491 1868 516 quae

1050 534 1053 544 .
1074 520 1144 541 certe
1160 517 1339 547 minueretur.
1356 519 1378 544 si
1395 523 1440 543 aut
1455 518 1622 544 adiutoribus
1638 518 1744 545 illorum
1760 520 1867 546 civibus

1076 554 1113 579 uti
1134 553 1159 579 in
1177 554 1254 580 bellis
1266 555 1343 580 nobis
1360 564 1410 581 non
1428 555 1529 586 liceret.
1548 560 1592 581 aut
1609 556 1720 590 praemii
1732 556 1867 583 tribuendi

1076 595 1229 624 potestatem
1247 592 1347 618 nullam
1365 592 1533 619 haberemus.
1574 594 1615 619 39.
1635 593 1711 619 Nunc
1726 602 1789 620 vero
1801 593 1868 629 quid

1074 636 1123 663 ego
1137 634 1226 654 contra
1241 629 1386 656 Gaditanos
1402 629 1507 664 loquar,
1525 638 1609 665 quum
1626 630 1651 656 id
1667 630 1739 665 quod
1754 631 1869 658 defendo

1076 665 1210 691 voluntate
1225 675 1330 697 corum.
1348 668 1515 698 auctoritate.
1533 667 1663 701 legatione
1679 668 1736 702 ipsa
1746 676 1869 703 compro-

1044 716 1051 725 1.
1075 702 1170 728 betur?
1188 705 1249 738 qui,
1267 713 1280 729 a
1293 705 1425 739 principio
1440 705 1482 730 sui
1494 705 1599 739 generis
1609 713 1638 730 ac
1650 705 1821 740 reipublicae.
1834 705 1868 732 ab

1073 741 1146 766 omni
1163 741 1252 767 studio
1268 750 1404 776 sensuque
1419 742 1565 768 Poenorum
1582 747 1683 768 mentes
1699 751 1761 769 suas
1776 742 1809 768 ad
1821 751 1869 769 no-

1074 782 1158 803 strum
1171 779 1313 812 imperium
1323 788 1472 814 nomenque
1479 779 1621 805 flexerunt:
1633 788 1711 814 quos.
1720 788 1804 815 quum
1811 789 1869 806 mn-

1075 815 1146 840 xima
1169 815 1235 841 bella
1257 816 1334 842 nobis
1355 816 1494 846 inferrent,
1518 817 1659 843 moenibus
1685 817 1866 848 excluserunt.

1074 851 1206 878 classibus
1223 854 1335 879 insecuti
1351 858 1423 883 sunt,
1437 854 1602 888 corporibus.
1616 854 1868 889 copiismpibusde·

1075 889 1202 923 pulerunt
1210 899 1215 921 ς
1223 891 1302 925 quiet
1311 896 1424 917 veterem
1433 891 1505 917 illam
1513 892 1629 926 speciem
1638 891 1750 918 foederis
1758 892 1865 918 Marcia-

1075 927 1100 952 ni
1117 935 1222 962 semper
1236 929 1308 954 omni
1321 937 1378 954 aree
1387 928 1523 955 duxerunt
1532 930 1700 957 sanctiorem.
1716 934 1741 955 et
1753 929 1803 955 hoc
1813 929 1868 956 foe-

1074 964 1136 990 dere
1155 964 1241 991 Catuli
1258 971 1422 1000 senatusque
1441 967 1594 992 auctoritate
1609 975 1638 992 se
1650 967 1790 993 nobiseum
1804 975 1868 993 con-

1075 1002 1259 1029 iunctissimos
1271 1012 1329 1029 esse
1340 1003 1458 1029 arbitrati
1470 1008 1547 1029 sunt:
1564 1012 1679 1038 quorum
1690 1004 1807 1034 moenia.
1820 1003 1868 1030 de-

1076 1038 1160 1069 lubra.
1183 1048 1269 1075 agros,
1291 1045 1320 1066 ut
1342 1041 1400 1075 ipse
1420 1041 1546 1067 Hercules
1561 1042 1685 1067 itinerum
1701 1049 1731 1067 ac
1747 1041 1867 1067 laborum

1075 1085 1198 1107 suorum.
1218 1078 1257 1103 sic
1273 1078 1385 1104 maiores
1396 1079 1476 1104 nostri
1489 1078 1594 1113 imperii
1606 1087 1635 1104 ac
1647 1078 1763 1104 nominis
1775 1078 1867 1113 populi

1075 1114 1185 1140 Romani
1207 1116 1334 1141 terminos
1352 1124 1411 1141 esse
1434 1115 1586 1142 voluerunt.
1623 1116 1664 1142 40.
1686 1116 1828 1142 Testautur
1841 1120 1868 1142 et

1074 1156 1192 1177 mortuos
1209 1157 1311 1178 nostros
1327 1153 1513 1187 imperatores,
1526 1161 1642 1188 quorum
1654 1153 1721 1179 vivit
1731 1154 1868 1179 immorta-

1075 1187 1107 1214 lis
1119 1188 1246 1215 memoria
1257 1194 1282 1216 et
1291 1189 1383 1225 gloria,
1397 1189 1544 1224 Scipiones.
1557 1190 1795 1221 Brutos.}{0ratios,
1804 1190 1868 1217 eas-

1074 1226 1142 1257 sios,
1165 1226 1285 1253 Metellos
1305 1232 1330 1253 et
1350 1227 1421 1253 hunc
1442 1232 1608 1262 praesentem
1628 1227 1678 1254 Cn.
1700 1228 1865 1262 Pompeium.

1073 1272 1154 1298 quem
1167 1263 1258 1298 procul
1270 1264 1304 1290 ab
1314 1272 1405 1290 eorum
1418 1265 1559 1291 moenibus
1570 1273 1628 1290 acre
1639 1269 1664 1290 et
1675 1273 1803 1300 magnum
1810 1265 1868 1291 bel-

1075 1300 1130 1327 lum
1151 1306 1286 1336 gerentem
1295 1322 1301 1331 .
1326 1306 1475 1328 commeatu
1499 1302 1666 1337 pecuniaque
1681 1303 1820 1329 iuverunt:
1841 1307 1868 1329 et

1074 1338 1123 1364 boc
1134 1339 1316 1373 temporeipso
1323 1338 1453 1374 populum
1464 1339 1623 1369 Romanum,
1631 1348 1711 1374 quem
1724 1340 1751 1365 in
1761 1339 1868 1366 caritate

1073 1384 1201 1407 annonae,
1210 1381 1240 1402 ut
1249 1385 1328 1411 saepe
1339 1382 1400 1403 ante
1410 1376 1534 1407 fecerant,
1543 1376 1676 1403 frumento
1687 1377 1865 1411 suppeditato.

1075 1412 1243 1440 levaverunt:
1266 1422 1295 1440 se
1312 1414 1414 1440 hocius
1425 1422 1484 1440 esse
1496 1413 1574 1444 velle.
1587 1419 1617 1440 ut
1627 1414 1680 1440 sibi
1692 1419 1717 1440 et
1729 1414 1830 1445 liberis,
1842 1415 1867 1440 si

1049 1463 1051 1466 .
1073 1451 1122 1485 qui
1137 1451 1235 1477 eximia
1252 1452 1350 1478 virtute
1360 1451 1471 1481 fuerint,
1485 1452 1520 1478 sit
1531 1452 1558 1477 in
1570 1452 1668 1478 nostris
1677 1452 1781 1482 castris,
1793 1452 1867 1478 sitin

1072 1488 1264 1523 imperatorum
1279 1489 1432 1524 praetoriis,
1449 1490 1484 1515 sit
1493 1488 1610 1523 denique
1621 1489 1690 1515 inter
1699 1490 1776 1524 signa
1787 1493 1867 1523 atque

1072 1525 1100 1552 in
1111 1526 1168 1552 acie
1183 1525 1256 1552 locus
1265 1547 1271 1557 ,
1293 1526 1329 1552 sit
1340 1526 1382 1552 bis
1392 1526 1522 1562 gradibus
1533 1534 1661 1552 ascensus
1671 1527 1750 1552 etiam
1761 1525 1867 1553 adcivi-

1072 1567 1162 1589 tatem.
1194 1563 1287 1590 xvllt.
1309 1564 1350 1590 tt.
1372 1564 1449 1595 Quod
1459 1564 1483 1590 si
1495 1563 1575 1594 Afris,
1589 1564 1613 1589 si
1624 1562 1724 1594 Sardis,
1737 1564 1760 1589 si
1771 1563 1868 1598 Hispa-

1072 1601 1123 1631 nis,
1137 1601 1208 1636 agris
1219 1600 1407 1635 stipendioque
1417 1600 1560 1631 mulctatis,
1575 1601 1672 1627 virtute
1681 1601 1794 1635 adipisci
1806 1600 1867 1627 licet

1071 1637 1220 1669 civitatem,
1243 1638 1382 1665 Gaditanis
1397 1643 1500 1669 autem,
1517 1637 1627 1668 officiis,
1645 1642 1790 1668 vetustate,
1803 1637 1864 1669 fide,

1071 1674 1208 1709 periculis.
1231 1674 1336 1702 foedere
1355 1675 1518 1706 coniunctis,
1541 1675 1590 1701 hoc
1605 1674 1676 1701 idem
1692 1683 1744 1702 non
1760 1674 1864 1701 licebit:

1072 1720 1123 1738 non
1140 1711 1234 1738 foedus
1248 1713 1300 1738 sibi
1312 1713 1462 1742 nobiscum.
1476 1712 1524 1738 sed
1535 1712 1721 1747 iniquissimas
1733 1711 1804 1748 leges
1814 1713 1867 1739 im-

1071 1749 1171 1784 positas
1186 1758 1200 1775 a
1216 1750 1293 1776 nobis
1308 1758 1367 1776 esse
1381 1750 1590 1776 arbitrabuntur.
1628 1749 1716 1784 Atque
1734 1749 1810 1780 hane.
1823 1750 1866 1776 iu-

1070 1786 1157 1817 dices,
1176 1795 1228 1813 non
1244 1795 1258 1813 a
1274 1795 1316 1813 me
1328 1787 1392 1823 fingi
1403 1787 1558 1817 orationem.
1571 1786 1619 1813 sed
1630 1795 1672 1813 me
1682 1787 1784 1817 dicere.
1796 1795 1866 1822 quae
1899 1798 1905 1803 ·

1071 1823 1196 1850 Gaditani
1220 1824 1375 1855 iudicarint=
1405 1833 1448 1851 res
1468 1824 1527 1859 ipsa
1548 1823 1672 1850 declarat.
1712 1824 1866 1858 Hospitium

1071 1861 1164 1887 multis
1175 1862 1252 1888 annis
1264 1866 1324 1888 ante
1335 1861 1384 1888 hoc
1395 1866 1502 1896 tempus
1513 1870 1574 1888 cum
1588 1861 1617 1887 L.
1629 1861 1866 1888 CornelioGadita-

1071 1907 1119 1925 nos
1131 1897 1227 1925 fecisse
1242 1898 1358 1934 publice,
1376 1899 1445 1925 dico.
1485 1898 1619 1925 Proferam
1631 1903 1720 1929 testes,
1733 1898 1865 1933 proferam

1071 1935 1184 1972 legatos:
1206 1936 1327 1963 excitabo
1343 1936 1508 1965 laudatores.
1524 1944 1594 1971 quos
1608 1935 1641 1962 ad
1658 1936 1707 1962 hoc
1721 1935 1862 1966 iudicium.

1070 1981 1191 2000 summos
1206 1973 1328 2000 homines
1343 1982 1373 2000 ac
1383 1973 1576 2004 nobilissimos,
1589 1973 1772 2008 deprecatores
1782 1973 1866 2000 buius

1070 2011 1182 2045 periculi
1190 2031 1196 2041 .
1213 2011 1312 2037 missos
1326 2011 1433 2037 videtis.
1474 2011 1511 2037 Re
1520 2010 1637 2045 denique
1648 2009 1733 2037 multo
1742 2015 1802 2037 ante
1812 2010 1866 2037 Ga-

1070 2048 1152 2074 dibus
1162 2048 1282 2075 inaudita
1290 2069 1296 2079 ,
1309 2048 1374 2079 fore,
1387 2048 1451 2075 huic
1461 2052 1490 2074 ut
1500 2048 1534 2074 ab
1544 2047 1592 2074 illo
1602 2047 1752 2082 periculum
1763 2055 1866 2074 creare-

1070 2090 1127 2117 tur,
1147 2086 1309 2121 gravissima
1329 2090 1387 2112 tum
1403 2086 1431 2112 in
1446 2086 1531 2112 istum
1545 2085 1632 2111 civem
1647 2093 1728 2111 suum
1740 2084 1865 2111 Gaditani

1069 2123 1301 2149 senatusconsulta
1322 2122 1451 2150 fecerunt.
1483 2123 1525 2149 ⁴2.
1550 2122 1639 2149 Potuit
1659 2122 1748 2158 magis
1762 2121 1866 2148 fundus

1069 2159 1187 2195 populus
1208 2160 1356 2187 Gaditanus
1377 2159 1590 2195 fieri,(qu0niam
1610 2159 1660 2186 boc
1675 2167 1772 2195 magno
1785 2167 1866 2194 opere

1069 2197 1200 2223 delectare
1211 2197 1314 2233 verbo.)
1323 2198 1347 2224 si
1358 2202 1416 2224 tum
1427 2196 1744 2232 sitfundus,quumscita
1750 2205 1780 2222 ac
1789 2196 1864 2223 iussa

1070 2238 1159 2261 nostra
1170 2243 1219 2261 sua
1229 2235 1528 2270 sententiacomprobat.
1536 2242 1618 2269 quam
1623 2242 1709 2269 quum
1716 2233 1865 2268 hospitium

1070 2272 1145 2303 fecit,
1168 2276 1199 2298 ut
1217 2277 1243 2298 et
1255 2273 1364 2298 civitate
1381 2271 1460 2298 illum
1475 2275 1608 2298 mutatum
1623 2278 1683 2297 esse
1697 2270 1824 2297 fateretur
1838 2275 1866 2297 et

1069 2309 1152 2336 buius
1167 2309 1283 2335 civitatis
1295 2309 1393 2336 bonore
1403 2309 1596 2344 dignissimum
1605 2306 1754 2334 iudicaret?
1775 2308 1865 2334 Potuit

1068 2347 1168 2373 certius
1185 2347 1354 2381 interponere
1373 2346 1505 2373 iudicium
1525 2344 1670 2372 voluntatis
1683 2353 1762 2375 suae.
1780 2353 1863 2380 quam
1892 2351 1894 2353 ’

1067 2392 1154 2419 quum
1169 2384 1249 2410 etiam
1264 2388 1443 2410 accusatorem
1458 2383 1541 2410 huius
1551 2381 1650 2408 mulcta
1660 2386 1686 2408 et
1696 2389 1781 2416 poena
1792 2381 1864 2408 mul·
1906 2391 1907 2394 ¹

1068 2420 1167 2448 ctavit‘?
1185 2421 1275 2448 Potuit
1291 2421 1378 2457 magis
1392 2420 1427 2447 de
1441 2429 1470 2447 re
1483 2419 1614 2450 iudicare,
1631 2427 1713 2454 quam
1727 2427 1814 2454 quum
1828 2418 1864 2446 ad
1897 2435 1901 2439 ·

1068 2463 1188 2485 vestrum
1208 2458 1341 2485 iudicium
1355 2458 1429 2484 cives
1444 2457 1628 2492 amplissimos
1647 2456 1759 2492 legavit,
1781 2460 1862 2482 testea

1068 2496 1151 2522 buius
1171 2496 1252 2527 iuris.
1269 2497 1340 2522 vitae
1355 2495 1517 2525 laudatores,
1533 2492 1647 2529 periculi
1660 2492 1862 2528 deprecatores?

1069 2534 1110 2560 43.
1125 2533 1232 2560 Etenim
1247 2533 1310 2568 quis
1319 2537 1360 2559 est
1369 2537 1423 2559 tam
1433 2532 1552 2562 demens.
1564 2531 1631 2566 quin
1641 2531 1746 2562 sentiat.
1757 2531 1801 2557 iua
1811 2530 1862 2557 hoc

1067 2570 1207 2597 Gaditanis
1221 2578 1282 2596 esse
1297 2569 1466 2596 retinendum
1474 2589 1480 2600 ,
1493 2577 1527 2595 ne
1536 2569 1713 2603 interseptum
1722 2568 1758 2594 sit
1766 2567 1801 2594 iis
1811 2568 1862 2594 iter
1897 2574 1901 2587 2

1067 2613 1196 2642 perpetuo
1210 2607 1244 2633 ad
1255 2607 1304 2634 boc
1314 2606 1514 2641 amplissimum
1523 2605 1672 2641 praemium
1682 2605 1813 2637 civitatis;
1834 2608 1862 2631 et
1898 2605 1901 2614 ²

1067 2653 1164 2681 magno
1172 2653 1253 2679 opere
1262 2645 1297 2671 iis
1306 2652 1367 2670 esse
1377 2642 1539 2673 laetandum.
1552 2643 1635 2669 buius
1645 2642 1675 2668 L.
1687 2641 1803 2669 Cornelii
1812 2641 1861 2668 be-

1067 2682 1245 2709 nevolentiam
1260 2689 1322 2718 erga
1331 2689 1396 2708 suos
1406 2688 1541 2708 remanere
1554 2679 1689 2711 Gadibus.
1710 2679 1823 2716 gratiam
1834 2682 1862 2705 et
1898 2703 1899 2706 ,

1902 1982 1917 1995 ζ-
