1941 3052
267 110 316 135 7203

268 179 394 205 omnibus
409 186 502 204 omnes
517 184 580 211 opes
591 175 781 206 concesserim,
799 180 828 201 ut
839 174 905 201 mihi
919 174 1007 205 liceat,
1026 175 1052 201 vi
1080 175 1083 228 Ι

270 216 340 242 nulla
358 214 552 249 interpellante,
575 214 623 238 isto
639 213 715 238 modo
732 213 831 238 vivore.
871 214 896 238 5.
917 211 993 243 Quod
1006 220 1052 238 nos

268 262 375 288 ιμιιιιμιι·
388 252 534 280 imitamur,
553 255 580 275 ut
597 258 752 283 possumus,
770 254 795 274 ct
810 250 835 275 in
848 250 943 275 nostris
955 249 1053 275 studiis

270 289 446 315 libentissime
457 287 683 321 conquiescimus.
723 286 789 317 Quis
800 286 871 312 enim
884 286 933 311 hoc
944 294 994 312 non
1006 286 1054 311 dc-

268 327 335 352 ‹lerit
347 325 562 358 nobis,ut‚quum
573 332 651 357 opera
667 328 752 349 nostra
766 324 848 357 patrio
859 323 917 348 sive
929 332 979 349 non
991 331 1054 358 pos-
1073 304 1075 345 l

267 365 301 389 sit
318 363 369 391 uti,
386 362 443 387 siv«.-
460 361 537 390 nolit,
555 360 587 386 ad
603 369 661 386 cnm
680 361 760 386 vitum
777 365 953 390 revertamur,
971 369 1051 395 quam
1073 359 1075 386 l

269 399 344 426 multi
360 398 430 424 docti
448 398 582 426 homines,
605 397 713 423 sortasse
730 405 780 423 non
798 402 880 427 recte,
902 397 948 422 sed
965 402 1051 423 tamen
1073 410 1075 420 ι

269 436 344 462 multi
360 436 439 461 ctiam
461 434 623 468 reipublicae
643 433 855 468 praeponendam
876 435 1054 468 putaverunt?
1073 427 1075 465 ς’

267 475 338 505 Quae
356 472 437 507 igitur
452 471 554 501 studia,
578 480 734 506 magnorum
757 471 895 497 hominum
911 472 1050 501 sententia,
1074 475 1075 491 l

269 510 431 536 vacationem
448 508 547 534 habent
557 509 635 534 ctiam
648 508 750 543 publici
763 509 895 537 muneris.
915 509 948 534 iis
959 517 1053 534 conce-

266 547 344 572 dente
360 545 497 580 republica
513 554 560 571 cur
576 554 626 571 non
642 545 802 571 abutamur?
831 547 855 571 6.
873 545 924 571 Sed
941 545 1002 580 plus
1015 545 1053 571 sa·
1074 551 1075 565 ι

266 585 320 613 cio,
333 591 414 618 quani
426 582 554 609 Caninius
567 582 712 609 mandavit.
753 583 776 608 ts
790 583 875 613 enim,
893 583 915 608 si
927 583 992 617 quid
1004 591 1053 618 ego

266 622 377 651 scirem,
395 624 510 653 rogarat,
529 619 600 654 quod
617 624 644 646 tu
656 620 786 646 nescires:
805 619 913 655 egotibi
925 628 953 645 ca
966 629 1050 650 narro,
1074 638 1075 658 ἶ

266 666 334 692 quae
345 662 372 683 tu
384 654 482 683 melius
492 657 560 687 scis,
577 665 658 691 quam
674 658 744 691 ipsc,
762 657 809 691 qui
821 665 906 683 narro.
948 657 1052 683 Faciam

266 703 328 729 ergo
340 693 421 724 illud.
435 693 506 728 quod
517 698 624 729 rogatus
634 703 704 724 sum,
719 698 857 723 uteorum,
870 702 938 728 quae
951 699 1054 729 tempo-

267 733 303 758 ris
319 731 401 757 buius
417 731 483 762 sint,
501 739 570 766 quae
586 735 630 757 tua
647 731 774 757 interesse
793 731 915 762 audiero,
939 740 971 757 ne
986 731 1052 766 quid

267 769 382 804 ignores.

294 846 298 850 '
320 845 368 865 VH.
386 844 460 864 Atto.
475 843 520 864 lum
531 847 616 871 tempus
626 850 675 864 ene
685 843 715 864 nit
723 859 728 868 ,
738 848 762 864 ut
773 845 798 864 ab
809 844 867 865 Urbe
877 845 973 865 :ti-redut
981 861 986 869 ,
997 849 1017 865 et
1028 845 1054 865 de

267 879 370 901 Caesari·
386 886 413 900 ex
425 877 531 899 Afric-no
546 878 604 899 bello
620 879 732 899 redeunti·
748 879 828 900 itinere
841 880 940 900 diver-u·
957 887 1053 900 numere·

267 914 360 934 nuntiat.
391 915 415 939 <n
418 921 478 935 ooooo
489 915 503 933 c
505 921 566 933 ......
577 915 693 938 111.1,‹p;a0
703 922 747 933 ω...
760 918 813 936 του.)

451 957 618 985 ClCERO
655 958 868 985 VARRONI.

323 990 511 1021 t.Caenaban1
523 995 593 1029 apud
605 995 705 1026 Seium.
719 1005 803 1030 quum
817 996 922 1031 utrique
934 1001 1053 1022 nostrum

266 1031 384 1058 redditae
399 1036 462 1058 sunt
477 1041 491 1058 a
507 1037 530 1058 tc
546 1032 656 1059 litterae.
695 1033 762 1059 Mihi
778 1042 840 1059 vero
856 1034 907 1059 iam
920 1038 1052 1060 maturum
1074 1018 1077 1052 l

267 1069 382 1095 videtur.
416 1069 496 1100 Nam,
508 1069 580 1104 quod
592 1075 666 1096 antea
680 1069 724 1106 [te]
736 1070 914 1097 calumniatus
924 1079 998 1100 sum,
1012 1071 1054 1096 in-

265 1106 360 1133 dicabo
372 1105 501 1132 malitiam
512 1114 608 1133 meam.
648 1106 775 1133 Volebam
791 1116 872 1142 prope
883 1107 983 1134 alicubi
995 1116 1053 1133 csse

266 1148 290 1170 te
302 1143 322 1174 ‘,
335 1143 359 1169 si
370 1142 436 1178 quid
447 1143 531 1169 bonae
542 1143 646 1174 salutis,
659 1144 707 1171 σύν
717 1154 744 1171 τε
756 1144 797 1172 δύ’
810 1146 945 1180 ἐρχομένω.
965 1145 1050 1175 Nunc.

264 1189 350 1215 quum
361 1179 478 1206 confecta
489 1185 552 1206 sunt
565 1181 663 1211 omnia,
671 1181 850 1208 dubitandum
862 1190 914 1208 non
925 1186 973 1212 est,
986 1182 1052 1216 quin

264 1218 343 1252 equis
355 1217 431 1244 viris.
471 1218 537 1243 Nam
552 1222 581 1244 ut
593 1218 686 1244 audivi
696 1218 730 1244 de
741 1219 770 1245 L.
782 1218 893 1246 Caesare
905 1219 933 1245 F.
947 1227 1052 1245 mecum

264 1255 337 1289 ipse:
350 1257 412 1288 quid
422 1256 462 1280 hic
472 1256 534 1280 mihi
543 1255 713 1288 sacietpatri?
726 1256 817 1290 ltaque
824 1264 874 1282 non
881 1255 974 1282 desino
981 1255 1052 1290 apud

264 1292 338 1321 istos,
352 1291 400 1325 qui
411 1299 482 1317 nunc
493 1291 672 1323 dominantur,
685 1293 826 1319 coenitare.
857 1292 927 1325 Quid
940 1292 1052 1320 l'aciam‘?

264 1328 377 1362 tempori
388 1328 561 1354 serviendum
573 1334 621 1356 est.
643 1331 668 1355 2.
681 1329 733 1355 Sed
745 1329 858 1356 ridicula
870 1331 960 1361 missa,
974 1339 1052 1365 prae-
1072 1347 1074 1357 ι

263 1366 356 1392 sertim
366 1373 451 1400 quum
463 1365 498 1391 sit
509 1365 586 1397 nihil,
599 1366 671 1401 quod
683 1366 828 1393 rideamus.

318 1404 407 1435 Africa
419 1404 528 1428 terribili
538 1405 621 1429 tremit
631 1405 737 1430 horrida
747 1409 818 1430 terra
829 1406 946 1430 tumultu.

263 1439 354 1473 Itaque
370 1438 475 1465 nullum
491 1443 531 1465 est
545 1439 776 1477 ἀποπροηγμένον,
792 1441 864 1476 quod
881 1450 932 1467 non
948 1449 1049 1467 verear.

263 1475 316 1503 Sed
326 1476 399 1511 quod
409 1477 525 1511 quaeris,
539 1477 655 1512 quando,
668 1486 730 1513 qua,
744 1486 806 1513 quo,
820 1478 888 1504 nibil
900 1478 988 1505 adhuc
998 1479 1052 1504 sci—

263 1522 334 1539 mus.
364 1514 434 1540 Istuc
445 1514 535 1548 ipsum
546 1514 578 1540 de
589 1515 669 1546 Baiis,
683 1515 805 1541 nonnulli
815 1515 947 1546 dubitant,
961 1524 993 1542 an
1004 1524 1052 1550 per

262 1549 414 1577 Sardiniam
426 1551 524 1577 veniat.
557 1551 627 1578 Illud
637 1552 709 1578 enim
720 1552 808 1578 adhuc
818 1552 958 1587 praedium
970 1561 1050 1579 suum

263 1596 314 1614 non
331 1588 462 1622 inspexit:
483 1597 532 1614 nec
547 1587 633 1615 ullum
649 1589 728 1616 habet
742 1589 874 1621 deterius,
895 1589 942 1616 sed
963 1595 1050 1616 tamen
1071 1594 1073 1619 A

263 1633 314 1651 non
330 1625 485 1651 contemnit.
525 1625 581 1661 Ego
596 1627 704 1653 omnino
721 1627 807 1662 magis
824 1627 937 1653 arbitror
952 1635 999 1661 per
1008 1627 1051 1653 Si-
1072 1625 1073 1630 ¹

261 1661 366 1688 ciliam:
384 1661 426 1688 vel
441 1662 494 1688 iam
510 1663 638 1690 sciemus.
677 1663 892 1690 Adventatenim
903 1663 1048 1690 Dolabella.

261 1699 293 1725 Ei
304 1707 346 1725 me
357 1703 421 1733 puto
432 1700 591 1735 magistrum
601 1699 666 1727 sore.

335 1736 435 1762 Πολλοὶ
444 1737 565 1770 μαθηταὶ
575 1738 716 1773 κρείττονες
726 1737 894 1764 διδασκάλων.
1070 1730 1073 1763 l

261 1772 313 1799 Sed
324 1776 421 1803 tamen,
434 1773 458 1799 si
469 1774 562 1804 sciam,
575 1774 641 1809 quid
654 1778 683 1800 tu
693 1775 872 1806 constitueris.
886 1783 976 1801 meum
987 1782 1051 1801 con-

261 1809 354 1836 silium
374 1810 580 1837 accommodabo
598 1812 769 1846 potissimum
790 1811 823 1838 ad
837 1816 924 1838 tuum.
963 1811 1049 1844 Quare

261 1851 386 1881 exspecto
397 1851 456 1873 tuas
468 1846 578 1874 litteras.

314 1915 374 1936 VIU.
390 1915 464 1936 Ano.
481 1916 616 1937 Prominernt
629 1917 699 1937 Varro
719 1917 821 1938 Ciceroni
838 1923 863 1939 ιε
876 1917 946 1939 libro·
965 1918 1049 1939 dicam·

261 1956 319 1970 rum:
334 1949 412 1970 Cicero
427 1957 474 1971 eum
485 1951 589 1977 promissi
599 1952 701 1972 admonet
711 1952 786 1972 minis
796 1955 900 1979 quatuor
909 1953 1048 1974 Academicu-

260 1992 307 2006 mm
316 1985 469 2012 quaestionum
480 1985 552 2006 libris.
574 1989 604 2011 (tn
612 1988 706 2012 Arpiunti,
717 1989 794 2007 ene-are
803 1989 835 2007 lv.
846 1996 883 2008 cun.
893 1996 908 2008 a.
919 1990 963 2008 eott.
974 1991 1028 2012 109.)

443 2030 611 2057 CICERO
652 2031 867 2058 VARRONI.

319 2068 342 2094 t.
356 2062 419 2093 Etsi
430 2076 529 2093 munus
540 2066 666 2103 flagitare,
682 2069 808 2103 quamvis
819 2070 882 2104 quis
892 2069 1046 2101 ostenderit,

261 2112 293 2130 ne
305 2103 422 2139 populus
432 2104 543 2139 quidem
554 2105 634 2136 solet,
652 2106 705 2131 nisi
715 2107 876 2133 concitatus:
899 2111 987 2133 tamen
999 2115 1049 2143 ego

260 2141 457 2175 exspectatione
467 2142 594 2176 promissi
605 2143 644 2168 tui
659 2151 779 2174 moveor,
797 2148 827 2170 ut
841 2144 998 2170 admoneam
1012 2149 1046 2175 te,

261 2186 312 2204 non
323 2182 353 2204 ut
363 2177 490 2214 flagitem.
529 2179 591 2205 Misi
606 2184 695 2206 autem
710 2180 743 2206 ad
755 2185 780 2206 te
790 2185 916 2216 quattuor
925 2181 1048 2208 admoni-

259 2219 329 2241 tores
340 2223 393 2242 non
404 2216 486 2242 nimis
497 2216 672 2243 verecundos.
712 2217 788 2244 Nosti
803 2219 875 2244 enim
890 2218 1008 2253 profecto
1017 2227 1047 2245 os

259 2251 476 2280 adolescentioris
487 2252 654 2280 Academiae.
689 2254 730 2281 Ex
739 2262 770 2281 ea
780 2255 864 2290 igitur
874 2255 962 2283 media
973 2257 1048 2282 exci-

259 2293 325 2315 tatos
336 2289 412 2316 misi:
429 2290 477 2325 qui
488 2295 577 2317 metuo
587 2299 620 2317 ne
632 2295 655 2317 te
666 2290 731 2318 forte
744 2291 876 2328 flagitent:
893 2301 943 2328 ego
958 2297 1046 2319 autem

258 2325 394 2357 mandavi,
406 2331 437 2353 ut
446 2332 578 2363 rogarent.
607 2328 803 2363 Exspectabam
813 2330 922 2356 omnino
932 2330 1044 2361 iamdiu,

259 2371 356 2398 meque
370 2364 551 2396 sustinebam,
573 2373 606 2391 ne
622 2365 655 2391 ad
670 2369 696 2392 te
710 2366 786 2400 prius
797 2367 856 2401 ipse
866 2367 933 2402 quid
943 2367 1047 2393 scribe-

259 2407 324 2430 rem,
337 2409 418 2435 quam
429 2401 533 2436 aliquid
543 2403 715 2437 accepissem,
728 2407 758 2429 ut
767 2411 875 2438 possem
885 2408 910 2430 te
921 2411 1046 2430 remune-

258 2436 311 2462 rari
322 2445 402 2471 quam
414 2438 554 2465 simillimo
564 2447 684 2466 munere.
717 2439 785 2471 Sed,
802 2449 887 2475 quum
902 2445 931 2467 tu
942 2440 1045 2468 tardius

260 2471 372 2504 taceres,
385 2473 413 2500 id
423 2479 475 2506 est,
489 2480 519 2502 ιιι
528 2484 577 2511 ego
587 2476 759 2511 interpretor,
770 2476 942 2513 diligentius:
960 2478 1045 2504 teneri

259 2516 312 2535 non
323 2511 410 2543 potui,
428 2512 494 2546 quin
505 2513 719 2540 coniunctionem
730 2513 881 2540 studiorum
892 2515 1044 2549 amorisque

259 2546 356 2587 nostri,
377 2555 430 2581 quo
449 2556 556 2582 possem
576 2549 723 2577 litterarum
737 2558 847 2586 genere,
869 2551 1042 2578 declararem.

259 2581 321 2608 Feci
337 2583 419 2618 igitur
433 2592 582 2613 sermonem
597 2587 666 2613 inter
681 2595 729 2614 nos
741 2587 862 2614 habitum
873 2588 901 2614 in
912 2588 1041 2620 Cumano,

257 2626 344 2653 quum
355 2624 424 2646 esset
434 2629 487 2648 una
501 2623 671 2658 Pomponius.
705 2624 767 2651 Tibi
776 2623 839 2651 dedi
852 2629 941 2660 partes
951 2626 1044 2653 Antio-

826 104 1320 131 79,M.T.(;1(;ERON15

1104 176 1210 205 otuinus,
1229 184 1295 210 quas
1310 184 1323 200 a
1340 180 1363 201 ιι·
1380 174 1486 210 probari
1502 176 1665 203 intellexisse
1681 178 1747 204 mihi
1765 178 1888 206 videbar:

1106 213 1171 238 mibi
1184 213 1287 247 sumpsi
1301 212 1429 238 Philonis.
1470 213 1535 238 Puto
1546 213 1612 243 fore,
1627 219 1668 242 ut.
1685 224 1769 249 quum
1783 216 1888 251 legeris,

1106 252 1209 279 mirere,
1224 258 1270 275 nos
1284 249 1309 275 id
1322 249 1422 275 locutos
1433 258 1492 275 esse
1504 251 1571 276 inter
1582 259 1642 280 nos,
1659 252 1730 286 quod
1742 261 1890 287 numquam

1106 287 1185 312 locuti
1197 294 1301 312 numus.
1324 286 1375 311 Sed
1388 287 1456 312 nosti
1468 295 1567 312 morem
1579 287 1756 322 dialogorum.
1778 292 1802 316 2.
1816 291 1892 317 Post-

1105 324 1170 349 liacc
1181 328 1282 352 autem.
1302 325 1337 349 mi
1351 324 1444 353 Varro,
1461 332 1542 358 quam
1555 324 1683 358 plurima,
1700 327 1722 351 si
1736 326 1853 357 videtur,
1866 333 1892 354 et

1104 361 1137 386 de
1149 361 1226 387 nobis
1239 362 1305 386 inter
1316 369 1376 386 nos:
1391 370 1449 387 sero
1461 360 1582 387 ronam:
1596 362 1642 387 sed
1649 364 1818 397 superiorum
1825 370 1892 390 tem-

1105 406 1198 432 porum
1220 397 1323 423 fortuna
1340 398 1503 432 reipublicae
1523 407 1644 425 caussam
1661 401 1802 427 sustineat:
1827 401 1892 428 tuoe

1106 436 1157 469 ipsi
1173 439 1305 469 praestare
1321 435 1462 461 debemus.
1502 436 1588 470 Atque
1599 438 1701 462 utinam
1713 438 1813 472 quietis
1824 443 1892 465 tem-

1105 472 1228 507 poribus,
1246 477 1324 506 atque
1343 472 1447 507 aliquo,
1465 473 1487 498 si
1504 481 1555 498 non
1572 473 1654 502 bono,
1672 479 1698 500 at
1712 474 1806 501 saltem
1821 481 1893 502 certo

1104 514 1172 535 statu
1188 510 1318 539 civitatis,
1338 509 1401 535 baec
1419 510 1486 535 inter
1500 518 1547 535 nos
1563 510 1651 536 studia
1666 519 1788 537 exemere
1800 521 1892 547 pome-

1105 547 1178 572 mns!
1196 546 1363 581 Quamquam
1376 552 1431 572 tum
1442 546 1552 581 quidem
1566 547 1606 572 vel
1619 547 1685 573 aliae
1697 550 1838 583 quaepiam
1851 559 1893 576 ra-

1105 585 1189 610 tiones
1197 584 1320 610 honestas
1328 584 1405 609 nobis
1416 589 1440 609 et
1449 592 1528 610 curas
1538 588 1563 610 et
1574 585 1690 610 actiones
1700 584 1806 613 darent:
1821 595 1893 613 nunc

1104 626 1192 647 autem
1209 620 1275 655 quid
1291 626 1343 650 est,
1366 621 1424 646 sine
1441 621 1483 646 his
1497 629 1546 647 cur
1561 622 1652 647 vivere
1673 622 1807 649 velimus?
1826 624 1892 650 Mihi

1105 667 1166 684 vero
1177 667 1238 683 cum
1252 658 1292 683 his
1305 658 1371 692 ipsis
1383 658 1438 687 vix,
1448 658 1583 684 bisantem
1595 658 1720 685 detractis
1731 668 1763 686 ne
1774 661 1821 687 vix
1830 662 1893 696 qui—

1104 696 1175 721 dem.
1215 695 1267 721 Sed
1280 695 1344 721 hacc
1355 703 1457 724 coram,
1475 700 1499 721 et
1513 696 1631 730 saepius.
1672 696 1856 731 migrationem
1868 703 1893 724 et

1104 734 1266 767 emptionem
1283 732 1396 758 feliciter
1411 734 1518 758 evenire
1534 732 1607 761 volo,
1630 738 1761 768 tuumque
1777 735 1803 761 in
1819 743 1848 761 ea
1865 743 1892 761 re

1104 770 1247 796 consilium
1258 770 1351 804 probo.
1389 770 1467 799 Cura,
1481 775 1509 795 ut
1521 770 1619 795 valeas.

1157 876 1198 896 ΙΧ.
1215 876 1290 895 Atto.
1310 874 1426 895 not-beth
1437 875 1531 901 pun-tter,
1546 882 1571 895 ιε
1581 875 1671 896 Caeli-n
1681 878 1746 896 ΗἸΙΙ.
1759 879 1802 900 “J
1817 883 1892 896 ιικηυ

1105 918 1145 931 suo
1155 911 1239 935 tundet,
1249 914 1272 930 ut
1281 909 1315 930 set
1325 917 1372 930 rum
1382 911 1476 930 cun-n·
1487 916 1510 930 ne
1519 910 1637 935 toni-auga«
1646 911 1680 931 vel
1690 911 1779 931 udetm.

1259 947 1346 967 (unm-r,
1355 947 1433 964 eon-re
1443 947 1467 964 11.
1479 949 1532 964 Serv.
1544 947 1624 964 luunt-o
1634 954 1679 964 eun.
1693 949 1746 968 7064

1219 994 1452 1021 DOLABELLA
1473 994 1500 1020 S.
1522 995 1552 1020 D.
1575 994 1772 1021 ClCERONI.

1162 1033 1184 1058 l.
1206 1031 1234 1058 S.
1251 1032 1282 1058 V.
1295 1032 1328 1058 G.
1347 1032 1377 1058 Et
1393 1032 1449 1066 ipse
1461 1031 1536 1057 valeo
1547 1036 1571 1057 et
1581 1031 1668 1057 Tullia
1681 1037 1768 1058 nostra
1780 1037 1848 1059 recte
1859 1033 1891 1059 V.

1104 1069 1224 1095 Terentia
1237 1069 1326 1094 minus
1338 1068 1407 1094 belle
1419 1068 1521 1098 babuit,
1533 1068 1580 1094 sed
1591 1073 1693 1095 certum
1704 1070 1760 1096 scio
1771 1070 1893 1096 iamcon-

1104 1106 1221 1132 valuisse
1241 1114 1310 1132 eam.
1360 1106 1494 1131 Praeterea
1519 1106 1668 1132 rectissime
1691 1112 1755 1133 sunt
1776 1107 1847 1141 apud
1868 1112 1893 1134 te

1102 1144 1202 1169 omnia.
1235 1143 1291 1169 Etsi
1303 1142 1377 1168 nullo
1389 1147 1506 1177 tempore
1517 1142 1544 1168 in
1555 1143 1737 1177 suspicionem
1749 1143 1798 1170 tibi
1809 1143 1892 1171 debui

1103 1181 1203 1211 venire,
1213 1180 1328 1214 partium
1339 1187 1434 1206 caussa
1445 1179 1544 1214 potius,
1552 1187 1633 1214 quarn
1645 1185 1699 1210 tua,
1707 1180 1757 1206 tibi
1768 1181 1890 1212 suadere,

1103 1222 1132 1243 ut
1147 1222 1171 1243 te
1182 1222 1227 1243 aut
1237 1225 1300 1243 cum
1311 1216 1422 1244 Caesare
1432 1216 1629 1251 nobiscumque
1639 1218 1831 1253 coniungeres,
1847 1223 1893 1245 aut

1102 1259 1172 1281 certe
1184 1255 1211 1280 in
1222 1255 1307 1280 otium
1318 1253 1444 1284 reserreS,
1458 1254 1601 1288 praecipue
1612 1263 1683 1280 nunc
1691 1275 1697 1284 ,
1713 1255 1767 1281 iam
1778 1255 1892 1282 inclina—

1102 1297 1127 1319 ta
1138 1291 1258 1322 victoria,
1267 1299 1299 1317 ne
1305 1299 1415 1326 possum
1427 1290 1538 1325 quidem
1550 1291 1577 1317 in
1587 1290 1670 1317 ullam
1682 1291 1762 1318 uliam
1774 1292 1891 1319 incidere

1101 1329 1270 1364 opinionem,
1288 1329 1341 1355 nisi
1358 1329 1385 1355 in
1400 1336 1473 1358 eam,
1491 1329 1519 1355 in
1534 1336 1587 1363 qua
1602 1328 1705 1355 scilicet
1719 1329 1768 1356 tibi
1779 1329 1891 1356 suadere

1072 1371 1073 1375 ¹
1102 1366 1208 1397 videar,
1225 1365 1298 1401 quod
1309 1366 1353 1401 pie
1364 1371 1450 1392 tacere
1462 1373 1514 1392 non
1525 1374 1646 1400 possum.
1687 1367 1726 1392 Tu
1737 1371 1840 1397 autem,
1853 1368 1890 1393 mi

1101 1404 1202 1434 Cicero,
1215 1404 1255 1430 sic
1266 1403 1331 1429 baec
1341 1403 1466 1437 accipies.
1478 1408 1516 1433 ut,
1529 1403 1588 1429 sive
1598 1402 1784 1437 probabuntur
1793 1404 1843 1431 tibi
1852 1405 1892 1430 si-

1102 1449 1134 1467 ve
1149 1449 1201 1467 non
1217 1440 1416 1476 probabuntur,
1433 1440 1467 1466 ab
1482 1441 1583 1475 optimo
1593 1445 1663 1466 certe
1673 1441 1764 1467 animo
1774 1450 1804 1468 ac
1814 1441 1893 1467 dedi—

1101 1479 1207 1505 tissimo
1220 1478 1270 1504 tibi
1281 1483 1307 1504 et
1316 1478 1429 1513 cogitata
1439 1482 1466 1504 et
1475 1478 1573 1512 scripta
1584 1485 1642 1503 esse
1653 1477 1766 1504 iudices.
1788 1480 1813 1505 2.
1825 1479 1892 1505 Ani-

1102 1515 1261 1546 madvertis,
1279 1515 1328 1542 Cn.
1346 1515 1502 1550 Pompeium
1518 1523 1567 1541 nec
1582 1515 1699 1541 nominis
1713 1516 1771 1545 sui,
1789 1523 1839 1542 nec
1849 1524 1892 1542 re-

1101 1561 1161 1579 rum
1172 1557 1308 1588 gestarum
1319 1551 1412 1587 gloria,
1422 1560 1508 1587 neque
1515 1553 1594 1578 etiam
1606 1560 1701 1587 regum
1711 1561 1742 1579 ac
1752 1553 1891 1579 nationum

1101 1589 1233 1616 clientelis
1241 1610 1247 1620 ,
1264 1597 1332 1624 quas
1342 1594 1474 1615 ostentare
1483 1589 1576 1615 crebro
1591 1588 1706 1619 solebat.
1722 1598 1781 1616 exse
1791 1594 1888 1620 tutum,

1101 1632 1127 1653 et
1142 1627 1191 1653 hoc
1205 1628 1300 1657 etiam,
1322 1626 1394 1661 quod
1411 1626 1503 1652 intimo
1517 1627 1618 1661 cuique
1635 1627 1760 1662 contigit,
1782 1627 1823 1654 illi
1837 1636 1890 1654 non

1101 1673 1179 1699 posse
1189 1664 1352 1699 contingere,
1366 1668 1396 1689 ut
1406 1663 1516 1690 honeste
1525 1663 1642 1699 effugere
1653 1665 1746 1698 possit,
1754 1664 1891 1698 pulsolta-

1102 1702 1150 1732 lia,
1168 1701 1276 1728 amissis
1292 1701 1441 1735 Hispaniis,
1458 1705 1535 1735 capto
1549 1701 1668 1727 exercitu
1683 1706 1820 1732 veterano,
1837 1702 1891 1728 cir-

1100 1737 1262 1765 cumvallato
1276 1746 1348 1764 nunc
1362 1737 1492 1772 denique;
1509 1737 1582 1772 quod
1597 1738 1688 1764 nescio
1704 1746 1737 1764 an
1748 1737 1817 1764 nulli
1828 1746 1890 1764 um-

1100 1784 1182 1811 quam
1194 1780 1282 1802 nostro
1294 1774 1421 1801 acciderit
1431 1775 1594 1809 imperatori.
1619 1774 1809 1806 Quamobrem,
1821 1775 1890 1810 quid

1100 1818 1145 1840 aut
1156 1812 1201 1839 ille
1212 1820 1319 1847 sperare
1330 1812 1414 1847 possit
1425 1817 1470 1838 aut
1480 1817 1522 1842 tu,
1536 1812 1657 1838 animum
1667 1811 1775 1838 adverte
1786 1820 1834 1847 pm
1844 1817 1889 1839 tua

1100 1850 1255 1886 prudentia:
1270 1850 1310 1876 sic
1321 1850 1393 1876 enim
1405 1848 1546 1879 facillime,
1563 1848 1636 1883 quod
1651 1849 1700 1875 tibi
1711 1849 1889 1876 utilissimum

1100 1888 1162 1918 erit,
1180 1886 1287 1913 consilii
1302 1887 1402 1921 capies.
1441 1885 1512 1912 tnud
1523 1890 1611 1912 autem
1623 1890 1648 1912 te
1658 1890 1728 1920 peto,
1741 1891 1784 1917 ut,
1800 1887 1824 1913 si
1835 1887 1888 1913 iam

1100 1925 1145 1951 ille
1161 1923 1302 1951 evitaverit
1317 1924 1367 1950 boc
1381 1922 1534 1958 periculum
1548 1927 1574 1949 et
1588 1931 1617 1949 se
1632 1922 1766 1950 abdiderit
1781 1924 1808 1950 in
1818 1923 1889 1950 clas-

1100 1970 1170 1992 sem,
1188 1966 1216 1988 tu
1231 1961 1286 1987 tuis
1300 1961 1381 1987 rebus
1396 1959 1521 1987 consulas
1531 1964 1558 1986 et
1567 1959 1712 1995 aliquando
1727 1960 1777 1987 tibi
1786 1961 1886 1996 potius,

1099 2007 1181 2034 quam
1196 1999 1298 2029 cuivis¹
1315 1998 1354 2024 sis
1369 1998 1484 2024 amicus.
1523 1996 1695 2024 Satistactum
1709 2002 1751 2024 est
1765 1998 1818 2024 iam
1833 2006 1848 2024 a
1862 2003 1889 2025 te

1100 2036 1142 2063 vel
1153 2035 1255 2067 officio,
1272 2034 1314 2062 vel
1325 2034 1514 2065 familiaritati,
1531 2033 1697 2061 satisfactum
1711 2035 1791 2062 etiam
1803 2035 1889 2070 parti-

1099 2073 1151 2100 bus
1166 2078 1192 2100 et
1206 2073 1231 2099 ei
1246 2071 1425 2107 reipublicae,
1447 2080 1529 2107 quam
1544 2076 1572 2098 tu
1586 2071 1729 2107 probabas.
1768 2074 1793 2099 3.
1813 2071 1888 2099 Reli-

1098 2119 1184 2146 quum
1194 2115 1247 2141 est,
1264 2109 1313 2136 ubi
1324 2118 1396 2136 nunc
1405 2113 1447 2136 est
1455 2108 1608 2144 respublica
1615 2129 1622 2140 ,
1639 2108 1678 2135 ibi
1688 2109 1776 2136 simus
1785 2109 1884 2144 potius,

1098 2156 1189 2183 quam,
1202 2146 1268 2174 dum
1279 2146 1354 2173 illam
1364 2151 1482 2173 veterem
1493 2154 1652 2181 sequamur,
1663 2146 1751 2173 simus
1762 2147 1790 2173 in
1800 2145 1885 2174 nulla.

1098 2185 1184 2217 Quare
1196 2183 1292 2215 velim,
1309 2184 1347 2210 mi
1361 2183 1558 2210 iucundissime
1570 2183 1676 2214 Cicero,
1692 2184 1717 2210 si
1732 2183 1798 2210 forte
1807 2183 1887 2210 Pom-

1097 2223 1185 2257 peius.
1201 2220 1298 2256 pulsus
1309 2221 1352 2248 his
1362 2229 1470 2256 quoque
1481 2220 1561 2251 locis,
1577 2228 1672 2246 rursus
1685 2220 1752 2247 alias
1763 2221 1886 2257 regiones

1097 2264 1187 2294 petere
1200 2263 1324 2294 cogatur,
1345 2263 1375 2285 ut
1389 2262 1418 2284 tu
1433 2262 1458 2284 te
1471 2257 1515 2284 vel
1529 2257 1647 2284 Athenas
1662 2256 1705 2284 vel
1720 2257 1748 2284 in
1758 2258 1886 2293 quamvis

1096 2297 1215 2331 quietam
1235 2296 1349 2330 recipias
1368 2295 1515 2321 civitatem.
1554 2293 1631 2326 Quod
1645 2294 1670 2320 si
1687 2294 1741 2321 eris
1754 2293 1882 2327 saenis-us,

1096 2333 1179 2359 velim
1190 2332 1259 2359 mihi
1268 2332 1380 2363 scribas,
1393 2336 1423 2358 ut
1433 2340 1495 2367 ego,
1507 2331 1532 2358 si
1542 2330 1598 2358 ullo
1608 2330 1687 2358 modo
1696 2336 1801 2366 potero,
1814 2331 1848 2358 ad
1859 2337 1885 2358 te

1096 2369 1229 2396 advolem.
1267 2369 1458 2404 Quaecumque
1473 2368 1506 2394 de
1521 2373 1565 2394 tua
1579 2367 1709 2403 dignitate
1723 2369 1757 2394 ab
1767 2369 1884 2404 impera-

1096 2412 1150 2434 tore
1161 2411 1239 2433 erunt
1248 2406 1423 2442 impetranda,
1436 2414 1490 2440 qua
1500 2409 1541 2432 δι
1550 2404 1716 2432 humanitate
1726 2405 1829 2436 Caesar,
1843 2405 1885 2432 sa·

1095 2443 1229 2470 cillimum
1239 2444 1290 2470 erit
1299 2443 1332 2470 ab
1343 2451 1375 2470 eo
1380 2443 1430 2469 tibi
1441 2443 1494 2477 ipsi
1506 2442 1660 2476 impetrare;
1674 2446 1700 2468 et
1710 2451 1783 2469 meas
1794 2447 1882 2469 tamen

1094 2489 1188 2516 preces
1198 2480 1270 2515 apud
1280 2489 1342 2506 eum
1353 2488 1406 2507 non
1416 2479 1560 2506 minimum
1570 2479 1734 2506 auctoritatis
1743 2478 1883 2506 habituras

1095 2522 1169 2552 puto.
1208 2518 1266 2544 Erit
1279 2522 1340 2544 tuae
1353 2524 1461 2552 quoque
1476 2515 1539 2542 fidei
1553 2520 1579 2542 et
1593 2515 1767 2543 humanitatis
1777 2524 1880 2547 curare,

1094 2559 1124 2581 ut
1138 2555 1162 2581 is
1176 2554 1344 2585 tabellarius,
1360 2561 1441 2589 quem
1456 2552 1489 2579 ad
1503 2557 1528 2578 te
1543 2553 1619 2583 misi,
1636 2553 1734 2580 reverti
1746 2553 1834 2588 possit
1847 2552 1882 2580 ad

1094 2600 1146 2624 me,
1159 2596 1185 2619 et
1193 2600 1208 2618 a
1218 2596 1244 2618 te
1254 2591 1324 2619 mihi
1334 2591 1434 2618 litteras
1443 2589 1548 2616 referat.
