1941 3052
7 2975 15 3015 ,ρ’

489 120 542 146 DE
587 119 816 147 ORATORE
852 121 938 147 LlB.

97 197 124 221 in
139 200 276 220 summum
290 191 433 218 discrimen
447 191 592 218 adductum
607 191 734 223 viderem,
747 200 799 218 non
813 192 888 226 prius

97 240 158 258 sum
179 234 288 257 conatus
307 229 516 255 misericordiam
535 229 594 255 aliis
612 238 787 261 commovere,
807 238 888 264 quam

97 267 278 295 misericordia
299 275 359 293 sum
378 267 436 300 ipse
453 271 556 301 captus.
591 266 666 292 Sensi
681 266 815 301 equidem,
832 271 888 292 tum

97 313 194 341 magno
207 313 286 339 opere
299 304 400 330 moveri
413 303 525 334 iudices,
534 312 619 338 quum
634 304 748 330 excitavi
758 308 888 330 maestum

98 351 127 369 ac
153 342 317 368 sordidatum
339 349 430 367 senem
454 345 478 367 et
502 349 587 375 quum
609 342 658 367 ista
678 340 737 372 feci,
759 349 827 376 quae
849 345 887 372 tu,

98 380 200 410 Crasse,
221 378 322 410 laudas,
339 387 391 404 non
405 383 468 410 arte,
489 378 521 404 de
535 387 588 413 qua
602 378 668 413 quid
683 378 776 413 loquar
790 379 887 409 nescio,

98 416 145 444 sed
159 421 232 443 motu
246 424 342 451 magno
356 416 437 441 animi
456 424 485 441 ac
499 415 596 447 dolore,
613 420 642 442 ut
656 415 833 441 discinderem
848 419 891 441 tu-

98 455 194 485 nicam,
210 457 240 479 ut
253 453 387 479 cicatrices
401 452 576 479 ostenderem.
613 454 666 479 196.
687 452 776 484 Quum
791 452 819 479 C.
836 453 891 478 Ma-

98 492 155 518 rius
180 499 325 517 maerorem
348 490 473 516 orationis
496 498 569 516 meae
590 498 716 525 praesens
740 498 768 515 ac
795 490 890 515 sedens

98 528 215 556 multum
229 527 345 554 lacrimis
360 528 417 554 suis
431 527 576 558 adiuvaret,
597 535 736 562 quumque
751 535 799 561 ego
813 526 890 552 illum

98 566 190 593 crebro
214 564 360 600 appellans,
385 564 513 600 collegam
537 565 560 590 ei
579 573 659 590 suum
678 563 890 590 commendarem

99 608 177 639 atque
196 603 285 638 ipsum
300 602 457 628 advocatum
471 601 503 628 ad
517 609 686 627 communem
701 601 890 635 imperatorum

100 641 232 667 fortunam
247 639 440 666 defendendam
454 639 614 669 invocarem,
631 647 682 664 non
698 637 748 664 fuit
758 638 822 664 haec
833 638 891 664 sine

99 678 167 704 meis
182 677 306 708 lacrimis,
319 685 370 703 non
384 677 442 702 sine
456 676 544 701 dolore
554 684 650 711 magno
661 675 795 702 miseratio
804 676 891 701 omni-

99 723 200 750 umque
218 714 328 741 deorum
347 717 372 740 et
390 713 529 739 hominum
553 717 578 739 et
595 713 696 739 civium
719 716 745 739 et
758 713 890 738 sociorum

98 752 257 787 imploratio.
289 750 393 783 Quibus
412 750 537 776 omnibus
551 750 649 781 verbis,
666 758 734 785 quae
748 758 761 775 a
776 758 818 775 me
832 754 889 775 tum

99 793 162 816 sunt
180 789 277 820 habita,
298 789 321 814 si
340 787 414 814 dolor
432 787 563 814 abfuisset
576 796 661 818 meus,
680 796 731 813 non
746 787 824 813 modo
838 796 890 813 non

99 825 268 857 miserabilis,
293 825 339 851 sed
362 825 441 851 etiam
464 825 598 851 irridenda
617 824 712 851 fuisset
725 825 807 851 oratio
821 833 889 850 mea.

98 863 276 896 Quamobrem
290 863 339 889 hoc
353 871 400 889 vos
414 862 503 893 doceo,
520 862 631 897 Sulpici,
649 862 735 888 bouus
753 870 802 897 ego
816 862 893 888 vide-

99 901 160 928 licet
173 905 252 936 atque
266 900 387 926 eruditus
401 900 536 936 magister,
552 904 582 926 ut
595 900 622 926 in
636 899 749 926 dicendo
763 899 849 930 irasci,
863 903 892 925 ut

99 938 195 970 dolere,
212 942 241 964 ut
254 937 315 964 flere
329 938 447 972 possitis.
479 938 535 963 497.
555 936 724 972 Quamquam
743 941 767 963 te
781 936 891 971 quidem

99 976 165 1011 quid
183 975 232 1002 hoc
250 975 366 1006 doceam,
387 975 434 1009 qui
453 974 480 1001 in
499 974 647 1001 accusando
661 974 745 1000 sodali
761 973 796 1010 [et
809 983 892 1009 quae-

99 1014 162 1040 stori
177 1011 245 1049 meo]
261 1016 363 1039 tantum
377 1012 531 1038 incendium
547 1021 598 1038 non
613 1012 729 1038 oratione
739 1011 891 1042 solum,sed

98 1050 183 1077 multo
197 1051 275 1076 etiam
290 1050 375 1085 magis
389 1050 415 1075 vi
430 1053 455 1075 et
468 1049 557 1075 dolore
575 1054 600 1075 et
618 1049 709 1075 ardore
726 1049 807 1075 animi
829 1057 892 1075 con-

98 1088 200 1118 eitaras¹
221 1092 251 1114 ut
269 1096 317 1123 ego
335 1087 367 1113 ad
385 1087 413 1113 id
431 1086 652 1122 restinguendum
668 1087 714 1112 vix
727 1095 836 1113 conarer
849 1095 892 1112 ac-

99 1124 208 1152 cedere?
231 1125 366 1151 Habueras
389 1124 460 1150 enim
479 1128 535 1150 tum
554 1124 642 1150 omnia
661 1125 688 1150 in
702 1132 796 1150 caussa
811 1132 892 1158 supe-

99 1163 180 1189 riora:
200 1162 265 1193 vim,
282 1161 381 1197 fugam,
398 1161 594 1196 lapidationem,
611 1161 795 1187 crudelitatem
806 1161 892 1187 tribu-

99 1200 191 1226 nitiam
209 1200 237 1226 in
255 1199 396 1234 Caepionis
413 1199 488 1234 gravi
506 1198 708 1234 miserabilique
725 1207 788 1225 casu
807 1199 835 1224 in
848 1199 892 1224 iu-

98 1237 198 1264 dicium
213 1237 340 1269 vocabas,
356 1236 452 1262 deinde
466 1236 614 1271 principem
628 1240 653 1263 et
666 1240 774 1262 senatus
789 1240 813 1262 et
824 1236 891 1262 civi-

98 1275 167 1306 tatis,
185 1274 220 1300 M.
235 1273 389 1305 Aemilium,
404 1273 491 1308 lapide
501 1282 659 1308 percussum
671 1282 729 1300 esse
739 1273 888 1306 constabat3

98 1312 125 1338 vi
140 1310 249 1346 pulsum
264 1319 297 1338 ex
311 1311 409 1346 templo
424 1311 452 1337 L.
469 1311 569 1337 Cottam
583 1315 608 1337 et
621 1311 651 1337 T.
666 1311 783 1342 Didium,
804 1319 890 1346 quum

99 1348 260 1375 intercedere
283 1347 382 1374 vellent
405 1349 542 1383 rogationi,
569 1357 646 1374 nemo
668 1352 768 1383 poterat
783 1356 889 1383 negare.

98 1386 213 1412 XLV111.
235 1387 291 1412 498.
315 1385 471 1417 Accedebat,
496 1390 525 1411 ut
542 1385 607 1411 haec
625 1390 654 1411 tu
673 1385 825 1411 adolescens
844 1393 891 1420 pro

98 1423 236 1458 republica
253 1423 329 1458 queri
349 1431 454 1449 summa
473 1431 534 1448 cum
553 1423 680 1458 dignitate
694 1423 889 1455 existimarem,

98 1470 156 1496 ego,
177 1460 256 1487 homo
274 1460 419 1491 censorius,
440 1460 487 1486 vix
501 1460 565 1486 satis
578 1460 688 1486 honeste
703 1460 807 1486 viderer
821 1460 892 1486 sedi-

97 1499 197 1525 tiosum
220 1498 306 1524 civem
330 1501 356 1524 et
381 1498 407 1523 in
431 1497 546 1523 hominis
573 1497 721 1523 consularis
744 1497 892 1523 calamitate

98 1535 232 1562 crudelem
247 1543 325 1570 posse
335 1534 485 1561 defendere.
501 1535 582 1560 Erant
591 1535 684 1569 optimi
695 1535 767 1561 cives
778 1535 889 1566 iudices,

98 1573 228 1600 bonorum
249 1573 366 1598 virorum
382 1571 492 1606 plenum
507 1571 603 1603 forum,
620 1573 667 1598 vix
680 1576 709 1598 ut
722 1572 789 1598 mihi
804 1573 891 1598 tenuis

98 1610 229 1646 quaedam
253 1610 330 1636 venia
357 1609 464 1635 daretur
489 1610 681 1641 excusationis,
706 1609 778 1644 quod
805 1614 891 1635 tamen

99 1656 160 1674 eum
174 1646 352 1678 defenderem,
369 1647 416 1682 qui
430 1647 496 1673 mihi
511 1651 635 1682 quaestor
649 1646 752 1673 fuisset.
784 1647 831 1672 Hic
842 1655 892 1682 ego

98 1685 165 1720 quid
179 1684 264 1711 dicam
279 1693 321 1710 me
335 1688 418 1710 artem
432 1684 549 1719 aliquam
564 1683 739 1710 adhibuisse?
767 1683 838 1716 Quid
853 1684 892 1710 fe-

99 1723 189 1753 cerim,
205 1721 326 1748 narrabo.
349 1721 376 1748 Si
391 1721 528 1756 placuerit,
546 1730 592 1748 vos
607 1730 694 1747 meam
709 1721 889 1747 defensionem

99 1760 125 1786 in
141 1759 231 1795 aliquo
245 1759 308 1786 artis
322 1758 379 1786 loeo
392 1759 534 1794 reponetis.
563 1760 619 1785 499.
640 1758 767 1785 Omnium
782 1759 891 1785 seditio-

100 1805 164 1823 num
178 1805 283 1833 genera,
300 1797 373 1828 vitia,
390 1796 507 1831 pericula
517 1796 611 1832 collegi
623 1805 735 1831 eamque
745 1797 890 1822 orationem

99 1843 132 1860 ex
146 1834 217 1860 omni
232 1833 394 1869 reipublicae
407 1838 510 1869 nostrae
521 1838 670 1869 temporum
681 1834 806 1860 varietate
816 1842 892 1868 repe-

99 1872 147 1898 tivi
162 1871 335 1906 conclusique
348 1872 393 1902 ita,
409 1875 439 1897 ut
452 1871 576 1902 dicerem,
595 1871 644 1897 etsi
659 1879 752 1898 omnes
767 1871 892 1897 molestae

100 1917 205 1944 semper
223 1909 366 1935 seditiones
385 1908 508 1940 fuissent,
525 1909 609 1935 iustas
624 1913 711 1935 tamen
726 1908 811 1935 fuisse
826 1917 892 1934 non-

100 1945 187 1972 nullas
209 1950 235 1972 et
257 1955 338 1981 prope
359 1946 531 1972 necessarias.
566 1946 634 1972 Tum
652 1945 706 1978 illa,
727 1954 795 1981 quae
814 1946 893 1972 modo

100 1983 212 2010 Crassus
225 1983 457 2015 commemorabat,
474 1983 529 2019 egi,
555 1991 641 2018 neque
656 1991 731 2019 reges
745 1991 778 2009 ex
792 1983 841 2009 liae
854 1983 893 2009 ci-

100 2021 179 2047 vitate
198 2021 268 2056 exigi
288 2029 375 2056 neque
393 2020 514 2047 tribunos
534 2020 620 2055 plebis
638 2021 720 2046 creari
735 2029 821 2055 neque
835 2020 892 2055 ple-

99 2057 203 2084 biscitis
226 2058 302 2084 toties
325 2057 491 2084 consularem
511 2062 666 2092 potestatem
685 2058 784 2089 minui,
806 2066 892 2092 neque

100 2095 321 2130 provocationem,
342 2098 478 2129 patronam
498 2094 570 2121 illam
585 2095 701 2121 civitatis
715 2103 744 2121 ac
758 2095 890 2121 vindicem

101 2132 238 2163 libertatis,
256 2131 354 2167 populo
368 2132 485 2158 Romano
500 2132 555 2158 dari
570 2132 627 2158 sine
642 2132 773 2158 nobilium
788 2132 893 2158 dissen—

100 2169 173 2196 sione
191 2170 324 2204 potuisse,
352 2178 390 2200 ac,
411 2169 433 2195 si
452 2169 512 2195 illae
527 2169 670 2196 seditiones
684 2169 765 2196 saluti
779 2169 842 2196 huic
855 2170 893 2195 ci-

102 2207 175 2233 vitati
197 2206 319 2238 fuissent,
345 2215 396 2232 non
416 2207 550 2238 continuo,
576 2207 598 2233 si
616 2207 678 2242 quis
697 2211 785 2233 motus
800 2207 892 2242 populi

101 2243 186 2271 factus
204 2248 283 2275 esset,
303 2243 330 2270 id
349 2244 378 2270 C.
399 2244 521 2270 Norbano
534 2245 561 2270 in
576 2243 676 2270 nefario
689 2244 800 2270 crimine
813 2249 892 2279 atque
914 2254 916 2260 .

100 2281 127 2307 in
142 2280 234 2308 fraude
248 2281 352 2316 capitali
368 2289 426 2307 csse
441 2281 603 2316 ponendum.
635 2281 712 2314 Quod
727 2282 749 2308 si
764 2290 891 2316 umquam

101 2318 200 2353 populo
212 2319 331 2346 Romano
348 2327 505 2345 concessum
525 2323 602 2349 essct,
624 2323 653 2345 ut
670 2319 728 2345 iure
746 2319 893 2345 concitatus

101 2355 243 2387 videretur.
269 2356 296 2382 id
316 2355 388 2391 quod
406 2355 533 2382 docebam
553 2364 631 2390 saepe
649 2364 707 2382 esse
724 2364 890 2387 eoncessum,
915 2371 916 2379 η

101 2391 202 2419 nullam
220 2393 265 2419 illa
284 2402 405 2420 caussam
424 2393 561 2419 iustiorem
577 2392 670 2419 fuisse.
705 2393 772 2419 Tum
787 2402 892 2419 omnem

101 2430 245 2457 orationem
260 2430 364 2457 traduxi
379 2435 405 2457 et
418 2431 535 2456 converti
551 2430 577 2456 in
589 2430 776 2465 increpandam
783 2430 894 2466 Caepio-

102 2467 143 2493 nis
157 2466 257 2503 fugam,
274 2468 301 2494 in
315 2467 508 2502 deplorandum
526 2467 660 2493 interitum
675 2468 817 2494 exercitus.
849 2468 893 2493 Sic

102 2540 192 2568 cubam
217 2546 242 2568 et
265 2542 367 2569 animos
390 2543 511 2578 equitum
535 2543 722 2573 Romanorum,
739 2542 810 2576 apud
824 2551 892 2577 quos

102 2581 158 2605 tum
176 2578 278 2606 iudices
292 2588 386 2606 caussa
400 2579 535 2616 agebatur,
548 2579 580 2605 ad
594 2579 625 2611 Q.
637 2579 776 2613 Caepionis
790 2579 891 2610 odium,

102 2623 115 2641 a
137 2623 190 2651 quo
212 2621 285 2643 erant
303 2617 355 2652 ipsi
374 2621 480 2652 propter
498 2617 596 2643 iudicia
616 2616 766 2647 abalienati,
784 2625 894 2642 renova—
916 2631 918 2635 ν

103 2651 161 2679 bam
184 2658 263 2689 atque
282 2654 446 2681 revocabam.
480 2654 574 2680 XLIX.
591 2656 649 2680 ⁶200.
670 2653 745 2686 Quod
762 2653 806 2680 ubi
822 2654 892 2680 sensi

973 120 1004 147 II.
1040 120 1137 148 CAP.
1173 122 1203 147 44
1224 136 1259 140 --
1281 123 1321 147 51.
1680 123 1726 147 103

940 199 982 217 me
995 192 1023 217 in
1036 192 1205 226 possessione
1219 191 1312 218 iudicii
1327 199 1355 217 ac
1369 190 1532 217 defensionis
1546 199 1620 217 meae
1630 193 1729 218 consti-

940 229 1012 259 tisse,
1025 228 1097 263 quod
1111 233 1135 255 et
1147 228 1238 263 populi
1251 228 1462 254 benevolentiam
1473 228 1540 254 mihi
1551 228 1728 259 conciliaram,

940 266 1018 292 cuius
1040 266 1083 292 ius
1107 266 1185 292 etiam
1203 275 1265 292 cum
1283 265 1421 292 seditionis
1440 266 1625 291 coniunctione
1638 265 1732 292 defen-

941 303 1039 334 deram,
1056 307 1081 329 et
1095 303 1215 329 iudicum
1230 303 1332 329 animos
1346 307 1413 329 totos
1427 302 1469 329 vel
1480 302 1628 329 calamitate
1639 303 1732 329 civita-

941 341 974 366 tis
989 340 1030 366 vel
1046 340 1119 366 luctu
1133 349 1162 366 ac
1176 340 1307 366 desiderio
1321 341 1531 375 propinquorum
1546 339 1587 366 vel
1601 339 1662 366 odio
1672 349 1732 375 pro-

941 378 999 412 prio
1016 378 1043 403 in
1059 377 1217 412 Caepionem
1231 377 1263 404 ad
1278 386 1398 403 caussam
1413 381 1528 403 nostram
1540 382 1729 408 converteram,

942 420 1004 440 tunc
1018 414 1163 441 admiscere
1177 415 1241 441 buic
1254 415 1344 450 generi
1356 415 1480 440 orationis
1491 414 1643 440 vehementi
1654 419 1733 449 atque

942 452 1021 478 atroci
1034 460 1120 487 genus
1134 452 1202 478 illud
1216 452 1337 482 alterum,
1354 451 1386 478 de
1400 460 1454 486 quo
1467 456 1526 478 ante
1536 452 1681 486 disputavi,
1696 451 1734 477 le.-

942 489 1031 515 nitatis
1051 494 1076 514 et
1094 489 1309 515 mansuetudinis
1328 489 1416 523 coepi:
1439 497 1480 515 me
1499 497 1546 523 pro
1564 497 1623 515 meo
1637 488 1730 519 sodali,

941 527 989 561 qui
1012 526 1079 552 mihi
1097 526 1124 552 in
1143 526 1257 552 liberum
1277 526 1332 552 loco
1350 535 1421 552 more
1435 527 1565 552 maiorum
1580 534 1639 552 esse
1653 526 1734 552 debe—

942 568 989 595 ret,
1015 567 1040 589 et
1059 572 1106 597 pro
1123 572 1181 589 mea
1196 564 1268 589 omni
1283 563 1351 589 fama
1366 572 1447 598 prope
1462 563 1630 598 fortunisque
1644 563 1735 589 decer-

942 609 1012 631 nere,
1033 599 1100 626 nihil
1119 600 1185 626 mibi
1205 600 1236 626 ad
1250 601 1473 627 existimationem
1488 601 1602 635 turpius,
1619 601 1686 627 nihil
1701 601 1734 627 ad

942 637 1059 664 dolorem
1082 637 1204 663 acerbius
1227 637 1345 664 accidere
1369 646 1457 672 posse,
1481 647 1563 673 quam
1587 639 1610 664 si
1632 639 1664 669 is,
1685 640 1733 673 qui

942 683 1021 709 saepe
1035 674 1208 700 alienissimis
1223 683 1236 700 a
1251 683 1301 706 me,
1318 675 1365 701 sed
1380 676 1446 701 meis
1460 680 1548 701 tamen
1563 675 1678 707 civibus,
1691 685 1734 701 sa-

943 712 991 738 luti
1006 712 1172 737 existimarer
1187 711 1279 742 fuisse,
1295 712 1379 738 sodali
1391 721 1449 738 meo
1460 712 1592 738 auxilium
1605 712 1671 739 ferre
1682 722 1734 739 non

942 749 1100 784 potuissem.
1126 750 1185 775 204.
1205 749 1329 775 Petebam
1343 758 1357 775 a
1371 749 1516 780 iudicibus,
1533 754 1562 775 ut
1576 749 1643 776 illud
1657 752 1733 776 aetati

942 795 1024 817 meae,
1046 790 1075 812 ut
1093 786 1248 818 honoribus,
1269 790 1299 812 ut
1317 786 1397 813 rebus
1411 787 1502 822 gestis,
1519 787 1542 812 si
1558 787 1636 818 iusto,
1654 788 1675 813 si
1691 789 1735 822 pio

942 823 1031 849 dolore
1044 832 1086 849 me
1100 832 1158 849 esse
1172 823 1295 850 affectum
1309 824 1438 853 viderent,
1454 824 1639 857 concederent,
1660 834 1735 859 prae-

943 861 1034 887 sertim
1058 862 1080 887 si
1104 861 1131 887 in
1154 860 1214 887 aliis
1237 862 1340 887 caussis
1364 861 1566 891 intellexissent,
1587 862 1674 887 onmia
1693 871 1734 888 me

942 907 1048 933 semper
1070 907 1118 932 pro
1140 899 1287 925 amicorum
1303 898 1438 933 periculis,
1459 898 1526 924 nihil
1545 907 1674 933 umquam
1689 908 1736 933 pro

943 937 1046 970 meipso
1056 935 1237 970 deprecatum.
1260 935 1304 962 Sic
1315 936 1342 962 in
1354 935 1398 962 illa
1408 937 1480 962 omni
1492 935 1646 962 defensione
1657 941 1735 971 atque

943 982 1046 1004 caussa,
1071 973 1143 1008 quod
1166 982 1224 999 esse
1242 973 1270 999 in
1289 977 1342 999 arte
1360 974 1477 1008 positum
1492 973 1640 1004 videbatur,
1662 978 1690 999 ut
1704 974 1735 999 de

944 1010 1001 1046 lege
1019 1010 1151 1045 Appuleia
1166 1010 1290 1042 dicerem,
1308 1015 1345 1041 ut,
1362 1010 1429 1045 quid
1443 1015 1512 1036 esset
1523 1011 1643 1037 minuere
1655 1011 1737 1037 maie-

943 1052 1046 1079 statem,
1055 1047 1225 1082 explicarem,
1238 1056 1367 1082 perquam
1379 1048 1494 1074 breviter
1504 1049 1647 1083 perstrinxi
1659 1053 1736 1083 atque

944 1086 1028 1120 attigi.
1059 1086 1106 1111 His
1121 1085 1227 1111 duabus
1241 1085 1362 1120 partibus
1376 1086 1511 1116 orationis,
1527 1094 1642 1120 quarum
1657 1085 1735 1112 altera

942 1123 1143 1149 concitationem
1168 1122 1255 1153 habet,
1280 1122 1360 1148 altera
1383 1122 1647 1154 commendationem,
1668 1131 1736 1158 quae

942 1161 1053 1186 minime
1071 1160 1219 1194 praeceptis
1241 1160 1337 1186 artium
1351 1164 1414 1186 sunt
1428 1159 1580 1195 perpolitae,
1597 1161 1684 1186 omnis
1699 1165 1737 1186 est

943 1206 957 1223 a
970 1206 1013 1223 me
1027 1197 1073 1224 illa
1086 1206 1180 1223 caussa
1195 1201 1310 1228 tractata,
1324 1202 1353 1224 ut
1366 1202 1391 1223 et
1403 1198 1547 1223 acerrimus
1558 1198 1585 1224 in
1597 1197 1737 1232 Caepionis

942 1235 1043 1261 invidia
1062 1235 1212 1261 renovanda
1234 1239 1259 1261 et
1273 1235 1299 1260 in
1314 1236 1380 1261 meis
1395 1235 1514 1261 moribus
1529 1244 1590 1270 erga
1604 1243 1677 1261 meos
1693 1244 1738 1260 ne-

942 1273 1071 1299 cessarios
1095 1272 1261 1298 declarandis
1288 1273 1524 1298 mansuetissimus
1548 1273 1661 1298 viderer.
1702 1273 1737 1298 Ita

943 1310 1028 1345 magis
1043 1309 1142 1336 affectis
1157 1310 1254 1336 animis
1268 1309 1489 1344 iudicuin,quam
1501 1309 1595 1340 doctis,
1608 1315 1661 1340 tua,
1675 1309 1738 1336 Sul-

943 1348 1005 1382 pici,
1021 1352 1062 1373 est
1075 1356 1088 1373 a
1104 1347 1180 1373 nobis
1195 1352 1252 1373 tum
1267 1347 1399 1373 accusatio
1413 1348 1491 1373 victa.
1509 1348 1604 1373 Leoe.
1619 1347 1664 1373 llic
1675 1347 1738 1373 Sul-

944 1385 1039 1419 picius,
1060 1385 1126 1411 Vere
1141 1384 1258 1415 hercule,
1275 1385 1372 1419 inquit,
1388 1384 1494 1415 Antoni,
1511 1385 1562 1410 ista
1576 1393 1738 1411 commemo-

943 1431 994 1448 ras.
1022 1422 1087 1447 Nam
1102 1430 1151 1457 ego
1165 1422 1231 1447 nibil
1248 1430 1375 1456 umquam
1391 1421 1454 1452 vidi,
1471 1422 1542 1456 quod
1558 1426 1609 1448 tam
1625 1430 1638 1447 e
1653 1423 1738 1447 mani-

943 1459 995 1485 bus
1009 1458 1166 1490 elaberetur,
1174 1467 1255 1493 quam
1271 1459 1336 1484 mibi
1352 1463 1407 1484 tum
1422 1464 1462 1484 est
1476 1459 1563 1493 elapsa
1578 1459 1622 1485 illa
1632 1468 1735 1485 caussa.

943 1496 1032 1528 Quum
1047 1497 1118 1522 enim
1132 1496 1369 1531 (quemadmodum
1384 1496 1485 1531 dixisti)
1505 1496 1552 1522 tibi
1567 1505 1616 1531 ego
1630 1505 1681 1522 non
1696 1497 1739 1522 iu-

943 1534 1054 1564 dicium,
1071 1534 1117 1559 sed
1129 1533 1282 1559 incendium
1296 1533 1477 1559 tradidissem:
1494 1533 1566 1567 quod
1578 1538 1652 1559 tuum
1664 1534 1738 1567 prin-

943 1572 1053 1606 cipium,
1070 1571 1110 1597 Dii
1126 1571 1297 1601 immortales,
1315 1570 1378 1596 suit!
1401 1571 1448 1605 qui
1463 1571 1554 1596 timor!
1576 1580 1644 1605 quae
1658 1571 1738 1596 dubi-

944 1609 1019 1635 tatiol
1050 1613 1148 1642 quanta
1176 1608 1313 1634 haesitatio
1336 1612 1489 1642 tractusque
1516 1608 1670 1634 verborum!
1706 1608 1737 1634 Ut

944 1646 1012 1672 illud
1026 1646 1109 1676 initio,
1123 1645 1195 1680 quod
1211 1645 1258 1671 tibi
1274 1654 1357 1671 unum
1370 1645 1401 1671 ad
1413 1645 1604 1680 ignoscendum
1617 1645 1738 1671 homines

943 1683 1049 1713 dabant,
1067 1683 1188 1709 tenuisti:
1218 1687 1242 1708 te
1257 1691 1303 1717 pro
1318 1683 1424 1708 homine
1439 1683 1643 1716 pernecessario,
1656 1691 1738 1717 quae—

943 1725 1012 1747 store
1031 1725 1085 1751 tuo,
1106 1720 1207 1746 dicere!
1229 1729 1310 1754 quam
1330 1720 1377 1746 tibi
1397 1721 1514 1754 primum
1533 1720 1642 1746 munisti
1662 1720 1694 1746 ad
1714 1725 1738 1746 te

943 1757 1107 1784 audiendum
1123 1756 1213 1784 viam‘?
1241 1759 1298 1783 ⁶203.
1323 1757 1390 1783 Ecce
1409 1762 1506 1787 autem,
1527 1766 1612 1792 quum
1633 1762 1657 1783 te
1672 1757 1737 1784 nibil

944 1795 1016 1822 aliud
1036 1794 1180 1830 profecisse
1199 1795 1347 1825 arbitrarer,
1369 1795 1419 1820 nisi
1440 1799 1468 1820 ut
1488 1794 1608 1820 homines
1628 1795 1684 1825 tibi,
1701 1795 1739 1821 ci-

944 1842 1003 1859 vem
1018 1832 1171 1867 improbum
1187 1831 1348 1863 defendenti,
1364 1831 1557 1867 ignoscendum
1573 1837 1679 1866 propter
1693 1841 1739 1858 ne-

943 1870 1135 1897 cessitudinem
1154 1870 1352 1899 arbitrarentur,
1373 1878 1479 1904 serpere
1497 1869 1599 1895 occulte
1617 1870 1736 1904 coepisti,

944 1907 1079 1934 nihildum
1098 1906 1158 1933 aliis
1177 1907 1387 1941 suspicantibus,
1409 1915 1450 1932 me
1465 1915 1527 1933 vero
1546 1907 1597 1933 iam
1613 1908 1738 1941 pertime-

944 1950 1041 1976 scente,
1062 1949 1092 1971 ut
1110 1944 1182 1970 illam
1203 1953 1253 1970 non
1270 1944 1384 1970 Norbani
1400 1944 1567 1975 seditionem,
1584 1944 1631 1970 sed
1646 1944 1737 1979 populi

943 1982 1054 2009 Romani
1073 1981 1247 2012 iracundiam,
1270 1990 1355 2016 neque
1374 1990 1431 2007 eam
1447 1982 1581 2013 iniustam,
1598 1982 1645 2008 sed
1661 1983 1738 2008 meri-

944 2025 996 2046 tam
1012 2029 1041 2046 ac
1054 2019 1171 2046 debitam
1188 2019 1271 2045 fuisse
1285 2019 1450 2045 defenderes.
1485 2019 1584 2045 Deinde
1603 2020 1649 2053 qui
1666 2019 1738 2045 locus

944 2058 991 2084 abs
1013 2062 1038 2084 te
1060 2057 1265 2092 praetermissus
1290 2061 1327 2082 est
1353 2057 1378 2082 in
1399 2056 1576 2091 Caepionem?
1601 2057 1633 2083 Ut
1652 2062 1678 2083 tu
1694 2056 1737 2082 illa

943 2095 1032 2121 omnia
1051 2094 1120 2125 odio,
1141 2094 1252 2124 invidia,
1274 2094 1453 2120 misericordia
1473 2094 1619 2120 miscuisti!
1647 2094 1738 2128 Neque

944 2132 1008 2158 haec
1023 2132 1110 2158 solum
1127 2132 1152 2157 in
1167 2131 1330 2162 defensione,
1347 2131 1393 2157 sed
1408 2132 1486 2157 etiam
1508 2133 1532 2157 in
1553 2132 1651 2157 Scauro
1669 2136 1738 2157 cete-

944 2170 1035 2205 risque
1050 2169 1116 2195 meis
1132 2169 1378 2203 testiluis,quorum
1392 2169 1540 2194 testimonia
1553 2178 1603 2194 non
1616 2168 1738 2194 refellen-

943 2207 986 2238 do,
1007 2207 1053 2233 sed
1068 2206 1099 2232 ad
1114 2206 1239 2232 cumdem
1254 2207 1383 2240 impetum
1400 2206 1491 2240 populi
1506 2205 1685 2240 confugiendo
1699 2214 1739 2231 re-

945 2243 1045 2270 futasti.
1076 2245 1135 2270 204.
1159 2244 1231 2275 Quae
1250 2252 1334 2278 quum
1354 2244 1401 2269 abs
1421 2248 1444 2269 te
1459 2243 1536 2269 modo
1549 2252 1739 2268 ‹·0niniemora-

945 2286 1043 2312 rentur,
1057 2281 1182 2316 equidem
1199 2280 1270 2306 nulla
1286 2286 1423 2315 praecepta
1438 2280 1630 2306 desiderabam.
1649 2281 1746 2315 [istam-

945 2319 1015 2345 enim
1037 2319 1123 2353 ipsam
1147 2317 1397 2344 demonstrationem
1416 2317 1601 2343 defensionum
1622 2322 1736 2347 tuarum,

945 2356 991 2382 abs
1007 2360 1031 2382 te
1045 2356 1104 2390 ipso
1117 2354 1371 2390 commeumratam,]
1387 2355 1533 2380 doctrinam
1548 2363 1605 2380 esse
1621 2363 1671 2380 non
1684 2363 1739 2380 me-

945 2393 1060 2419 diocrem
1080 2397 1152 2427 puto.
1188 2392 1277 2426 Atqui,
1294 2393 1315 2418 si
1331 2393 1364 2418 ita
1381 2392 1473 2426 placet,
1495 2392 1582 2426 inquit
1597 2391 1735 2421 Antonius,

945 2430 1080 2456 trademus
1099 2430 1187 2459 etiam,
1209 2438 1277 2463 quae
1298 2438 1344 2455 nos
1357 2430 1433 2463 sequi
1449 2430 1474 2455 in
1490 2428 1602 2455 dicendo
1615 2438 1738 2464 quaeque

923 2483 924 2489 ι
946 2468 1061 2493 maxime
1075 2470 1193 2500 spectare
1207 2466 1334 2492 solemus.
1351 2466 1443 2492 Docuit
1454 2467 1525 2492 enim
1537 2466 1587 2492 iam
1602 2475 1648 2492 nos
1662 2466 1737 2501 longa·

101 2507 231 2531 eteorum
248 2504 375 2537 dolorem,
396 2506 442 2540 qui
459 2505 584 2539 lugebant
598 2513 670 2535 suOS,
687 2505 802 2531 oratione
817 2504 893 2531 refri—
916 2508 925 2527 ὃ

946 2505 998 2530 vita
1018 2512 1139 2538 ususque
1158 2512 1245 2529 rerum
1266 2503 1458 2533 maximarum,
1481 2508 1521 2533 ut,
1542 2504 1643 2538 quibus
1658 2504 1738 2529 rebus

945 2542 1027 2568 animi
1043 2541 1182 2567 bominum
1198 2545 1376 2569 inoverenuir,
1394 2546 1554 2566 teneremus.

1002 2579 1042 2605 1.1.
1058 2580 1117 2605 205.
1136 2577 1267 2612 Equidem
1283 2579 1399 2612 priumm
1414 2578 1580 2604 considerare
1594 2578 1674 2608 soleo,
1692 2588 1738 2612 po—

946 2616 1060 2642 stuletne
1074 2624 1178 2642 caussa.
1196 2616 1260 2640 Num
1277 2624 1363 2650 neque
1378 2616 1467 2650 parvis
1482 2617 1508 2641 in
1521 2615 1600 2641 rebus
1607 2615 1736 2641 adhiben-

946 2653 993 2680 due
1008 2658 1071 2680 sunt
1085 2653 1133 2680 bae
1147 2652 1252 2679 dicendi
1269 2651 1347 2682 faces,
1366 2661 1451 2688 neque
1467 2654 1500 2679 ita
1516 2654 1640 2679 animatis
1652 2653 1737 2679 bomi—

1507 2703 1531 2725 1³
