1941 3052
236 159 284 184 {st-³.

235 229 261 255 in
282 236 311 253 eu
333 236 360 253 se
383 226 556 253 excellentius
574 234 663 259 gerere
678 225 852 252 studuerunt:
875 226 976 260 quibua
992 234 1023 252 ex

233 266 376 300 generibus
389 264 461 290 alteri
474 273 501 289 so
514 263 662 298 populares,
671 263 744 288 alteri
757 264 896 297 optimates
903 267 927 288 et
935 263 1024 289 baberi

233 298 258 328 et
279 311 337 327 ease
354 301 503 327 voluerunt.
543 300 593 331 Qui
609 309 648 329 ea,
665 308 733 334 quae
748 299 887 330 faciebant,
903 308 1025 335 quaeque

234 339 365 368 dicebant,
385 337 549 364 multitudini
567 337 682 362 iucunda
698 346 757 362 esse
769 337 900 367 volebant,
915 337 1026 371 popula—

806 157 847 182 655.
882 156 916 181 M.
947 156 977 182 Τ.
1008 155 1282 183 CICERONIS

1078 226 1200 261 publicae
1219 227 1266 262 qui
1288 235 1347 254 ense
1364 226 1513 259 voluerunt,
1530 229 1552 255 si
1570 228 1683 255 leviore·
1697 233 1768 259 aunt.
1782 228 1870 257 duci-

1077 268 1168 289 acunt:
1195 265 1217 290 εἰ
1235 265 1390 294 timidiores,
1408 264 1518 292 desunt:
1541 271 1695 301 permanent
1707 267 1745 293 illi
1757 266 1816 295 noli,
1829 271 1870 293 at-

1076 309 1129 335 que
1149 302 1236 327 omnia
1253 302 1415 336 reipublicae
1429 311 1522 328 caussa
1539 303 1682 338 perferunt,
1698 304 1745 339 qui
1757 309 1820 330 aunt
1831 309 1870 330 ta-

1078 338 1124 367 les,
1141 338 1230 373 qualia
1247 343 1319 373 pater
1331 343 1403 369 tuus,
1420 339 1455 365 M.
1471 339 1578 371 Scaure,
1593 340 1651 370 Iuit.
1664 342 1710 376 qui
1723 350 1736 366 a
1749 341 1869 368 Graccho

235 386 288 402 res:
311 376 358 410 qui
371 379 458 400 nutem
472 375 504 400 ita
516 382 544 399 ae
555 374 689 407 gerebant,
704 378 733 400 ut
744 383 791 400 sua
803 374 914 400 consilia
926 375 1026 409 optimo

233 414 330 447 ruique
351 412 505 446 probarent,
527 412 667 445 optimates
689 411 863 437 habebantur.
895 412 937 437 97.
959 412 1025 444 Quia

233 460 294 482 ergo
306 450 354 475 isto
365 449 483 483 optimus
498 447 633 482 quisque?
653 449 688 474 De
700 457 811 474 numero
821 449 843 474 si
855 449 971 483 quaeris,
984 448 1026 475 in-

234 486 426 513 numerabiles:
445 494 531 519 nequo
542 486 612 511 euim
625 485 700 512 aliter
711 490 779 512 stare
791 494 945 520 possemus:
963 490 1026 512 sunt

233 524 367 558 principes
387 522 491 548 consilii
513 522 628 557 publici:
663 528 739 553 sunt,
757 523 803 558 qui
821 532 911 549 eorum
927 528 1024 549 sectam

231 565 396 595 sequuntur:
419 564 482 586 sunt
494 560 670 586 maximorum
682 560 805 586 ordinum
819 560 950 591 bomines,
963 561 1025 595 qui-

232 598 283 624 bus
296 602 365 632 patet
375 597 462 623 curia:
483 602 546 623 sunt
558 597 733 632 municipales
745 598 892 633 rusticique
899 598 1023 624 Romani:

1078 383 1164 410 usque
1179 375 1211 401 ad
1223 375 1253 408 Q.
1268 376 1375 402 Varium
1387 376 1521 403 seditionis
1532 377 1658 404 omnibus
1670 379 1773 407 restitit,
1807 386 1868 405 uem

1078 411 1150 438 nulla
1172 421 1300 448 umquam
1316 413 1365 443 vis,
1384 413 1473 440 nullae
1489 414 1585 444 minae,
1599 414 1672 441 nulla
1684 387 1871 442 invidiallabe-

1052 459 1055 489 Ι
1078 449 1153 476 tecit:
1175 455 1220 476 aut
1243 450 1331 484 qualia
1353 450 1384 482 Q.
1403 450 1539 481 Metellus,
1557 456 1667 486 patruus
1683 454 1774 479 matria
1793 457 1868 479 tuae:

1052 491 1055 527 l
1076 487 1133 521 qui,
1147 495 1231 521 quum
1244 487 1379 514 florentem
1393 487 1527 514 hominem
1539 489 1565 515 in
1577 489 1698 524 populari
1710 491 1818 519 ratione,
1838 490 1868 516 L.

1052 531 1055 561 l
1077 524 1262 555 Saturninum,
1284 533 1378 551 censor
1409 530 1538 555 notasset,
1568 534 1708 561 quumque
1728 527 1869 553 insitivum
1935 529 1939 562 ,¹

1052 569 1055 591 ι
1077 562 1226 588 Gracchum
1252 567 1341 588 contra
1368 563 1421 588 vim
1443 562 1625 589 multitudinis
1645 564 1767 590 incitatae
1786 572 1869 590 censu

1052 592 1055 620 l
1077 599 1266 633 prohibuisset,
1279 608 1418 634 quumque
1429 601 1456 626 in
1467 608 1524 626 eam
1542 600 1636 635 legem,
1649 609 1730 636 quam
1746 610 1797 628 non
1813 602 1871 628 iure

1077 641 1193 669 rogatam
1215 637 1351 667 iudicarat,
1369 638 1455 663 iurare
1470 646 1541 663 unus
1558 637 1695 668 noluisset,
1715 638 1748 664 de
1763 638 1870 665 civit-10

231 639 295 661 sunt
310 635 412 670 negotia
422 639 558 670 gerentes:
581 639 644 661 sunt
655 635 732 661 etiam
746 635 861 661 libertini
873 636 1023 670 optimates.

232 673 375 703 Numerus,
394 676 423 698 ut
433 672 498 702 dixi,
518 672 600 698 huius
610 673 715 707 generis
732 672 781 699 late
792 677 816 699 et
828 673 899 698 varie
910 672 1025 698 diffusus

231 714 284 736 est:
306 709 352 735 sed
364 717 450 745 genus
462 709 617 736 universum
629 709 669 744 (ut
680 709 786 736 tollatur
797 710 877 745 error)
889 710 962 736 brevi
974 710 1026 736 eir-

231 747 376 773 cumscribi
396 751 421 772 et
436 746 540 773 deliniri
554 751 648 781 potest.
688 746 788 773 Omnes
799 748 940 782 optimates
951 751 1023 778 sunt,

231 784 278 819 qui
295 792 381 819 neque
397 788 520 810 nocentes
532 788 603 814 sunt.
625 793 672 810 nec
684 789 775 810 natura
787 785 911 819 improbi,
924 793 971 811 nec
984 785 1025 811 su·
1047 809 1048 815 ,

232 822 294 848 riosi
311 830 358 847 nec
373 820 450 847 malis
465 821 618 848 domesticis
634 822 766 856 impediti.
806 822 942 857 Sequitur,
957 827 986 848 ut
998 822 1024 848 bi

231 859 297 890 sint,
318 859 410 894 (quam
431 863 459 884 tu
480 859 612 885 nationem
632 858 798 894 appellasti.)
817 860 864 894 qui
885 864 910 885 et
930 859 1025 895 integri

231 900 304 926 sunt,
327 900 352 922 et
371 896 438 927 sani,
455 900 481 922 et
496 895 562 922 bene
577 896 610 922 de
622 896 701 922 rebus
713 896 866 923 domesticis
877 896 1024 923 constituti.

213 933 330 966 ¹llorum
351 933 398 968 qui
420 933 559 964 voluntati,
576 933 733 965 commodiS,
751 935 870 969 opinioni
889 935 915 960 in
927 934 1027 969 guber·
1047 945 1048 955 π

232 970 317 997 nanda
329 970 464 1005 republica
472 971 600 1001 serviunt,
614 971 950 1006 ‹lesensoresoptimatium,
960 971 1026 1006 ipsi-

230 1016 283 1043 que
303 1009 444 1043 optimates
464 1008 627 1043 gravissimi,
649 1013 675 1034 et
689 1008 831 1035 clarissimi
846 1009 918 1035 cives
931 1017 1026 1035 nume-

231 1049 331 1076 rantur,
350 1050 375 1072 et
386 1046 519 1080 principes
535 1046 660 1072 civitatis.
682 1047 724 1072 98.
737 1046 807 1078 Quid
819 1050 859 1072 est
870 1046 951 1082 igitur
966 1055 1026 1081 pro-

231 1083 348 1118 positum
360 1082 402 1109 his
414 1083 576 1117 reipublicae
587 1083 818 1117 gubernatoribus.
832 1083 904 1118 quod
916 1083 1023 1114 intueri,

230 1125 256 1146 et
266 1129 320 1155 quo
341 1128 451 1146 cursum
471 1129 552 1146 suum
572 1120 686 1156 dirigere
702 1120 834 1147 debeant?
853 1121 881 1147 Id
896 1120 968 1155 quod
986 1125 1026 1146 est

231 1158 500 1192 praestantissimum,
523 1158 694 1192 maximeque
709 1158 825 1192 optabile
840 1158 967 1184 omnibus
983 1166 1026 1184 sa-

231 1195 272 1221 nis
294 1199 319 1221 et
339 1194 415 1221 bonis
437 1199 461 1221 et
483 1195 580 1225 beatis,
607 1203 668 1221 cum
688 1195 817 1231 dignitate
836 1196 931 1222 otium.
971 1195 1025 1221 Iloc

230 1232 277 1267 qui
299 1231 404 1263 volunt,
427 1240 520 1258 omnes
533 1232 688 1267 optimates:
710 1233 756 1267 qui
775 1232 906 1264 efficiunt,
924 1233 1024 1258 summi

231 1269 280 1295 viri
296 1273 321 1296 et
336 1274 533 1296 conservatores
543 1270 658 1295 civitatis
672 1274 808 1304 putantur.
849 1271 941 1305 Neque
953 1271 1024 1296 enim

231 1315 319 1333 rerum
339 1307 517 1342 gerendarum
538 1306 666 1341 (lignitate
682 1307 803 1333 bomines
818 1307 903 1334 efferri
916 1308 949 1333 ita
962 1315 1025 1333 con-

231 1344 311 1375 venit,
326 1348 355 1370 ut
365 1344 417 1370 otio
429 1353 481 1370 non
492 1344 668 1379 prospiciant:
692 1344 871 1379 nequeullum
878 1344 1023 1379 amplexari

230 1381 322 1412 otium,
337 1381 410 1416 quod
420 1381 560 1408 abhorreat
570 1390 583 1408 a
594 1381 732 1417 dignitate.
764 1381 855 1408 XLVI.
878 1382 964 1408 liuius
976 1390 1025 1408 au-

230 1422 283 1444 tem
303 1419 402 1445 otiosae
422 1418 561 1454 dignitatis
581 1419 646 1445 haec
667 1418 839 1445 fundamenta
860 1423 937 1450 sunt,
959 1419 1024 1445 baec

230 1455 359 1486 membra,
374 1464 443 1490 quae
455 1456 552 1482 tuenda
564 1456 741 1491 principibus,
757 1461 782 1482 et
793 1456 834 1482 vel
846 1457 941 1491 capitis
954 1457 1024 1491 peri-

229 1492 290 1519 culo
305 1493 471 1519 defendenda
488 1498 559 1524 sunt,
573 1493 725 1529 religiones,
738 1494 867 1529 auspicia,
880 1498 1023 1529 potestates

230 1531 443 1565 magistratuum,
451 1535 559 1557 senatus
566 1531 716 1561 auctoritas,
726 1530 808 1566 leges,
816 1540 873 1557 mos
880 1531 1020 1562 maiorum,

230 1567 341 1599 iudicia,
364 1568 526 1599 iurisdictio,
545 1568 623 1599 fides,
641 1569 806 1603 provinciae,
820 1569 899 1598 socii,
916 1569 1023 1603 imperii

230 1604 300 1636 laus,
319 1614 360 1631 res
375 1605 511 1636 militaris,
529 1606 670 1632 aerarium.
704 1607 745 1632 99.
767 1606 866 1632 Harum
882 1614 971 1632 rerum
986 1610 1024 1632 tot

228 1646 308 1677 atque
323 1646 455 1669 tantarum
472 1651 530 1669 esse
545 1642 712 1669 defensorem
727 1647 752 1669 et
763 1647 918 1678 patronum,
931 1643 1022 1678 magni

229 1680 311 1706 animi
334 1684 388 1711 est,
414 1680 504 1716 magni
525 1680 640 1716 ingenii,
662 1688 828 1715 magnaeque
848 1681 1020 1706 constantiae.

228 1716 334 1743 Etenim
348 1717 375 1743 in
391 1721 462 1743 tanto
476 1717 578 1743 civium
595 1725 706 1744 numero
721 1726 816 1753 magna
827 1716 972 1743 multitudo
982 1721 1022 1743 est

229 1761 335 1785 eorum,
358 1754 405 1789 qui
426 1758 471 1780 aut
485 1759 592 1789 propter
605 1760 707 1780 metum
723 1762 836 1789 poenae,
853 1759 1021 1789 peccatorum

228 1799 339 1817 suorum
354 1792 467 1822 conscii,
484 1800 566 1818 novos
581 1796 669 1818 motus
680 1792 921 1826 conversionesque
932 1792 1023 1826 reipu·
1043 1807 1044 1810 =

229 1827 312 1854 blicae
335 1833 475 1863 quaerant,
498 1833 544 1855 aut
563 1829 610 1863 qui
630 1833 736 1863 propter
750 1829 862 1855 insitum
877 1829 1021 1864 quemdam

228 1865 311 1891 animi
323 1864 452 1896 furorem,
465 1865 607 1892 discordiis
617 1866 717 1892 civium
730 1874 759 1891 ac
770 1865 899 1892 seditione
911 1874 1022 1900 pascan-

228 1906 284 1933 tur,
307 1907 353 1929 aut
372 1903 433 1937 qui,
454 1907 561 1937 propter
580 1902 790 1937 implicationem
812 1903 849 1929 rei
870 1902 1019 1934 familiaris,

227 1940 364 1966 communi
376 1939 499 1966 incendio
510 1939 611 1970 malint,
625 1948 706 1975 quam
721 1949 770 1966 suo
781 1939 934 1976 deflagrare.
970 1940 1021 1973 Qui

228 1985 312 2011 quum
333 1981 452 2003 auctores
472 1981 536 2003 sunt
555 1982 580 2003 et
595 1976 678 2003 duces
693 1986 802 2003 suorum
818 1977 968 2004 studiorum
981 1978 1023 2004 vi—

229 2015 380 2049 tiorumque
400 2015 479 2045 nacti,
501 2014 529 2040 in
549 2014 685 2049 republica
702 2013 798 2041 fluctus
814 2015 971 2046 excitantur,
993 2020 1022 2041 ut

229 2051 397 2087 vigilandum
418 2052 452 2078 sit
471 2051 515 2082 iis,
533 2052 580 2086 qui
595 2052 648 2078 sibi
663 2051 844 2087 gubernacula
859 2052 959 2086 patriae
974 2052 1022 2078 de-

229 2093 419 2123 poposcerunt.
446 2089 656 2124 enitendumque
680 2089 752 2115 omni
778 2089 888 2115 scientia
909 2098 938 2115 ac
959 2089 1021 2116 dili-

227 2126 325 2162 gentia,
349 2130 387 2157 ut,
404 2126 566 2152 conservatis
582 2125 634 2157 his,
647 2135 716 2161 quae
727 2135 776 2162 ego
786 2126 877 2161 paullo
888 2131 947 2153 ante
959 2126 1021 2153 fun-

227 2163 350 2189 damenta
371 2171 400 2189 ac
420 2163 539 2189 membra
559 2172 618 2190 esse
637 2163 707 2195 dixi,
729 2168 818 2190 tenere
833 2172 943 2190 cursum
959 2173 1022 2199 pos-

227 2200 282 2226 sint
301 2205 326 2227 et
345 2209 439 2235 capere
461 2201 507 2227 otii
526 2200 604 2226 illum
625 2205 731 2235 portum
746 2205 771 2227 et
789 2201 937 2237 dignitatis.
962 2203 1019 2228 400.

227 2238 299 2264 Hanc
314 2246 363 2273 ego
378 2238 458 2269 viam,
475 2237 588 2268 iudices.
607 2238 631 2264 si
642 2242 687 2264 aut
698 2247 828 2273 asperam,
842 2243 888 2264 aut
898 2238 1018 2271 arduam,

227 2280 272 2301 aut
283 2274 389 2310 plenam
410 2283 469 2301 esse
485 2274 664 2310 periculorum
680 2280 725 2302 aut
740 2275 899 2302 insidiarum
913 2284 1018 2311 negem,

227 2313 352 2338 mentiar:
375 2313 530 2347 praesertim
545 2321 630 2348 quum
646 2312 675 2339 id
689 2321 741 2339 non
752 2312 831 2339 modo
840 2312 1020 2340 intellexerim

226 2358 340 2384 semper,
354 2349 401 2376 sed
412 2350 491 2376 etiam
503 2354 605 2384 praeter
615 2354 715 2376 ceteros
726 2351 867 2376 senserim.

282 2387 385 2413 XLVII.
407 2387 552 2413 Maioribus
567 2387 708 2422 praesidiis
719 2392 744 2413 et
754 2388 838 2422 copiis
849 2392 1020 2423 oppugnatur

228 2423 386 2458 respublica,
399 2433 481 2459 quam
492 2424 654 2455 defenditur,
663 2429 809 2459 propterea,
822 2425 895 2460 quod
905 2425 1019 2451 audaces

228 2459 349 2487 homines
369 2465 394 2488 et
415 2461 511 2496 perditi
530 2466 596 2488 nutu
617 2461 808 2496 impelluntur,
831 2466 857 2488 et
871 2462 923 2496 ipsi
939 2462 1018 2488 etiam

226 2502 319 2530 sponte
331 2506 378 2524 sua
389 2503 478 2524 contra
489 2498 845 2533 rempublicamincitantur:
861 2499 1020 2525 boninescio

226 2534 359 2568 quomodo
381 2535 509 2562 tardiores
529 2540 592 2562 sunt
609 2541 647 2567 et,
669 2536 809 2570 principiis
823 2544 912 2562 rerum
928 2535 1020 2571 negle-

226 2570 284 2601 ctis,
307 2571 339 2596 ad
359 2577 507 2598 extremum
523 2573 582 2607 ipsa
597 2572 714 2607 denique
729 2573 886 2599 necessitate
901 2574 1019 2599 excitan—

228 2612 282 2633 tur:
315 2608 349 2633 ita
373 2613 402 2634 ut
422 2617 624 2644 nonnumquam
649 2610 814 2636 cunctatione
834 2618 864 2636 ac
887 2610 1016 2640 tarditate.

226 2643 292 2670 dum
311 2645 394 2670 otium
415 2645 507 2672 volunt
521 2647 599 2672 etiam
615 2647 674 2673 sine
688 2647 817 2682 dignitate
831 2647 952 2678 retinere,
965 2647 1018 2681 ipsi

227 2685 371 2716 utrumque
391 2682 520 2709 amittant.
558 2685 615 2709 lot.
636 2684 847 2719 Propugnatores
863 2688 951 2710 autem
966 2684 1019 2710 rei-

1046 861 1049 888 l

1046 901 1049 934 l

1077 674 1179 703 maluit,
1201 683 1282 708 quam
1304 674 1337 700 de
1352 675 1482 700 sententia
1498 675 1647 706 demoveri;
1670 680 1724 706 aut,
1742 680 1771 702 ut
1782 680 1870 702 vetera

1076 710 1208 745 exempla,
1217 720 1330 746 quorum
1343 716 1383 737 est
1393 712 1468 746 copia
1480 712 1560 747 digna
1574 712 1868 749 buiuaimperiigloria,

1077 748 1235 783 relinquam,
1251 757 1413 775 neveeorum
1421 749 1547 784 aliquem,
1555 750 1601 784 qui
1611 750 1713 780 vivunt,
1723 750 1868 781 nominem,

1076 785 1164 820 qualis
1186 795 1270 820 nuper
1291 786 1322 818 Q.
1345 786 1456 812 Catulus
1478 786 1541 817 Iuit,
1558 795 1638 821 quem
1655 795 1742 822 neque
1756 786 1869 822 periculi

1077 828 1220 857 tempestas
1241 832 1328 858 neque
1345 823 1451 849 honoris
1467 832 1529 849 aura
1542 825 1627 858 potuit
1639 833 1766 859 umquam
1778 825 1811 851 de
1820 832 1870 851 auo

1077 868 1157 886 cursu
1181 865 1226 886 aut
1237 869 1285 895 spe
1296 865 1340 886 aut
1353 865 1423 886 metu
1431 861 1580 887 demovere.
1603 861 1717 888 XLVIII.
1732 863 1788 888 ⁴02.
1802 862 1871 888 Haec

1077 898 1227 928 imitamini,
1246 906 1292 932 per
1311 898 1374 924 deos
1387 898 1562 924 immortales!
1584 900 1630 933 qui
1643 899 1808 935 dignitatem,
1821 900 1869 934 qui

1078 934 1196 965 laudem,
1219 935 1265 970 qui
1287 935 1398 970 gloriam
1418 936 1556 970 quaeritis.
1601 936 1669 962 Haec
1687 935 1775 971 ampla
1795 941 1868 967 aunt,

1078 972 1141 998 baec
1151 972 1252 1003 divina,
1266 972 1329 998 baec
1341 972 1512 998 immortalia:
1536 973 1600 999 haee
1612 973 1679 999 lama
1691 973 1867 1004 celebrantur,

1077 1010 1257 1035 monumentis
1278 1009 1414 1036 annalium
1430 1009 1598 1042 mandantur,
1615 1011 1760 1045 posteritati
1775 1019 1871 1045 propa-

1076 1051 1182 1082 gantur.
1231 1047 1278 1073 Est
1305 1047 1390 1073 labor:
1425 1056 1478 1074 non
1503 1056 1583 1084 nego;
1614 1048 1732 1083 pericula
1757 1056 1868 1084 magna:

1076 1083 1168 1110 fateor.

1132 1122 1230 1147 Mdltae
1244 1123 1354 1147 insidiae
1364 1124 1424 1147 eunt
1438 1123 1522 1148 bonis:

1077 1158 1218 1185 verissime
1228 1158 1330 1184 dictum
1343 1163 1391 1184 est.
1426 1158 1478 1185 Sed

1132 1196 1165 1222 Te
1187 1198 1226 1226 i'd,
1250 1198 1318 1230 quod
1336 1197 1411 1222 multi
1428 1198 1571 1227 int-adeant,
1595 1197 1718 1230 multique
1739 1199 1868 1230 expetant,

1393 1233 1551 1264 inaci'tt'a'st‘.

1075 1270 1172 1305 inquit,

1128 1308 1272 1341 postulare,
1297 1309 1323 1334 εἰ
1348 1308 1460 1334 laborem
1485 1310 1585 1334 stimma
1611 1316 1668 1334 cum
1691 1316 1755 1334 cura
1777 1310 1871 1342 efferae

1129 1346 1235 1371 nauum.

1074 1381 1148 1408 Idem
1168 1382 1220 1408 alio
1241 1381 1297 1408 loco
1311 1381 1388 1413 dixit.
1406 1381 1479 1417 quod
1490 1382 1643 1417 exciperent
1656 1381 1773 1417 improbi
1783 1383 1867 1414 cives.

1131 1419 1245 1449 Oderint,
1261 1421 1320 1445 dum
1334 1422 1454 1445 metuant.

1076 1457 1133 1483 ⁴03.
1155 1455 1291 1483 Praeclara
1305 1457 1376 1482 enim
1393 1456 1438 1483 illa
1455 1460 1593 1491 praeoepta
1604 1455 1712 1483 dederat
1722 1457 1867 1484 iuventuti.

1075 1493 1128 1520 Sed
1148 1498 1236 1520 tamen
1252 1494 1317 1520 haec
1332 1494 1383 1524 via.
1402 1494 1466 1520 haec
1477 1494 1542 1520 ratio
1553 1493 1716 1528 reipublicae
1727 1502 1870 1529 capessen-

1074 1531 1123 1558 dae
1153 1530 1217 1558 olim
1232 1536 1287 1557 erat
1301 1531 1388 1566 magis
1403 1530 1622 1566 pertimescenda,
1640 1539 1724 1565 quum
1736 1531 1830 1558 multis
1840 1531 1868 1558 in

1051 1566 1053 1572 ’
1074 1569 1155 1595 rebus
1179 1568 1362 1594 multitudinis
1387 1568 1508 1595 studium
1527 1567 1561 1594 ad
1581 1567 1673 1603 populi
1696 1568 1868 1595 commodum

1074 1606 1107 1632 ab
1126 1605 1239 1632 utilitate
1259 1605 1423 1640 reipublicae
1441 1605 1618 1640 discrepabat.
1658 1605 1805 1632 Tabellaria
1825 1605 1869 1632 lex

1073 1642 1106 1668 ab
1127 1643 1157 1669 L.
1179 1642 1271 1669 Cassio
1287 1642 1429 1669 ferebatur.
1469 1642 1588 1677 Populus
1604 1642 1752 1669 libertatem
1763 1643 1805 1678 agi
1816 1651 1869 1677 pu·

1075 1680 1147 1706 tabat
1172 1688 1259 1706 suam.
1303 1679 1500 1706 Dissentiebant
1521 1680 1665 1714 principes,
1688 1684 1714 1706 et
1733 1680 1761 1706 in
1781 1680 1868 1707 salute

1073 1717 1243 1752 optimatium
1287 1717 1462 1743 temeritatem
1487 1716 1683 1747 multitudinis,
1705 1721 1731 1743 et
1754 1717 1868 1744 tabellae

1074 1754 1207 1781 licentiam
1232 1754 1463 1789 pertimescebant.
1507 1754 1643 1790 Agr-ariam
1664 1754 1704 1780 Ti.
1729 1754 1867 1781 Gracchus

1074 1791 1159 1827 legem
1180 1791 1289 1818 serebat.
1329 1791 1409 1818 Grata
1431 1795 1485 1818 erat
1499 1790 1612 1827 populo:
1635 1789 1755 1817 fortunae
1767 1792 1868 1818 oonsti-

1073 1830 1110 1855 tui
1132 1829 1284 1855 tenuiorum
1304 1828 1473 1855 videbantur.
1517 1828 1675 1855 Nitebantur
1694 1833 1783 1855 contra
1797 1829 1868 1864 opti-

1073 1871 1170 1898 mates,
1196 1866 1269 1901 quod
1294 1874 1324 1892 ea
1348 1865 1508 1892 discordiam
1528 1866 1637 1892 excitari
1657 1865 1796 1892 vIdebant:
1829 1871 1864 1896 et,

1072 1912 1157 1938 quum
1179 1903 1324 1938 locupletes
1344 1903 1561 1938 possessionibus
1576 1903 1712 1929 diuturnis
1728 1911 1868 1929 moveren-

1073 1946 1123 1971 tur,
1147 1940 1255 1976 spoliari
1276 1940 1470 1975 rempublicam
1492 1940 1734 1976 propugnatoribus
1754 1940 1867 1967 arbitra-

1042 1981 1043 1990 *
1073 1978 1178 2004 bantur.
1218 1978 1429 2004 Frumentariam
1452 1973 1546 2013 legem*
1557 1977 1587 2004 C.
1604 1977 1741 2004 Gracchus
1755 1977 1864 2004 ferebat.

1072 2015 1190 2042 Iucunda
1210 2023 1252 2041 res
1271 2014 1343 2050 plebi
1360 2015 1502 2041 Romanae.
1542 2015 1634 2041 Victus
1649 2015 1720 2041 enim
1736 2014 1867 2050 suppedi-

1072 2053 1177 2079 tabatur
1188 2052 1260 2088 large
1271 2053 1328 2078 sine
1341 2051 1439 2079 labore.
1470 2051 1663 2088 Repugnabant
1673 2051 1744 2082 boni,
1757 2051 1830 2087 quod
1839 2056 1867 2078 et

1073 2090 1105 2117 ab
1125 2089 1257 2116 industria
1272 2089 1379 2124 plebem
1390 2089 1422 2115 ad
1433 2089 1564 2116 desidiam
1575 2089 1678 2115 avocari
1690 2089 1827 2124 putabant,
1840 2094 1866 2116 et

1072 2128 1203 2154 aerarium
1223 2127 1359 2153 exhauriri
1379 2126 1528 2153 videbatur.
1568 2126 1664 2153 XLIX.
1689 2126 1771 2152 Multa
1785 2127 1865 2153 etiam

1073 2169 1160 2191 nostra
1172 2165 1308 2195 memoria,
1316 2172 1385 2199 quae
1394 2163 1516 2190 consulto
1527 2168 1669 2198 praetereo,
1678 2163 1786 2190 fuerunt
1796 2163 1824 2190 in
1834 2172 1865 2190 ea

1071 2202 1247 2232 contentione,
1269 2205 1299 2227 ut
1320 2201 1457 2236 popularis
1471 2201 1605 2236 cupiditas
1615 2209 1630 2227 a
1640 2200 1753 2227 consilio
1764 2201 1866 2235 princi-

1072 2248 1137 2274 pum
1149 2238 1300 2265 dissideret.
1333 2239 1390 2264 ⁴04.
1403 2239 1480 2265 Nunc
1490 2239 1542 2265 iam
1554 2237 1621 2265 nibil
1633 2242 1681 2268 est,
1693 2237 1766 2272 quod
1778 2245 1865 2272 popu-

1072 2277 1115 2303 lus
1135 2285 1149 2302 a
1163 2276 1274 2302 delectis
1291 2275 1514 2310 principibusque
1528 2275 1680 2302 dissentiat:
1707 2283 1755 2301 nec
1765 2273 1865 2310 flagitat

1072 2322 1128 2340 rem
1139 2313 1231 2344 ullam,
1249 2321 1336 2348 neque
1347 2321 1476 2339 novarum
1487 2321 1576 2339 rerum
1587 2317 1627 2338 est
1636 2311 1762 2346 cupidus,
1775 2316 1802 2338 et
1810 2312 1864 2339 otio

1071 2359 1129 2382 suo,
1152 2355 1178 2377 et
1187 2350 1316 2386 dignitate
1326 2350 1420 2385 optimi
1431 2350 1572 2384 cuiusque,
1585 2353 1611 2375 et
1621 2349 1762 2375 universae
1772 2349 1865 2383 reipu-

1071 2388 1156 2414 blicae
1170 2387 1254 2423 gloria
1269 2387 1424 2413 delectatur.
1463 2387 1554 2421 Itaque
1569 2385 1690 2412 homines
1701 2385 1822 2412 seditiosi
1832 2394 1865 2413 ac

1071 2424 1227 2455 turbulenti.
1249 2425 1313 2459 quia
1328 2423 1401 2450 nulla
1412 2424 1465 2450 iam
1477 2423 1614 2459 largitione
1625 2422 1756 2457 populum
1767 2423 1864 2450 Roma-
1892 2421 1894 2427 ⁸

1070 2471 1136 2489 num
1151 2462 1281 2489 concitare
1297 2465 1418 2496 possunt,
1434 2460 1506 2495 quod
1521 2460 1598 2494 plebs
1610 2459 1746 2494 perfuncta
1757 2461 1864 2496 gravis-

1070 2500 1147 2526 simis
1172 2499 1352 2525 seditionibus
1372 2506 1402 2524 ac
1420 2497 1561 2524 discordiis
1579 2498 1662 2523 otium
1684 2496 1860 2532 amplexatur,

1069 2536 1214 2563 conductas
1233 2535 1332 2562 babent
1349 2535 1503 2562 conciones:
1530 2542 1617 2569 neque
1638 2534 1665 2560 id
1679 2538 1771 2570 agunt,
1787 2538 1818 2560 ut
1831 2541 1862 2560 ea

1069 2574 1159 2600 dicant
1177 2578 1224 2599 aut
1237 2572 1331 2603 ferant,
1348 2580 1416 2607 quae
1429 2571 1470 2597 illi
1486 2571 1568 2597 velint
1583 2570 1684 2602 audire,
1701 2571 1788 2606 quiin
1798 2579 1863 2597 oon-

1069 2611 1144 2637 cione
1155 2615 1227 2640 sunt,
1240 2609 1288 2636 sed
1298 2609 1382 2644 pretio
1392 2617 1422 2634 ac
1432 2608 1553 2634 mercede
1567 2608 1716 2643 perficiunt,
1729 2612 1766 2638 ut,
1779 2607 1862 2642 quid·

1069 2647 1135 2682 quid
1149 2648 1247 2677 dicant,
1264 2646 1292 2672 id
1302 2645 1342 2672 illi
1355 2645 1424 2672 velle
1434 2646 1526 2671 audire
1537 2645 1687 2672 videantur.
1719 2646 1776 2671 ⁴05.
1789 2645 1860 2671 Num

1069 2693 1117 2711 vos
1135 2684 1304 2715 existimatis,
1322 2682 1455 2710 Gracchos
1470 2688 1515 2709 aut
1526 2682 1700 2709 Saturninum
1709 2687 1756 2708 aut
1765 2690 1862 2717 quem-
