1941 3052
201 143 248 167 865
773 142 814 166 90.

254 210 294 231 vn
333 213 404 232 (run,
415 212 487 231 vanua,
499 210 590 227 itu-ru·-
601 216 630 226 n..

382 252 547 279 CICERO
580 252 747 278 ATTICO
780 252 808 279 S.

258 286 380 322 Quintus
392 290 471 318 lilius.
482 290 523 323 pie
534 298 607 319 sane.
621 298 662 315 me
673 289 783 323 quidem
795 294 865 316 certe
877 289 991 316 multum

203 329 335 358 hortante.
358 327 404 352 sed
420 331 583 356 currentem,
605 327 724 352 animum
747 327 829 360 putris
847 327 890 353 sui
909 328 991 353 sorori

202 371 262 392 tuus-
275 363 464 390 reconciliavit.
503 363 569 388 Eum
583 363 659 389 valde
671 364 749 389 etiam
762 369 821 390 tuae
834 363 934 390 litterae
945 373 993 390 ex-

201 402 326 428 citarunt.
366 400 436 431 Quid
452 399 577 434 quaeris‘?
596 400 700 426 conlido
715 409 785 431 rem,
810 405 837 426 ut
857 401 990 431 volumus,

202 447 270 465 esse.
312 438 355 463 nis
371 437 402 462 ad
420 441 443 463 te
459 441 534 462 antea
550 438 645 471 scripsi
660 437 692 463 de
705 446 731 463 re
743 446 800 463 mea
813 437 951 468 familiari.
969 438 992 464 si

203 474 281 501 modo
292 474 340 501 tibi
353 473 470 500 redditae
483 473 583 500 litterae
594 479 670 505 sunt.
688 475 801 505 Graece,
820 477 845 501 ἐν
856 475 992 511 αἰνιγμοῖς.

202 512 323 541 Scilicet.
347 511 414 537 nihil
435 516 475 537 est
494 511 666 538 movendum.

203 548 381 584 percontando
392 548 425 574 de
437 549 591 574 nominibus
599 548 715 579 Milonis,
728 554 763 579 et.
777 553 806 575 ut
816 549 950 584 expediat.
965 553 994 575 ut

203 586 269 612 mihi
281 586 387 619 recepit.
403 585 539 616 hortando,
552 585 655 620 aliquid
668 591 694 612 tu
707 586 839 620 proficies.
861 587 916 621 Ego
928 586 993 612 Lao-

202 623 292 649 diceae
304 627 470 657 quaestorem
479 623 636 648 Mescinium
648 624 885 657 exspectnreiussi,
895 628 992 650 utcon-

203 659 284 686 sectas
300 660 415 686 rationes
432 658 489 694 lego
506 659 571 685 Iulia
587 659 658 694 apud
675 660 742 686 duas
757 661 879 686 civitates
891 661 991 695 possim

203 697 364 731 relinquere.
404 696 527 722 Rhodum
551 696 610 723 volo
632 706 774 731 puerorum
795 706 902 729 caussa3
931 697 992 724 inde

202 743 283 769 quam
296 733 550 768 primumAthenas:
565 734 724 760 ctsiEtesiae
737 734 813 760 valde
825 734 928 761 reflant:
945 734 992 761 sed

202 771 282 806 plane
294 770 353 797 volo
366 770 407 796 his
420 771 634 806 magistratibus,
655 780 769 806 quorum
787 771 948 798 voluntatem
966 772 992 798 in

201 807 398 843 supplicatione
413 816 472 833 sum
489 813 625 842 expertus.
666 809 705 835 Tu
722 813 808 835 tamen
825 810 899 835 mitte
914 809 990 839 mihi.

201 853 315 881 quaeso.
331 845 439 871 obviam
457 845 568 876 litteras.
591 845 723 881 numquid
739 851 816 880 putes
830 846 994 881 reipublicae

203 883 311 909 nomine
326 881 485 908 tardandum
501 891 560 908 esse
581 883 668 909 nobis.
709 883 770 909 Tiro
785 883 817 909 ad
834 888 858 910 te
876 883 994 910 dedisset

204 919 318 950 litteras.
331 920 384 945 nisi
395 928 457 945 eum
469 920 586 955 graviter
597 929 706 955 aegrum
718 920 900 955 reliquissem.
941 920 993 947 Sed

191 957 327 983 muntiant
337 956 434 982 melius
446 965 514 983 esse.
548 957 603 992 Ego
615 962 702 984 tamen
714 966 806 993 angor.
837 957 910 984 Nihil
921 958 993 985 enim

203 993 250 1021 illo
261 993 427 1021 adolescente
438 995 551 1025 castius,
565 994 632 1020 nihil
644 994 812 1031 diligentius.

633 216 645 226 .⁴
659 212 712 231 τοι,

256 1063 316 1084 ῩΙΙΙ.
345 1064 430 1088 (Itphrni,
442 1066 513 1085 Pau-110,
524 1066 614 1083 Murali«.

383 1107 550 1135 CICERO
582 1108 750 1135 ATTICO
783 1109 811 1136 S.

260 1146 282 1171 l.
303 1139 399 1176 Quum
411 1146 586 1172 instituissem
599 1145 631 1171 ad
644 1151 667 1172 te
679 1146 795 1172 scribere
806 1145 994 1180 calamumque

202 1182 395 1216 sumpsissem.
409 1183 545 1210 Battonius
561 1191 574 1208 e
591 1183 653 1209 navi
669 1188 738 1209 recta
754 1183 787 1209 ad
802 1192 844 1209 me
860 1183 933 1209 venit
946 1183 995 1210 do-

204 1227 278 1245 mum
294 1219 408 1254 Ephesi,
425 1225 451 1246 et
466 1219 605 1254 epistolam
622 1225 694 1246 tuam
711 1220 827 1247 reddidit
843 1220 912 1255 prid.
933 1220 992 1247 Kal.

202 1256 340 1282 Octobres.

202 1294 399 1327 opportunitate
411 1294 507 1325 Piliae.
525 1295 604 1320 etiam
620 1294 772 1321 mehercule
788 1303 910 1321 sermone
921 1295 995 1321 eius-

202 1330 264 1356 dem
279 1330 312 1356 de
326 1331 452 1366 coniugio
463 1331 566 1358 Tulliae
583 1340 666 1358 meae.
706 1333 732 1359 2.
753 1333 890 1359 Battonius
906 1337 994 1358 autem

203 1367 285 1393 miros
300 1372 412 1394 terrores
426 1368 459 1394 ad
475 1377 517 1395 me
533 1369 620 1395 attulit
635 1369 821 1402 Caesarianos;
839 1378 901 1396 cum
913 1370 994 1404 Lepta

202 1405 282 1430 etiam
293 1404 370 1439 plura
383 1405 487 1432 locutus
498 1411 549 1438 est;
568 1414 659 1440 spero,
676 1406 755 1438 salsa,
769 1406 816 1433 sed
828 1411 897 1433 certe
908 1406 996 1434 horri-

202 1441 281 1474 bilia;
303 1443 450 1469 exercitum
467 1443 541 1469 nullo
556 1443 634 1470 modo
651 1444 843 1476 dimissurum;
866 1452 928 1470 cum
949 1443 995 1470 illo

202 1483 336 1513 praetores
347 1479 509 1515 designatos,
523 1480 646 1507 Cassium
659 1481 798 1508 tribunum
810 1481 912 1516 plebis,
926 1482 996 1508 Len-

625 1072 670 1083 eon.
681 1067 735 1088 70⁷2.)

201 1552 264 1579 hem
276 1553 437 1588 relinquere.
477 1556 502 1581 3.
525 1555 577 1581 Sed
592 1555 659 1581 heus
675 1560 717 1587 tu,
735 1555 869 1591 numquid
885 1555 995 1582 moleste

202 1589 255 1616 fers
271 1590 304 1617 de
320 1590 379 1622 illo,
397 1592 445 1626 qui
461 1601 489 1617 se
501 1591 567 1619 solet
578 1592 707 1619 anteferre
719 1597 814 1627 patruo
824 1593 923 1620 sororis
935 1598 995 1619 tuae

202 1626 269 1653 filii?
288 1627 320 1654 At
334 1636 348 1653 a
363 1628 465 1663 quibus
480 1629 586 1655 victus‘?
605 1629 657 1655 Sed
669 1629 702 1656 ad
716 1639 782 1656 rem.
823 1631 847 1656 4.
869 1631 923 1657 Nos
934 1630 996 1657 Ete-

201 1665 258 1690 siae
278 1665 516 1692 vehementissime
539 1666 686 1693 tardarunt.
726 1667 845 1694 Detraxit
863 1675 902 1693 xx
922 1668 995 1702 ipsos

201 1700 260 1727 dies
271 1702 352 1728 etiam
363 1702 506 1737 aphractus
518 1703 691 1730 Rhodiorum.
710 1703 769 1730 Kal.
782 1704 876 1730 Octob.
888 1705 996 1739 Epheso

201 1739 410 1765 conscendentes
427 1739 495 1766 hanc
510 1740 650 1775 epistolam
666 1740 792 1767 dedimus
804 1742 833 1768 L.
846 1742 993 1776 Tarquitio,

202 1775 284 1801 simul
300 1784 314 1802 e
330 1781 406 1810 portu
423 1777 586 1812 egredienti,
611 1778 659 1804 sed
674 1778 829 1813 expeditius
845 1779 993 1814 naviganti.

202 1812 256 1839 Nos
271 1813 435 1840 Rhodiorum
451 1814 586 1848 aphractis
604 1815 754 1850 ceterisque
776 1815 862 1850 longis
878 1815 995 1842 navibus

201 1849 409 1884 tranquillitates
424 1852 583 1886 aucupaturi
594 1860 710 1878 eramus.
750 1853 787 1878 Ita
799 1856 887 1878 tamen
899 1861 995 1887 prope-

202 1886 342 1918 rabamus,
364 1892 394 1913 ut
414 1896 466 1914 non
486 1893 577 1923 posset
596 1889 693 1924 magis.

202 1923 354 1955 Puteolano,
367 1929 484 1959 gratum.
524 1926 601 1952 Nunc
612 1926 694 1952 velim
706 1925 834 1961 dispicias
846 1935 888 1953 res
898 1927 995 1953 Roma-

202 1968 262 1993 nas;
277 1960 383 1992 videas,
397 1961 464 1996 quid
476 1962 553 1988 nobis
567 1962 600 1988 de
612 1963 749 1998 triumpho
759 1964 931 1999 cogitandum
943 1972 995 1999 pu-

201 2002 254 2030 tes;
272 1997 306 2024 ad
321 2006 403 2033 quem
419 1999 498 2025 amici
514 2008 556 2025 me
571 2004 676 2026 vocant.
715 2001 785 2036 Ego,
803 2001 855 2027 nisi
869 2001 992 2032 Bibulus,

201 2035 263 2069 qui,
280 2034 347 2061 dum
362 2043 433 2062 unus
445 2036 529 2062 hostis
541 2037 567 2063 in
579 2036 655 2072 Syria
668 2036 730 2067 suit,
748 2037 845 2072 pedem
856 2043 930 2072 porta
941 2047 993 2065 non

200 2071 264 2106 plus
275 2071 385 2103 extulit,
403 2081 485 2107 quam
500 2073 579 2100 domo
595 2083 657 2105 sua,
675 2074 839 2101 adniteretur
853 2075 886 2101 de
898 2076 995 2102 trium-

201 2108 264 2143 pho,
277 2117 363 2144 aequo
373 2110 462 2136 animo
474 2119 570 2137 essem.
601 2112 677 2138 Nunc
688 2120 751 2138 vero
761 2111 871 2147 αἰσχρὸν
883 2115 993 2139 σιωπᾶν.

201 2145 254 2172 Sed
265 2146 374 2181 explora
386 2155 442 2173 rem
454 2152 548 2174 totam:
562 2152 600 2179 ut,
613 2157 667 2183 quo
677 2148 720 2175 die
732 2149 869 2184 congressi
880 2150 991 2181 erimus,

200 2183 344 2210 consilium
355 2192 450 2218 capere
460 2186 607 2219 possimus.
647 2185 681 2212 At
691 2185 787 2218 multa;
804 2187 852 2221 qui
862 2191 887 2213 et
897 2195 995 2222 prope-

201 2261 260 2283 ante
276 2262 406 2284 venturus
422 2263 501 2285 esset.
541 2259 634 2286 Cicero
649 2260 699 2286 tibi
714 2260 860 2295 plurimam
879 2261 993 2287 salutem

200 2294 275 2321 dicit.
315 2295 356 2321 Tu
371 2295 445 2323 dices
460 2297 602 2332 utriusque
622 2302 744 2324 nostrum
763 2297 855 2324 verbis
870 2303 896 2325 et
910 2297 993 2325 Piliae

200 2335 260 2358 tuae
271 2336 297 2359 et
307 2331 388 2359 filiae.

206 2410 210 2415 ¹
252 2401 293 2421 lx.
321 2404 415 2425 (Athenis,
426 2405 500 2425 Paullo.
511 2405 602 2423 Marcello
614 2411 661 2423 coss.
672 2408 726 2426 70⁴.)

381 2438 549 2466 CICERO
577 2439 746 2467 ATTICO
775 2440 804 2467 S.

258 2476 280 2500 l.
302 2470 334 2501 In
349 2476 457 2503 Piraeea
472 2485 558 2511 quum
576 2477 693 2503 exissem
712 2477 783 2512 prid.
805 2478 870 2504 Idus
884 2478 989 2510 Octob.,

201 2512 290 2545 accepi
302 2512 445 2544 abAcasto,
459 2522 537 2540 servo
547 2514 713 2545 meo,statim
725 2519 784 2541 tuas
796 2514 910 2542 litteras:
923 2524 991 2551 quas

201 2547 311 2581 quidem
324 2557 409 2583 quum
420 2555 618 2585 exspectassem
630 2551 683 2576 iam
694 2550 751 2582 diu,
759 2551 908 2579 admiratus
919 2562 989 2584 sum,

203 2588 230 2609 ut
248 2584 305 2610 vidi
327 2585 494 2621 obsignatam
515 2587 670 2622 epistolam,
693 2587 851 2615 brevitatem
867 2590 939 2623 eius;
963 2594 993 2616 ut

201 2621 302 2654 aperui,
319 2630 411 2648 rursus
422 2624 550 2659 σύγχυσιν
561 2624 747 2656 litterularum.
755 2633 824 2660 quae
835 2626 921 2652 solent
931 2631 991 2653 tuae

201 2658 440 2692 compositissimae
452 2665 476 2687 et
487 2661 652 2688 clarissimae
663 2670 735 2688 esse.
748 2670 787 2693 ac.
796 2671 829 2689 ne
841 2663 933 2695 multa,
946 2671 992 2690 co-

710 511 761 537 Sed
778 516 864 538 tamen
890 512 994 546 ἀφελῶς
1021 532 1022 542 ,

1021 545 1022 550 ’
1043 542 1132 569 dentia
1144 547 1168 569 et
1180 544 1353 577 temperantia
1365 548 1413 574 est,
1427 549 1451 570 et
1463 544 1580 574 hercule,
1594 549 1622 570 ut
1633 553 1675 570 mc
1686 545 1833 572 IubetAca-

381 1257 504 1284 Laetatus
520 1266 580 1283 sum
596 1257 720 1284 felicitate
732 1258 910 1293 navigationis
922 1262 992 1289 tuae,
1022 1270 1023 1280 κ

732 1890 758 1915 5.
780 1890 816 1915 De
831 1889 994 1916 raudusculo
1022 1897 1024 1902 ·

847 141 880 166 M.
912 141 942 167 T.
971 140 1245 166 CICERONIS

1043 211 1123 243 gnovi
1135 219 1168 236 ex
1179 219 1219 241 eo,
1232 209 1303 245 quod
1317 211 1350 236 ita
1363 211 1517 245 scripseram.
1531 216 1554 238 te
1567 212 1675 238 Romam
1688 212 1793 238 venisse
1804 221 1829 238 a.

1043 246 1069 272 d.
1088 255 1134 272 au.
1153 247 1264 273 Kalend.
1282 247 1374 273 Octob.
1392 256 1454 274 cum
1471 248 1548 275 febri.
1589 250 1733 275 Percussus
1750 249 1831 275 vehe-

1044 288 1158 314 menter.
1176 292 1224 310 nec
1243 285 1342 316 magis.
1364 293 1445 319 quam
1460 285 1555 315 debui.
1576 288 1664 312 atatim
1683 295 1782 321 quaero
1797 294 1830 312 ex

1044 321 1147 346 Acasto.
1188 320 1233 346 Ille
1249 326 1274 346 et
1290 321 1337 347 tibi
1353 326 1379 347 et
1392 322 1445 348 sibi
1463 323 1564 353 visum.
1580 329 1605 349 et
1621 324 1655 349 ita
1671 332 1698 349 se
1714 322 1786 349 domi
1798 331 1832 349 ex

1044 358 1097 383 tuis
1108 357 1225 388 audisse,
1239 363 1267 384 ut
1277 357 1344 384 nihil
1356 364 1426 385 esset
1440 360 1615 386 incommode.
1651 360 1678 386 ld
1691 360 1833 386 videbatur

1044 394 1204 428 approbare.
1222 395 1294 429 quod
1310 400 1365 421 erat
1380 396 1406 421 in
1418 401 1549 426 extremo.
1568 396 1724 423 febriculam
1740 402 1795 423 tum
1808 402 1832 422 te

1045 431 1185 457 habentem
1197 433 1348 466 scripsisse.
1382 432 1435 458 Sed
1447 432 1560 459 clamavi
1573 439 1659 460 tamen
1671 434 1833 460 admiratus-

1043 477 1096 503 que
1103 478 1172 498 sum.
1181 468 1252 503 quod
1265 469 1350 495 nihilo
1362 470 1452 496 minua
1463 469 1494 495 ad
1507 479 1548 495 me
1559 475 1602 496 tua
1615 479 1694 497 mauu
1706 472 1832 506 scripsis-

1044 514 1096 532 ses.
1136 506 1223 538 Quare
1234 505 1266 532 de
1280 506 1328 532 hoc
1338 507 1413 532 satia.
1448 507 1530 541 Spero
1539 508 1621 537 enim.
1634 516 1702 542 quae
1714 513 1757 534 tua
1769 516 1833 543 pru-

1043 585 1114 609 stus.
1131 579 1234 606 consido
1250 585 1274 606 te
1289 581 1354 610 iam.
1368 586 1396 606 ut
1409 580 1542 611 volumus,
1563 581 1660 607 valere.
1700 583 1725 608 Ξ.
1747 583 1767 608 Α
1779 582 1833 608 Τυ-

1044 618 1136 643 rannio
1152 622 1175 644 te
1191 618 1326 652 accepisse
1343 626 1416 644 meas
1433 617 1532 644 litteras
1547 618 1661 653 gaudeo.
1701 618 1832 654 Παραφύ-

1044 655 1135 685 λαξον,
1151 654 1173 680 si
1191 663 1232 680 me
1247 663 1334 685 amns,
1352 655 1395 688 τὴν
1408 657 1453 681 τοῦ
1463 658 1584 690 ιμνρηιυῦ
1595 657 1741 690 φιλοτιμίαν
1755 655 1832 682 αὐτό-

1043 702 1115 717 mm.
1155 692 1235 722 nanc.
1249 700 1317 726 quae
1328 691 1480 718 mehercule
1492 692 1558 718 mihi
1571 701 1667 727 magno
1677 691 1767 719 dolore
1778 697 1831 719 eat:

1043 728 1127 754 dilexi
1147 729 1218 754 enim
1243 729 1389 755 hominem.
1432 729 1559 759 Procura.
1586 729 1834 764 quantulacumque

1044 770 1096 795 est,
1115 766 1268 792 Precianam
1282 766 1469 797 hereditatem,
1486 775 1595 801 prorsus
1612 766 1656 792 ille
1668 775 1700 793 ne
1711 767 1832 801 attingat.

1044 803 1134 832 Dices.
1151 812 1275 829 nummos
1289 803 1355 829 mihi
1371 812 1439 838 opus
1453 812 1511 829 esse
1527 803 1559 829 ad
1571 809 1727 838 apparatum
1739 804 1835 829 trium-

1045 840 1106 874 phi;
1126 840 1151 866 in
1163 849 1230 875 quo,
1248 845 1276 867 ut
1287 841 1432 876 praecipis.
1450 849 1497 866 nec
1510 849 1551 866 me
1563 840 1636 867 κενόν
1649 841 1674 866 in
1685 840 1835 875 expetendo

1045 885 1197 912 cognosces.
1212 886 1259 904 nec
1274 878 1374 911 ἄτυφον
1387 879 1413 904 in
1425 877 1586 904 abiiciendo.
1627 880 1651 904 3.
1669 877 1789 904 Intellexi
1801 885 1834 904 ex

1045 914 1098 940 tuis
1111 914 1213 945 titteris.
1228 919 1251 940 te
1262 923 1296 941 ex
1307 915 1442 941 Turannio
1453 914 1574 944 audisse.
1590 924 1603 940 a
1616 923 1657 940 me
1669 915 1834 949 provinciam

1045 950 1117 977 fratri
1134 951 1266 978 traditam.
1306 951 1405 978 Adeon'
1419 960 1469 987 ego
1489 960 1539 978 non
1561 960 1749 986 perspexeram
1770 960 1835 986 pru-

1044 987 1162 1014 dentiam
1185 988 1331 1015 litterarum
1352 987 1476 1015 tuarum?
1503 988 1616 1022 Ἐπέχειν
1640 993 1664 1014 te
1685 989 1833 1015 scribebas.

1045 1025 1115 1057 Quid
1127 1030 1181 1052 erat
1192 1025 1358 1052 dubitatione
1369 1025 1491 1061 dignum,
1500 1026 1523 1052 si
1535 1031 1605 1052 esset
1615 1025 1774 1060 quidquam,
1787 1034 1835 1052 cur

1045 1062 1168 1097 placeret,
1185 1062 1300 1094 trau-em.
1317 1068 1342 1090 et
1353 1062 1431 1089 talem
1444 1062 1564 1093 fratrem.
1583 1062 1717 1098 relinqui‘?
1730 1064 1835 1095 ’.ιιθὲιη-

1045 1110 1084 1130 mg
1095 1100 1144 1126 ista
1156 1100 1223 1126 mihi
1235 1105 1292 1130 tua.
1311 1109 1362 1126 non
1379 1099 1458 1133 ἐποχή
1474 1099 1624 1126 videbatur.
1665 1100 1791 1126 Monebas
1801 1099 1835 1126 de

1044 1136 1075 1168 Q.
1089 1136 1214 1163 Cicerone
1229 1145 1326 1172 puero,
1344 1141 1373 1163 ut
1387 1145 1449 1163 eum
1462 1137 1573 1172 quidem
1585 1137 1740 1171 neutiquam
1753 1136 1835 1163 relin-

1045 1182 1165 1209 querem.
1208 1174 1310 1209 Τούμὸν
1322 1174 1421 1208 ὄνειρον
1432 1175 1495 1208 ἐμοί.
1533 1173 1632 1200 Eadem
1643 1175 1742 1204 omnia,
1756 1175 1835 1209 quasi

1044 1211 1168 1237 collocuti
1179 1219 1310 1242 essemus,
1325 1210 1454 1237 vidimus.
1493 1211 1550 1237 Non
1561 1210 1611 1237 fuit
1623 1210 1774 1237 faciendum
1785 1210 1836 1237 ali—

1046 1253 1097 1279 ter=
1114 1256 1211 1283 meque
1226 1249 1357 1283 ἐπιχρονία
1373 1247 1452 1281 ἐποχή
1467 1252 1511 1274 tua
1523 1247 1688 1274 dubitatione
1701 1247 1834 1274 liberavit.

1045 1285 1098 1311 Sed
1114 1290 1178 1320 puto
1193 1290 1218 1312 te
1233 1286 1369 1320 accepisse
1383 1284 1415 1311 de
1432 1285 1480 1311 hac
1496 1293 1523 1311 re
1539 1284 1691 1319 epistolam.
1708 1286 1834 1320 scriptam

1046 1323 1206 1349 accuratius.
1247 1324 1271 1349 4.
1292 1323 1349 1358 Ego
1369 1321 1521 1348 tabellarios
1544 1327 1648 1357 postero
1670 1321 1713 1348 die
1734 1322 1767 1349 ad
1788 1331 1836 1349 vos

1046 1368 1118 1386 eram
1134 1361 1281 1391 missurus.
1298 1368 1366 1395 quos
1381 1364 1446 1394 puto
1461 1364 1520 1385 ante
1535 1364 1674 1389 venturos,
1691 1368 1773 1394 quam
1788 1367 1837 1386 no-

1022 1397 1023 1402 ’
1047 1403 1131 1424 strum
1142 1397 1291 1423 Saufeium.
1321 1396 1373 1423 Sed
1383 1405 1445 1423 eum
1456 1397 1513 1422 sine
1525 1397 1592 1422 meis
1605 1396 1698 1422 litteris
1710 1396 1743 1423 ad
1754 1401 1778 1423 te
1790 1405 1837 1423 ve-

1047 1435 1113 1465 nire,
1127 1435 1174 1461 vix
1185 1439 1287 1461 rectum
1301 1439 1365 1460 erat.
1404 1435 1429 1460 5.
1451 1434 1490 1459 Tu
1503 1434 1585 1464 mihi.
1599 1438 1627 1460 ut
1637 1433 1787 1468 polliceris.
1803 1433 1836 1460 de

1023 1481 1024 1486 ¹
1046 1471 1160 1498 Tulliola
1171 1480 1243 1503 mea.
1261 1471 1288 1498 id
1299 1476 1352 1501 est.
1365 1470 1399 1497 de
1408 1470 1556 1501 Dolabella.
1570 1471 1733 1506 perscribas3
1750 1470 1783 1497 de
1794 1479 1837 1497 re-

202 1515 289 1542 tulum
305 1516 444 1543 consulem
458 1517 557 1550 facere3
580 1518 706 1553 Pompeio
722 1519 749 1545 in
768 1519 858 1545 animo
873 1527 931 1545 esse
946 1519 996 1545 Ur-
1023 1514 1024 1545 J
1045 1508 1403 1544 PUbllffl’quamP‘aeVldeo
1414 1509 1441 1534 ln
1452 1509 1567 1534 summis
1578 1507 1720 1543 Peslcmisi
1734 1508 1836 1535 decen·

1023 1551 1024 1554 ’
1046 1546 1167 1577 soribus,
1180 1547 1352 1581 maximeque
1363 1546 1395 1572 de
1407 1546 1506 1581 signis,
1521 1545 1633 1575 tabulis.
1646 1545 1712 1580 quid
1724 1545 1782 1576 fiat,
1795 1553 1837 1572 re—

1047 1583 1190 1610 feraturne.
1230 1583 1323 1610 Idibus
1334 1582 1427 1610 Octob.
1441 1583 1488 1609 has
1504 1582 1567 1609 dedi
1582 1581 1694 1612 litteras.
1712 1590 1766 1617 quo
1780 1581 1833 1612 die,

1024 1642 1025 1645 ,
1046 1625 1075 1647 ut
1095 1621 1206 1651 scribis,
1230 1620 1326 1646 Caesar
1346 1621 1501 1646 Placentiam
1521 1621 1629 1653 legiones
1648 1624 1776 1653 quattuor.
1799 1634 1836 1639 —

1046 1657 1163 1690 Quaeso,
1177 1657 1243 1692 quid
1255 1657 1333 1684 nobis
1344 1656 1465 1684 futurum
1476 1655 1534 1684 est?
1550 1657 1579 1683 In
1591 1664 1649 1683 arce
1659 1656 1771 1683 Athenis
1782 1661 1836 1683 sta-

1046 1696 1082 1722 tio
1093 1703 1150 1722 mea
1163 1702 1234 1722 nunc
1244 1694 1340 1730 placet.

1339 1759 1540 1775 -ἤηῳω-

1423 1918 1465 1944 96.

1166 1986 1350 2015 LIBER
1395 1984 1720 2016 SEPTIMUS.

1098 2116 1174 2137 ARG.
1193 2116 1338 2137 Continentes
1353 2119 1403 2136 nunt
1414 2123 1460 2136 tum
1475 2115 1627 2143 superioribus
1641 2114 1707 2136 huius
1720 2113 1774 2135 libri
1788 2113 1835 2141 epi-

1022 2159 1023 2168 1
1045 2149 1116 2170 nolae
1123 2166 1128 2174 ,
1139 2157 1228 2177 quarum
1238 2150 1288 2178 ipsa
1297 2150 1368 2178 prim·
1377 2149 1418 2171 ill:
1428 2157 1477 2171 ene
1486 2151 1584 2175 n'detur.
1595 2156 1656 2177 quun
1667 2152 1755 2176 postero
1764 2148 1801 2168 die
1811 2154 1835 2168 ae

1045 2185 1144 2206 daturum
1153 2189 1187 2210 Vl.
1198 2189 1217 2207 9.
1228 2185 1347 2213 promittit.
1366 2185 1466 2212 Seripiae
1477 2188 1528 2206 sunt
1537 2188 1608 2205 nutem
1619 2183 1698 2212 partim
1708 2189 1736 2204 ex
1744 2182 1833 2206 itinere.

201 2228 287 2246 rarem
298 2221 358 2247 etei
371 2220 470 2247 litteras
480 2222 586 2253 darem,
602 2223 650 2258 qui
662 2228 707 2250 aut
718 2231 833 2254 mecum.
847 2229 892 2250 aut
902 2223 994 2259 paullo
1022 2218 1023 2253 ξ
1044 2221 1094 2241 “““’“
1105 2228 1133 2241 ²¹
1143 2220 1258 2248 pruvincia
1266 2220 1343 2241 rediit:
1358 2220 1438 2247 partim
1449 2227 1478 2240 ει
1487 2220 1550 2245 fuga,
1561 2226 1635 2247 qum,
1646 2218 1720 2239 πῶϋ
1731 2216 1834 2239 eueni-i·

1045 2256 1139 2276 adventu
1146 2271 1151 2280 ,
1171 2263 1219 2276 cum
1234 2255 1362 2276 consulibua
1377 2258 1467 2281 totoque
1481 2258 1558 2275 senam
1577 2256 1694 2275 exsecutu-
1709 2255 1750 2273 ent.
1779 2252 1835 2273 Nam

1044 2297 1109 2316 quum
1119 2291 1146 2311 ad
1155 2291 1249 2315 Urbem,
1263 2290 1290 2310 nd
1305 2296 1367 2317 quun
1384 2289 1441 2317 prid.
1456 2289 1514 2310 Non.
1527 2288 1628 2309 Ionnarii
1641 2290 1778 2309 acce-serat.
1796 2293 1835 2313 ape

1044 2324 1150 2352 triumphi
1166 2329 1183 2345 1.
1194 2329 1222 2346 Π.
1237 2332 1250 2345 ι
1265 2329 1355 2349 aen-tu,
1369 2329 1394 2345 ut
1404 2325 1453 2351 ipse
1466 2323 1498 2343 nit
1512 2323 1574 2349 (niv.
1589 2325 1646 2346 XVI,
1663 2322 1714 2347 IL).
1730 2320 1833 2346 flagitati.

1044 2363 1179 2384 montetum
1189 2363 1250 2381 xut.
1258 2359 1381 2380 Katrebr.
1392 2359 1470 2380 nuntio
1475 2358 1516 2379 illo
1526 2360 1614 2385 accepto
1624 2359 1714 2378 coactus
1724 2359 1758 2376 eat
1767 2355 1834 2376 omia-

1044 2401 1068 2415 aa
1078 2394 1119 2415 illa
1128 2394 1263 2420 cogitatione
1273 2394 1392 2415 distulere.
1421 2393 1507 2414 Etenim
1514 2408 1520 2417 .
1536 2399 1599 2419 quum
1609 2391 1633 2411 in
1643 2390 1774 2411 sententiam
1785 2389 1834 2411 sd-

1043 2429 1118 2457 piunis
1128 2430 1151 2451 S.
1163 2431 1188 2451 C.
1199 2430 1280 2450 factum
1291 2432 1358 2453 enet,
1368 2432 1393 2449 nt
1402 2431 1452 2448 ante
1462 2430 1542 2448 certam
1552 2426 1608 2447 dien
1620 2426 1702 2447 Caeur
1712 2424 1834 2446 exercit-nm

1043 2464 1176 2485 dimitteret:
1191 2465 1212 2485 ni
1223 2471 1266 2485 nnn
1278 2464 1371 2488 faceret,
1382 2470 1431 2484 eum
1441 2462 1545 2482 adrerum
1555 2467 1622 2488 remp.
1633 2461 1742 2481 facturum
1751 2459 1833 2480 videri:

1043 2500 1072 2520 M.
1083 2499 1203 2524 Antonius,
1210 2501 1236 2523 Q.
1246 2498 1338 2520 Canini
1348 2497 1433 2518 tribuni
1441 2496 1499 2524 pleb.
1509 2496 1687 2516 intercesserant.
1705 2495 1748 2515 Sed
1757 2494 1832 2519 iidem,

1042 2538 1157 2561 postquam
1167 2534 1194 2554 ile
1202 2533 1364 2554 intercessione
1372 2531 1464 2553 relatu-m
1474 2530 1659 2556 acerbissimeque
1668 2530 1778 2550 decretu·-
1785 2535 1834 2550 ene

1042 2573 1170 2594 cognorunt,
1182 2569 1240 2590 Urbe
1250 2568 1336 2592 relicta,
1347 2567 1374 2587 nd
1383 2568 1505 2590 ene-uem,
1515 2565 1555 2592 qui
1564 2569 1608 2585 tuna
1618 2569 1664 2585 erat
1675 2565 1798 2587 Ravennae.
1809 2569 1834 2584 ne

1041 2603 1190 2624 contulerunt.
1215 2603 1297 2624 Cae-ar
1305 2602 1382 2627 igitur,
1390 2600 1426 2621 his
1435 2600 1530 2620 maxime
1539 2600 1674 2624 auctoribus,
1686 2599 1778 2620 traiecto
1787 2599 1832 2619 Ru-

1042 2637 1128 2662 bicone,
1139 2637 1261 2658 Ariminum
1268 2652 1274 2662 ,
1285 2636 1342 2663 quod
1352 2639 1398 2656 erat
1408 2639 1472 2655 exn-¹¹
1481 2634 1544 2655 illius
1554 2634 1688 2662 provinciam
1696 2650 1702 2658 ,
1717 2633 1755 2654 ubi
1765 2633 1831 2657 venit,

1042 2675 1117 2693 tantus
1127 2678 1196 2699 pavor
1204 2675 1294 2699 repente
1303 2671 1383 2692 Urbem
1393 2669 1488 2693 invasit.
1505 2674 1529 2690 ut
1541 2669 1624 2697 panim
1639 2670 1690 2694 fug-
1703 2667 1833 2694 turpissima
