1941 3052
423 153 470 179 IN
502 153 703 180 VERREM
735 153 888 180 ACT.11.

923 154 942 180 L
958 154 967 180 Ι
981 154 1009 180 Β.
1032 155 1074 180 Ill.
1109 155 1128 181 C
1143 155 1162 180 A
1178 155 1206 180 P.
1229 157 1260 181 62
1282 171 1317 174 —
1337 158 1378 181 08.
1667 159 1711 183 30!

80 223 151 250 idem
170 232 222 250 non
241 223 348 250 liceret?
381 225 437 249 151.
458 224 593 250 Postremo
611 224 656 250 illa
674 224 784 262 qnidem
803 229 872 250 certe
892 224 901 260 {¹
923 234 1016 251 naues
1030 234 1178 251 vinrursu
1193 234 1286 256 Aroni:
1301 235 1522 256 eruorem-ini.
1560 228 1616 253 ⁴55.
1631 226 1717 258 Quam

80 261 128 287 tibi
146 261 262 296 praecisa
281 261 401 287 defensio
419 265 470 291 est,
497 262 524 287 in
543 270 595 296 qua
615 266 642 287 tu
661 270 767 296 semper
784 262 872 288 omnia
893 272 894 290 ι

80 302 124 324 tua
139 298 207 324 furta
221 303 300 333 atque
314 297 410 333 flagitia
426 298 504 324 latere
519 307 597 333 posse
608 299 751 325 arbitratus
762 307 799 330 es,
816 307 873 325 ma·-

78 343 132 370 gno
149 339 174 361 te
193 335 319 362 decumas
338 335 504 366 vendidisse,
530 335 602 370 plebi
620 336 753 362 Romanae
775 345 873 362 consu-

79 372 175 404 luisse,
200 381 318 399 annonae
332 373 510 407 prospexisse.
552 374 609 399 Non
624 377 710 408 potest
724 373 772 399 hoc
785 373 872 399 dicere

79 410 111 441 is,
126 410 175 444 qui
189 419 284 446 negare
299 419 350 436 non
365 415 459 444 potest,
475 418 503 436 se
517 410 597 436 unius
612 411 666 446 agri
678 410 804 437 decumas
813 419 873 436 Lxx

78 447 201 474 millibus
215 447 335 474 modium
350 448 474 478 minoris,
490 456 571 482 quam
587 449 713 482 potuerit,
735 447 873 474 vendidis-

79 493 121 518 se;
145 489 174 511 ut
188 485 281 515 etiam,
301 485 325 511 si
338 485 386 511 tibi
402 485 451 511 hoc
464 485 619 515 concedam,
640 486 756 511 Minucio
774 485 834 511 ideo
848 489 872 511 te

79 531 131 549 non
150 522 305 553 tradidisse,
326 522 398 557 quod
412 523 464 548 iam
479 522 628 548 addixisses
642 522 772 556 Apronio:
797 523 873 548 aiunt

78 560 150 586 enim
164 564 188 586 te
202 560 237 586 ita
252 560 384 591 dictitare,
406 559 478 594 quod
496 568 545 595 ege
562 564 686 594 exspecto
700 559 833 594 cupioque
847 564 871 585 te

77 598 113 623 ita
135 596 204 623 illud
227 597 385 623 defendere:
414 605 507 622 verum
529 600 558 622 ut
581 597 616 622 ita
640 597 687 627 sit,
712 600 799 622 tamen
819 604 871 622 non

78 638 153 669 potes
167 634 216 661 hoc
230 635 307 670 quasi
322 634 487 669 praeclarum
505 633 608 668 aliquid
627 633 792 668 praedicare,
815 642 871 659 ma—

77 680 130 708 gno
144 676 168 698 te
181 672 308 698 decumas
322 671 486 701 vendidisse,
502 679 587 705 quum
602 670 686 697 fuisse
700 670 806 701 fateare,
822 671 871 705 qui

78 709 163 736 multo
177 709 263 744 pluris
277 709 391 736 voluerit
405 717 501 734 emere.

134 747 213 774 LXV.
230 748 286 773 ⁴52.
312 747 426 772 Tenetur
440 745 522 780 igitur
535 744 601 775 iam,
619 744 729 776 iudices,
746 748 772 771 et
785 745 871 771 mani-

78 784 147 810 festo
159 788 262 810 tenetur
276 784 398 814 avaritia,
415 782 548 816 cupiditas
562 781 688 813 hominis,
705 781 802 813 scelus,
819 783 871 808 im-

78 821 208 856 probitas,
229 820 347 847 audacia.
388 819 459 852 Quid
473 819 495 846 si
510 819 587 850 haec,
607 827 676 854 quae
690 819 762 850 dico,
783 819 870 853 ipsius

76 859 155 885 amici
165 857 373 892 defensoresque
383 856 553 884 iudicarunt?
565 856 631 891 quid
642 856 724 883 vultis
736 856 871 891 amplius?

76 895 200 922 Adventu
215 896 244 921 L.
261 895 359 922 Metelli
375 895 516 929 praetoris,
537 903 623 929 quum
642 902 735 920 omnes
754 895 811 920 eius
826 903 871 920 co—

75 933 154 959 mites
168 933 218 959 iste
232 933 285 959 sibi
299 941 348 959 suo
361 932 408 958 illo
422 930 582 967 παγχρήστῳ
596 931 790 957 medicamento
804 932 871 957 ami-

75 979 119 997 cos
134 970 307 1002 reddidisset,
324 970 425 996 aditum
441 973 480 995 est
494 969 526 995 ad
537 968 688 995 Metellum:
705 968 818 995 eductus
830 973 870 995 est

74 1008 223 1042 Apronius:
251 1007 344 1034 eduxit
362 1008 403 1034 vir
417 1007 560 1041 primarius
575 1006 603 1032 C.
620 1005 728 1037 Gallus,
749 1010 867 1032 senator:

75 1044 220 1080 postulavit
233 1053 247 1071 a
258 1045 288 1071 L.
300 1044 413 1076 Metello,
429 1048 460 1070 ut
473 1052 506 1070 ex
520 1043 605 1070 edicto
618 1052 668 1070 suo
681 1043 812 1070 iudicium
823 1043 870 1069 da-

74 1086 114 1109 ret
126 1083 154 1109 in
167 1082 328 1117 Apronium,
350 1091 425 1112 ouon
444 1090 496 1107 rsa
514 1090 565 1107 vti!
580 1089 634 1107 Ani·
647 1090 745 1107 nini-nii
760 1089 870 1107 ansiu—

73 1129 186 1146 Lissm:
211 1128 294 1155 quam
312 1119 455 1146 formulam
469 1118 640 1145 Octavianam
659 1122 684 1145 et
701 1118 799 1144 Romae
813 1119 868 1144 Me-

74 1156 154 1184 tellus
169 1157 298 1183 habuerat
310 1161 336 1183 et
350 1156 465 1183 habebat
477 1156 505 1182 in
523 1156 670 1191 provincia.
710 1156 768 1182 Non
783 1156 868 1191 impe-

73 1198 137 1221 trat:
157 1203 243 1229 quum
257 1195 306 1221 hoe
320 1194 419 1221 diceret
433 1193 570 1224 Metellus,
591 1193 788 1227 praeiudicium
806 1202 819 1219 a
838 1201 867 1219 se

73 1231 106 1258 de
120 1232 205 1266 capite
219 1231 248 1258 C.
260 1232 349 1259 Verris
364 1240 411 1266 per
424 1231 474 1258 hoc
487 1231 619 1257 iudicium
634 1230 703 1257 nolle
718 1230 782 1257 fieri.
804 1231 867 1257 Tota

73 1269 172 1296 Metelli
182 1269 285 1300 cohors,
295 1269 435 1296 hominum
447 1277 498 1295 non
504 1268 678 1303 ingratorum,
687 1268 867 1303 aderatApro-

73 1307 127 1333 nio.
170 1306 198 1333 C.
214 1306 321 1337 Gallus,
339 1307 418 1332 homo
432 1306 515 1333 nostri
529 1305 644 1336 ordinis,
661 1314 674 1331 a
688 1314 738 1332 suo
751 1305 868 1332 familia-

73 1344 181 1370 rissimo
195 1344 225 1370 L.
241 1343 346 1370 Metello
360 1343 491 1370 iudicium
505 1351 539 1369 ex
552 1342 638 1369 edicto
653 1351 704 1369 non
718 1347 805 1378 potest
815 1343 867 1368 im-

72 1386 184 1416 petrare.
227 1383 284 1407 ⁴53.
305 1381 364 1407 Non
386 1380 551 1416 reprehendo
573 1379 725 1407 Metellum:
749 1381 867 1415 pepercit

72 1419 176 1445 homini
190 1419 285 1450 amico,
301 1422 327 1444 et
339 1417 567 1453 quemadmodum
582 1417 672 1452 ipsum
686 1417 775 1444 dicere
788 1417 867 1444 audi-

73 1456 108 1487 vi,
125 1456 284 1482 necessario.
315 1456 372 1482 Non
387 1454 560 1490 reprehendo,
576 1454 696 1489 inquam,
713 1454 864 1481 Metellum:

72 1493 119 1520 sed
138 1493 188 1520 hoc
205 1494 299 1523 miror,
320 1493 465 1528 quomodo,
486 1492 519 1519 de
537 1500 591 1527 quo
610 1492 717 1518 homine
731 1491 866 1527 praeiudi-

71 1531 144 1557 cium
158 1530 273 1557 noluerit
287 1530 343 1556 fieri
358 1539 405 1565 per
418 1533 625 1565 recuperatores,
642 1529 675 1555 de
687 1529 735 1555 hoc
745 1530 802 1564 ipse
814 1538 866 1556 non

70 1567 150 1595 modo
164 1567 365 1602 praeiudicarit,
387 1576 480 1593 verum
498 1567 659 1603 gravissime
678 1575 707 1592 ac
722 1567 867 1593 vehemen-

72 1605 175 1632 tissime
188 1604 322 1631 iudicarit.
356 1604 476 1631 Primum
491 1604 571 1635 enim,
588 1604 611 1629 si
625 1603 773 1638 Apronium
787 1604 866 1630 abso-

71 1641 159 1669 lutum
176 1642 210 1668 iri
224 1646 341 1677 putaret:
363 1641 431 1668 nihil
445 1646 512 1673 erat,
533 1641 607 1677 quod
624 1641 711 1668 ullum
731 1641 867 1676 praeiudi—-

69 1679 143 1706 cium
161 1683 306 1706 vereretur.
346 1679 459 1710 Deinde,
484 1679 520 1711 si,
545 1678 720 1705 condemnato
738 1679 863 1714 Apronio,

69 1717 238 1744 coniunctam
257 1725 319 1743 cum
337 1725 367 1743 eo
380 1716 469 1743 Verris
487 1725 610 1743 caussam
624 1724 718 1743 omnes
732 1720 807 1743 erant
819 1725 867 1743 ex-

69 1754 228 1781 istimaturi:
245 1753 368 1781 Metellus
381 1754 492 1789 quidem
506 1758 575 1780 certe
589 1754 641 1780 iam
657 1753 706 1780 hoc
720 1753 863 1785 iudicabat,

70 1799 161 1819 eorum
176 1800 231 1818 rem
245 1799 424 1826 caussamque
438 1799 497 1817 esse
508 1791 690 1818 coniunctam:
706 1792 753 1826 qui
765 1795 866 1818 statue-

70 1829 104 1856 rit
117 1829 234 1864 Apronio
250 1829 426 1856 condemnato
443 1829 476 1855 de
498 1829 549 1855 isto
571 1828 767 1864 praeiudicium
791 1829 865 1856 futu-

70 1875 140 1893 rum.
179 1866 212 1893 Et
230 1865 313 1893 simul
332 1875 385 1893 una
403 1874 445 1893 res
464 1866 572 1901 utrique
585 1867 622 1892 rei
637 1870 677 1892 est
691 1870 862 1902 argumento:

70 1908 95 1930 et
113 1907 227 1930 aratores
246 1904 273 1931 vi
291 1907 317 1930 et
335 1908 408 1930 metu
426 1908 530 1930 coactos
548 1903 666 1938 Apronio
684 1903 768 1930 multo
790 1903 861 1938 plus,

69 1949 151 1976 quam
165 1940 315 1973 debuerint,
331 1941 447 1972 dedisse,
464 1945 489 1967 et
498 1940 646 1975 Apronium
657 1941 736 1967 istius
748 1950 803 1968 rem
815 1950 864 1967 suo

69 1979 176 2005 nomine
190 1978 286 2014 egisse,
302 1987 387 2013 quum
403 1979 431 2004 L.
448 1977 571 2005 Metellus
584 1979 707 2004 statuerit
720 1986 771 2005 non
785 1987 864 2013 posse

69 2015 216 2050 Apronium
235 2015 419 2046 condemnari,
440 2015 505 2050 quin
524 2015 606 2042 simul
625 2015 658 2042 de
672 2015 751 2042 istius
765 2015 863 2042 scelere

69 2057 148 2088 atque
162 2052 331 2087 improbitate
345 2052 517 2079 iudicaretur.

125 2089 215 2116 vai.
233 2090 290 2116 454.
306 2090 389 2116 Venio
403 2098 474 2116 nunc
488 2089 521 2116 ad
535 2088 673 2124 epistolam
688 2089 860 2122 Timarchidi,

70 2126 157 2154 liberti
172 2127 251 2153 istius
264 2131 290 2153 et
303 2127 420 2153 accensi:
440 2127 474 2153 de
487 2135 540 2162 qua
554 2135 640 2162 quum
654 2127 759 2158 dixero,
777 2132 861 2154 totum

69 2164 118 2191 hoc
131 2165 230 2191 crimen
245 2164 424 2190 decumanum
439 2172 569 2199 peroraro.
610 2164 679 2190 Haec
689 2164 800 2199 epistola
812 2169 859 2196 cst,

68 2201 185 2232 iudices,
213 2210 294 2237 quam
323 2210 370 2228 nos
392 2201 531 2237 Syracusis
555 2201 582 2227 in
605 2201 717 2228 aedibus
740 2202 859 2237 Apronii,

67 2247 153 2274 quum
169 2238 268 2265 litteras
282 2239 511 2273 conquireremus,
527 2239 692 2265 invenimus.
715 2239 795 2265 Missa
809 2244 858 2271 est,

68 2280 98 2302 ut
114 2277 172 2311 ipsa
189 2276 334 2312 significat,
360 2284 393 2302 ex
412 2276 518 2307 itinere,
542 2284 627 2310 quum
646 2276 739 2302 Verres
758 2277 810 2303 iam
829 2277 861 2303 de

69 2313 203 2348 provincia
217 2313 387 2344 decessisset,
403 2313 567 2339 Timarchidi
582 2321 663 2339 manu
678 2314 785 2348 scripta.
810 2315 862 2340 Re-

67 2351 117 2377 cita
128 2350 266 2386 epistolam
278 2350 452 2377 Timarchidi.
474 2359 675 2377 riuanciiinns
691 2360 796 2377 venais
810 2360 862 2377 nc·-

67 2396 176 2414 cansus
195 2397 319 2414 ΛΡιιοΝιο
335 2397 467 2414 suarem
487 2396 575 2413 meir.
616 2388 668 2414 lam
688 2387 737 2414 hoc
750 2388 860 2423 quidem

67 2432 119 2451 non
133 2425 309 2460 reprehendo,
325 2424 398 2460 quod
412 2424 533 2456 ascribit,
550 2425 682 2451 siccamus.
723 2425 776 2452 Cur
789 2426 859 2452 enim

66 2461 119 2488 sibi
134 2461 183 2489 hoc
196 2462 298 2489 scribae
311 2461 362 2489 soli
375 2461 502 2489 sumant?
523 2471 545 2488 ι,.
566 2469 704 2488 variatus
721 2463 858 2488 semmel

67 2498 131 2526 Volo
148 2508 197 2535 ego
214 2499 264 2526 hoc
282 2507 341 2526 esse
358 2507 500 2526 commune
518 2507 704 2529 accensorum,
726 2499 857 2531 lictorum,

66 2535 207 2563 viatorum.
247 2545 300 2563 nc
323 2545 518 2563 armannum
541 2545 701 2567 Λυιιιιιι-ῑιιε,
727 2546 802 2566 onon
824 2546 860 2562 ,ιιι

67 2581 227 2600 PRAETORIS
245 2582 499 2601 sxisrinarionsu
517 2582 651 2600 Λττικετ.
686 2573 860 2600 Commendat

66 2610 181 2645 Apronio
191 2611 298 2638 Verrem
313 2615 339 2638 et
352 2611 479 2642 hortatur.
496 2614 526 2637 ut
539 2611 656 2637 inimicis
670 2611 729 2637 eius
743 2611 857 2637 resistat.

65 2647 136 2674 Bono
154 2648 286 2683 praesidio
303 2649 425 2675 munitur
442 2648 604 2675 existimatio
623 2652 680 2678 tua,
705 2647 727 2673 si
747 2648 857 2683 quidem

63 2684 91 2711 in
110 2684 220 2720 Apronii
237 2686 409 2713 constituitur
430 2685 568 2721 diligentia
591 2689 671 2720 utque
693 2685 856 2712 auctoritate.

922 262 1030 297 copiose
1049 262 1172 288 laudatur
1185 262 1318 297 Apronius
1338 272 1351 289 a
1365 263 1546 290 Timarchide!
1566 273 1647 298 quam
1662 273 1718 290 ma-

893 291 895 307 '
923 299 1032 335 gnifice!
1061 300 1111 326 Cui
1129 308 1178 335 ego
1195 309 1246 326 non
1261 300 1338 326 illum
1357 305 1448 335 putem
1467 300 1570 335 placere
1588 306 1716 336 oportere,

923 337 971 371 qui
997 341 1069 363 tanto
1090 345 1169 372 opere
1192 337 1355 364 Timarchidi
1381 338 1508 372 probatus
1534 337 1587 365 sit?
1613 348 1716 369 naues,

923 383 1057 400 suarium
1076 383 1150 401 nuni:
1170 383 1284 401 factas.
1326 376 1439 401 Necesse
1457 380 1510 406 est,
1533 375 1606 410 quod
1619 375 1719 402 redun-

923 411 992 437 darit
1005 411 1037 437 de
1052 416 1140 438 vestro
1155 411 1326 438 frumentario
1340 417 1466 447 quaestu,
1487 412 1520 438 ad
1539 412 1617 439 illum
1635 414 1719 448 potis-

924 448 1037 479 simum,
1066 457 1113 483 per
1134 457 1215 483 quem
1241 450 1373 485 agebatis,
1401 448 1556 476 defluxisse.
1587 459 1716 481 scamas,

924 494 1124 512 ,irraniroaes
1143 495 1295 512 RECENTES
1313 496 1431 514 Anniae.
1471 496 1527 514 criu
1542 497 1564 513 ι..
1580 496 1716 518 νοιτειο,

923 532 971 552 our
991 532 1140 549 pruninun
1160 533 1277 555 rorssr,
1302 533 1412 555 mans,
1436 533 1573 551 concini-z.
1614 524 1716 555 Videte,

923 568 1004 594 quam
1019 559 1096 586 valde
1110 560 1226 586 malitiae
1245 570 1308 587 suae
1326 562 1441 588 confidat
1454 561 1649 593 Timarchides,
1670 562 1717 597 qui

923 597 1002 623 etiam
1016 597 1133 632 Apronio
1147 598 1324 631 improbitatis
1340 603 1477 633 praecepta
1495 598 1547 625 det.
1588 600 1642 625 Iam
1658 599 1715 630 hoc,

923 643 1032 665 canna,
1049 644 1190 667 connium
1219 643 1305 661 nonne
1320 636 1399 661 verba
1413 637 1492 662 domo
1505 637 1607 670 patroni
1622 636 1718 670 depro-

923 680 995 697 mere
1009 671 1128 702 videtur,
1149 671 1181 697 ad
1195 680 1273 698 omne
1286 681 1372 707 genus
1387 674 1521 708 nequitiae
1535 673 1718 700 accommoda-

922 708 966 734 ta?
979 718 1065 739 voro,
1082 718 1112 734 iii
1127 718 1253 738 ranna,
1270 719 1463 736 rancaccro
1477 720 1529 736 τεο
1542 720 1665 737 caenas.
1684 726 1717 730 —-

911 744 1043 772 'Consorti
1062 746 1171 780 quidem
1193 747 1220 772 in
1240 746 1320 772 lucris
1335 752 1414 781 atque
1429 747 1506 773 furtis
1520 749 1627 783 gemino
1641 752 1666 774 et
1679 748 1717 774 si-

922 783 1036 809 millimo
1055 783 1186 818 nequitia,
1204 783 1385 818 improbitate,
1401 785 1520 810 audacia.
1561 785 1663 811 LXVII.
1689 794 1716 811 ix

922 829 1053 846 concurs
1078 829 1169 846 canus
1187 829 1352 847 nauseans.
1392 821 1463 854 Quid
1481 826 1521 848 est
1538 822 1600 853 hoc,
1624 832 1650 848 ix
1669 832 1716 848 co-

922 857 1034 884 non-ra?
1047 866 1101 892 quo
1115 857 1247 892 pertinet‘?
1259 857 1407 892 Apronium
1422 858 1518 885 doces‘?
1531 859 1616 894 quid?
1629 860 1655 885 in
1671 868 1717 885 ve-

921 899 1003 921 stram
1018 894 1152 921 cohortem
1167 899 1191 921 te
1206 896 1347 927 monitore,
1370 905 1403 922 an
1417 905 1466 922 sua
1480 901 1574 931 sponte
1588 905 1717 931 pervene-

921 931 978 958 rat‘?
999 941 1075 962 onon
1093 941 1202 962 unioni:
1221 942 1290 959 orus
1309 942 1370 964 εει,
1391 943 1511 959 orroxn,
1551 933 1608 965 Qua
1626 934 1717 968 impu-

921 969 1010 996 dentia
1024 970 1124 1004 putatis
1138 978 1199 996 eum
1214 970 1241 996 in
1255 970 1435 997 dominatione
1450 970 1541 1002 fuisse,
1557 971 1605 1005 qui
1616 972 1643 997 in
1654 971 1715 1006 fuga

922 1011 974 1033 tam
993 1007 1132 1042 improbus
1151 1006 1203 1033 sit‘?
1228 1007 1272 1033 Ait
1289 1008 1377 1034 omnia
1397 1009 1508 1043 pecunia
1529 1008 1598 1034 eflici
1622 1017 1714 1043 posse:

920 1044 996 1075 dare,
1025 1044 1186 1079 profundere
1208 1049 1340 1079 oportere,
1365 1046 1388 1071 si
1411 1045 1478 1072 velis
1501 1046 1618 1072 vincere.
1659 1047 1716 1072 Non

920 1082 970 1108 hoc
984 1082 1050 1108 mibi
1065 1086 1118 1108 tam
1133 1081 1276 1108 molestum
1290 1087 1344 1114 est,
1359 1083 1476 1118 Apronio
1488 1083 1600 1109 suadere
1614 1084 1716 1109 Timar-

920 1119 1035 1151 chidem,
1051 1127 1134 1154 quam
1148 1119 1221 1154 quod
1235 1119 1284 1146 hoc
1298 1120 1370 1146 idem
1385 1125 1494 1155 patrono
1508 1129 1557 1147 suo
1571 1121 1713 1155 praecipit:

919 1166 951 1182 τε
967 1166 1151 1183 ΡοετυιΑΝτε
1166 1166 1259 1183 onnes
1274 1166 1403 1183 vincam:
1418 1167 1535 1184 SOLENT.
1564 1159 1620 1184 ⁴56.
1636 1158 1715 1184 Verre

919 1193 1028 1229 quidem
1043 1198 1174 1229 praetore,
1191 1203 1243 1221 non
1258 1194 1410 1226 Sacerdote,
1428 1204 1479 1221 non
1495 1195 1642 1225 Peducaeo,
1664 1204 1714 1222 non

919 1231 969 1258 hoc
983 1231 1042 1266 ipso
1056 1231 1170 1258 Metello.
1205 1241 1268 1258 seis
1281 1241 1439 1259 iii-:Taranis
1454 1242 1620 1259 SAPIENTEM
1635 1242 1713 1258 esse.

918 1269 972 1296 Hoc
990 1277 1052 1295 vero
1071 1268 1132 1295 ferri
1151 1269 1203 1295 iam
1222 1278 1274 1296 non
1293 1274 1391 1304 potest,
1417 1270 1521 1296 irrideri
1540 1270 1591 1296 viri
1609 1271 1712 1304 optimi,

918 1306 948 1333 L.
964 1306 1076 1337 Metelli,
1098 1307 1239 1342 ingenium
1257 1311 1282 1333 et
1300 1307 1433 1334 contemni
1452 1316 1481 1334 ac
1498 1307 1601 1342 despici
1615 1316 1628 1333 a
1645 1307 1715 1342 fugi-

918 1344 972 1370 tivo
999 1343 1177 1370 Timarchide.
1218 1353 1242 1370 st
1273 1354 1422 1371 νοιτειυιι
1454 1354 1591 1375 anisnis,
1624 1354 1714 1371 ousia

918 1389 1106 1408 LUDluUNDUS
1125 1390 1292 1408 cosricms.
1333 1382 1381 1408 Hic
1398 1382 1570 1408 vehementer
1588 1387 1656 1408 errat
1670 1382 1714 1408 Ti-

918 1418 1081 1450 marchides,
1097 1418 1145 1453 qui
1159 1423 1204 1445 aut
1218 1418 1350 1446 Volteium
1365 1420 1478 1454 pecunia
1491 1420 1624 1453 corrumpi
1640 1424 1714 1454 putet

918 1464 1009 1490 posse,
1030 1459 1076 1481 aut
1093 1455 1230 1482 Metellum
1249 1457 1330 1482 unius
1349 1457 1477 1483 arbitratu
1495 1465 1586 1492 gerere
1607 1461 1714 1491 praetu-

917 1502 982 1519 ram.
1024 1492 1076 1519 Sed
1090 1497 1158 1519 errat
1171 1493 1320 1520 coniectura
1335 1494 1489 1520 domestica.
1529 1494 1595 1526 Quia
1615 1493 1713 1520 multos

917 1534 942 1556 et
960 1538 1007 1565 per
1024 1539 1053 1556 se
1071 1534 1096 1556 et
1114 1538 1161 1564 per
1179 1530 1257 1561 alios,
1284 1530 1367 1557 multa
1387 1531 1551 1557 ludibundos
1571 1531 1714 1557 libidinose

916 1567 987 1602 apud
1002 1567 1109 1594 Verrem
1124 1567 1242 1594 effecisse
1258 1568 1333 1596 vidit.
1350 1568 1382 1594 ad
1396 1575 1488 1594 omnes
1503 1568 1609 1594 eosdem
1625 1573 1713 1602 patere

917 1604 1005 1631 aditus
1019 1605 1170 1632 arbitratur.
1194 1605 1309 1631 Facilius
1324 1614 1371 1632 vos
1386 1605 1542 1632 efficiebatis
1558 1605 1710 1635 ludibundi,

916 1650 986 1677 quae
1000 1641 1129 1669 volebatis
1141 1651 1155 1668 a
1166 1642 1254 1674 Verre,
1270 1643 1342 1678 quod
1358 1643 1440 1669 multa
1455 1643 1513 1669 eius
1529 1643 1652 1669 ludorum
1667 1652 1713 1679 ge-

918 1688 979 1706 nera
998 1680 1106 1706 noratis.
1147 1688 1335 1707 incubonem
1358 1689 1410 1706 εει
1433 1690 1566 1706 marcian
1589 1690 1622 1706 ετ
1646 1690 1713 1706 γυι-

916 1726 998 1748 τειο,
1014 1726 1046 1743 τε
1062 1725 1215 1743 Anu-onas
1231 1726 1402 1744 avnarisss.
1432 1718 1498 1750 Quis
1513 1718 1583 1744 istuc
1596 1718 1712 1752 Apronio

917 1754 1090 1785 attribuebat,
1111 1763 1197 1789 quum
1216 1759 1344 1781 aratorem
1363 1754 1480 1790 aliquem
1495 1755 1641 1781 everterat?
1667 1760 1713 1781 aut

917 1791 1093 1823 Timarchidi,
1114 1801 1200 1827 quum
1218 1792 1252 1818 ob
1267 1792 1441 1819 iudicandum
1455 1797 1500 1818 aut
1513 1792 1711 1818 decernendum

916 1834 961 1856 aut
975 1829 1163 1864 imperandum
1178 1829 1280 1864 aliquid
1299 1834 1344 1856 aut
1362 1830 1550 1856 remittendum
1571 1831 1710 1864 pecuniam

916 1866 1069 1902 acceperat?
1083 1871 1128 1893 aut
1139 1866 1231 1893 Sextio
1246 1867 1338 1898 lictori,
1354 1876 1439 1902 quum
1454 1867 1570 1902 aliquem
1587 1868 1712 1893 innocen-

916 1908 969 1930 tem
983 1905 1069 1930 securi
1085 1904 1270 1939 percusserat?
1283 1905 1375 1931 Nemo.
1410 1904 1508 1931 Omnes
1523 1905 1546 1930 ci
1562 1909 1624 1930 tunc
1638 1905 1711 1930 attri-

916 1941 1041 1973 buebant,
1058 1950 1139 1976 quem
1154 1950 1225 1968 nunc
1238 1942 1408 1969 condemnari
1424 1941 1526 1968 volunt.
1556 1943 1611 1968 ⁴57.
1627 1951 1711 1968 uarr-

916 1988 1030 2005 naannr
1044 1988 1110 2005 cius
1124 1988 1231 2010 Aunes,
1251 1989 1284 2006 ra
1299 1988 1406 2006 sucina
1423 1988 1584 2005 ιηιΑει-(ικιε
1598 1988 1708 2006 scisse.

915 2016 1039 2047 Videsne,
1057 2016 1106 2042 hoc
1119 2025 1200 2051 quam
1214 2016 1315 2043 clarum
1331 2017 1365 2042 sit
1379 2025 1408 2042 ac
1423 2016 1515 2047 fuerit,
1531 2025 1616 2051 quum
1631 2017 1708 2042 etium

915 2053 1098 2080 Timarchides
1110 2053 1158 2079 hoc
1169 2054 1286 2080 metuat‘?
1300 2054 1472 2081 Conccdisne.
1487 2062 1538 2080 non
1551 2054 1599 2080 hoc
1610 2055 1708 2079 crimen

915 2099 963 2117 nos
982 2091 1009 2117 iu
1028 2095 1052 2117 te
1070 2090 1234 2126 confingere,
1254 2091 1302 2117 sed
1321 2091 1478 2126 iampridem
1497 2091 1530 2117 ad
1548 2092 1648 2117 crimen
1662 2090 1709 2116 ali-

914 2136 996 2163 quam
1019 2127 1201 2154 defensionem
1226 2128 1349 2155 libertum
1373 2128 1517 2163 quaerere?
1544 2129 1666 2154 Libertus
1685 2133 1710 2153 et

914 2174 1043 2192 accensus
1062 2170 1139 2196 tuus,
1160 2170 1186 2192 et
1203 2166 1251 2192 tibi
1270 2175 1299 2192 ac
1315 2166 1406 2192 liberis
1421 2166 1474 2192 tuis
1487 2166 1613 2191 omnihus
1629 2167 1653 2191 in
1670 2175 1709 2190 ιϊ-

914 2203 966 2229 bus
984 2203 1142 2229 coniunctus
1162 2211 1191 2228 ac
1210 2204 1363 2237 proximus,
1388 2202 1420 2229 ad
1439 2203 1586 2237 Apronium
1605 2203 1706 2231 scribit,

914 2239 997 2275 vulgo
1019 2249 1078 2267 esse
1101 2240 1134 2265 ab
1156 2240 1282 2266 omnibus
1306 2241 1340 2266 ita
1362 2240 1573 2266 demonstratum
1594 2239 1706 2267 Meu-uo.

913 2277 962 2303 tibi
977 2277 1125 2311 Apronium
1140 2277 1167 2303 in
1181 2277 1303 2303 decumis
1318 2278 1420 2303 socium
1436 2276 1529 2303 fuisse.
1560 2286 1612 2302 me
1626 2286 1668 2302 sci
1678 2286 1689 2302 ,κ
1699 2287 1708 2302 r

914 2323 1133 2340 turnonii-usin
1153 2323 1316 2340 aaaronuu.
1357 2323 1410 2340 ivs:
1429 2323 1593 2343 sumnum,
1619 2323 1642 2339 si
1667 2322 1707 2339 mi

913 2360 1036 2377 vonam.
1076 2351 1152 2383 Quod
1167 2351 1245 2382 istuc,
1263 2360 1309 2386 per
1322 2351 1386 2377 deos
1401 2350 1577 2377 immortales!
1597 2355 1641 2376 ant
1654 2359 1706 2385 qna

912 2388 945 2414 de
967 2397 1062 2414 caussa
1085 2389 1229 2414 excitatum
1251 2397 1310 2414 csse
1331 2388 1453 2414 dicamus
1477 2388 1504 2414 in
1522 2393 1635 2413 aratores
1656 2393 1706 2413 inm

913 2425 1040 2451 infestum
1063 2425 1154 2452 odium
1177 2429 1258 2460 atquo
1281 2425 1401 2452 tantum?
1425 2424 1556 2457 Quantam
1582 2425 1705 2451 iniuriam

913 2462 1032 2488 feceruut
1050 2463 1123 2489 Verri
1141 2467 1268 2493 aratores,
1290 2467 1319 2489 ut
1337 2471 1382 2488 cos
1401 2463 1478 2488 etiam
1500 2462 1611 2488 liberius
1625 2467 1649 2488 et
1664 2472 1705 2487 ιιι·-

911 2508 1008 2526 census
1027 2500 1086 2525 cius
1105 2504 1157 2526 tam
1177 2500 1242 2525 irato
1259 2500 1348 2526 animo
1365 2508 1395 2525 ac
1415 2499 1508 2525 litteris
1533 2500 1707 2534 insequatur-1¹

912 2537 1026 2563 valu.
1049 2537 1141 2571 Neque
1159 2545 1208 2571 ego
1227 2536 1308 2563 huius
1328 2537 1448 2571 fugitivi,
1469 2536 1586 2566 iudices,
1607 2537 1705 2570 epistu-

912 2574 962 2600 lam
983 2574 1059 2600 vobis
1078 2574 1244 2605 recitassem,
1273 2574 1325 2600 nisi
1345 2578 1373 2600 ut
1391 2582 1424 2600 ex
1442 2582 1471 2600 ea
1490 2574 1570 2600 totius
1590 2573 1705 2599 santium·

911 2616 1048 2646 praecepta
1066 2615 1092 2637 et.
1114 2611 1235 2637 instituta
1259 2616 1285 2638 et
1305 2610 1475 2646 disciplinam
1499 2612 1702 2644 cognosceretis.

886 2665 888 2676 i
910 2649 1025 2679 videus,
1047 2653 1077 2674 ut
1090 2653 1195 2674 moneat
1209 2649 1371 2683 Apronium,
1391 2648 1492 2683 quibus
1507 2647 1587 2674 reims
1602 2657 1630 2673 ac
1645 2657 1703 2674 mn-

879 2681 888 2712 ,i
909 2686 1020 2712 neribus
1033 2694 1062 2712 se
1077 2685 1195 2712 insinuet
1209 2686 1235 2712 iu
1255 2685 1459 2713 familiaritatem
1476 2685 1591 2711 Meneni?
1618 2685 1703 2711 volun
