<?xml version="1.0" encoding="UTF-8"?>
<!DOCTYPE html PUBLIC "-//W3C//DTD XHTML 1.0 Transitional//EN"
    "http://www.w3.org/TR/xhtml1/DTD/xhtml1-transitional.dtd">
<html xmlns="http://www.w3.org/1999/xhtml" xml:lang="en" lang="en">
 <head>
  <title>
</title>
<meta http-equiv="Content-Type" content="text/html;charset=utf-8" />
  <meta name='ocr-system' content='tesseract 3.04.00' />
  <meta name='ocr-capabilities' content='ocr_page ocr_carea ocr_par ocr_line ocrx_word'/>
</head>
<body>
  <div class='ocr_page' id='page_1' title='image "./operaomniaunovol00ciceuoft_0052.png"; bbox 0 0 1941 3052; ppageno 0'>
   <div class='ocr_carea' id='block_1_1' title="bbox 254 172 1071 1247">
    <p class='ocr_par' dir='ltr' id='par_1_1' title="bbox 254 172 1069 390">
     <span class='ocr_line' id='line_1_1' title="bbox 254 172 1059 199; baseline -0.001 -1"><span class='ocrx_word' id='word_1_1' title='bbox 254 174 286 199; x_wconf 64' lang='grc'>28</span> <span class='ocrx_word' id='word_1_2' title='bbox 794 173 818 198; x_wconf 71' lang='grc'>4.</span> <span class='ocrx_word' id='word_1_3' title='bbox 854 172 1059 198; x_wconf 68' lang='grc' dir='ltr'><strong>[ΝίζΙζΗΤΙ</strong></span> 
     </span>
     <span class='ocr_line' id='line_1_2' title="bbox 255 241 1069 269; baseline -0.002 0"><span class='ocrx_word' id='word_1_4' title='bbox 255 243 280 269; x_wconf 89' lang='lat' dir='ltr'>in</span> <span class='ocrx_word' id='word_1_5' title='bbox 295 243 500 269; x_wconf 74' lang='lat' dir='ltr'>commutatione</span> <span class='ocrx_word' id='word_1_6' title='bbox 513 250 624 268; x_wconf 79' lang='lat' dir='ltr'>casuum</span> <span class='ocrx_word' id='word_1_7' title='bbox 640 241 786 268; x_wconf 80' lang='lat' dir='ltr'>volutatum</span> <span class='ocrx_word' id='word_1_8' title='bbox 801 246 850 268; x_wconf 80' lang='lat' dir='ltr'>cst.</span> <span class='ocrx_word' id='word_1_9' title='bbox 867 242 944 268; x_wconf 78' lang='lat' dir='ltr'>Plura</span> <span class='ocrx_word' id='word_1_10' title='bbox 960 242 1045 268; x_wconf 86' lang='lat' dir='ltr'>nomi-</span> <span class='ocrx_word' id='word_1_11' title='bbox 1066 243 1069 251; x_wconf 96' lang='lat'>&#39;</span> 
     </span>
     <span class='ocr_line' id='line_1_3' title="bbox 255 279 1069 308; baseline -0.002 -2"><span class='ocrx_word' id='word_1_12' title='bbox 255 290 286 307; x_wconf 89' lang='lat' dir='ltr'>na</span> <span class='ocrx_word' id='word_1_13' title='bbox 301 281 408 306; x_wconf 70' lang='lat' dir='ltr'>casibus</span> <span class='ocrx_word' id='word_1_14' title='bbox 422 281 590 306; x_wconf 75' lang='lat' dir='ltr'>commutatis</span> <span class='ocrx_word' id='word_1_15' title='bbox 606 280 653 305; x_wconf 74' lang='lat' dir='ltr'>hoe.</span> <span class='ocrx_word' id='word_1_16' title='bbox 669 279 746 305; x_wconf 82' lang='lat' dir='ltr'>modo</span> <span class='ocrx_word' id='word_1_17' title='bbox 761 279 856 305; x_wconf 76' lang='lat' dir='ltr'>fat-ient</span> <span class='ocrx_word' id='word_1_18' title='bbox 869 280 1045 305; x_wconf 84' lang='lat' dir='ltr'>annominati-</span> <span class='ocrx_word' id='word_1_19' title='bbox 1068 296 1069 308; x_wconf 44' lang='lat'>1</span> 
     </span>
     <span class='ocr_line' id='line_1_4' title="bbox 254 316 1069 351; baseline -0.004 -7"><span class='ocrx_word' id='word_1_20' title='bbox 254 326 345 344; x_wconf 89' lang='lat' dir='ltr'>onem:</span> <span class='ocrx_word' id='word_1_21' title='bbox 374 318 413 344; x_wconf 82' lang='lat' dir='ltr'>Ti.</span> <span class='ocrx_word' id='word_1_22' title='bbox 435 318 585 343; x_wconf 71' lang='lat' dir='ltr'>Gracchum</span> <span class='ocrx_word' id='word_1_23' title='bbox 605 317 796 351; x_wconf 69' lang='lat' dir='ltr'>rempublicam</span> <span class='ocrx_word' id='word_1_24' title='bbox 817 316 1044 342; x_wconf 72' lang='lat' dir='ltr'>administrantem</span> <span class='ocrx_word' id='word_1_25' title='bbox 1068 328 1069 349; x_wconf 54' lang='lat' dir='ltr'>i</span> 
     </span>
     <span class='ocr_line' id='line_1_5' title="bbox 254 353 1044 390; baseline -0.003 -9"><span class='ocrx_word' id='word_1_26' title='bbox 254 356 363 388; x_wconf 67' lang='lat' dir='ltr'>indigna</span> <span class='ocrx_word' id='word_1_27' title='bbox 384 355 520 390; x_wconf 84' lang='lat' dir='ltr'>prohibuit</span> <span class='ocrx_word' id='word_1_28' title='bbox 540 363 590 381; x_wconf 82' lang='lat' dir='ltr'>nex</span> <span class='ocrx_word' id='word_1_29' title='bbox 608 354 711 380; x_wconf 76' lang='lat' dir='ltr'>«lintius</span> <span class='ocrx_word' id='word_1_30' title='bbox 731 355 756 379; x_wconf 93' lang='lat' dir='ltr'>in</span> <span class='ocrx_word' id='word_1_31' title='bbox 771 362 799 379; x_wconf 86' lang='lat' dir='ltr'>ea</span> <span class='ocrx_word' id='word_1_32' title='bbox 814 354 979 379; x_wconf 70' lang='lat' dir='ltr'>cornmorari.</span> <span class='ocrx_word' id='word_1_33' title='bbox 1015 353 1044 379; x_wconf 86' lang='lat' dir='ltr'>C.</span> 
     </span>
    </p>

    <p class='ocr_par' dir='ltr' id='par_1_2' title="bbox 254 391 1071 874">
     <span class='ocr_line' id='line_1_6' title="bbox 255 391 1069 425; baseline -0.001 -8"><span class='ocrx_word' id='word_1_34' title='bbox 255 393 374 418; x_wconf 73' lang='lat' dir='ltr'>Graccho</span> <span class='ocrx_word' id='word_1_35' title='bbox 392 392 514 418; x_wconf 81' lang='lat' dir='ltr'>similiter</span> <span class='ocrx_word' id='word_1_36' title='bbox 527 392 624 417; x_wconf 69' lang='lat' dir='ltr'>occisio</span> <span class='ocrx_word' id='word_1_37' title='bbox 637 396 676 417; x_wconf 65' lang='lat' dir='ltr'>est</span> <span class='ocrx_word' id='word_1_38' title='bbox 694 391 788 418; x_wconf 71' lang='lat' dir='ltr'>oblata,</span> <span class='ocrx_word' id='word_1_39' title='bbox 810 399 878 425; x_wconf 82' lang='lat' dir='ltr'>quae</span> <span class='ocrx_word' id='word_1_40' title='bbox 894 391 980 416; x_wconf 78' lang='lat' dir='ltr'>virum</span> <span class='ocrx_word' id='word_1_41' title='bbox 995 391 1047 416; x_wconf 89' lang='lat' dir='ltr'>rei—</span> <span class='ocrx_word' id='word_1_42' title='bbox 1068 410 1069 424; x_wconf 63' lang='lat'>,</span> 
     </span>
     <span class='ocr_line' id='line_1_7' title="bbox 255 428 1070 464; baseline -0.002 -9"><span class='ocrx_word' id='word_1_43' title='bbox 255 430 378 464; x_wconf 75' lang='lat' dir='ltr'>publicae</span> <span class='ocrx_word' id='word_1_44' title='bbox 397 430 609 455; x_wconf 81' lang='lat' dir='ltr'>amantissimum</span> <span class='ocrx_word' id='word_1_45' title='bbox 629 429 718 454; x_wconf 84' lang='lat' dir='ltr'>subito</span> <span class='ocrx_word' id='word_1_46' title='bbox 735 428 767 453; x_wconf 84' lang='lat' dir='ltr'>(le</span> <span class='ocrx_word' id='word_1_47' title='bbox 786 428 846 453; x_wconf 78' lang='lat' dir='ltr'>sinu</span> <span class='ocrx_word' id='word_1_48' title='bbox 866 428 980 453; x_wconf 72' lang='lat' dir='ltr'>civitatis</span> <span class='ocrx_word' id='word_1_49' title='bbox 995 428 1047 453; x_wconf 85' lang='lat' dir='ltr'>cri·</span> <span class='ocrx_word' id='word_1_50' title='bbox 1068 441 1070 457; x_wconf 59' lang='lat' dir='ltr'>i</span> 
     </span>
     <span class='ocr_line' id='line_1_8' title="bbox 255 464 1046 502; baseline -0.004 -9"><span class='ocrx_word' id='word_1_51' title='bbox 255 468 322 502; x_wconf 88' lang='lat' dir='ltr'>puit.</span> <span class='ocrx_word' id='word_1_52' title='bbox 357 467 540 496; x_wconf 65' lang='lat' dir='ltr'>Saturninum,</span> <span class='ocrx_word' id='word_1_53' title='bbox 562 466 612 491; x_wconf 76' lang='lat' dir='ltr'>tide</span> <span class='ocrx_word' id='word_1_54' title='bbox 631 470 737 500; x_wconf 83' lang='lat' dir='ltr'>captum</span> <span class='ocrx_word' id='word_1_55' title='bbox 756 465 900 495; x_wconf 81' lang='lat' dir='ltr'>malorum,</span> <span class='ocrx_word' id='word_1_56' title='bbox 922 464 1046 499; x_wconf 75' lang='lat' dir='ltr'>perfidiae</span> 
     </span>
     <span class='ocr_line' id='line_1_9' title="bbox 254 502 1048 538; baseline -0.004 -8"><span class='ocrx_word' id='word_1_57' title='bbox 254 504 343 531; x_wconf 77' lang='lat' dir='ltr'>scelus</span> <span class='ocrx_word' id='word_1_58' title='bbox 359 504 409 530; x_wconf 74' lang='lat' dir='ltr'>rita</span> <span class='ocrx_word' id='word_1_59' title='bbox 425 504 548 538; x_wconf 72' lang='lat' dir='ltr'>privavit.</span> <span class='ocrx_word' id='word_1_60' title='bbox 583 503 665 533; x_wconf 79' lang='lat' dir='ltr'>Tuus,</span> <span class='ocrx_word' id='word_1_61' title='bbox 686 511 701 528; x_wconf 96' lang='lat' dir='ltr'>o</span> <span class='ocrx_word' id='word_1_62' title='bbox 720 503 811 533; x_wconf 82' lang='lat' dir='ltr'>Druse,</span> <span class='ocrx_word' id='word_1_63' title='bbox 832 503 942 537; x_wconf 75' lang='lat' dir='ltr'>sanguis</span> <span class='ocrx_word' id='word_1_64' title='bbox 956 502 1048 527; x_wconf 87' lang='lat' dir='ltr'>dome-</span> 
     </span>
     <span class='ocr_line' id='line_1_10' title="bbox 255 539 1047 576; baseline -0.005 -8"><span class='ocrx_word' id='word_1_65' title='bbox 255 542 335 568; x_wconf 72' lang='lat' dir='ltr'>sticos</span> <span class='ocrx_word' id='word_1_66' title='bbox 351 542 462 576; x_wconf 67' lang='lat' dir='ltr'>parit-tes</span> <span class='ocrx_word' id='word_1_67' title='bbox 477 546 502 566; x_wconf 79' lang='lat' dir='ltr'>ct</span> <span class='ocrx_word' id='word_1_68' title='bbox 517 540 620 566; x_wconf 81' lang='lat' dir='ltr'>vultum</span> <span class='ocrx_word' id='word_1_69' title='bbox 637 540 753 574; x_wconf 83' lang='lat' dir='ltr'>parentis</span> <span class='ocrx_word' id='word_1_70' title='bbox 772 540 894 574; x_wconf 75' lang='lat' dir='ltr'>aspersit,</span> <span class='ocrx_word' id='word_1_71' title='bbox 929 539 1047 573; x_wconf 88' lang='lat' dir='ltr'>Sulpici-</span> 
     </span>
     <span class='ocr_line' id='line_1_11' title="bbox 254 577 1046 613; baseline -0.004 -8"><span class='ocrx_word' id='word_1_72' title='bbox 254 587 310 609; x_wconf 86' lang='lat' dir='ltr'>um.</span> <span class='ocrx_word' id='word_1_73' title='bbox 333 580 375 605; x_wconf 89' lang='lat' dir='ltr'>cui</span> <span class='ocrx_word' id='word_1_74' title='bbox 399 578 489 613; x_wconf 89' lang='lat' dir='ltr'>paullo</span> <span class='ocrx_word' id='word_1_75' title='bbox 511 582 570 603; x_wconf 85' lang='lat' dir='ltr'>anto</span> <span class='ocrx_word' id='word_1_76' title='bbox 588 577 676 603; x_wconf 80' lang='lat' dir='ltr'>onmia</span> <span class='ocrx_word' id='word_1_77' title='bbox 693 577 880 607; x_wconf 79' lang='lat' dir='ltr'>concedebant,</span> <span class='ocrx_word' id='word_1_78' title='bbox 897 585 958 602; x_wconf 87' lang='lat' dir='ltr'>eum</span> <span class='ocrx_word' id='word_1_79' title='bbox 974 577 1046 602; x_wconf 78' lang='lat' dir='ltr'>brevi</span> 
     </span>
     <span class='ocr_line' id='line_1_12' title="bbox 254 614 1047 651; baseline -0.004 -9"><span class='ocrx_word' id='word_1_80' title='bbox 254 617 341 651; x_wconf 74' lang='lat' dir='ltr'>spatio</span> <span class='ocrx_word' id='word_1_81' title='bbox 360 625 411 642; x_wconf 89' lang='lat' dir='ltr'>non</span> <span class='ocrx_word' id='word_1_82' title='bbox 431 615 509 641; x_wconf 88' lang='lat' dir='ltr'>modo</span> <span class='ocrx_word' id='word_1_83' title='bbox 525 615 622 645; x_wconf 81' lang='lat' dir='ltr'>vivere,</span> <span class='ocrx_word' id='word_1_84' title='bbox 642 614 689 640; x_wconf 91' lang='lat' dir='ltr'>sed</span> <span class='ocrx_word' id='word_1_85' title='bbox 703 615 781 640; x_wconf 90' lang='lat' dir='ltr'>etiam</span> <span class='ocrx_word' id='word_1_86' title='bbox 796 614 902 648; x_wconf 80' lang='lat' dir='ltr'>sepeliri</span> <span class='ocrx_word' id='word_1_87' title='bbox 919 614 1047 648; x_wconf 87' lang='lat' dir='ltr'>prohibu-</span> 
     </span>
     <span class='ocr_line' id='line_1_13' title="bbox 255 652 1045 687; baseline -0.004 -8"><span class='ocrx_word' id='word_1_88' title='bbox 255 658 341 679; x_wconf 90' lang='lat' dir='ltr'>erunt.</span> <span class='ocrx_word' id='word_1_89' title='bbox 373 655 414 679; x_wconf 74' lang='lat'>32.</span> <span class='ocrx_word' id='word_1_90' title='bbox 435 653 502 678; x_wconf 87' lang='lat' dir='ltr'>llaec</span> <span class='ocrx_word' id='word_1_91' title='bbox 521 652 567 678; x_wconf 89' lang='lat' dir='ltr'>tria</span> <span class='ocrx_word' id='word_1_92' title='bbox 588 652 706 686; x_wconf 84' lang='lat' dir='ltr'>proxima</span> <span class='ocrx_word' id='word_1_93' title='bbox 724 660 820 687; x_wconf 72' lang='lat' dir='ltr'>genera</span> <span class='ocrx_word' id='word_1_94' title='bbox 834 652 1045 681; x_wconf 79' lang='lat' dir='ltr'>exornationum,</span> 
     </span>
     <span class='ocr_line' id='line_1_14' title="bbox 255 688 1048 725; baseline -0.003 -9"><span class='ocrx_word' id='word_1_95' title='bbox 255 699 369 725; x_wconf 86' lang='lat' dir='ltr'>quorum</span> <span class='ocrx_word' id='word_1_96' title='bbox 385 699 469 716; x_wconf 90' lang='lat' dir='ltr'>unum</span> <span class='ocrx_word' id='word_1_97' title='bbox 484 690 510 716; x_wconf 92' lang='lat' dir='ltr'>in</span> <span class='ocrx_word' id='word_1_98' title='bbox 526 689 649 715; x_wconf 86' lang='lat' dir='ltr'>similiter</span> <span class='ocrx_word' id='word_1_99' title='bbox 661 689 826 719; x_wconf 81' lang='lat' dir='ltr'>cadentibus,</span> <span class='ocrx_word' id='word_1_100' title='bbox 843 688 954 714; x_wconf 83' lang='lat' dir='ltr'>alterum</span> <span class='ocrx_word' id='word_1_101' title='bbox 970 689 996 714; x_wconf 94' lang='lat' dir='ltr'>in</span> <span class='ocrx_word' id='word_1_102' title='bbox 1011 689 1048 714; x_wconf 89' lang='lat' dir='ltr'>si-</span> 
     </span>
     <span class='ocr_line' id='line_1_15' title="bbox 257 726 1048 757; baseline -0.004 -3"><span class='ocrx_word' id='word_1_103' title='bbox 257 728 354 754; x_wconf 90' lang='lat' dir='ltr'>militer</span> <span class='ocrx_word' id='word_1_104' title='bbox 371 727 557 754; x_wconf 72' lang='lat' dir='ltr'>desinentibus</span> <span class='ocrx_word' id='word_1_105' title='bbox 577 727 674 757; x_wconf 83' lang='lat' dir='ltr'>verbis,</span> <span class='ocrx_word' id='word_1_106' title='bbox 692 727 798 752; x_wconf 84' lang='lat' dir='ltr'>tertium</span> <span class='ocrx_word' id='word_1_107' title='bbox 814 727 840 752; x_wconf 95' lang='lat' dir='ltr'>in</span> <span class='ocrx_word' id='word_1_108' title='bbox 855 726 1048 752; x_wconf 82' lang='lat' dir='ltr'>annominatio-</span> 
     </span>
     <span class='ocr_line' id='line_1_16' title="bbox 256 763 1046 800; baseline -0.004 -9"><span class='ocrx_word' id='word_1_109' title='bbox 256 765 336 791; x_wconf 88' lang='lat' dir='ltr'>nibus</span> <span class='ocrx_word' id='word_1_110' title='bbox 360 765 476 800; x_wconf 87' lang='lat' dir='ltr'>positum</span> <span class='ocrx_word' id='word_1_111' title='bbox 499 769 547 795; x_wconf 85' lang='lat' dir='ltr'>cst,</span> <span class='ocrx_word' id='word_1_112' title='bbox 569 772 674 799; x_wconf 88' lang='lat' dir='ltr'>perraro</span> <span class='ocrx_word' id='word_1_113' title='bbox 687 763 817 789; x_wconf 83' lang='lat' dir='ltr'>sumenda</span> <span class='ocrx_word' id='word_1_114' title='bbox 832 768 903 794; x_wconf 70' lang='lat' dir='ltr'>sunt„</span> <span class='ocrx_word' id='word_1_115' title='bbox 920 771 1005 797; x_wconf 86' lang='lat' dir='ltr'>quum</span> <span class='ocrx_word' id='word_1_116' title='bbox 1021 763 1046 788; x_wconf 92' lang='lat' dir='ltr'>in</span> 
     </span>
     <span class='ocr_line' id='line_1_17' title="bbox 256 800 1071 836; baseline -0.005 -7"><span class='ocrx_word' id='word_1_117' title='bbox 256 803 364 829; x_wconf 83' lang='lat' dir='ltr'>veritate</span> <span class='ocrx_word' id='word_1_118' title='bbox 378 803 512 834; x_wconf 78' lang='lat' dir='ltr'>dicemus,</span> <span class='ocrx_word' id='word_1_119' title='bbox 538 806 673 836; x_wconf 88' lang='lat' dir='ltr'>propterea</span> <span class='ocrx_word' id='word_1_120' title='bbox 687 801 759 836; x_wconf 86' lang='lat' dir='ltr'>quod</span> <span class='ocrx_word' id='word_1_121' title='bbox 780 810 830 827; x_wconf 90' lang='lat' dir='ltr'>non</span> <span class='ocrx_word' id='word_1_122' title='bbox 846 800 909 826; x_wconf 82' lang='lat' dir='ltr'>haec</span> <span class='ocrx_word' id='word_1_123' title='bbox 925 800 1048 826; x_wconf 74' lang='lat' dir='ltr'>videntur</span> <span class='ocrx_word' id='word_1_124' title='bbox 1069 822 1071 831; x_wconf 70' lang='grc'>,</span> 
     </span>
     <span class='ocr_line' id='line_1_18' title="bbox 256 838 1047 874; baseline -0.004 -8"><span class='ocrx_word' id='word_1_125' title='bbox 256 841 364 874; x_wconf 80' lang='lat' dir='ltr'>reperiri</span> <span class='ocrx_word' id='word_1_126' title='bbox 380 848 457 874; x_wconf 86' lang='lat' dir='ltr'>posse</span> <span class='ocrx_word' id='word_1_127' title='bbox 471 840 528 865; x_wconf 88' lang='lat' dir='ltr'>sine</span> <span class='ocrx_word' id='word_1_128' title='bbox 542 838 718 865; x_wconf 88' lang='lat' dir='ltr'>elaboratione</span> <span class='ocrx_word' id='word_1_129' title='bbox 733 843 758 864; x_wconf 89' lang='lat' dir='ltr'>et</span> <span class='ocrx_word' id='word_1_130' title='bbox 771 838 974 872; x_wconf 85' lang='lat' dir='ltr'>consumptione</span> <span class='ocrx_word' id='word_1_131' title='bbox 984 846 1047 872; x_wconf 87' lang='lat' dir='ltr'>ope-</span> 
     </span>
    </p>

    <p class='ocr_par' dir='ltr' id='par_1_3' title="bbox 254 875 1071 1247">
     <span class='ocr_line' id='line_1_19' title="bbox 256 875 1071 905; baseline -0.002 -3"><span class='ocrx_word' id='word_1_132' title='bbox 256 886 308 903; x_wconf 76' lang='lat' dir='ltr'>rae.</span> <span class='ocrx_word' id='word_1_133' title='bbox 324 877 420 904; x_wconf 79' lang='lat' dir='ltr'>XXIII.</span> <span class='ocrx_word' id='word_1_134' title='bbox 434 876 573 903; x_wconf 86' lang='lat' dir='ltr'>Eiusmodi</span> <span class='ocrx_word' id='word_1_135' title='bbox 587 881 676 902; x_wconf 84' lang='lat' dir='ltr'>autem</span> <span class='ocrx_word' id='word_1_136' title='bbox 690 875 778 901; x_wconf 87' lang='lat' dir='ltr'>studia</span> <span class='ocrx_word' id='word_1_137' title='bbox 793 875 825 901; x_wconf 87' lang='lat' dir='ltr'>ad</span> <span class='ocrx_word' id='word_1_138' title='bbox 835 875 1045 905; x_wconf 69' lang='lat' dir='ltr'>delectationem,</span> <span class='ocrx_word' id='word_1_139' title='bbox 1069 886 1071 891; x_wconf 64' lang='lat'>,</span> 
     </span>
     <span class='ocr_line' id='line_1_20' title="bbox 255 912 1047 949; baseline -0.005 -8"><span class='ocrx_word' id='word_1_140' title='bbox 255 923 336 949; x_wconf 84' lang='lat' dir='ltr'>quam</span> <span class='ocrx_word' id='word_1_141' title='bbox 351 915 383 941; x_wconf 84' lang='lat' dir='ltr'>ad</span> <span class='ocrx_word' id='word_1_142' title='bbox 399 915 543 945; x_wconf 78' lang='lat' dir='ltr'>veritatem,</span> <span class='ocrx_word' id='word_1_143' title='bbox 554 914 678 939; x_wconf 72' lang='lat' dir='ltr'>videntur</span> <span class='ocrx_word' id='word_1_144' title='bbox 691 913 936 939; x_wconf 80' lang='lat' dir='ltr'>accommodatiora.</span> <span class='ocrx_word' id='word_1_145' title='bbox 961 912 1047 944; x_wconf 82' lang='lat' dir='ltr'>Quare</span> 
     </span>
     <span class='ocr_line' id='line_1_21' title="bbox 256 949 1048 986; baseline -0.003 -8"><span class='ocrx_word' id='word_1_146' title='bbox 256 952 321 978; x_wconf 81' lang='lat' dir='ltr'>tides</span> <span class='ocrx_word' id='word_1_147' title='bbox 336 957 361 978; x_wconf 85' lang='lat' dir='ltr'>et</span> <span class='ocrx_word' id='word_1_148' title='bbox 374 952 490 986; x_wconf 74' lang='lat' dir='ltr'>gravitas</span> <span class='ocrx_word' id='word_1_149' title='bbox 504 956 529 977; x_wconf 86' lang='lat' dir='ltr'>et</span> <span class='ocrx_word' id='word_1_150' title='bbox 543 951 669 977; x_wconf 76' lang='lat' dir='ltr'>severitas</span> <span class='ocrx_word' id='word_1_151' title='bbox 684 950 793 976; x_wconf 82' lang='lat' dir='ltr'>oratoria</span> <span class='ocrx_word' id='word_1_152' title='bbox 809 950 939 976; x_wconf 89' lang='lat' dir='ltr'>minuitur</span> <span class='ocrx_word' id='word_1_153' title='bbox 950 949 991 975; x_wconf 90' lang='lat' dir='ltr'>his</span> <span class='ocrx_word' id='word_1_154' title='bbox 1002 958 1048 976; x_wconf 77' lang='lat' dir='ltr'>ex-</span> 
     </span>
     <span class='ocr_line' id='line_1_22' title="bbox 255 986 1048 1024; baseline -0.005 -8"><span class='ocrx_word' id='word_1_155' title='bbox 255 990 438 1016; x_wconf 88' lang='lat' dir='ltr'>ornationibus</span> <span class='ocrx_word' id='word_1_156' title='bbox 453 989 604 1024; x_wconf 80' lang='lat' dir='ltr'>frequenter</span> <span class='ocrx_word' id='word_1_157' title='bbox 617 988 759 1017; x_wconf 77' lang='lat' dir='ltr'>collocatis.</span> <span class='ocrx_word' id='word_1_158' title='bbox 781 992 806 1013; x_wconf 89' lang='lat' dir='ltr'>et</span> <span class='ocrx_word' id='word_1_159' title='bbox 820 997 871 1013; x_wconf 89' lang='lat' dir='ltr'>non</span> <span class='ocrx_word' id='word_1_160' title='bbox 886 987 964 1014; x_wconf 87' lang='lat' dir='ltr'>modo</span> <span class='ocrx_word' id='word_1_161' title='bbox 979 986 1048 1013; x_wconf 90' lang='lat' dir='ltr'>tolli-</span> 
     </span>
     <span class='ocr_line' id='line_1_23' title="bbox 256 1025 1049 1059; baseline -0.005 -6"><span class='ocrx_word' id='word_1_162' title='bbox 256 1031 299 1053; x_wconf 91' lang='lat' dir='ltr'>tur</span> <span class='ocrx_word' id='word_1_163' title='bbox 313 1028 453 1053; x_wconf 82' lang='lat' dir='ltr'>auctoritas</span> <span class='ocrx_word' id='word_1_164' title='bbox 468 1026 582 1057; x_wconf 83' lang='lat' dir='ltr'>dicendi.</span> <span class='ocrx_word' id='word_1_165' title='bbox 599 1025 646 1052; x_wconf 90' lang='lat' dir='ltr'>sed</span> <span class='ocrx_word' id='word_1_166' title='bbox 661 1025 802 1051; x_wconf 82' lang='lat' dir='ltr'>otl&#39;enditur</span> <span class='ocrx_word' id='word_1_167' title='bbox 816 1033 924 1059; x_wconf 85' lang='lat' dir='ltr'>quoque</span> <span class='ocrx_word' id='word_1_168' title='bbox 938 1025 965 1050; x_wconf 92' lang='lat' dir='ltr'>in</span> <span class='ocrx_word' id='word_1_169' title='bbox 976 1025 1049 1050; x_wconf 89' lang='lat' dir='ltr'>eius-</span> 
     </span>
     <span class='ocr_line' id='line_1_24' title="bbox 255 1061 1048 1098; baseline -0.004 -8"><span class='ocrx_word' id='word_1_170' title='bbox 255 1064 326 1090; x_wconf 89' lang='lat' dir='ltr'>modi</span> <span class='ocrx_word' id='word_1_171' title='bbox 346 1065 471 1094; x_wconf 76' lang='lat' dir='ltr'>oratione,</span> <span class='ocrx_word' id='word_1_172' title='bbox 492 1068 627 1098; x_wconf 87' lang='lat' dir='ltr'>propterea</span> <span class='ocrx_word' id='word_1_173' title='bbox 646 1062 717 1097; x_wconf 89' lang='lat' dir='ltr'>quod</span> <span class='ocrx_word' id='word_1_174' title='bbox 732 1066 771 1088; x_wconf 82' lang='lat' dir='ltr'>est</span> <span class='ocrx_word' id='word_1_175' title='bbox 785 1062 811 1088; x_wconf 89' lang='lat' dir='ltr'>in</span> <span class='ocrx_word' id='word_1_176' title='bbox 827 1062 868 1088; x_wconf 87' lang='lat' dir='ltr'>his</span> <span class='ocrx_word' id='word_1_177' title='bbox 885 1062 956 1096; x_wconf 89' lang='lat' dir='ltr'>lepos</span> <span class='ocrx_word' id='word_1_178' title='bbox 971 1066 996 1088; x_wconf 87' lang='lat' dir='ltr'>et</span> <span class='ocrx_word' id='word_1_179' title='bbox 1010 1061 1048 1087; x_wconf 82' lang='lat' dir='ltr'>se—</span> 
     </span>
     <span class='ocr_line' id='line_1_25' title="bbox 254 1099 1048 1137; baseline -0.005 -9"><span class='ocrx_word' id='word_1_180' title='bbox 254 1103 368 1132; x_wconf 67' lang='lat' dir='ltr'>stivitas,</span> <span class='ocrx_word' id='word_1_181' title='bbox 385 1110 436 1128; x_wconf 90' lang='lat' dir='ltr'>non</span> <span class='ocrx_word' id='word_1_182' title='bbox 450 1101 566 1137; x_wconf 76' lang='lat' dir='ltr'>dignitas</span> <span class='ocrx_word' id='word_1_183' title='bbox 581 1109 666 1135; x_wconf 89' lang='lat' dir='ltr'>neque</span> <span class='ocrx_word' id='word_1_184' title='bbox 681 1099 861 1134; x_wconf 79' lang='lat' dir='ltr'>pulchritudo.</span> <span class='ocrx_word' id='word_1_185' title='bbox 876 1099 1048 1134; x_wconf 86' lang='lat' dir='ltr'>Quare,quae</span> 
     </span>
     <span class='ocr_line' id='line_1_26' title="bbox 255 1137 1048 1173; baseline -0.004 -8"><span class='ocrx_word' id='word_1_186' title='bbox 255 1144 318 1165; x_wconf 87' lang='lat' dir='ltr'>sunt</span> <span class='ocrx_word' id='word_1_187' title='bbox 331 1139 419 1173; x_wconf 87' lang='lat' dir='ltr'>ampla</span> <span class='ocrx_word' id='word_1_188' title='bbox 433 1143 512 1173; x_wconf 86' lang='lat' dir='ltr'>atque</span> <span class='ocrx_word' id='word_1_189' title='bbox 526 1137 646 1173; x_wconf 83' lang='lat' dir='ltr'>pulchra,</span> <span class='ocrx_word' id='word_1_190' title='bbox 663 1137 709 1163; x_wconf 93' lang='lat' dir='ltr'>diu</span> <span class='ocrx_word' id='word_1_191' title='bbox 724 1137 827 1172; x_wconf 88' lang='lat' dir='ltr'>placere</span> <span class='ocrx_word' id='word_1_192' title='bbox 841 1142 967 1171; x_wconf 84' lang='lat' dir='ltr'>possunt;</span> <span class='ocrx_word' id='word_1_193' title='bbox 979 1144 1048 1171; x_wconf 88' lang='lat' dir='ltr'>quae</span> 
     </span>
     <span class='ocr_line' id='line_1_27' title="bbox 256 1174 1049 1211; baseline -0.005 -8"><span class='ocrx_word' id='word_1_194' title='bbox 256 1176 343 1211; x_wconf 87' lang='lat' dir='ltr'>lepida</span> <span class='ocrx_word' id='word_1_195' title='bbox 359 1181 384 1203; x_wconf 87' lang='lat' dir='ltr'>et</span> <span class='ocrx_word' id='word_1_196' title='bbox 397 1177 534 1206; x_wconf 86' lang='lat' dir='ltr'>concinna,</span> <span class='ocrx_word' id='word_1_197' title='bbox 550 1176 602 1202; x_wconf 86' lang='lat' dir='ltr'>cito</span> <span class='ocrx_word' id='word_1_198' title='bbox 612 1176 730 1201; x_wconf 82' lang='lat' dir='ltr'>satietate</span> <span class='ocrx_word' id='word_1_199' title='bbox 740 1174 860 1200; x_wconf 83' lang='lat' dir='ltr'>afliciunt</span> <span class='ocrx_word' id='word_1_200' title='bbox 869 1175 975 1200; x_wconf 90' lang='lat' dir='ltr'>aurium</span> <span class='ocrx_word' id='word_1_201' title='bbox 986 1182 1049 1199; x_wconf 84' lang='lat' dir='ltr'>sen-</span> 
     </span>
     <span class='ocr_line' id='line_1_28' title="bbox 255 1211 1048 1247; baseline -0.004 -7"><span class='ocrx_word' id='word_1_202' title='bbox 255 1222 316 1239; x_wconf 90' lang='lat' dir='ltr'>sum</span> <span class='ocrx_word' id='word_1_203' title='bbox 340 1213 596 1240; x_wconf 78' lang='lat' dir='ltr'>sastidiosissimum.</span> <span class='ocrx_word' id='word_1_204' title='bbox 630 1212 689 1245; x_wconf 87' lang='lat' dir='ltr'>Quo</span> <span class='ocrx_word' id='word_1_205' title='bbox 710 1212 788 1238; x_wconf 89' lang='lat' dir='ltr'>modo</span> <span class='ocrx_word' id='word_1_206' title='bbox 809 1212 899 1247; x_wconf 77' lang='lat' dir='ltr'>igitur,</span> <span class='ocrx_word' id='word_1_207' title='bbox 919 1212 942 1237; x_wconf 93' lang='lat' dir='ltr'>si</span> <span class='ocrx_word' id='word_1_208' title='bbox 957 1211 1048 1237; x_wconf 90' lang='lat' dir='ltr'>crebro</span> 
     </span>
    </p>
   </div>
   <div class='ocr_carea' id='block_1_2' title="bbox 1068 522 1071 676">
    <p class='ocr_par' dir='ltr' id='par_1_4' title="bbox 1068 522 1071 676">
     <span class='ocr_line' id='line_1_29' title="bbox 1069 522 1070 534; baseline 0 0"><span class='ocrx_word' id='word_1_209' title='bbox 1069 522 1070 534; x_wconf 69' lang='lat' dir='ltr'>i</span> 
     </span>
     <span class='ocr_line' id='line_1_30' title="bbox 1068 542 1070 563; baseline 0 0"><span class='ocrx_word' id='word_1_210' title='bbox 1068 542 1070 563; x_wconf 90' lang='grc' dir='ltr'>Ι</span> 
     </span>
     <span class='ocr_line' id='line_1_31' title="bbox 1068 575 1071 629; baseline 0 0"><span class='ocrx_word' id='word_1_211' title='bbox 1068 575 1071 629; x_wconf 65' lang='grc' dir='ltr'>ὲ</span> 
     </span>
     <span class='ocr_line' id='line_1_32' title="bbox 1069 650 1071 676; baseline 0 0"><span class='ocrx_word' id='word_1_212' title='bbox 1069 650 1071 676; x_wconf 70' lang='lat'>,¹</span> 
     </span>
    </p>
   </div>
   <div class='ocr_carea' id='block_1_3' title="bbox 255 1248 1073 1287">
    <p class='ocr_par' dir='ltr' id='par_1_5' title="bbox 255 1248 1073 1287">
     <span class='ocr_line' id='line_1_33' title="bbox 255 1248 1073 1287; baseline -0.005 -9"><span class='ocrx_word' id='word_1_213' title='bbox 255 1250 298 1277; x_wconf 89' lang='lat' dir='ltr'>his</span> <span class='ocrx_word' id='word_1_214' title='bbox 320 1252 464 1287; x_wconf 86' lang='lat' dir='ltr'>generibus</span> <span class='ocrx_word' id='word_1_215' title='bbox 483 1255 598 1281; x_wconf 79' lang='lat' dir='ltr'>utemur,</span> <span class='ocrx_word' id='word_1_216' title='bbox 620 1249 716 1285; x_wconf 90' lang='lat' dir='ltr'>puerili</span> <span class='ocrx_word' id='word_1_217' title='bbox 733 1249 886 1275; x_wconf 87' lang='lat' dir='ltr'>videbimur</span> <span class='ocrx_word' id='word_1_218' title='bbox 899 1248 1047 1275; x_wconf 82' lang='lat' dir='ltr'>elocutione</span> <span class='ocrx_word' id='word_1_219' title='bbox 1070 1256 1073 1278; x_wconf 69' lang='grc' dir='ltr'><em>ι</em></span> 
     </span>
    </p>
   </div>
   <div class='ocr_carea' id='block_1_4' title="bbox 254 1284 1072 1582">
    <p class='ocr_par' dir='ltr' id='par_1_6' title="bbox 254 1284 1072 1390">
     <span class='ocr_line' id='line_1_34' title="bbox 255 1284 1072 1321; baseline -0.005 -6"><span class='ocrx_word' id='word_1_220' title='bbox 255 1288 379 1315; x_wconf 85' lang='lat' dir='ltr'>delectari</span> <span class='ocrx_word' id='word_1_221' title='bbox 389 1298 394 1321; x_wconf 73' lang='grc' dir='ltr'><strong>ς</strong></span> <span class='ocrx_word' id='word_1_222' title='bbox 410 1289 455 1320; x_wconf 83' lang='lat' dir='ltr'>ita,</span> <span class='ocrx_word' id='word_1_223' title='bbox 464 1289 486 1314; x_wconf 92' lang='lat' dir='ltr'>si</span> <span class='ocrx_word' id='word_1_224' title='bbox 497 1296 555 1314; x_wconf 88' lang='lat' dir='ltr'>raro</span> <span class='ocrx_word' id='word_1_225' title='bbox 566 1287 613 1313; x_wconf 91' lang='lat' dir='ltr'>has</span> <span class='ocrx_word' id='word_1_226' title='bbox 628 1288 818 1313; x_wconf 80' lang='lat' dir='ltr'>interseremus</span> <span class='ocrx_word' id='word_1_227' title='bbox 829 1286 1012 1312; x_wconf 80' lang='lat' dir='ltr'>exornationes</span> <span class='ocrx_word' id='word_1_228' title='bbox 1023 1290 1049 1311; x_wconf 91' lang='lat' dir='ltr'>et</span> <span class='ocrx_word' id='word_1_229' title='bbox 1070 1284 1072 1291; x_wconf 71' lang='lat'><em>&#39;</em></span> 
     </span>
     <span class='ocr_line' id='line_1_35' title="bbox 255 1323 1049 1360; baseline -0.004 -8"><span class='ocrx_word' id='word_1_230' title='bbox 255 1327 283 1352; x_wconf 92' lang='lat' dir='ltr'>in</span> <span class='ocrx_word' id='word_1_231' title='bbox 300 1334 395 1352; x_wconf 78' lang='lat' dir='ltr'>caussa</span> <span class='ocrx_word' id='word_1_232' title='bbox 413 1330 465 1352; x_wconf 88' lang='lat' dir='ltr'>tota</span> <span class='ocrx_word' id='word_1_233' title='bbox 482 1326 555 1352; x_wconf 86' lang='lat' dir='ltr'>varie</span> <span class='ocrx_word' id='word_1_234' title='bbox 572 1325 768 1360; x_wconf 80' lang='lat' dir='ltr'>dispergemus,</span> <span class='ocrx_word' id='word_1_235' title='bbox 785 1323 923 1350; x_wconf 88' lang='lat' dir='ltr'>commode</span> <span class='ocrx_word' id='word_1_236' title='bbox 937 1323 1049 1350; x_wconf 89' lang='lat' dir='ltr'>lumini-</span> 
     </span>
     <span class='ocr_line' id='line_1_36' title="bbox 254 1362 828 1390; baseline -0.007 0"><span class='ocrx_word' id='word_1_237' title='bbox 254 1363 306 1389; x_wconf 90' lang='lat' dir='ltr'>bus</span> <span class='ocrx_word' id='word_1_238' title='bbox 320 1363 454 1390; x_wconf 89' lang='lat' dir='ltr'>distinctis</span> <span class='ocrx_word' id='word_1_239' title='bbox 464 1362 660 1390; x_wconf 88' lang='lat' dir='ltr'>illustrabimus</span> <span class='ocrx_word' id='word_1_240' title='bbox 674 1362 828 1388; x_wconf 90' lang='lat' dir='ltr'>orationem.</span> 
     </span>
    </p>

    <p class='ocr_par' dir='ltr' id='par_1_7' title="bbox 254 1397 1071 1582">
     <span class='ocr_line' id='line_1_37' title="bbox 311 1397 1048 1435; baseline -0.004 -8"><span class='ocrx_word' id='word_1_241' title='bbox 311 1402 352 1427; x_wconf 87' lang='grc'>33.</span> <span class='ocrx_word' id='word_1_242' title='bbox 368 1400 504 1427; x_wconf 90' lang='lat' dir='ltr'>Subiectio</span> <span class='ocrx_word' id='word_1_243' title='bbox 518 1404 566 1431; x_wconf 85' lang='lat' dir='ltr'>est,</span> <span class='ocrx_word' id='word_1_244' title='bbox 582 1408 667 1435; x_wconf 90' lang='lat' dir='ltr'>quum</span> <span class='ocrx_word' id='word_1_245' title='bbox 678 1399 872 1434; x_wconf 79' lang='lat' dir='ltr'>interrogamus</span> <span class='ocrx_word' id='word_1_246' title='bbox 882 1397 1048 1424; x_wconf 83' lang='lat' dir='ltr'>adversarios</span> 
     </span>
     <span class='ocr_line' id='line_1_38' title="bbox 255 1435 1047 1473; baseline -0.004 -9"><span class='ocrx_word' id='word_1_247' title='bbox 255 1442 300 1464; x_wconf 91' lang='lat' dir='ltr'>aut</span> <span class='ocrx_word' id='word_1_248' title='bbox 313 1439 469 1473; x_wconf 85' lang='lat' dir='ltr'>quaerimus</span> <span class='ocrx_word' id='word_1_249' title='bbox 483 1438 545 1472; x_wconf 88' lang='lat' dir='ltr'>ipsi,</span> <span class='ocrx_word' id='word_1_250' title='bbox 561 1437 627 1472; x_wconf 89' lang='lat' dir='ltr'>quid</span> <span class='ocrx_word' id='word_1_251' title='bbox 641 1437 674 1463; x_wconf 89' lang='lat' dir='ltr'>ab</span> <span class='ocrx_word' id='word_1_252' title='bbox 688 1436 751 1467; x_wconf 80' lang='lat' dir='ltr'>illis,</span> <span class='ocrx_word' id='word_1_253' title='bbox 769 1440 813 1462; x_wconf 89' lang='lat' dir='ltr'>aut</span> <span class='ocrx_word' id='word_1_254' title='bbox 823 1435 890 1470; x_wconf 89' lang='lat' dir='ltr'>quid</span> <span class='ocrx_word' id='word_1_255' title='bbox 900 1440 988 1462; x_wconf 87' lang='lat' dir='ltr'>contra</span> <span class='ocrx_word' id='word_1_256' title='bbox 1000 1444 1047 1461; x_wconf 94' lang='lat' dir='ltr'>nos</span> 
     </span>
     <span class='ocr_line' id='line_1_39' title="bbox 254 1472 1071 1510; baseline -0.005 -8"><span class='ocrx_word' id='word_1_257' title='bbox 254 1475 307 1501; x_wconf 89' lang='lat' dir='ltr'>dici</span> <span class='ocrx_word' id='word_1_258' title='bbox 326 1476 419 1510; x_wconf 77' lang='lat' dir='ltr'>possit,</span> <span class='ocrx_word' id='word_1_259' title='bbox 439 1475 536 1502; x_wconf 89' lang='lat' dir='ltr'>deinde</span> <span class='ocrx_word' id='word_1_260' title='bbox 554 1474 714 1500; x_wconf 89' lang='lat' dir='ltr'>subiicimus</span> <span class='ocrx_word' id='word_1_261' title='bbox 733 1473 769 1504; x_wconf 90' lang='lat' dir='ltr'>id,</span> <span class='ocrx_word' id='word_1_262' title='bbox 790 1473 862 1508; x_wconf 90' lang='lat' dir='ltr'>quod</span> <span class='ocrx_word' id='word_1_263' title='bbox 880 1477 981 1507; x_wconf 89' lang='lat' dir='ltr'>oportet</span> <span class='ocrx_word' id='word_1_264' title='bbox 995 1472 1047 1499; x_wconf 91' lang='lat' dir='ltr'>dici</span> <span class='ocrx_word' id='word_1_265' title='bbox 1070 1482 1071 1507; x_wconf 67' lang='lat' dir='ltr'><strong>j</strong></span> 
     </span>
     <span class='ocr_line' id='line_1_40' title="bbox 255 1509 1071 1547; baseline -0.005 -8"><span class='ocrx_word' id='word_1_266' title='bbox 255 1517 300 1539; x_wconf 84' lang='lat' dir='ltr'>aut</span> <span class='ocrx_word' id='word_1_267' title='bbox 314 1521 365 1539; x_wconf 92' lang='lat' dir='ltr'>non</span> <span class='ocrx_word' id='word_1_268' title='bbox 379 1517 489 1547; x_wconf 85' lang='lat' dir='ltr'>oportet,</span> <span class='ocrx_word' id='word_1_269' title='bbox 506 1516 551 1538; x_wconf 88' lang='lat' dir='ltr'>aut</span> <span class='ocrx_word' id='word_1_270' title='bbox 561 1511 637 1538; x_wconf 84' lang='lat' dir='ltr'>nobis</span> <span class='ocrx_word' id='word_1_271' title='bbox 652 1511 806 1537; x_wconf 89' lang='lat' dir='ltr'>adiumento</span> <span class='ocrx_word' id='word_1_272' title='bbox 819 1510 940 1536; x_wconf 79' lang='lat' dir='ltr'>futurum</span> <span class='ocrx_word' id='word_1_273' title='bbox 952 1510 1049 1540; x_wconf 87' lang='lat' dir='ltr'>sit,aut</span> <span class='ocrx_word' id='word_1_274' title='bbox 1070 1509 1071 1520; x_wconf 66' lang='lat'>¹</span> 
     </span>
     <span class='ocr_line' id='line_1_41' title="bbox 254 1547 1045 1582; baseline -0.004 -6"><span class='ocrx_word' id='word_1_275' title='bbox 254 1549 412 1576; x_wconf 84' lang='lat' dir='ltr'>obfuturum</span> <span class='ocrx_word' id='word_1_276' title='bbox 425 1549 481 1576; x_wconf 89' lang='lat' dir='ltr'>illis</span> <span class='ocrx_word' id='word_1_277' title='bbox 495 1558 508 1576; x_wconf 92' lang='lat' dir='ltr'>e</span> <span class='ocrx_word' id='word_1_278' title='bbox 522 1549 660 1579; x_wconf 89' lang='lat' dir='ltr'>contrario,</span> <span class='ocrx_word' id='word_1_279' title='bbox 673 1548 722 1574; x_wconf 93' lang='lat' dir='ltr'>hoc</span> <span class='ocrx_word' id='word_1_280' title='bbox 733 1547 824 1574; x_wconf 87' lang='lat' dir='ltr'>modo:</span> <span class='ocrx_word' id='word_1_281' title='bbox 840 1547 943 1580; x_wconf 80' lang='lat' dir='ltr'>Quaero</span> <span class='ocrx_word' id='word_1_282' title='bbox 954 1547 1045 1582; x_wconf 80' lang='lat' dir='ltr'>igitur,</span> 
     </span>
    </p>
   </div>
   <div class='ocr_carea' id='block_1_5' title="bbox 254 1584 1049 1622">
    <p class='ocr_par' dir='ltr' id='par_1_8' title="bbox 254 1584 1049 1622">
     <span class='ocr_line' id='line_1_42' title="bbox 254 1584 1049 1622; baseline -0.004 -9"><span class='ocrx_word' id='word_1_283' title='bbox 254 1587 327 1613; x_wconf 90' lang='lat' dir='ltr'>unde</span> <span class='ocrx_word' id='word_1_284' title='bbox 345 1587 394 1613; x_wconf 91' lang='lat' dir='ltr'>iste</span> <span class='ocrx_word' id='word_1_285' title='bbox 412 1591 465 1614; x_wconf 82' lang='lat' dir='ltr'>tam</span> <span class='ocrx_word' id='word_1_286' title='bbox 484 1587 646 1622; x_wconf 84' lang='lat' dir='ltr'>pecuniosus</span> <span class='ocrx_word' id='word_1_287' title='bbox 664 1586 699 1612; x_wconf 90' lang='lat' dir='ltr'>sit</span> <span class='ocrx_word' id='word_1_288' title='bbox 713 1584 808 1611; x_wconf 85' lang='lat' dir='ltr'>factus.</span> <span class='ocrx_word' id='word_1_289' title='bbox 823 1584 952 1619; x_wconf 83' lang='lat' dir='ltr'>Amplum</span> <span class='ocrx_word' id='word_1_290' title='bbox 967 1585 1049 1619; x_wconf 86' lang='lat' dir='ltr'>patri-</span> 
     </span>
    </p>
   </div>
   <div class='ocr_carea' id='block_1_6' title="bbox 1070 1551 1073 1563">
    <p class='ocr_par' dir='ltr' id='par_1_9' title="bbox 1070 1551 1073 1563">
     <span class='ocr_line' id='line_1_43' title="bbox 1070 1551 1073 1563; baseline 0 0"><span class='ocrx_word' id='word_1_291' title='bbox 1070 1551 1073 1563; x_wconf 87' lang='grc' dir='ltr'>Ι</span> 
     </span>
    </p>
   </div>
   <div class='ocr_carea' id='block_1_7' title="bbox 254 1619 1079 1658">
    <p class='ocr_par' dir='ltr' id='par_1_10' title="bbox 254 1619 1079 1658">
     <span class='ocr_line' id='line_1_44' title="bbox 254 1619 1079 1658; baseline -0.005 -7"><span class='ocrx_word' id='word_1_292' title='bbox 254 1625 375 1651; x_wconf 91' lang='lat' dir='ltr'>monium</span> <span class='ocrx_word' id='word_1_293' title='bbox 389 1624 512 1651; x_wconf 89' lang='lat' dir='ltr'>relictum</span> <span class='ocrx_word' id='word_1_294' title='bbox 527 1623 584 1650; x_wconf 83' lang='lat' dir='ltr'>est‘?</span> <span class='ocrx_word' id='word_1_295' title='bbox 604 1627 629 1650; x_wconf 85' lang='lat' dir='ltr'>at</span> <span class='ocrx_word' id='word_1_296' title='bbox 642 1623 725 1658; x_wconf 89' lang='lat' dir='ltr'>patris</span> <span class='ocrx_word' id='word_1_297' title='bbox 739 1622 807 1649; x_wconf 87' lang='lat' dir='ltr'>bona</span> <span class='ocrx_word' id='word_1_298' title='bbox 822 1623 972 1648; x_wconf 84' lang='lat' dir='ltr'>venierunt.</span> <span class='ocrx_word' id='word_1_299' title='bbox 997 1622 1049 1648; x_wconf 86' lang='lat' dir='ltr'>He·</span> <span class='ocrx_word' id='word_1_300' title='bbox 1070 1619 1079 1656; x_wconf 16' lang='lat' dir='ltr'>*i</span> 
     </span>
    </p>
   </div>
   <div class='ocr_carea' id='block_1_8' title="bbox 254 1659 1074 2737">
    <p class='ocr_par' dir='ltr' id='par_1_11' title="bbox 254 1659 1074 2737">
     <span class='ocr_line' id='line_1_45' title="bbox 254 1659 1073 1697; baseline -0.004 -9"><span class='ocrx_word' id='word_1_301' title='bbox 254 1661 352 1688; x_wconf 84' lang='lat' dir='ltr'>reditas</span> <span class='ocrx_word' id='word_1_302' title='bbox 363 1661 452 1697; x_wconf 89' lang='lat' dir='ltr'>aliqua</span> <span class='ocrx_word' id='word_1_303' title='bbox 467 1661 558 1688; x_wconf 76' lang='lat' dir='ltr'>venit‘?</span> <span class='ocrx_word' id='word_1_304' title='bbox 576 1669 627 1687; x_wconf 92' lang='lat' dir='ltr'>non</span> <span class='ocrx_word' id='word_1_305' title='bbox 641 1664 728 1695; x_wconf 88' lang='lat' dir='ltr'>potest</span> <span class='ocrx_word' id='word_1_306' title='bbox 741 1659 803 1691; x_wconf 91' lang='lat' dir='ltr'>dici,</span> <span class='ocrx_word' id='word_1_307' title='bbox 819 1659 866 1685; x_wconf 88' lang='lat' dir='ltr'>sed</span> <span class='ocrx_word' id='word_1_308' title='bbox 881 1660 958 1685; x_wconf 88' lang='lat' dir='ltr'>etiam</span> <span class='ocrx_word' id='word_1_309' title='bbox 974 1668 987 1685; x_wconf 91' lang='lat' dir='ltr'>a</span> <span class='ocrx_word' id='word_1_310' title='bbox 1002 1667 1049 1685; x_wconf 92' lang='lat' dir='ltr'>ne-</span> <span class='ocrx_word' id='word_1_311' title='bbox 1070 1661 1073 1686; x_wconf 67' lang='lat'>¹.</span> 
     </span>
     <span class='ocr_line' id='line_1_46' title="bbox 254 1696 1073 1731; baseline -0.006 -5"><span class='ocrx_word' id='word_1_312' title='bbox 254 1699 377 1726; x_wconf 89' lang='lat' dir='ltr'>cessariis</span> <span class='ocrx_word' id='word_1_313' title='bbox 388 1699 514 1726; x_wconf 89' lang='lat' dir='ltr'>omnibus</span> <span class='ocrx_word' id='word_1_314' title='bbox 525 1698 701 1725; x_wconf 81' lang='lat' dir='ltr'>exheredatus</span> <span class='ocrx_word' id='word_1_315' title='bbox 712 1701 761 1723; x_wconf 87' lang='lat' dir='ltr'>est.</span> <span class='ocrx_word' id='word_1_316' title='bbox 777 1697 928 1723; x_wconf 87' lang='lat' dir='ltr'>Praemium</span> <span class='ocrx_word' id='word_1_317' title='bbox 939 1696 1048 1731; x_wconf 83' lang='lat' dir='ltr'>aliquod</span> <span class='ocrx_word' id='word_1_318' title='bbox 1070 1696 1073 1728; x_wconf 59' lang='grc' dir='ltr'><strong>ξ</strong></span> 
     </span>
     <span class='ocr_line' id='line_1_47' title="bbox 254 1733 1073 1770; baseline -0.005 -7"><span class='ocrx_word' id='word_1_319' title='bbox 254 1745 288 1763; x_wconf 87' lang='lat' dir='ltr'>ex</span> <span class='ocrx_word' id='word_1_320' title='bbox 302 1736 347 1763; x_wconf 89' lang='lat' dir='ltr'>lite</span> <span class='ocrx_word' id='word_1_321' title='bbox 361 1740 406 1762; x_wconf 82' lang='lat' dir='ltr'>aut</span> <span class='ocrx_word' id='word_1_322' title='bbox 418 1736 519 1763; x_wconf 91' lang='lat' dir='ltr'>iudicio</span> <span class='ocrx_word' id='word_1_323' title='bbox 532 1734 620 1770; x_wconf 67' lang='lat' dir='ltr'>cepit?</span> <span class='ocrx_word' id='word_1_324' title='bbox 645 1743 697 1761; x_wconf 94' lang='lat' dir='ltr'>non</span> <span class='ocrx_word' id='word_1_325' title='bbox 711 1734 790 1761; x_wconf 90' lang='lat' dir='ltr'>modo</span> <span class='ocrx_word' id='word_1_326' title='bbox 803 1734 831 1760; x_wconf 91' lang='lat' dir='ltr'>id</span> <span class='ocrx_word' id='word_1_327' title='bbox 845 1743 897 1760; x_wconf 89' lang='lat' dir='ltr'>non</span> <span class='ocrx_word' id='word_1_328' title='bbox 911 1733 980 1765; x_wconf 75' lang='lat' dir='ltr'>fecit,</span> <span class='ocrx_word' id='word_1_329' title='bbox 1001 1733 1049 1760; x_wconf 88' lang='lat' dir='ltr'>sed</span> <span class='ocrx_word' id='word_1_330' title='bbox 1070 1756 1073 1765; x_wconf 63' lang='grc'>,</span> 
     </span>
     <span class='ocr_line' id='line_1_48' title="bbox 254 1771 1073 1809; baseline -0.005 -9"><span class='ocrx_word' id='word_1_331' title='bbox 254 1774 333 1800; x_wconf 89' lang='lat' dir='ltr'>etiam</span> <span class='ocrx_word' id='word_1_332' title='bbox 347 1774 459 1809; x_wconf 89' lang='lat' dir='ltr'>insuper</span> <span class='ocrx_word' id='word_1_333' title='bbox 472 1774 530 1809; x_wconf 89' lang='lat' dir='ltr'>ipse</span> <span class='ocrx_word' id='word_1_334' title='bbox 543 1772 638 1809; x_wconf 81' lang='lat' dir='ltr'>grandi</span> <span class='ocrx_word' id='word_1_335' title='bbox 652 1773 795 1807; x_wconf 83' lang='lat' dir='ltr'>sponsione</span> <span class='ocrx_word' id='word_1_336' title='bbox 809 1771 896 1797; x_wconf 90' lang='lat' dir='ltr'>victus</span> <span class='ocrx_word' id='word_1_337' title='bbox 910 1775 959 1797; x_wconf 86' lang='lat' dir='ltr'>est.</span> <span class='ocrx_word' id='word_1_338' title='bbox 978 1771 1049 1807; x_wconf 84' lang='lat' dir='ltr'>Ergo</span> <span class='ocrx_word' id='word_1_339' title='bbox 1071 1779 1073 1804; x_wconf 60' lang='lat' dir='ltr'><em>g</em></span> 
     </span>
     <span class='ocr_line' id='line_1_49' title="bbox 255 1806 1073 1845; baseline -0.006 -7"><span class='ocrx_word' id='word_1_340' title='bbox 255 1812 278 1838; x_wconf 90' lang='lat' dir='ltr'>si</span> <span class='ocrx_word' id='word_1_341' title='bbox 301 1811 344 1837; x_wconf 89' lang='lat' dir='ltr'>his</span> <span class='ocrx_word' id='word_1_342' title='bbox 366 1811 514 1838; x_wconf 86' lang='lat' dir='ltr'>rationibus</span> <span class='ocrx_word' id='word_1_343' title='bbox 537 1809 714 1845; x_wconf 84' lang='lat' dir='ltr'>locupletatus</span> <span class='ocrx_word' id='word_1_344' title='bbox 737 1818 790 1835; x_wconf 90' lang='lat' dir='ltr'>non</span> <span class='ocrx_word' id='word_1_345' title='bbox 804 1813 852 1840; x_wconf 87' lang='lat' dir='ltr'>est,</span> <span class='ocrx_word' id='word_1_346' title='bbox 872 1809 942 1835; x_wconf 87' lang='lat' dir='ltr'>sicut</span> <span class='ocrx_word' id='word_1_347' title='bbox 955 1817 1048 1834; x_wconf 89' lang='lat' dir='ltr'>omnes</span> <span class='ocrx_word' id='word_1_348' title='bbox 1071 1806 1073 1832; x_wconf 68' lang='grc' dir='ltr'><strong>ἶ</strong></span> 
     </span>
     <span class='ocr_line' id='line_1_50' title="bbox 254 1833 1074 1879; baseline -0.005 -4"><span class='ocrx_word' id='word_1_349' title='bbox 254 1848 361 1879; x_wconf 82' lang='lat' dir='ltr'>videtis,</span> <span class='ocrx_word' id='word_1_350' title='bbox 382 1852 427 1875; x_wconf 88' lang='lat' dir='ltr'>aut</span> <span class='ocrx_word' id='word_1_351' title='bbox 440 1849 484 1875; x_wconf 89' lang='lat' dir='ltr'>isti</span> <span class='ocrx_word' id='word_1_352' title='bbox 498 1848 570 1874; x_wconf 91' lang='lat' dir='ltr'>domi</span> <span class='ocrx_word' id='word_1_353' title='bbox 584 1847 702 1874; x_wconf 84' lang='lat' dir='ltr'>nascitur</span> <span class='ocrx_word' id='word_1_354' title='bbox 715 1855 820 1877; x_wconf 89' lang='lat' dir='ltr'>aurum,</span> <span class='ocrx_word' id='word_1_355' title='bbox 840 1850 894 1877; x_wconf 84' lang='lat' dir='ltr'>aut,</span> <span class='ocrx_word' id='word_1_356' title='bbox 910 1846 982 1872; x_wconf 88' lang='lat' dir='ltr'>unde</span> <span class='ocrx_word' id='word_1_357' title='bbox 996 1854 1049 1872; x_wconf 92' lang='lat' dir='ltr'>non</span> <span class='ocrx_word' id='word_1_358' title='bbox 1071 1833 1074 1864; x_wconf 80' lang='lat' dir='ltr'>l</span> 
     </span>
     <span class='ocr_line' id='line_1_51' title="bbox 255 1866 1073 1920; baseline -0.001 -8"><span class='ocrx_word' id='word_1_359' title='bbox 255 1890 295 1912; x_wconf 89' lang='lat' dir='ltr'>est</span> <span class='ocrx_word' id='word_1_360' title='bbox 309 1885 422 1917; x_wconf 90' lang='lat' dir='ltr'>licitum,</span> <span class='ocrx_word' id='word_1_361' title='bbox 438 1886 567 1920; x_wconf 86' lang='lat' dir='ltr'>pecunias</span> <span class='ocrx_word' id='word_1_362' title='bbox 577 1885 687 1919; x_wconf 85' lang='lat' dir='ltr'>accepit.</span> <span class='ocrx_word' id='word_1_363' title='bbox 720 1884 818 1910; x_wconf 86' lang='lat' dir='ltr'>XXIV.</span> <span class='ocrx_word' id='word_1_364' title='bbox 843 1884 923 1909; x_wconf 91' lang='lat' dir='ltr'>Item:</span> <span class='ocrx_word' id='word_1_365' title='bbox 952 1882 1046 1917; x_wconf 82' lang='lat' dir='ltr'>Saepe,</span> <span class='ocrx_word' id='word_1_366' title='bbox 1070 1866 1073 1911; x_wconf 84' lang='lat' dir='ltr'>l</span> 
     </span>
     <span class='ocr_line' id='line_1_52' title="bbox 254 1920 1046 1956; baseline -0.004 -7"><span class='ocrx_word' id='word_1_367' title='bbox 254 1923 367 1954; x_wconf 79' lang='lat' dir='ltr'>iudices,</span> <span class='ocrx_word' id='word_1_368' title='bbox 392 1923 576 1954; x_wconf 86' lang='lat' dir='ltr'>animadverti,</span> <span class='ocrx_word' id='word_1_369' title='bbox 601 1921 700 1949; x_wconf 82' lang='lat' dir='ltr'>multos</span> <span class='ocrx_word' id='word_1_370' title='bbox 723 1921 813 1956; x_wconf 90' lang='lat' dir='ltr'>aliqua</span> <span class='ocrx_word' id='word_1_371' title='bbox 831 1929 865 1947; x_wconf 84' lang='lat' dir='ltr'>ex</span> <span class='ocrx_word' id='word_1_372' title='bbox 882 1920 992 1947; x_wconf 87' lang='lat' dir='ltr'>honesta</span> <span class='ocrx_word' id='word_1_373' title='bbox 1010 1929 1046 1951; x_wconf 85' lang='lat' dir='ltr'>re,</span> 
     </span>
     <span class='ocr_line' id='line_1_53' title="bbox 254 1958 1050 1996; baseline -0.005 -9"><span class='ocrx_word' id='word_1_374' title='bbox 254 1969 336 1996; x_wconf 91' lang='lat' dir='ltr'>quam</span> <span class='ocrx_word' id='word_1_375' title='bbox 351 1969 383 1987; x_wconf 84' lang='lat' dir='ltr'>ne</span> <span class='ocrx_word' id='word_1_376' title='bbox 396 1961 498 1987; x_wconf 91' lang='lat' dir='ltr'>inimici</span> <span class='ocrx_word' id='word_1_377' title='bbox 512 1960 623 1995; x_wconf 88' lang='lat' dir='ltr'>quidem</span> <span class='ocrx_word' id='word_1_378' title='bbox 636 1959 772 1986; x_wconf 89' lang='lat' dir='ltr'>criminari</span> <span class='ocrx_word' id='word_1_379' title='bbox 785 1959 896 1993; x_wconf 83' lang='lat' dir='ltr'>possint,</span> <span class='ocrx_word' id='word_1_380' title='bbox 909 1958 962 1984; x_wconf 90' lang='lat' dir='ltr'>sibi</span> <span class='ocrx_word' id='word_1_381' title='bbox 973 1966 1050 1993; x_wconf 88' lang='lat' dir='ltr'>prae-</span> 
     </span>
     <span class='ocr_line' id='line_1_54' title="bbox 254 1995 1050 2033; baseline -0.004 -9"><span class='ocrx_word' id='word_1_382' title='bbox 254 1997 356 2024; x_wconf 89' lang='lat' dir='ltr'>sidium</span> <span class='ocrx_word' id='word_1_383' title='bbox 370 2002 473 2032; x_wconf 80' lang='lat' dir='ltr'>petere3</span> <span class='ocrx_word' id='word_1_384' title='bbox 501 2006 617 2033; x_wconf 87' lang='lat' dir='ltr'>quorum</span> <span class='ocrx_word' id='word_1_385' title='bbox 636 1996 703 2023; x_wconf 90' lang='lat' dir='ltr'>nihil</span> <span class='ocrx_word' id='word_1_386' title='bbox 722 2000 808 2030; x_wconf 88' lang='lat' dir='ltr'>potest</span> <span class='ocrx_word' id='word_1_387' title='bbox 826 1996 995 2022; x_wconf 82' lang='lat' dir='ltr'>adversarius</span> <span class='ocrx_word' id='word_1_388' title='bbox 1010 1995 1050 2021; x_wconf 82' lang='lat' dir='ltr'>fa—</span> 
     </span>
     <span class='ocr_line' id='line_1_55' title="bbox 254 2032 1050 2069; baseline -0.004 -8"><span class='ocrx_word' id='word_1_389' title='bbox 254 2043 323 2061; x_wconf 84' lang='lat' dir='ltr'>cere.</span> <span class='ocrx_word' id='word_1_390' title='bbox 357 2036 424 2061; x_wconf 90' lang='lat' dir='ltr'>Nam</span> <span class='ocrx_word' id='word_1_391' title='bbox 442 2039 534 2062; x_wconf 88' lang='lat' dir='ltr'>utrum</span> <span class='ocrx_word' id='word_1_392' title='bbox 552 2034 585 2061; x_wconf 90' lang='lat' dir='ltr'>ad</span> <span class='ocrx_word' id='word_1_393' title='bbox 604 2035 686 2069; x_wconf 85' lang='lat' dir='ltr'>patris</span> <span class='ocrx_word' id='word_1_394' title='bbox 700 2034 827 2060; x_wconf 84' lang='lat' dir='ltr'>virtutem</span> <span class='ocrx_word' id='word_1_395' title='bbox 844 2032 998 2069; x_wconf 67' lang='lat' dir='ltr'>confugiet?</span> <span class='ocrx_word' id='word_1_396' title='bbox 1024 2036 1050 2059; x_wconf 86' lang='lat' dir='ltr'>at</span> 
     </span>
     <span class='ocr_line' id='line_1_56' title="bbox 254 2070 1072 2107; baseline -0.002 -9"><span class='ocrx_word' id='word_1_397' title='bbox 254 2081 317 2098; x_wconf 91' lang='lat' dir='ltr'>eum</span> <span class='ocrx_word' id='word_1_398' title='bbox 331 2081 379 2098; x_wconf 89' lang='lat' dir='ltr'>vos</span> <span class='ocrx_word' id='word_1_399' title='bbox 392 2073 472 2098; x_wconf 89' lang='lat' dir='ltr'>iurati</span> <span class='ocrx_word' id='word_1_400' title='bbox 485 2073 570 2107; x_wconf 88' lang='lat' dir='ltr'>capite</span> <span class='ocrx_word' id='word_1_401' title='bbox 584 2071 741 2098; x_wconf 89' lang='lat' dir='ltr'>damnastis.</span> <span class='ocrx_word' id='word_1_402' title='bbox 766 2071 808 2097; x_wconf 85' lang='lat' dir='ltr'>An</span> <span class='ocrx_word' id='word_1_403' title='bbox 822 2070 854 2097; x_wconf 89' lang='lat' dir='ltr'>ad</span> <span class='ocrx_word' id='word_1_404' title='bbox 868 2079 945 2096; x_wconf 88' lang='lat' dir='ltr'>suam</span> <span class='ocrx_word' id='word_1_405' title='bbox 959 2078 1050 2097; x_wconf 89' lang='lat' dir='ltr'>rever-</span> <span class='ocrx_word' id='word_1_406' title='bbox 1070 2098 1072 2104; x_wconf 61' lang='lat'>.</span> 
     </span>
     <span class='ocr_line' id='line_1_57' title="bbox 256 2107 1072 2144; baseline -0.004 -8"><span class='ocrx_word' id='word_1_407' title='bbox 256 2113 325 2136; x_wconf 89' lang='lat' dir='ltr'>tetur</span> <span class='ocrx_word' id='word_1_408' title='bbox 338 2110 475 2144; x_wconf 83' lang='lat' dir='ltr'>antiquam</span> <span class='ocrx_word' id='word_1_409' title='bbox 490 2110 581 2140; x_wconf 82' lang='lat' dir='ltr'>vitam,</span> <span class='ocrx_word' id='word_1_410' title='bbox 598 2109 697 2135; x_wconf 88' lang='lat' dir='ltr'>alicubi</span> <span class='ocrx_word' id='word_1_411' title='bbox 716 2108 826 2135; x_wconf 86' lang='lat' dir='ltr'>honeste</span> <span class='ocrx_word' id='word_1_412' title='bbox 844 2107 998 2134; x_wconf 70' lang='lat' dir='ltr'>tractatam?</span> <span class='ocrx_word' id='word_1_413' title='bbox 1023 2112 1049 2133; x_wconf 88' lang='lat' dir='ltr'>at</span> <span class='ocrx_word' id='word_1_414' title='bbox 1070 2118 1072 2128; x_wconf 61' lang='lat' dir='ltr'><strong>v</strong></span> 
     </span>
     <span class='ocr_line' id='line_1_58' title="bbox 256 2129 1073 2181; baseline -0.002 -8"><span class='ocrx_word' id='word_1_415' title='bbox 256 2147 299 2173; x_wconf 91' lang='lat' dir='ltr'>hic</span> <span class='ocrx_word' id='word_1_416' title='bbox 312 2146 423 2181; x_wconf 90' lang='lat' dir='ltr'>quidem</span> <span class='ocrx_word' id='word_1_417' title='bbox 437 2151 497 2173; x_wconf 86' lang='lat' dir='ltr'>ante</span> <span class='ocrx_word' id='word_1_418' title='bbox 510 2146 601 2173; x_wconf 89' lang='lat' dir='ltr'>oculos</span> <span class='ocrx_word' id='word_1_419' title='bbox 615 2150 716 2172; x_wconf 87' lang='lat' dir='ltr'>vestros</span> <span class='ocrx_word' id='word_1_420' title='bbox 730 2145 864 2180; x_wconf 92' lang='lat' dir='ltr'>quomodo</span> <span class='ocrx_word' id='word_1_421' title='bbox 878 2145 983 2175; x_wconf 80' lang='lat' dir='ltr'>vixerit,</span> <span class='ocrx_word' id='word_1_422' title='bbox 996 2145 1050 2171; x_wconf 90' lang='lat' dir='ltr'>sci-</span> <span class='ocrx_word' id='word_1_423' title='bbox 1070 2129 1073 2176; x_wconf 78' lang='lat' dir='ltr'>l</span> 
     </span>
     <span class='ocr_line' id='line_1_59' title="bbox 255 2183 1073 2219; baseline -0.004 -9"><span class='ocrx_word' id='word_1_424' title='bbox 255 2184 289 2210; x_wconf 88' lang='lat' dir='ltr'>tis</span> <span class='ocrx_word' id='word_1_425' title='bbox 303 2192 405 2210; x_wconf 90' lang='lat' dir='ltr'>omnes.</span> <span class='ocrx_word' id='word_1_426' title='bbox 427 2183 469 2210; x_wconf 76' lang='lat' dir='ltr'>An</span> <span class='ocrx_word' id='word_1_427' title='bbox 482 2188 607 2219; x_wconf 85' lang='lat' dir='ltr'>cognatos</span> <span class='ocrx_word' id='word_1_428' title='bbox 620 2192 684 2210; x_wconf 90' lang='lat' dir='ltr'>suos</span> <span class='ocrx_word' id='word_1_429' title='bbox 698 2183 873 2213; x_wconf 81' lang='lat' dir='ltr'>enumerabit,</span> <span class='ocrx_word' id='word_1_430' title='bbox 886 2183 987 2217; x_wconf 89' lang='lat' dir='ltr'>quibus</span> <span class='ocrx_word' id='word_1_431' title='bbox 1001 2190 1048 2208; x_wconf 80' lang='lat' dir='ltr'>vos</span> <span class='ocrx_word' id='word_1_432' title='bbox 1071 2184 1073 2207; x_wconf 73' lang='grc' dir='ltr'>ἰ</span> 
     </span>
     <span class='ocr_line' id='line_1_60' title="bbox 254 2213 1073 2255; baseline -0.004 -7"><span class='ocrx_word' id='word_1_433' title='bbox 254 2221 395 2248; x_wconf 85' lang='lat' dir='ltr'>conveniat</span> <span class='ocrx_word' id='word_1_434' title='bbox 407 2220 586 2247; x_wconf 73' lang='lat' dir='ltr'>commoveri?</span> <span class='ocrx_word' id='word_1_435' title='bbox 605 2225 631 2247; x_wconf 84' lang='lat' dir='ltr'>at</span> <span class='ocrx_word' id='word_1_436' title='bbox 645 2220 673 2247; x_wconf 89' lang='lat' dir='ltr'>hi</span> <span class='ocrx_word' id='word_1_437' title='bbox 686 2220 797 2255; x_wconf 91' lang='lat' dir='ltr'>quidem</span> <span class='ocrx_word' id='word_1_438' title='bbox 808 2219 876 2246; x_wconf 90' lang='lat' dir='ltr'>nulli</span> <span class='ocrx_word' id='word_1_439' title='bbox 886 2224 958 2246; x_wconf 89' lang='lat' dir='ltr'>sunt.</span> <span class='ocrx_word' id='word_1_440' title='bbox 973 2219 1050 2246; x_wconf 79' lang='lat' dir='ltr'>Ami·</span> <span class='ocrx_word' id='word_1_441' title='bbox 1071 2213 1073 2239; x_wconf 68' lang='lat' dir='ltr'>l</span> 
     </span>
     <span class='ocr_line' id='line_1_61' title="bbox 254 2257 1073 2293; baseline -0.004 -8"><span class='ocrx_word' id='word_1_442' title='bbox 254 2267 299 2285; x_wconf 88' lang='lat' dir='ltr'>cos</span> <span class='ocrx_word' id='word_1_443' title='bbox 313 2257 445 2293; x_wconf 76' lang='lat' dir='ltr'>proferet‘.&gt;</span> <span class='ocrx_word' id='word_1_444' title='bbox 470 2262 496 2284; x_wconf 84' lang='lat' dir='ltr'>at</span> <span class='ocrx_word' id='word_1_445' title='bbox 513 2267 591 2284; x_wconf 90' lang='lat' dir='ltr'>nemo</span> <span class='ocrx_word' id='word_1_446' title='bbox 609 2262 656 2289; x_wconf 86' lang='lat' dir='ltr'>est,</span> <span class='ocrx_word' id='word_1_447' title='bbox 673 2258 721 2292; x_wconf 93' lang='lat' dir='ltr'>qui</span> <span class='ocrx_word' id='word_1_448' title='bbox 739 2258 791 2284; x_wconf 89' lang='lat' dir='ltr'>sibi</span> <span class='ocrx_word' id='word_1_449' title='bbox 805 2266 857 2283; x_wconf 92' lang='lat' dir='ltr'>non</span> <span class='ocrx_word' id='word_1_450' title='bbox 871 2262 949 2292; x_wconf 87' lang='lat' dir='ltr'>turpe</span> <span class='ocrx_word' id='word_1_451' title='bbox 963 2260 1046 2291; x_wconf 87' lang='lat' dir='ltr'>putet,</span> <span class='ocrx_word' id='word_1_452' title='bbox 1071 2259 1073 2285; x_wconf 70' lang='grc' dir='ltr'>ἰ</span> 
     </span>
     <span class='ocr_line' id='line_1_62' title="bbox 256 2291 1072 2325; baseline -0.004 -3"><span class='ocrx_word' id='word_1_453' title='bbox 256 2296 334 2322; x_wconf 86' lang='lat' dir='ltr'>istius</span> <span class='ocrx_word' id='word_1_454' title='bbox 356 2296 473 2322; x_wconf 86' lang='lat' dir='ltr'>amicum</span> <span class='ocrx_word' id='word_1_455' title='bbox 495 2296 635 2322; x_wconf 86' lang='lat' dir='ltr'>nominari.</span> <span class='ocrx_word' id='word_1_456' title='bbox 668 2295 748 2321; x_wconf 86' lang='lat' dir='ltr'>Item:</span> <span class='ocrx_word' id='word_1_457' title='bbox 779 2294 872 2325; x_wconf 75' lang='lat' dir='ltr'>Credo,</span> <span class='ocrx_word' id='word_1_458' title='bbox 895 2294 1046 2324; x_wconf 89' lang='lat' dir='ltr'>inimicum,</span> <span class='ocrx_word' id='word_1_459' title='bbox 1070 2291 1072 2310; x_wconf 63' lang='lat'><em>³</em></span> 
     </span>
     <span class='ocr_line' id='line_1_63' title="bbox 255 2330 1046 2368; baseline -0.004 -9"><span class='ocrx_word' id='word_1_460' title='bbox 255 2341 337 2368; x_wconf 87' lang='lat' dir='ltr'>quem</span> <span class='ocrx_word' id='word_1_461' title='bbox 351 2337 488 2359; x_wconf 89' lang='lat' dir='ltr'>nocentem</span> <span class='ocrx_word' id='word_1_462' title='bbox 503 2333 625 2368; x_wconf 83' lang='lat' dir='ltr'>putabas,</span> <span class='ocrx_word' id='word_1_463' title='bbox 640 2332 806 2358; x_wconf 87' lang='lat' dir='ltr'>iniudicium</span> <span class='ocrx_word' id='word_1_464' title='bbox 816 2330 971 2357; x_wconf 72' lang='lat' dir='ltr'>adduxisti?</span> <span class='ocrx_word' id='word_1_465' title='bbox 980 2339 1046 2357; x_wconf 90' lang='lat' dir='ltr'>non:</span> 
     </span>
     <span class='ocr_line' id='line_1_64' title="bbox 257 2368 1050 2405; baseline -0.003 -9"><span class='ocrx_word' id='word_1_466' title='bbox 257 2379 317 2396; x_wconf 89' lang='lat' dir='ltr'>nam</span> <span class='ocrx_word' id='word_1_467' title='bbox 332 2369 517 2396; x_wconf 86' lang='lat' dir='ltr'>indemnatum</span> <span class='ocrx_word' id='word_1_468' title='bbox 531 2370 639 2396; x_wconf 88' lang='lat' dir='ltr'>necasti.</span> <span class='ocrx_word' id='word_1_469' title='bbox 655 2370 748 2405; x_wconf 80' lang='lat' dir='ltr'>Leges,</span> <span class='ocrx_word' id='word_1_470' title='bbox 765 2377 833 2404; x_wconf 87' lang='lat' dir='ltr'>quae</span> <span class='ocrx_word' id='word_1_471' title='bbox 847 2369 875 2394; x_wconf 89' lang='lat' dir='ltr'>id</span> <span class='ocrx_word' id='word_1_472' title='bbox 888 2368 973 2394; x_wconf 81' lang='lat' dir='ltr'>facere</span> <span class='ocrx_word' id='word_1_473' title='bbox 987 2376 1050 2402; x_wconf 90' lang='lat' dir='ltr'>pro—</span> 
     </span>
     <span class='ocr_line' id='line_1_65' title="bbox 257 2405 1046 2442; baseline -0.003 -9"><span class='ocrx_word' id='word_1_474' title='bbox 257 2407 357 2438; x_wconf 90' lang='lat' dir='ltr'>hibent,</span> <span class='ocrx_word' id='word_1_475' title='bbox 377 2408 480 2434; x_wconf 88' lang='lat' dir='ltr'>veritus</span> <span class='ocrx_word' id='word_1_476' title='bbox 498 2406 546 2433; x_wconf 81' lang='lat' dir='ltr'>es‘?</span> <span class='ocrx_word' id='word_1_477' title='bbox 571 2411 597 2433; x_wconf 88' lang='lat' dir='ltr'>at</span> <span class='ocrx_word' id='word_1_478' title='bbox 614 2415 647 2433; x_wconf 90' lang='lat' dir='ltr'>ne</span> <span class='ocrx_word' id='word_1_479' title='bbox 661 2407 773 2442; x_wconf 89' lang='lat' dir='ltr'>scriptas</span> <span class='ocrx_word' id='word_1_480' title='bbox 787 2405 898 2441; x_wconf 91' lang='lat' dir='ltr'>quidem</span> <span class='ocrx_word' id='word_1_481' title='bbox 911 2405 1046 2431; x_wconf 89' lang='lat' dir='ltr'>iudicasti.</span> 
     </span>
     <span class='ocr_line' id='line_1_66' title="bbox 254 2442 1049 2479; baseline -0.004 -9"><span class='ocrx_word' id='word_1_482' title='bbox 254 2442 345 2477; x_wconf 87' lang='lat' dir='ltr'>Quum</span> <span class='ocrx_word' id='word_1_483' title='bbox 359 2445 418 2479; x_wconf 88' lang='lat' dir='ltr'>ipse</span> <span class='ocrx_word' id='word_1_484' title='bbox 431 2449 456 2471; x_wconf 89' lang='lat' dir='ltr'>te</span> <span class='ocrx_word' id='word_1_485' title='bbox 470 2444 567 2471; x_wconf 84' lang='lat' dir='ltr'>veteris</span> <span class='ocrx_word' id='word_1_486' title='bbox 581 2444 712 2470; x_wconf 86' lang='lat' dir='ltr'>amicitiae</span> <span class='ocrx_word' id='word_1_487' title='bbox 721 2442 967 2473; x_wconf 80' lang='lat' dir='ltr'>commonefaceret,</span> <span class='ocrx_word' id='word_1_488' title='bbox 976 2451 1049 2468; x_wconf 92' lang='lat' dir='ltr'>com-</span> 
     </span>
     <span class='ocr_line' id='line_1_67' title="bbox 255 2479 1049 2512; baseline -0.003 -5"><span class='ocrx_word' id='word_1_489' title='bbox 255 2485 344 2508; x_wconf 89' lang='lat' dir='ltr'>motus</span> <span class='ocrx_word' id='word_1_490' title='bbox 362 2481 409 2507; x_wconf 82' lang='lat' dir='ltr'>es‘?</span> <span class='ocrx_word' id='word_1_491' title='bbox 431 2486 456 2508; x_wconf 88' lang='lat' dir='ltr'>at</span> <span class='ocrx_word' id='word_1_492' title='bbox 469 2481 554 2508; x_wconf 88' lang='lat' dir='ltr'>nihilo</span> <span class='ocrx_word' id='word_1_493' title='bbox 568 2482 668 2512; x_wconf 85' lang='lat' dir='ltr'>minus,</span> <span class='ocrx_word' id='word_1_494' title='bbox 688 2481 735 2507; x_wconf 91' lang='lat' dir='ltr'>sed</span> <span class='ocrx_word' id='word_1_495' title='bbox 749 2481 828 2507; x_wconf 85' lang='lat' dir='ltr'>etiam</span> <span class='ocrx_word' id='word_1_496' title='bbox 842 2479 990 2506; x_wconf 85' lang='lat' dir='ltr'>studiosius</span> <span class='ocrx_word' id='word_1_497' title='bbox 1004 2488 1049 2506; x_wconf 90' lang='lat' dir='ltr'>oc-</span> 
     </span>
     <span class='ocr_line' id='line_1_68' title="bbox 254 2517 1050 2554; baseline -0.001 -10"><span class='ocrx_word' id='word_1_498' title='bbox 254 2518 354 2545; x_wconf 88' lang='lat' dir='ltr'>cidisti.</span> <span class='ocrx_word' id='word_1_499' title='bbox 387 2518 477 2550; x_wconf 76' lang='lat' dir='ltr'>Quid?</span> <span class='ocrx_word' id='word_1_500' title='bbox 497 2527 584 2554; x_wconf 89' lang='lat' dir='ltr'>quum</span> <span class='ocrx_word' id='word_1_501' title='bbox 602 2519 650 2545; x_wconf 90' lang='lat' dir='ltr'>tibi</span> <span class='ocrx_word' id='word_1_502' title='bbox 665 2519 740 2553; x_wconf 87' lang='lat' dir='ltr'>pueri</span> <span class='ocrx_word' id='word_1_503' title='bbox 754 2518 787 2544; x_wconf 90' lang='lat' dir='ltr'>ad</span> <span class='ocrx_word' id='word_1_504' title='bbox 801 2517 883 2554; x_wconf 89' lang='lat' dir='ltr'>pedes</span> <span class='ocrx_word' id='word_1_505' title='bbox 897 2517 1050 2543; x_wconf 88' lang='lat' dir='ltr'>volutaren-</span> 
     </span>
     <span class='ocr_line' id='line_1_69' title="bbox 256 2553 1072 2590; baseline -0.004 -8"><span class='ocrx_word' id='word_1_506' title='bbox 256 2560 307 2586; x_wconf 84' lang='lat' dir='ltr'>tur,</span> <span class='ocrx_word' id='word_1_507' title='bbox 324 2555 507 2582; x_wconf 85' lang='lat' dir='ltr'>misericordia</span> <span class='ocrx_word' id='word_1_508' title='bbox 520 2561 609 2582; x_wconf 89' lang='lat' dir='ltr'>motus</span> <span class='ocrx_word' id='word_1_509' title='bbox 627 2555 674 2582; x_wconf 77' lang='lat' dir='ltr'>es‘?</span> <span class='ocrx_word' id='word_1_510' title='bbox 693 2560 719 2582; x_wconf 90' lang='lat' dir='ltr'>at</span> <span class='ocrx_word' id='word_1_511' title='bbox 732 2564 824 2582; x_wconf 91' lang='lat' dir='ltr'>eorum</span> <span class='ocrx_word' id='word_1_512' title='bbox 838 2559 940 2590; x_wconf 86' lang='lat' dir='ltr'>patrem</span> <span class='ocrx_word' id='word_1_513' title='bbox 953 2553 1050 2580; x_wconf 85' lang='lat' dir='ltr'>crude-</span> <span class='ocrx_word' id='word_1_514' title='bbox 1070 2558 1072 2587; x_wconf 76' lang='grc' dir='ltr'>Ι</span> 
     </span>
     <span class='ocr_line' id='line_1_70' title="bbox 255 2590 1072 2629; baseline -0.004 -10"><span class='ocrx_word' id='word_1_515' title='bbox 255 2592 359 2619; x_wconf 87' lang='lat' dir='ltr'>lissime</span> <span class='ocrx_word' id='word_1_516' title='bbox 381 2592 519 2629; x_wconf 87' lang='lat' dir='ltr'>sepultura</span> <span class='ocrx_word' id='word_1_517' title='bbox 541 2602 649 2628; x_wconf 86' lang='lat' dir='ltr'>quoque</span> <span class='ocrx_word' id='word_1_518' title='bbox 670 2593 842 2628; x_wconf 86' lang='lat' dir='ltr'>prohibuisti.</span> <span class='ocrx_word' id='word_1_519' title='bbox 876 2592 918 2618; x_wconf 76' lang='lat'>34.</span> <span class='ocrx_word' id='word_1_520' title='bbox 933 2591 1048 2618; x_wconf 83' lang='lat' dir='ltr'>Multum</span> <span class='ocrx_word' id='word_1_521' title='bbox 1070 2590 1072 2620; x_wconf 74' lang='lat'>1</span> 
     </span>
     <span class='ocr_line' id='line_1_71' title="bbox 254 2621 1072 2666; baseline -0.004 -9"><span class='ocrx_word' id='word_1_522' title='bbox 254 2631 325 2657; x_wconf 86' lang='lat' dir='ltr'>inest</span> <span class='ocrx_word' id='word_1_523' title='bbox 338 2631 498 2657; x_wconf 87' lang='lat' dir='ltr'>acrimoniae</span> <span class='ocrx_word' id='word_1_524' title='bbox 511 2634 537 2656; x_wconf 87' lang='lat' dir='ltr'>et</span> <span class='ocrx_word' id='word_1_525' title='bbox 548 2631 687 2666; x_wconf 83' lang='lat' dir='ltr'>gravitatis</span> <span class='ocrx_word' id='word_1_526' title='bbox 700 2630 728 2656; x_wconf 90' lang='lat' dir='ltr'>in</span> <span class='ocrx_word' id='word_1_527' title='bbox 737 2629 787 2656; x_wconf 89' lang='lat' dir='ltr'>hac</span> <span class='ocrx_word' id='word_1_528' title='bbox 797 2629 975 2659; x_wconf 79' lang='lat' dir='ltr'>exornatione,</span> <span class='ocrx_word' id='word_1_529' title='bbox 987 2636 1050 2663; x_wconf 89' lang='lat' dir='ltr'>pro·</span> <span class='ocrx_word' id='word_1_530' title='bbox 1070 2621 1072 2644; x_wconf 76' lang='lat'>¹</span> 
     </span>
     <span class='ocr_line' id='line_1_72' title="bbox 255 2647 1073 2703; baseline -0.004 -9"><span class='ocrx_word' id='word_1_531' title='bbox 255 2672 344 2702; x_wconf 85' lang='lat' dir='ltr'>pterea</span> <span class='ocrx_word' id='word_1_532' title='bbox 357 2667 439 2703; x_wconf 77' lang='lat' dir='ltr'>quod,</span> <span class='ocrx_word' id='word_1_533' title='bbox 451 2676 537 2703; x_wconf 90' lang='lat' dir='ltr'>quum</span> <span class='ocrx_word' id='word_1_534' title='bbox 547 2668 700 2703; x_wconf 87' lang='lat' dir='ltr'>quaesitum</span> <span class='ocrx_word' id='word_1_535' title='bbox 710 2671 758 2698; x_wconf 90' lang='lat' dir='ltr'>est,</span> <span class='ocrx_word' id='word_1_536' title='bbox 770 2667 836 2702; x_wconf 87' lang='lat' dir='ltr'>quid</span> <span class='ocrx_word' id='word_1_537' title='bbox 846 2669 972 2701; x_wconf 88' lang='lat' dir='ltr'>oporteat,</span> <span class='ocrx_word' id='word_1_538' title='bbox 984 2665 1050 2691; x_wconf 88' lang='lat' dir='ltr'>sub-</span> <span class='ocrx_word' id='word_1_539' title='bbox 1070 2647 1073 2699; x_wconf 74' lang='lat' dir='ltr'>l</span> 
     </span>
     <span class='ocr_line' id='line_1_73' title="bbox 255 2702 1073 2737; baseline -0.004 -5"><span class='ocrx_word' id='word_1_540' title='bbox 255 2705 345 2732; x_wconf 87' lang='lat' dir='ltr'>iicitur</span> <span class='ocrx_word' id='word_1_541' title='bbox 357 2705 386 2732; x_wconf 89' lang='lat' dir='ltr'>id</span> <span class='ocrx_word' id='word_1_542' title='bbox 399 2713 452 2732; x_wconf 89' lang='lat' dir='ltr'>non</span> <span class='ocrx_word' id='word_1_543' title='bbox 465 2713 525 2732; x_wconf 83' lang='lat' dir='ltr'>esse</span> <span class='ocrx_word' id='word_1_544' title='bbox 538 2704 647 2732; x_wconf 82' lang='lat' dir='ltr'>factum.</span> <span class='ocrx_word' id='word_1_545' title='bbox 669 2703 756 2737; x_wconf 87' lang='lat' dir='ltr'>Quare</span> <span class='ocrx_word' id='word_1_546' title='bbox 769 2703 896 2731; x_wconf 82' lang='lat' dir='ltr'>facillime</span> <span class='ocrx_word' id='word_1_547' title='bbox 909 2702 947 2735; x_wconf 79' lang='lat' dir='ltr'>fit,</span> <span class='ocrx_word' id='word_1_548' title='bbox 962 2706 993 2729; x_wconf 92' lang='lat' dir='ltr'>ut</span> <span class='ocrx_word' id='word_1_549' title='bbox 1002 2710 1050 2729; x_wconf 85' lang='lat' dir='ltr'>ex·-</span> <span class='ocrx_word' id='word_1_550' title='bbox 1071 2705 1073 2732; x_wconf 82' lang='lat' dir='ltr'>i</span> 
     </span>
    </p>
   </div>
   <div class='ocr_carea' id='block_1_9' title="bbox 1070 2352 1072 2460">
    <p class='ocr_par' dir='ltr' id='par_1_12' title="bbox 1070 2352 1072 2460">
     <span class='ocr_line' id='line_1_74' title="bbox 1070 2352 1072 2460; baseline 0 0"><span class='ocrx_word' id='word_1_551' title='bbox 1070 2352 1072 2460; x_wconf 95' lang='lat' dir='ltr'> </span> 
     </span>
    </p>
   </div>
   <div class='ocr_carea' id='block_1_10' title="bbox 1069 2461 1073 2556">
    <p class='ocr_par' dir='ltr' id='par_1_13' title="bbox 1069 2461 1073 2556">
     <span class='ocr_line' id='line_1_75' title="bbox 1069 2461 1073 2556; baseline 0 496"><span class='ocrx_word' id='word_1_552' title='bbox 1069 2461 1073 2556; x_wconf 95' lang='lat' dir='ltr'> </span> 
     </span>
    </p>
   </div>
   <div class='ocr_carea' id='block_1_11' title="bbox 1070 1304 1079 1348">
    <p class='ocr_par' dir='ltr' id='par_1_14' title="bbox 1070 1304 1079 1348">
     <span class='ocr_line' id='line_1_76' title="bbox 1070 1304 1079 1348; baseline 0 -16"><span class='ocrx_word' id='word_1_553' title='bbox 1070 1304 1072 1348; x_wconf 63' lang='lat' dir='ltr'><strong>j</strong></span> <span class='ocrx_word' id='word_1_554' title='bbox 1078 1327 1079 1332; x_wconf 69' lang='grc'>,</span> 
     </span>
    </p>
   </div>
   <div class='ocr_carea' id='block_1_12' title="bbox 1070 2317 1079 2350">
    <p class='ocr_par' dir='ltr' id='par_1_15' title="bbox 1070 2317 1079 2350">
     <span class='ocr_line' id='line_1_77' title="bbox 1070 2317 1079 2350; baseline -0.222 0"><span class='ocrx_word' id='word_1_555' title='bbox 1070 2317 1072 2350; x_wconf 78' lang='grc' dir='ltr'>ῐ</span> <span class='ocrx_word' id='word_1_556' title='bbox 1078 2338 1079 2348; x_wconf 58' lang='grc'>,</span> 
     </span>
    </p>
   </div>
   <div class='ocr_carea' id='block_1_13' title="bbox 1094 169 1346 197">
    <p class='ocr_par' dir='ltr' id='par_1_16' title="bbox 1094 169 1346 197">
     <span class='ocr_line' id='line_1_78' title="bbox 1094 169 1346 197; baseline -0.008 0"><span class='ocrx_word' id='word_1_557' title='bbox 1094 169 1346 197; x_wconf 76' lang='lat' dir='ltr'>AUCTORIS</span> 
     </span>
    </p>
   </div>
   <div class='ocr_carea' id='block_1_14' title="bbox 1074 240 1890 454">
    <p class='ocr_par' dir='ltr' id='par_1_17' title="bbox 1074 240 1890 454">
     <span class='ocr_line' id='line_1_79' title="bbox 1096 240 1887 276; baseline 0.001 -9"><span class='ocrx_word' id='word_1_558' title='bbox 1096 246 1225 276; x_wconf 64' lang='lat' dir='ltr'>migrentur</span> <span class='ocrx_word' id='word_1_559' title='bbox 1239 241 1383 276; x_wconf 71' lang='lat' dir='ltr'>indignitas</span> <span class='ocrx_word' id='word_1_560' title='bbox 1398 240 1504 275; x_wconf 71' lang='lat' dir='ltr'>negaui.</span> <span class='ocrx_word' id='word_1_561' title='bbox 1532 240 1571 266; x_wconf 80' lang='lat' dir='ltr'>Ex</span> <span class='ocrx_word' id='word_1_562' title='bbox 1585 240 1676 266; x_wconf 84' lang='lat' dir='ltr'>eodem</span> <span class='ocrx_word' id='word_1_563' title='bbox 1690 248 1795 275; x_wconf 69' lang='lat' dir='ltr'>genere,</span> <span class='ocrx_word' id='word_1_564' title='bbox 1812 245 1841 268; x_wconf 92' lang='lat' dir='ltr'>ut</span> <span class='ocrx_word' id='word_1_565' title='bbox 1853 241 1887 268; x_wconf 86' lang='lat' dir='ltr'>ad</span> 
     </span>
     <span class='ocr_line' id='line_1_80' title="bbox 1098 277 1884 313; baseline -0.001 -8"><span class='ocrx_word' id='word_1_566' title='bbox 1098 284 1212 305; x_wconf 78' lang='lat' dir='ltr'>nostram</span> <span class='ocrx_word' id='word_1_567' title='bbox 1232 286 1339 313; x_wconf 81' lang='lat' dir='ltr'>quoquc</span> <span class='ocrx_word' id='word_1_568' title='bbox 1358 286 1496 312; x_wconf 73' lang='lat' dir='ltr'>personam</span> <span class='ocrx_word' id='word_1_569' title='bbox 1515 277 1661 303; x_wconf 76' lang='lat' dir='ltr'>referamus</span> <span class='ocrx_word' id='word_1_570' title='bbox 1683 278 1884 308; x_wconf 74' lang='lat' dir='ltr'>subiectionem,</span> 
     </span>
     <span class='ocr_line' id='line_1_81' title="bbox 1074 314 1887 351; baseline 0 -9"><span class='ocrx_word' id='word_1_571' title='bbox 1074 316 1075 323; x_wconf 61' lang='lat'>¹</span> <span class='ocrx_word' id='word_1_572' title='bbox 1097 318 1147 342; x_wconf 68' lang='lat' dir='ltr'>sic:</span> <span class='ocrx_word' id='word_1_573' title='bbox 1178 316 1242 342; x_wconf 73' lang='lat' dir='ltr'>Nam</span> <span class='ocrx_word' id='word_1_574' title='bbox 1266 315 1332 350; x_wconf 79' lang='lat' dir='ltr'>quid</span> <span class='ocrx_word' id='word_1_575' title='bbox 1355 324 1397 340; x_wconf 90' lang='lat' dir='ltr'>me</span> <span class='ocrx_word' id='word_1_576' title='bbox 1420 314 1503 340; x_wconf 76' lang='lat' dir='ltr'>Iacere</span> <span class='ocrx_word' id='word_1_577' title='bbox 1525 316 1656 344; x_wconf 73' lang='lat' dir='ltr'>convenit,</span> <span class='ocrx_word' id='word_1_578' title='bbox 1681 325 1765 351; x_wconf 82' lang='lat' dir='ltr'>quum</span> <span class='ocrx_word' id='word_1_579' title='bbox 1785 325 1798 342; x_wconf 80' lang='lat' dir='ltr'>a</span> <span class='ocrx_word' id='word_1_580' title='bbox 1817 321 1887 342; x_wconf 72' lang='lat' dir='ltr'>tauta</span> 
     </span>
     <span class='ocr_line' id='line_1_82' title="bbox 1097 352 1890 380; baseline 0.001 -3"><span class='ocrx_word' id='word_1_581' title='bbox 1097 353 1234 379; x_wconf 79' lang='lat' dir='ltr'>Gallorum</span> <span class='ocrx_word' id='word_1_582' title='bbox 1247 352 1418 378; x_wconf 86' lang='lat' dir='ltr'>multitudine</span> <span class='ocrx_word' id='word_1_583' title='bbox 1427 352 1654 378; x_wconf 71' lang='lat' dir='ltr'>circumsederer‘?</span> <span class='ocrx_word' id='word_1_584' title='bbox 1667 354 1705 379; x_wconf 71' lang='lat' dir='ltr'>An</span> <span class='ocrx_word' id='word_1_585' title='bbox 1716 352 1890 380; x_wconf 70' lang='lat' dir='ltr'>dirnicarem?</span> 
     </span>
     <span class='ocr_line' id='line_1_83' title="bbox 1098 389 1890 425; baseline 0.003 -10"><span class='ocrx_word' id='word_1_586' title='bbox 1098 396 1122 416; x_wconf 85' lang='lat' dir='ltr'>at</span> <span class='ocrx_word' id='word_1_587' title='bbox 1135 399 1220 424; x_wconf 81' lang='lat' dir='ltr'>quum</span> <span class='ocrx_word' id='word_1_588' title='bbox 1236 399 1314 424; x_wconf 79' lang='lat' dir='ltr'>parva</span> <span class='ocrx_word' id='word_1_589' title='bbox 1330 398 1409 415; x_wconf 83' lang='lat' dir='ltr'>manu</span> <span class='ocrx_word' id='word_1_590' title='bbox 1425 389 1600 424; x_wconf 73' lang='lat' dir='ltr'>prodiremus,</span> <span class='ocrx_word' id='word_1_591' title='bbox 1618 389 1704 416; x_wconf 71' lang='lat' dir='ltr'>locum</span> <span class='ocrx_word' id='word_1_592' title='bbox 1719 399 1827 425; x_wconf 76' lang='lat' dir='ltr'>quoque</span> <span class='ocrx_word' id='word_1_593' title='bbox 1838 391 1890 417; x_wconf 80' lang='lat' dir='ltr'>ini-</span> 
     </span>
     <span class='ocr_line' id='line_1_84' title="bbox 1099 426 1890 454; baseline 0.001 -1"><span class='ocrx_word' id='word_1_594' title='bbox 1099 428 1275 453; x_wconf 80' lang='lat' dir='ltr'>micissimum</span> <span class='ocrx_word' id='word_1_595' title='bbox 1291 427 1465 452; x_wconf 81' lang='lat' dir='ltr'>habebamus.</span> <span class='ocrx_word' id='word_1_596' title='bbox 1500 427 1624 452; x_wconf 68' lang='lat' dir='ltr'>sederem</span> <span class='ocrx_word' id='word_1_597' title='bbox 1640 429 1665 453; x_wconf 93' lang='lat' dir='ltr'>in</span> <span class='ocrx_word' id='word_1_598' title='bbox 1679 426 1791 453; x_wconf 69' lang='lat' dir='ltr'>eastris?</span> <span class='ocrx_word' id='word_1_599' title='bbox 1804 433 1829 454; x_wconf 87' lang='lat' dir='ltr'>at</span> <span class='ocrx_word' id='word_1_600' title='bbox 1843 436 1890 454; x_wconf 78' lang='lat' dir='ltr'>ne-</span> 
     </span>
    </p>
   </div>
   <div class='ocr_carea' id='block_1_15' title="bbox 1068 463 1890 503">
    <p class='ocr_par' dir='ltr' id='par_1_18' title="bbox 1068 463 1890 503">
     <span class='ocr_line' id='line_1_85' title="bbox 1068 463 1890 503; baseline 0.004 -15"><span class='ocrx_word' id='word_1_601' title='bbox 1068 473 1077 503; x_wconf 53' lang='lat'>1,</span> <span class='ocrx_word' id='word_1_602' title='bbox 1097 473 1150 500; x_wconf 87' lang='lat' dir='ltr'>que</span> <span class='ocrx_word' id='word_1_603' title='bbox 1169 464 1331 493; x_wconf 73' lang='lat' dir='ltr'>subsidium,</span> <span class='ocrx_word' id='word_1_604' title='bbox 1352 463 1423 498; x_wconf 82' lang='lat' dir='ltr'>quod</span> <span class='ocrx_word' id='word_1_605' title='bbox 1445 468 1635 498; x_wconf 73' lang='lat' dir='ltr'>exspectarem,</span> <span class='ocrx_word' id='word_1_606' title='bbox 1657 465 1831 495; x_wconf 77' lang='lat' dir='ltr'>habebamus,</span> <span class='ocrx_word' id='word_1_607' title='bbox 1844 474 1890 491; x_wconf 83' lang='lat' dir='ltr'>ne-</span> 
     </span>
    </p>
   </div>
   <div class='ocr_carea' id='block_1_16' title="bbox 1098 500 1894 1991">
    <p class='ocr_par' dir='ltr' id='par_1_19' title="bbox 1098 500 1892 826">
     <span class='ocr_line' id='line_1_86' title="bbox 1098 500 1890 537; baseline 0.001 -10"><span class='ocrx_word' id='word_1_608' title='bbox 1098 511 1150 537; x_wconf 87' lang='lat' dir='ltr'>que</span> <span class='ocrx_word' id='word_1_609' title='bbox 1165 506 1227 532; x_wconf 73' lang='lat' dir='ltr'>erat,</span> <span class='ocrx_word' id='word_1_610' title='bbox 1244 502 1290 536; x_wconf 86' lang='lat' dir='ltr'>qui</span> <span class='ocrx_word' id='word_1_611' title='bbox 1306 502 1386 527; x_wconf 78' lang='lat' dir='ltr'>vitam</span> <span class='ocrx_word' id='word_1_612' title='bbox 1402 500 1619 536; x_wconf 69' lang='lat' dir='ltr'>produc-eremus.</span> <span class='ocrx_word' id='word_1_613' title='bbox 1651 502 1739 528; x_wconf 79' lang='lat' dir='ltr'>Castra</span> <span class='ocrx_word' id='word_1_614' title='bbox 1755 502 1890 537; x_wconf 85' lang='lat' dir='ltr'>relinque-</span> 
     </span>
     <span class='ocr_line' id='line_1_87' title="bbox 1098 538 1892 570; baseline -0.001 -5"><span class='ocrx_word' id='word_1_615' title='bbox 1098 538 1172 565; x_wconf 77' lang='lat' dir='ltr'>rem‘!</span> <span class='ocrx_word' id='word_1_616' title='bbox 1195 544 1219 565; x_wconf 88' lang='lat' dir='ltr'>at</span> <span class='ocrx_word' id='word_1_617' title='bbox 1237 538 1437 564; x_wconf 81' lang='lat' dir='ltr'>obsidebamur.</span> <span class='ocrx_word' id='word_1_618' title='bbox 1473 538 1557 564; x_wconf 80' lang='lat' dir='ltr'>Vitam</span> <span class='ocrx_word' id='word_1_619' title='bbox 1577 538 1693 565; x_wconf 89' lang='lat' dir='ltr'>militum</span> <span class='ocrx_word' id='word_1_620' title='bbox 1708 538 1892 570; x_wconf 60' lang='lat' dir='ltr'>negligerem?</span> 
     </span>
     <span class='ocr_line' id='line_1_88' title="bbox 1098 570 1890 611; baseline 0 -9"><span class='ocrx_word' id='word_1_621' title='bbox 1098 581 1124 602; x_wconf 91' lang='lat' dir='ltr'>at</span> <span class='ocrx_word' id='word_1_622' title='bbox 1137 585 1165 602; x_wconf 87' lang='lat' dir='ltr'>ca</span> <span class='ocrx_word' id='word_1_623' title='bbox 1181 576 1290 602; x_wconf 77' lang='lat' dir='ltr'>videbar</span> <span class='ocrx_word' id='word_1_624' title='bbox 1304 585 1348 601; x_wconf 83' lang='lat' dir='ltr'>eos</span> <span class='ocrx_word' id='word_1_625' title='bbox 1363 576 1496 610; x_wconf 76' lang='lat' dir='ltr'>accepisse</span> <span class='ocrx_word' id='word_1_626' title='bbox 1506 575 1665 606; x_wconf 80' lang='lat' dir='ltr'>conditione.</span> <span class='ocrx_word' id='word_1_627' title='bbox 1679 581 1716 607; x_wconf 87' lang='lat' dir='ltr'>ut,</span> <span class='ocrx_word' id='word_1_628' title='bbox 1729 570 1817 611; x_wconf 72' lang='lat' dir='ltr'>quoad</span> <span class='ocrx_word' id='word_1_629' title='bbox 1829 585 1890 611; x_wconf 81' lang='lat' dir='ltr'>pos-</span> 
     </span>
     <span class='ocr_line' id='line_1_89' title="bbox 1098 613 1888 647; baseline 0 -8"><span class='ocrx_word' id='word_1_630' title='bbox 1098 622 1164 644; x_wconf 87' lang='lat' dir='ltr'>sem,</span> <span class='ocrx_word' id='word_1_631' title='bbox 1189 613 1336 640; x_wconf 80' lang='lat' dir='ltr'>incolumes</span> <span class='ocrx_word' id='word_1_632' title='bbox 1359 614 1456 647; x_wconf 83' lang='lat' dir='ltr'>patriae</span> <span class='ocrx_word' id='word_1_633' title='bbox 1475 617 1499 638; x_wconf 86' lang='lat' dir='ltr'>et</span> <span class='ocrx_word' id='word_1_634' title='bbox 1518 614 1673 647; x_wconf 84' lang='lat' dir='ltr'>parentibus</span> <span class='ocrx_word' id='word_1_635' title='bbox 1695 622 1888 640; x_wconf 78' lang='lat' dir='ltr'>conservarem.</span> 
     </span>
     <span class='ocr_line' id='line_1_90' title="bbox 1099 650 1892 686; baseline 0 -9"><span class='ocrx_word' id='word_1_636' title='bbox 1099 651 1219 677; x_wconf 87' lang='lat' dir='ltr'>llostium</span> <span class='ocrx_word' id='word_1_637' title='bbox 1233 650 1410 676; x_wconf 88' lang='lat' dir='ltr'>conditionem</span> <span class='ocrx_word' id='word_1_638' title='bbox 1426 650 1612 684; x_wconf 69' lang='lat' dir='ltr'>repudiarem?</span> <span class='ocrx_word' id='word_1_639' title='bbox 1632 656 1657 677; x_wconf 91' lang='lat' dir='ltr'>at</span> <span class='ocrx_word' id='word_1_640' title='bbox 1670 650 1744 677; x_wconf 84' lang='lat' dir='ltr'>salus</span> <span class='ocrx_word' id='word_1_641' title='bbox 1758 651 1892 686; x_wconf 85' lang='lat' dir='ltr'>antiquior</span> 
     </span>
     <span class='ocr_line' id='line_1_91' title="bbox 1098 687 1889 722; baseline 0 -8"><span class='ocrx_word' id='word_1_642' title='bbox 1098 693 1138 714; x_wconf 84' lang='lat' dir='ltr'>est</span> <span class='ocrx_word' id='word_1_643' title='bbox 1165 688 1294 717; x_wconf 86' lang='lat' dir='ltr'>militum.</span> <span class='ocrx_word' id='word_1_644' title='bbox 1324 696 1404 722; x_wconf 86' lang='lat' dir='ltr'>quam</span> <span class='ocrx_word' id='word_1_645' title='bbox 1432 687 1694 722; x_wconf 86' lang='lat' dir='ltr'>impedimentorum.</span> <span class='ocrx_word' id='word_1_646' title='bbox 1731 688 1889 714; x_wconf 77' lang='lat' dir='ltr'>Huiusmodi</span> 
     </span>
     <span class='ocr_line' id='line_1_92' title="bbox 1098 724 1890 759; baseline 0 -8"><span class='ocrx_word' id='word_1_647' title='bbox 1098 729 1300 759; x_wconf 77' lang='lat' dir='ltr'>consequuntur</span> <span class='ocrx_word' id='word_1_648' title='bbox 1315 724 1458 750; x_wconf 84' lang='lat' dir='ltr'>identidem</span> <span class='ocrx_word' id='word_1_649' title='bbox 1474 725 1662 755; x_wconf 78' lang='lat' dir='ltr'>subiectiones.</span> <span class='ocrx_word' id='word_1_650' title='bbox 1680 730 1708 751; x_wconf 90' lang='lat' dir='ltr'>ut</span> <span class='ocrx_word' id='word_1_651' title='bbox 1721 734 1755 752; x_wconf 80' lang='lat' dir='ltr'>ex</span> <span class='ocrx_word' id='word_1_652' title='bbox 1764 726 1890 752; x_wconf 81' lang='lat' dir='ltr'>omnibus</span> 
     </span>
     <span class='ocr_line' id='line_1_93' title="bbox 1098 762 1888 798; baseline 0.001 -10"><span class='ocrx_word' id='word_1_653' title='bbox 1098 763 1201 788; x_wconf 89' lang='lat' dir='ltr'>ostendi</span> <span class='ocrx_word' id='word_1_654' title='bbox 1217 762 1346 792; x_wconf 76' lang='lat' dir='ltr'>videatur,</span> <span class='ocrx_word' id='word_1_655' title='bbox 1363 762 1430 788; x_wconf 91' lang='lat' dir='ltr'>nihil</span> <span class='ocrx_word' id='word_1_656' title='bbox 1445 762 1543 796; x_wconf 81' lang='lat' dir='ltr'>potius.</span> <span class='ocrx_word' id='word_1_657' title='bbox 1559 769 1640 796; x_wconf 89' lang='lat' dir='ltr'>quam</span> <span class='ocrx_word' id='word_1_658' title='bbox 1651 762 1723 798; x_wconf 86' lang='lat' dir='ltr'>quod</span> <span class='ocrx_word' id='word_1_659' title='bbox 1735 762 1834 789; x_wconf 78' lang='lat' dir='ltr'>Iactum</span> <span class='ocrx_word' id='word_1_660' title='bbox 1844 763 1888 794; x_wconf 80' lang='lat' dir='ltr'>sit.</span> 
     </span>
     <span class='ocr_line' id='line_1_94' title="bbox 1099 799 1359 826; baseline -0.004 0"><span class='ocrx_word' id='word_1_661' title='bbox 1099 799 1250 826; x_wconf 77' lang='lat' dir='ltr'>faciendum</span> <span class='ocrx_word' id='word_1_662' title='bbox 1266 799 1359 825; x_wconf 83' lang='lat' dir='ltr'>luisse.</span> 
     </span>
    </p>

    <p class='ocr_par' dir='ltr' id='par_1_20' title="bbox 1098 836 1894 1469">
     <span class='ocr_line' id='line_1_95' title="bbox 1153 836 1891 871; baseline 0.001 -9"><span class='ocrx_word' id='word_1_663' title='bbox 1153 837 1237 862; x_wconf 76' lang='lat' dir='ltr'>XXV.</span> <span class='ocrx_word' id='word_1_664' title='bbox 1263 836 1387 863; x_wconf 81' lang='lat' dir='ltr'>Gradatio</span> <span class='ocrx_word' id='word_1_665' title='bbox 1409 840 1457 866; x_wconf 81' lang='lat' dir='ltr'>est,</span> <span class='ocrx_word' id='word_1_666' title='bbox 1482 836 1509 862; x_wconf 92' lang='lat' dir='ltr'>in</span> <span class='ocrx_word' id='word_1_667' title='bbox 1527 845 1579 871; x_wconf 89' lang='lat' dir='ltr'>qua</span> <span class='ocrx_word' id='word_1_668' title='bbox 1599 846 1650 863; x_wconf 91' lang='lat' dir='ltr'>non</span> <span class='ocrx_word' id='word_1_669' title='bbox 1669 842 1728 863; x_wconf 86' lang='lat' dir='ltr'>ante</span> <span class='ocrx_word' id='word_1_670' title='bbox 1746 836 1778 863; x_wconf 86' lang='lat' dir='ltr'>ad</span> <span class='ocrx_word' id='word_1_671' title='bbox 1797 845 1891 863; x_wconf 74' lang='lat' dir='ltr'>conso-</span> 
     </span>
     <span class='ocr_line' id='line_1_96' title="bbox 1098 874 1892 909; baseline 0.001 -10"><span class='ocrx_word' id='word_1_672' title='bbox 1098 883 1184 909; x_wconf 86' lang='lat' dir='ltr'>quens</span> <span class='ocrx_word' id='word_1_673' title='bbox 1200 874 1311 900; x_wconf 76' lang='lat' dir='ltr'>verbum</span> <span class='ocrx_word' id='word_1_674' title='bbox 1326 874 1505 905; x_wconf 72' lang='lat' dir='ltr'>descenditur„</span> <span class='ocrx_word' id='word_1_675' title='bbox 1521 883 1602 909; x_wconf 86' lang='lat' dir='ltr'>quam</span> <span class='ocrx_word' id='word_1_676' title='bbox 1617 874 1649 900; x_wconf 87' lang='lat' dir='ltr'>ad</span> <span class='ocrx_word' id='word_1_677' title='bbox 1664 875 1789 909; x_wconf 84' lang='lat' dir='ltr'>superius</span> <span class='ocrx_word' id='word_1_678' title='bbox 1799 883 1892 900; x_wconf 75' lang='lat' dir='ltr'>ascen-</span> 
     </span>
     <span class='ocr_line' id='line_1_97' title="bbox 1099 911 1892 947; baseline 0 -10"><span class='ocrx_word' id='word_1_679' title='bbox 1099 920 1160 937; x_wconf 86' lang='lat' dir='ltr'>sum</span> <span class='ocrx_word' id='word_1_680' title='bbox 1183 916 1232 941; x_wconf 84' lang='lat' dir='ltr'>est,</span> <span class='ocrx_word' id='word_1_681' title='bbox 1257 911 1306 937; x_wconf 88' lang='lat' dir='ltr'>hoc</span> <span class='ocrx_word' id='word_1_682' title='bbox 1329 911 1420 937; x_wconf 87' lang='lat' dir='ltr'>modo:</span> <span class='ocrx_word' id='word_1_683' title='bbox 1449 912 1514 937; x_wconf 72' lang='lat' dir='ltr'>Nam</span> <span class='ocrx_word' id='word_1_684' title='bbox 1529 920 1597 946; x_wconf 82' lang='lat' dir='ltr'>quae</span> <span class='ocrx_word' id='word_1_685' title='bbox 1611 911 1713 947; x_wconf 86' lang='lat' dir='ltr'>reliqua</span> <span class='ocrx_word' id='word_1_686' title='bbox 1727 920 1788 946; x_wconf 86' lang='lat' dir='ltr'>spes</span> <span class='ocrx_word' id='word_1_687' title='bbox 1803 915 1892 938; x_wconf 86' lang='lat' dir='ltr'>manet</span> 
     </span>
     <span class='ocr_line' id='line_1_98' title="bbox 1100 948 1889 984; baseline 0.001 -10"><span class='ocrx_word' id='word_1_688' title='bbox 1100 948 1237 979; x_wconf 80' lang='lat' dir='ltr'>libertatis,</span> <span class='ocrx_word' id='word_1_689' title='bbox 1262 949 1285 974; x_wconf 89' lang='lat' dir='ltr'>si</span> <span class='ocrx_word' id='word_1_690' title='bbox 1300 948 1353 974; x_wconf 89' lang='lat' dir='ltr'>illis</span> <span class='ocrx_word' id='word_1_691' title='bbox 1367 953 1393 974; x_wconf 90' lang='lat' dir='ltr'>et</span> <span class='ocrx_word' id='word_1_692' title='bbox 1410 948 1482 983; x_wconf 88' lang='lat' dir='ltr'>quod</span> <span class='ocrx_word' id='word_1_693' title='bbox 1501 948 1573 979; x_wconf 82' lang='lat' dir='ltr'>libet,</span> <span class='ocrx_word' id='word_1_694' title='bbox 1595 949 1667 980; x_wconf 80' lang='lat' dir='ltr'>licet,</span> <span class='ocrx_word' id='word_1_695' title='bbox 1695 954 1720 975; x_wconf 89' lang='lat' dir='ltr'>et</span> <span class='ocrx_word' id='word_1_696' title='bbox 1733 948 1805 984; x_wconf 86' lang='lat' dir='ltr'>quod</span> <span class='ocrx_word' id='word_1_697' title='bbox 1820 948 1889 980; x_wconf 84' lang='lat' dir='ltr'>licet,</span> 
     </span>
     <span class='ocr_line' id='line_1_99' title="bbox 1100 986 1891 1021; baseline 0.001 -10"><span class='ocrx_word' id='word_1_698' title='bbox 1100 991 1221 1020; x_wconf 82' lang='lat' dir='ltr'>possunt,</span> <span class='ocrx_word' id='word_1_699' title='bbox 1246 991 1271 1012; x_wconf 89' lang='lat' dir='ltr'>et</span> <span class='ocrx_word' id='word_1_700' title='bbox 1291 986 1363 1020; x_wconf 89' lang='lat' dir='ltr'>quod</span> <span class='ocrx_word' id='word_1_701' title='bbox 1386 991 1506 1020; x_wconf 85' lang='lat' dir='ltr'>possunt,</span> <span class='ocrx_word' id='word_1_702' title='bbox 1527 986 1634 1016; x_wconf 85' lang='lat' dir='ltr'>audent,</span> <span class='ocrx_word' id='word_1_703' title='bbox 1655 991 1680 1012; x_wconf 84' lang='lat' dir='ltr'>et</span> <span class='ocrx_word' id='word_1_704' title='bbox 1696 987 1768 1021; x_wconf 87' lang='lat' dir='ltr'>quod</span> <span class='ocrx_word' id='word_1_705' title='bbox 1782 986 1891 1016; x_wconf 88' lang='lat' dir='ltr'>audent,</span> 
     </span>
     <span class='ocr_line' id='line_1_100' title="bbox 1101 1022 1893 1058; baseline 0.001 -9"><span class='ocrx_word' id='word_1_706' title='bbox 1101 1023 1209 1054; x_wconf 80' lang='lat' dir='ltr'>faciunt,</span> <span class='ocrx_word' id='word_1_707' title='bbox 1234 1027 1259 1049; x_wconf 89' lang='lat' dir='ltr'>et</span> <span class='ocrx_word' id='word_1_708' title='bbox 1281 1023 1352 1058; x_wconf 86' lang='lat' dir='ltr'>quod</span> <span class='ocrx_word' id='word_1_709' title='bbox 1376 1023 1484 1055; x_wconf 80' lang='lat' dir='ltr'>faciunt,</span> <span class='ocrx_word' id='word_1_710' title='bbox 1510 1024 1586 1050; x_wconf 79' lang='lat' dir='ltr'>vobis</span> <span class='ocrx_word' id='word_1_711' title='bbox 1608 1024 1750 1050; x_wconf 86' lang='lat' dir='ltr'>molestum</span> <span class='ocrx_word' id='word_1_712' title='bbox 1769 1032 1820 1050; x_wconf 90' lang='lat' dir='ltr'>non</span> <span class='ocrx_word' id='word_1_713' title='bbox 1834 1022 1893 1050; x_wconf 77' lang='lat' dir='ltr'>est?</span> 
     </span>
     <span class='ocr_line' id='line_1_101' title="bbox 1101 1061 1892 1096; baseline 0.001 -10"><span class='ocrx_word' id='word_1_714' title='bbox 1101 1061 1179 1087; x_wconf 87' lang='lat' dir='ltr'>Item:</span> <span class='ocrx_word' id='word_1_715' title='bbox 1196 1061 1253 1087; x_wconf 76' lang='lat' dir='ltr'>Non</span> <span class='ocrx_word' id='word_1_716' title='bbox 1264 1061 1336 1087; x_wconf 90' lang='lat' dir='ltr'>sensi</span> <span class='ocrx_word' id='word_1_717' title='bbox 1348 1061 1438 1091; x_wconf 81' lang='lat' dir='ltr'>hoe,et</span> <span class='ocrx_word' id='word_1_718' title='bbox 1449 1070 1499 1087; x_wconf 93' lang='lat' dir='ltr'>non</span> <span class='ocrx_word' id='word_1_719' title='bbox 1510 1062 1596 1088; x_wconf 86' lang='lat' dir='ltr'>suasi:</span> <span class='ocrx_word' id='word_1_720' title='bbox 1614 1069 1699 1096; x_wconf 84' lang='lat' dir='ltr'>neque</span> <span class='ocrx_word' id='word_1_721' title='bbox 1709 1061 1791 1092; x_wconf 83' lang='lat' dir='ltr'>suasi,</span> <span class='ocrx_word' id='word_1_722' title='bbox 1804 1065 1828 1087; x_wconf 89' lang='lat' dir='ltr'>et</span> <span class='ocrx_word' id='word_1_723' title='bbox 1839 1069 1892 1087; x_wconf 91' lang='lat' dir='ltr'>non</span> 
     </span>
     <span class='ocr_line' id='line_1_102' title="bbox 1100 1098 1892 1134; baseline 0 -10"><span class='ocrx_word' id='word_1_724' title='bbox 1100 1099 1158 1132; x_wconf 88' lang='lat' dir='ltr'>ipse</span> <span class='ocrx_word' id='word_1_725' title='bbox 1176 1099 1264 1124; x_wconf 87' lang='lat' dir='ltr'>statim</span> <span class='ocrx_word' id='word_1_726' title='bbox 1279 1098 1363 1124; x_wconf 78' lang='lat' dir='ltr'>Iacere</span> <span class='ocrx_word' id='word_1_727' title='bbox 1377 1099 1465 1133; x_wconf 78' lang='lat' dir='ltr'>coepi·,</span> <span class='ocrx_word' id='word_1_728' title='bbox 1494 1107 1581 1134; x_wconf 86' lang='lat' dir='ltr'>neque</span> <span class='ocrx_word' id='word_1_729' title='bbox 1599 1098 1683 1124; x_wconf 80' lang='lat' dir='ltr'>facere</span> <span class='ocrx_word' id='word_1_730' title='bbox 1700 1099 1784 1133; x_wconf 85' lang='lat' dir='ltr'>coepi,</span> <span class='ocrx_word' id='word_1_731' title='bbox 1801 1103 1826 1124; x_wconf 91' lang='lat' dir='ltr'>et</span> <span class='ocrx_word' id='word_1_732' title='bbox 1839 1106 1892 1124; x_wconf 90' lang='lat' dir='ltr'>non</span> 
     </span>
     <span class='ocr_line' id='line_1_103' title="bbox 1100 1134 1893 1171; baseline 0.001 -10"><span class='ocrx_word' id='word_1_733' title='bbox 1100 1135 1212 1170; x_wconf 60' lang='lat' dir='ltr'>perfeci,</span> <span class='ocrx_word' id='word_1_734' title='bbox 1230 1144 1316 1171; x_wconf 86' lang='lat' dir='ltr'>neque</span> <span class='ocrx_word' id='word_1_735' title='bbox 1331 1135 1438 1170; x_wconf 79' lang='lat' dir='ltr'>perfeci,</span> <span class='ocrx_word' id='word_1_736' title='bbox 1455 1141 1479 1162; x_wconf 87' lang='lat' dir='ltr'>et</span> <span class='ocrx_word' id='word_1_737' title='bbox 1493 1145 1544 1162; x_wconf 90' lang='lat' dir='ltr'>non</span> <span class='ocrx_word' id='word_1_738' title='bbox 1560 1136 1679 1171; x_wconf 70' lang='lat' dir='ltr'>probavi.</span> <span class='ocrx_word' id='word_1_739' title='bbox 1696 1136 1773 1162; x_wconf 86' lang='lat' dir='ltr'>Item:</span> <span class='ocrx_word' id='word_1_740' title='bbox 1789 1134 1893 1162; x_wconf 73' lang='lat' dir='ltr'>Africa-</span> 
     </span>
     <span class='ocr_line' id='line_1_104' title="bbox 1101 1172 1892 1209; baseline 0 -10"><span class='ocrx_word' id='word_1_741' title='bbox 1101 1181 1134 1199; x_wconf 93' lang='lat' dir='ltr'>no</span> <span class='ocrx_word' id='word_1_742' title='bbox 1148 1173 1278 1199; x_wconf 87' lang='lat' dir='ltr'>industria</span> <span class='ocrx_word' id='word_1_743' title='bbox 1294 1174 1428 1203; x_wconf 85' lang='lat' dir='ltr'>virtutem,</span> <span class='ocrx_word' id='word_1_744' title='bbox 1445 1174 1530 1200; x_wconf 82' lang='lat' dir='ltr'>virtus</span> <span class='ocrx_word' id='word_1_745' title='bbox 1544 1173 1665 1209; x_wconf 75' lang='lat' dir='ltr'>gloriam,</span> <span class='ocrx_word' id='word_1_746' title='bbox 1677 1173 1760 1209; x_wconf 81' lang='lat' dir='ltr'>gloria</span> <span class='ocrx_word' id='word_1_747' title='bbox 1771 1172 1892 1199; x_wconf 79' lang='lat' dir='ltr'>aemulos</span> 
     </span>
     <span class='ocr_line' id='line_1_105' title="bbox 1099 1210 1892 1245; baseline 0 -9"><span class='ocrx_word' id='word_1_748' title='bbox 1099 1211 1272 1245; x_wconf 60' lang='lat' dir='ltr'>comparavit.</span> <span class='ocrx_word' id='word_1_749' title='bbox 1309 1211 1387 1237; x_wconf 87' lang='lat' dir='ltr'>Item:</span> <span class='ocrx_word' id='word_1_750' title='bbox 1416 1212 1560 1245; x_wconf 87' lang='lat' dir='ltr'>Imperium</span> <span class='ocrx_word' id='word_1_751' title='bbox 1587 1211 1712 1237; x_wconf 86' lang='lat' dir='ltr'>Graeciae</span> <span class='ocrx_word' id='word_1_752' title='bbox 1734 1210 1785 1236; x_wconf 81' lang='lat' dir='ltr'>fuit</span> <span class='ocrx_word' id='word_1_753' title='bbox 1810 1218 1892 1245; x_wconf 79' lang='lat' dir='ltr'>penes</span> 
     </span>
     <span class='ocr_line' id='line_1_106' title="bbox 1100 1247 1889 1283; baseline 0 -9"><span class='ocrx_word' id='word_1_754' title='bbox 1100 1248 1286 1279; x_wconf 80' lang='lat' dir='ltr'>Athenienses,</span> <span class='ocrx_word' id='word_1_755' title='bbox 1310 1248 1515 1274; x_wconf 78' lang='lat' dir='ltr'>Atheniensium</span> <span class='ocrx_word' id='word_1_756' title='bbox 1544 1249 1619 1283; x_wconf 87' lang='lat' dir='ltr'>potiti</span> <span class='ocrx_word' id='word_1_757' title='bbox 1645 1253 1708 1274; x_wconf 90' lang='lat' dir='ltr'>sunt</span> <span class='ocrx_word' id='word_1_758' title='bbox 1734 1247 1889 1282; x_wconf 77' lang='lat' dir='ltr'>Spartiatae,</span> 
     </span>
     <span class='ocr_line' id='line_1_107' title="bbox 1099 1284 1892 1320; baseline 0 -9"><span class='ocrx_word' id='word_1_759' title='bbox 1099 1286 1243 1320; x_wconf 88' lang='lat' dir='ltr'>Spartiatas</span> <span class='ocrx_word' id='word_1_760' title='bbox 1261 1294 1420 1320; x_wconf 82' lang='lat' dir='ltr'>superavere</span> <span class='ocrx_word' id='word_1_761' title='bbox 1435 1286 1562 1316; x_wconf 83' lang='lat' dir='ltr'>Thebani,</span> <span class='ocrx_word' id='word_1_762' title='bbox 1583 1285 1722 1311; x_wconf 84' lang='lat' dir='ltr'>Thebanos</span> <span class='ocrx_word' id='word_1_763' title='bbox 1736 1284 1892 1311; x_wconf 72' lang='lat' dir='ltr'>Macedones</span> 
     </span>
     <span class='ocr_line' id='line_1_108' title="bbox 1101 1323 1893 1357; baseline 0 -9"><span class='ocrx_word' id='word_1_764' title='bbox 1101 1324 1230 1353; x_wconf 91' lang='lat' dir='ltr'>vicerunt,</span> <span class='ocrx_word' id='word_1_765' title='bbox 1255 1323 1302 1357; x_wconf 88' lang='lat' dir='ltr'>qui</span> <span class='ocrx_word' id='word_1_766' title='bbox 1325 1323 1357 1348; x_wconf 89' lang='lat' dir='ltr'>ad</span> <span class='ocrx_word' id='word_1_767' title='bbox 1379 1323 1523 1357; x_wconf 87' lang='lat' dir='ltr'>imperium</span> <span class='ocrx_word' id='word_1_768' title='bbox 1543 1323 1667 1349; x_wconf 88' lang='lat' dir='ltr'>Graeciae</span> <span class='ocrx_word' id='word_1_769' title='bbox 1686 1323 1759 1348; x_wconf 83' lang='lat' dir='ltr'>brevi</span> <span class='ocrx_word' id='word_1_770' title='bbox 1775 1327 1893 1357; x_wconf 82' lang='lat' dir='ltr'>tempore</span> 
     </span>
     <span class='ocr_line' id='line_1_109' title="bbox 1099 1359 1893 1386; baseline 0 0"><span class='ocrx_word' id='word_1_771' title='bbox 1099 1360 1279 1386; x_wconf 85' lang='lat' dir='ltr'>adiunxerunt</span> <span class='ocrx_word' id='word_1_772' title='bbox 1293 1360 1383 1386; x_wconf 75' lang='lat' dir='ltr'>Asiam</span> <span class='ocrx_word' id='word_1_773' title='bbox 1398 1360 1468 1386; x_wconf 88' lang='lat' dir='ltr'>bello</span> <span class='ocrx_word' id='word_1_774' title='bbox 1482 1360 1630 1386; x_wconf 83' lang='lat' dir='ltr'>subactam.</span> <span class='ocrx_word' id='word_1_775' title='bbox 1665 1361 1705 1386; x_wconf 83' lang='lat'>35.</span> <span class='ocrx_word' id='word_1_776' title='bbox 1725 1359 1808 1386; x_wconf 83' lang='lat' dir='ltr'>Habet</span> <span class='ocrx_word' id='word_1_777' title='bbox 1822 1360 1849 1386; x_wconf 93' lang='lat' dir='ltr'>in</span> <span class='ocrx_word' id='word_1_778' title='bbox 1863 1367 1893 1386; x_wconf 81' lang='lat' dir='ltr'>se</span> 
     </span>
     <span class='ocr_line' id='line_1_110' title="bbox 1099 1397 1894 1432; baseline 0 -9"><span class='ocrx_word' id='word_1_779' title='bbox 1099 1397 1243 1432; x_wconf 83' lang='lat' dir='ltr'>quemdam</span> <span class='ocrx_word' id='word_1_780' title='bbox 1263 1397 1379 1432; x_wconf 90' lang='lat' dir='ltr'>leporem</span> <span class='ocrx_word' id='word_1_781' title='bbox 1398 1398 1543 1432; x_wconf 87' lang='lat' dir='ltr'>superioris</span> <span class='ocrx_word' id='word_1_782' title='bbox 1561 1398 1694 1432; x_wconf 85' lang='lat' dir='ltr'>cuiusque</span> <span class='ocrx_word' id='word_1_783' title='bbox 1711 1397 1802 1423; x_wconf 82' lang='lat' dir='ltr'>crebra</span> <span class='ocrx_word' id='word_1_784' title='bbox 1816 1405 1894 1432; x_wconf 79' lang='lat' dir='ltr'>repe-</span> 
     </span>
     <span class='ocr_line' id='line_1_111' title="bbox 1101 1434 1812 1469; baseline 0 -9"><span class='ocrx_word' id='word_1_785' title='bbox 1101 1435 1158 1461; x_wconf 90' lang='lat' dir='ltr'>titio</span> <span class='ocrx_word' id='word_1_786' title='bbox 1172 1435 1256 1465; x_wconf 86' lang='lat' dir='ltr'>verbi,</span> <span class='ocrx_word' id='word_1_787' title='bbox 1272 1443 1340 1469; x_wconf 63' lang='lat' dir='ltr'>(luae</span> <span class='ocrx_word' id='word_1_788' title='bbox 1355 1435 1460 1469; x_wconf 92' lang='lat' dir='ltr'>propria</span> <span class='ocrx_word' id='word_1_789' title='bbox 1474 1439 1514 1461; x_wconf 89' lang='lat' dir='ltr'>est</span> <span class='ocrx_word' id='word_1_790' title='bbox 1528 1434 1610 1460; x_wconf 89' lang='lat' dir='ltr'>huius</span> <span class='ocrx_word' id='word_1_791' title='bbox 1623 1435 1812 1461; x_wconf 84' lang='lat' dir='ltr'>exornationis.</span> 
     </span>
    </p>

    <p class='ocr_par' dir='ltr' id='par_1_21' title="bbox 1099 1471 1894 1991">
     <span class='ocr_line' id='line_1_112' title="bbox 1154 1471 1893 1507; baseline 0.001 -10"><span class='ocrx_word' id='word_1_792' title='bbox 1154 1472 1276 1498; x_wconf 82' lang='lat' dir='ltr'>Definitio</span> <span class='ocrx_word' id='word_1_793' title='bbox 1289 1476 1338 1503; x_wconf 89' lang='lat' dir='ltr'>est,</span> <span class='ocrx_word' id='word_1_794' title='bbox 1357 1480 1426 1506; x_wconf 87' lang='lat' dir='ltr'>quae</span> <span class='ocrx_word' id='word_1_795' title='bbox 1440 1472 1477 1498; x_wconf 86' lang='lat' dir='ltr'>rei</span> <span class='ocrx_word' id='word_1_796' title='bbox 1491 1471 1606 1498; x_wconf 88' lang='lat' dir='ltr'>alicuius</span> <span class='ocrx_word' id='word_1_797' title='bbox 1620 1472 1740 1507; x_wconf 86' lang='lat' dir='ltr'>proprias</span> <span class='ocrx_word' id='word_1_798' title='bbox 1754 1471 1893 1507; x_wconf 81' lang='lat' dir='ltr'>amplecti-</span> 
     </span>
     <span class='ocr_line' id='line_1_113' title="bbox 1101 1509 1894 1544; baseline 0 -9"><span class='ocrx_word' id='word_1_799' title='bbox 1101 1514 1143 1535; x_wconf 92' lang='lat' dir='ltr'>tur</span> <span class='ocrx_word' id='word_1_800' title='bbox 1156 1514 1299 1544; x_wconf 83' lang='lat' dir='ltr'>potestates</span> <span class='ocrx_word' id='word_1_801' title='bbox 1314 1509 1430 1535; x_wconf 77' lang='lat' dir='ltr'>breviter</span> <span class='ocrx_word' id='word_1_802' title='bbox 1442 1513 1468 1535; x_wconf 88' lang='lat' dir='ltr'>et</span> <span class='ocrx_word' id='word_1_803' title='bbox 1481 1509 1610 1539; x_wconf 82' lang='lat' dir='ltr'>absolute.</span> <span class='ocrx_word' id='word_1_804' title='bbox 1627 1509 1677 1536; x_wconf 87' lang='lat' dir='ltr'>hoc</span> <span class='ocrx_word' id='word_1_805' title='bbox 1691 1509 1782 1536; x_wconf 90' lang='lat' dir='ltr'>modo:</span> <span class='ocrx_word' id='word_1_806' title='bbox 1811 1509 1894 1535; x_wconf 76' lang='lat' dir='ltr'>Maie-</span> 
     </span>
     <span class='ocr_line' id='line_1_114' title="bbox 1100 1546 1893 1582; baseline 0 -10"><span class='ocrx_word' id='word_1_807' title='bbox 1100 1551 1154 1573; x_wconf 84' lang='lat' dir='ltr'>stas</span> <span class='ocrx_word' id='word_1_808' title='bbox 1169 1546 1332 1581; x_wconf 85' lang='lat' dir='ltr'>reipublicae</span> <span class='ocrx_word' id='word_1_809' title='bbox 1345 1551 1394 1577; x_wconf 86' lang='lat' dir='ltr'>est,</span> <span class='ocrx_word' id='word_1_810' title='bbox 1410 1547 1438 1572; x_wconf 93' lang='lat' dir='ltr'>in</span> <span class='ocrx_word' id='word_1_811' title='bbox 1451 1555 1504 1581; x_wconf 88' lang='lat' dir='ltr'>qua</span> <span class='ocrx_word' id='word_1_812' title='bbox 1514 1547 1664 1573; x_wconf 89' lang='lat' dir='ltr'>continetur</span> <span class='ocrx_word' id='word_1_813' title='bbox 1673 1546 1790 1582; x_wconf 81' lang='lat' dir='ltr'>dignitas</span> <span class='ocrx_word' id='word_1_814' title='bbox 1800 1551 1827 1572; x_wconf 89' lang='lat' dir='ltr'>et</span> <span class='ocrx_word' id='word_1_815' title='bbox 1835 1555 1893 1572; x_wconf 89' lang='lat' dir='ltr'>am-</span> 
     </span>
     <span class='ocr_line' id='line_1_115' title="bbox 1100 1583 1893 1619; baseline 0 -10"><span class='ocrx_word' id='word_1_816' title='bbox 1100 1583 1205 1619; x_wconf 86' lang='lat' dir='ltr'>plitudo</span> <span class='ocrx_word' id='word_1_817' title='bbox 1218 1584 1343 1610; x_wconf 83' lang='lat' dir='ltr'>civitatis.</span> <span class='ocrx_word' id='word_1_818' title='bbox 1377 1584 1456 1610; x_wconf 87' lang='lat' dir='ltr'>Item:</span> <span class='ocrx_word' id='word_1_819' title='bbox 1472 1584 1587 1609; x_wconf 88' lang='lat' dir='ltr'>Iniuriae</span> <span class='ocrx_word' id='word_1_820' title='bbox 1600 1588 1672 1614; x_wconf 92' lang='lat' dir='ltr'>sunt,</span> <span class='ocrx_word' id='word_1_821' title='bbox 1689 1592 1757 1618; x_wconf 88' lang='lat' dir='ltr'>quae</span> <span class='ocrx_word' id='word_1_822' title='bbox 1771 1588 1817 1610; x_wconf 80' lang='lat' dir='ltr'>aut</span> <span class='ocrx_word' id='word_1_823' title='bbox 1830 1583 1893 1618; x_wconf 92' lang='lat' dir='ltr'>pul-</span> 
     </span>
     <span class='ocr_line' id='line_1_116' title="bbox 1100 1621 1894 1656; baseline 0 -9"><span class='ocrx_word' id='word_1_824' title='bbox 1100 1622 1201 1647; x_wconf 89' lang='lat' dir='ltr'>satione</span> <span class='ocrx_word' id='word_1_825' title='bbox 1218 1629 1316 1655; x_wconf 89' lang='lat' dir='ltr'>corpus</span> <span class='ocrx_word' id='word_1_826' title='bbox 1334 1625 1379 1647; x_wconf 88' lang='lat' dir='ltr'>aut</span> <span class='ocrx_word' id='word_1_827' title='bbox 1396 1621 1516 1647; x_wconf 90' lang='lat' dir='ltr'>convicio</span> <span class='ocrx_word' id='word_1_828' title='bbox 1529 1629 1607 1647; x_wconf 87' lang='lat' dir='ltr'>aures</span> <span class='ocrx_word' id='word_1_829' title='bbox 1633 1626 1678 1647; x_wconf 85' lang='lat' dir='ltr'>aut</span> <span class='ocrx_word' id='word_1_830' title='bbox 1703 1621 1792 1656; x_wconf 88' lang='lat' dir='ltr'>aliqua</span> <span class='ocrx_word' id='word_1_831' title='bbox 1807 1621 1894 1655; x_wconf 92' lang='lat' dir='ltr'>turpi-</span> 
     </span>
     <span class='ocr_line' id='line_1_117' title="bbox 1100 1657 1893 1692; baseline 0 -8"><span class='ocrx_word' id='word_1_832' title='bbox 1100 1658 1192 1684; x_wconf 87' lang='lat' dir='ltr'>tudine</span> <span class='ocrx_word' id='word_1_833' title='bbox 1207 1659 1289 1684; x_wconf 76' lang='lat' dir='ltr'>vitam</span> <span class='ocrx_word' id='word_1_834' title='bbox 1303 1658 1455 1692; x_wconf 86' lang='lat' dir='ltr'>cuiuspiam</span> <span class='ocrx_word' id='word_1_835' title='bbox 1469 1657 1578 1684; x_wconf 77' lang='lat' dir='ltr'>violant.</span> <span class='ocrx_word' id='word_1_836' title='bbox 1613 1659 1692 1684; x_wconf 87' lang='lat' dir='ltr'>Item:</span> <span class='ocrx_word' id='word_1_837' title='bbox 1718 1658 1775 1685; x_wconf 90' lang='lat' dir='ltr'>Non</span> <span class='ocrx_word' id='word_1_838' title='bbox 1788 1663 1829 1684; x_wconf 88' lang='lat' dir='ltr'>est</span> <span class='ocrx_word' id='word_1_839' title='bbox 1841 1658 1893 1684; x_wconf 82' lang='lat' dir='ltr'>ista</span> 
     </span>
     <span class='ocr_line' id='line_1_118' title="bbox 1099 1695 1893 1731; baseline 0.001 -10"><span class='ocrx_word' id='word_1_840' title='bbox 1099 1695 1247 1731; x_wconf 81' lang='lat' dir='ltr'>diligentia,</span> <span class='ocrx_word' id='word_1_841' title='bbox 1263 1695 1310 1722; x_wconf 90' lang='lat' dir='ltr'>sed</span> <span class='ocrx_word' id='word_1_842' title='bbox 1324 1696 1443 1726; x_wconf 76' lang='lat' dir='ltr'>avaritia,</span> <span class='ocrx_word' id='word_1_843' title='bbox 1459 1695 1519 1721; x_wconf 90' lang='lat' dir='ltr'>ideo</span> <span class='ocrx_word' id='word_1_844' title='bbox 1531 1695 1604 1730; x_wconf 87' lang='lat' dir='ltr'>quod</span> <span class='ocrx_word' id='word_1_845' title='bbox 1615 1695 1753 1731; x_wconf 79' lang='lat' dir='ltr'>diligentia</span> <span class='ocrx_word' id='word_1_846' title='bbox 1763 1699 1803 1722; x_wconf 87' lang='lat' dir='ltr'>est</span> <span class='ocrx_word' id='word_1_847' title='bbox 1813 1703 1893 1722; x_wconf 81' lang='lat' dir='ltr'>aecu-</span> 
     </span>
     <span class='ocr_line' id='line_1_119' title="bbox 1100 1733 1893 1768; baseline 0 -9"><span class='ocrx_word' id='word_1_848' title='bbox 1100 1737 1154 1759; x_wconf 85' lang='lat' dir='ltr'>rata</span> <span class='ocrx_word' id='word_1_849' title='bbox 1168 1733 1333 1759; x_wconf 82' lang='lat' dir='ltr'>conservatio</span> <span class='ocrx_word' id='word_1_850' title='bbox 1346 1741 1467 1763; x_wconf 77' lang='lat' dir='ltr'>suorum.</span> <span class='ocrx_word' id='word_1_851' title='bbox 1487 1733 1596 1759; x_wconf 84' lang='lat' dir='ltr'>avaritia</span> <span class='ocrx_word' id='word_1_852' title='bbox 1623 1733 1751 1759; x_wconf 83' lang='lat' dir='ltr'>iniuriosa</span> <span class='ocrx_word' id='word_1_853' title='bbox 1765 1733 1893 1768; x_wconf 85' lang='lat' dir='ltr'>appetitio</span> 
     </span>
     <span class='ocr_line' id='line_1_120' title="bbox 1100 1769 1893 1801; baseline 0 -5"><span class='ocrx_word' id='word_1_854' title='bbox 1100 1770 1258 1796; x_wconf 86' lang='lat' dir='ltr'>alienorum.</span> <span class='ocrx_word' id='word_1_855' title='bbox 1288 1771 1368 1796; x_wconf 90' lang='lat' dir='ltr'>Item:</span> <span class='ocrx_word' id='word_1_856' title='bbox 1383 1771 1442 1796; x_wconf 84' lang='lat' dir='ltr'>Non</span> <span class='ocrx_word' id='word_1_857' title='bbox 1455 1774 1495 1796; x_wconf 88' lang='lat' dir='ltr'>est</span> <span class='ocrx_word' id='word_1_858' title='bbox 1508 1770 1558 1796; x_wconf 88' lang='lat' dir='ltr'>ista</span> <span class='ocrx_word' id='word_1_859' title='bbox 1573 1769 1708 1801; x_wconf 80' lang='lat' dir='ltr'>fortitudo,</span> <span class='ocrx_word' id='word_1_860' title='bbox 1724 1769 1771 1796; x_wconf 83' lang='lat' dir='ltr'>sed</span> <span class='ocrx_word' id='word_1_861' title='bbox 1785 1770 1893 1796; x_wconf 87' lang='lat' dir='ltr'>temeri-</span> 
     </span>
     <span class='ocr_line' id='line_1_121' title="bbox 1101 1806 1892 1843; baseline 0 -10"><span class='ocrx_word' id='word_1_862' title='bbox 1101 1812 1148 1838; x_wconf 85' lang='lat' dir='ltr'>tas,</span> <span class='ocrx_word' id='word_1_863' title='bbox 1172 1812 1310 1843; x_wconf 88' lang='lat' dir='ltr'>propterea</span> <span class='ocrx_word' id='word_1_864' title='bbox 1332 1807 1405 1843; x_wconf 88' lang='lat' dir='ltr'>quod</span> <span class='ocrx_word' id='word_1_865' title='bbox 1424 1806 1550 1833; x_wconf 81' lang='lat' dir='ltr'>fortitudo</span> <span class='ocrx_word' id='word_1_866' title='bbox 1567 1811 1607 1833; x_wconf 88' lang='lat' dir='ltr'>est</span> <span class='ocrx_word' id='word_1_867' title='bbox 1619 1807 1780 1842; x_wconf 85' lang='lat' dir='ltr'>contemptio</span> <span class='ocrx_word' id='word_1_868' title='bbox 1794 1807 1892 1834; x_wconf 86' lang='lat' dir='ltr'>laboris</span> 
     </span>
     <span class='ocr_line' id='line_1_122' title="bbox 1100 1844 1892 1879; baseline -0.001 -8"><span class='ocrx_word' id='word_1_869' title='bbox 1100 1849 1125 1871; x_wconf 89' lang='lat' dir='ltr'>et</span> <span class='ocrx_word' id='word_1_870' title='bbox 1147 1845 1259 1879; x_wconf 87' lang='lat' dir='ltr'>periculi</span> <span class='ocrx_word' id='word_1_871' title='bbox 1281 1853 1343 1871; x_wconf 92' lang='lat' dir='ltr'>cum</span> <span class='ocrx_word' id='word_1_872' title='bbox 1366 1845 1466 1871; x_wconf 88' lang='lat' dir='ltr'>ratione</span> <span class='ocrx_word' id='word_1_873' title='bbox 1487 1844 1610 1871; x_wconf 88' lang='lat' dir='ltr'>utilitatis</span> <span class='ocrx_word' id='word_1_874' title='bbox 1631 1849 1657 1871; x_wconf 89' lang='lat' dir='ltr'>et</span> <span class='ocrx_word' id='word_1_875' title='bbox 1677 1845 1892 1879; x_wconf 83' lang='lat' dir='ltr'>compensatione</span> 
     </span>
     <span class='ocr_line' id='line_1_123' title="bbox 1099 1881 1892 1908; baseline 0 0"><span class='ocrx_word' id='word_1_876' title='bbox 1099 1881 1314 1908; x_wconf 90' lang='lat' dir='ltr'>commodorum:</span> <span class='ocrx_word' id='word_1_877' title='bbox 1335 1882 1469 1908; x_wconf 84' lang='lat' dir='ltr'>temeritas</span> <span class='ocrx_word' id='word_1_878' title='bbox 1483 1886 1523 1908; x_wconf 88' lang='lat' dir='ltr'>est</span> <span class='ocrx_word' id='word_1_879' title='bbox 1536 1890 1598 1908; x_wconf 89' lang='lat' dir='ltr'>cum</span> <span class='ocrx_word' id='word_1_880' title='bbox 1611 1882 1805 1908; x_wconf 79' lang='lat' dir='ltr'>inconsiderata</span> <span class='ocrx_word' id='word_1_881' title='bbox 1819 1881 1892 1908; x_wconf 86' lang='lat' dir='ltr'>labo-</span> 
     </span>
     <span class='ocr_line' id='line_1_124' title="bbox 1100 1919 1890 1955; baseline 0 -10"><span class='ocrx_word' id='word_1_882' title='bbox 1100 1928 1160 1946; x_wconf 90' lang='lat' dir='ltr'>rum</span> <span class='ocrx_word' id='word_1_883' title='bbox 1182 1920 1354 1954; x_wconf 87' lang='lat' dir='ltr'>perpessione</span> <span class='ocrx_word' id='word_1_884' title='bbox 1375 1919 1530 1955; x_wconf 81' lang='lat' dir='ltr'>gladiatoria</span> <span class='ocrx_word' id='word_1_885' title='bbox 1548 1919 1727 1954; x_wconf 89' lang='lat' dir='ltr'>periculorum</span> <span class='ocrx_word' id='word_1_886' title='bbox 1745 1919 1890 1954; x_wconf 86' lang='lat' dir='ltr'>susceptio.</span> 
     </span>
     <span class='ocr_line' id='line_1_125' title="bbox 1100 1956 1892 1991; baseline 0 -8"><span class='ocrx_word' id='word_1_887' title='bbox 1100 1957 1168 1983; x_wconf 81' lang='lat' dir='ltr'>Haec</span> <span class='ocrx_word' id='word_1_888' title='bbox 1186 1956 1246 1983; x_wconf 90' lang='lat' dir='ltr'>ideo</span> <span class='ocrx_word' id='word_1_889' title='bbox 1263 1957 1402 1983; x_wconf 88' lang='lat' dir='ltr'>commoda</span> <span class='ocrx_word' id='word_1_890' title='bbox 1419 1961 1528 1991; x_wconf 87' lang='lat' dir='ltr'>putatur</span> <span class='ocrx_word' id='word_1_891' title='bbox 1541 1957 1684 1988; x_wconf 81' lang='lat' dir='ltr'>exornatio,</span> <span class='ocrx_word' id='word_1_892' title='bbox 1699 1956 1772 1991; x_wconf 88' lang='lat' dir='ltr'>quod</span> <span class='ocrx_word' id='word_1_893' title='bbox 1784 1964 1892 1983; x_wconf 87' lang='lat' dir='ltr'>omnem</span> 
     </span>
    </p>
   </div>
   <div class='ocr_carea' id='block_1_17' title="bbox 1070 1993 1893 2031">
    <p class='ocr_par' dir='ltr' id='par_1_22' title="bbox 1070 1993 1893 2031">
     <span class='ocr_line' id='line_1_126' title="bbox 1070 1993 1893 2031; baseline 0 -11"><span class='ocrx_word' id='word_1_894' title='bbox 1070 1995 1080 2031; x_wconf 56' lang='lat' dir='ltr'>,f</span> <span class='ocrx_word' id='word_1_895' title='bbox 1100 1995 1138 2020; x_wconf 90' lang='lat' dir='ltr'>rei</span> <span class='ocrx_word' id='word_1_896' title='bbox 1151 1994 1304 2029; x_wconf 87' lang='lat' dir='ltr'>cuiuspiam</span> <span class='ocrx_word' id='word_1_897' title='bbox 1318 1994 1374 2020; x_wconf 88' lang='lat' dir='ltr'>vim</span> <span class='ocrx_word' id='word_1_898' title='bbox 1387 1998 1413 2020; x_wconf 91' lang='lat' dir='ltr'>et</span> <span class='ocrx_word' id='word_1_899' title='bbox 1426 1998 1582 2028; x_wconf 88' lang='lat' dir='ltr'>potestatem</span> <span class='ocrx_word' id='word_1_900' title='bbox 1595 1994 1631 2020; x_wconf 84' lang='lat' dir='ltr'>ita</span> <span class='ocrx_word' id='word_1_901' title='bbox 1641 1993 1759 2020; x_wconf 89' lang='lat' dir='ltr'>dilucide</span> <span class='ocrx_word' id='word_1_902' title='bbox 1769 1994 1893 2028; x_wconf 85' lang='lat' dir='ltr'>proponit</span> 
     </span>
    </p>
   </div>
   <div class='ocr_carea' id='block_1_18' title="bbox 1078 2030 1893 2737">
    <p class='ocr_par' dir='ltr' id='par_1_23' title="bbox 1100 2030 1892 2132">
     <span class='ocr_line' id='line_1_127' title="bbox 1100 2030 1892 2067; baseline -0.001 -9"><span class='ocrx_word' id='word_1_903' title='bbox 1100 2036 1125 2058; x_wconf 88' lang='lat' dir='ltr'>et</span> <span class='ocrx_word' id='word_1_904' title='bbox 1143 2031 1260 2058; x_wconf 85' lang='lat' dir='ltr'>breviter</span> <span class='ocrx_word' id='word_1_905' title='bbox 1277 2031 1401 2067; x_wconf 83' lang='lat' dir='ltr'>explicat,</span> <span class='ocrx_word' id='word_1_906' title='bbox 1421 2035 1451 2057; x_wconf 91' lang='lat' dir='ltr'>ut</span> <span class='ocrx_word' id='word_1_907' title='bbox 1468 2039 1555 2066; x_wconf 88' lang='lat' dir='ltr'>neque</span> <span class='ocrx_word' id='word_1_908' title='bbox 1572 2030 1697 2066; x_wconf 91' lang='lat' dir='ltr'>pluribus</span> <span class='ocrx_word' id='word_1_909' title='bbox 1711 2030 1801 2057; x_wconf 81' lang='lat' dir='ltr'>verbis</span> <span class='ocrx_word' id='word_1_910' title='bbox 1814 2039 1892 2066; x_wconf 88' lang='lat' dir='ltr'>opor-</span> 
     </span>
     <span class='ocr_line' id='line_1_128' title="bbox 1101 2067 1892 2104; baseline -0.001 -9"><span class='ocrx_word' id='word_1_911' title='bbox 1101 2069 1184 2095; x_wconf 88' lang='lat' dir='ltr'>tuisse</span> <span class='ocrx_word' id='word_1_912' title='bbox 1198 2068 1250 2096; x_wconf 92' lang='lat' dir='ltr'>dici</span> <span class='ocrx_word' id='word_1_913' title='bbox 1265 2069 1396 2100; x_wconf 79' lang='lat' dir='ltr'>videatur,</span> <span class='ocrx_word' id='word_1_914' title='bbox 1412 2077 1500 2104; x_wconf 89' lang='lat' dir='ltr'>neque</span> <span class='ocrx_word' id='word_1_915' title='bbox 1514 2068 1631 2094; x_wconf 88' lang='lat' dir='ltr'>lucidius</span> <span class='ocrx_word' id='word_1_916' title='bbox 1644 2068 1764 2103; x_wconf 91' lang='lat' dir='ltr'>potuisse</span> <span class='ocrx_word' id='word_1_917' title='bbox 1774 2067 1828 2094; x_wconf 91' lang='lat' dir='ltr'>dici</span> <span class='ocrx_word' id='word_1_918' title='bbox 1839 2076 1892 2103; x_wconf 91' lang='lat' dir='ltr'>pu-</span> 
     </span>
     <span class='ocr_line' id='line_1_129' title="bbox 1100 2111 1178 2132; baseline 0 0"><span class='ocrx_word' id='word_1_919' title='bbox 1100 2111 1178 2132; x_wconf 87' lang='lat' dir='ltr'>tetur.</span> 
     </span>
    </p>

    <p class='ocr_par' dir='ltr' id='par_1_24' title="bbox 1099 2141 1893 2469">
     <span class='ocr_line' id='line_1_130' title="bbox 1155 2141 1893 2178; baseline -0.003 -8"><span class='ocrx_word' id='word_1_920' title='bbox 1155 2144 1251 2171; x_wconf 83' lang='lat' dir='ltr'>XXVI.</span> <span class='ocrx_word' id='word_1_921' title='bbox 1275 2143 1407 2169; x_wconf 90' lang='lat' dir='ltr'>Transitio</span> <span class='ocrx_word' id='word_1_922' title='bbox 1429 2146 1549 2174; x_wconf 86' lang='lat' dir='ltr'>vocatur,</span> <span class='ocrx_word' id='word_1_923' title='bbox 1577 2151 1647 2178; x_wconf 82' lang='lat' dir='ltr'>quae</span> <span class='ocrx_word' id='word_1_924' title='bbox 1667 2151 1754 2178; x_wconf 89' lang='lat' dir='ltr'>quum</span> <span class='ocrx_word' id='word_1_925' title='bbox 1775 2141 1893 2169; x_wconf 85' lang='lat' dir='ltr'>ostendit</span> 
     </span>
     <span class='ocr_line' id='line_1_131' title="bbox 1100 2179 1892 2216; baseline -0.001 -9"><span class='ocrx_word' id='word_1_926' title='bbox 1100 2181 1224 2212; x_wconf 88' lang='lat' dir='ltr'>breviter,</span> <span class='ocrx_word' id='word_1_927' title='bbox 1245 2180 1312 2216; x_wconf 89' lang='lat' dir='ltr'>quid</span> <span class='ocrx_word' id='word_1_928' title='bbox 1329 2180 1432 2206; x_wconf 89' lang='lat' dir='ltr'>dictum</span> <span class='ocrx_word' id='word_1_929' title='bbox 1449 2180 1493 2211; x_wconf 86' lang='lat' dir='ltr'>sit,</span> <span class='ocrx_word' id='word_1_930' title='bbox 1509 2180 1633 2215; x_wconf 89' lang='lat' dir='ltr'>proponit</span> <span class='ocrx_word' id='word_1_931' title='bbox 1645 2180 1710 2206; x_wconf 88' lang='lat' dir='ltr'>item</span> <span class='ocrx_word' id='word_1_932' title='bbox 1723 2180 1808 2211; x_wconf 81' lang='lat' dir='ltr'>brevi,</span> <span class='ocrx_word' id='word_1_933' title='bbox 1823 2179 1892 2214; x_wconf 83' lang='lat' dir='ltr'>quid</span> 
     </span>
     <span class='ocr_line' id='line_1_132' title="bbox 1099 2216 1889 2253; baseline -0.004 -8"><span class='ocrx_word' id='word_1_934' title='bbox 1099 2223 1236 2253; x_wconf 82' lang='lat' dir='ltr'>sequatur,</span> <span class='ocrx_word' id='word_1_935' title='bbox 1261 2218 1310 2244; x_wconf 93' lang='lat' dir='ltr'>hoc</span> <span class='ocrx_word' id='word_1_936' title='bbox 1332 2217 1424 2243; x_wconf 88' lang='lat' dir='ltr'>modo:</span> <span class='ocrx_word' id='word_1_937' title='bbox 1445 2217 1474 2243; x_wconf 95' lang='lat' dir='ltr'>ln</span> <span class='ocrx_word' id='word_1_938' title='bbox 1497 2218 1609 2252; x_wconf 90' lang='lat' dir='ltr'>patriam</span> <span class='ocrx_word' id='word_1_939' title='bbox 1630 2216 1782 2243; x_wconf 88' lang='lat' dir='ltr'>cuiusmodi</span> <span class='ocrx_word' id='word_1_940' title='bbox 1800 2216 1889 2248; x_wconf 73' lang='lat' dir='ltr'>fuerit,</span> 
     </span>
     <span class='ocr_line' id='line_1_133' title="bbox 1100 2253 1892 2289; baseline -0.003 -7"><span class='ocrx_word' id='word_1_941' title='bbox 1100 2256 1218 2282; x_wconf 88' lang='lat' dir='ltr'>habetis:</span> <span class='ocrx_word' id='word_1_942' title='bbox 1245 2263 1317 2281; x_wconf 90' lang='lat' dir='ltr'>nunc</span> <span class='ocrx_word' id='word_1_943' title='bbox 1334 2255 1362 2281; x_wconf 91' lang='lat' dir='ltr'>in</span> <span class='ocrx_word' id='word_1_944' title='bbox 1375 2259 1498 2289; x_wconf 89' lang='lat' dir='ltr'>parentes</span> <span class='ocrx_word' id='word_1_945' title='bbox 1511 2254 1600 2289; x_wconf 87' lang='lat' dir='ltr'>qualis</span> <span class='ocrx_word' id='word_1_946' title='bbox 1615 2254 1753 2285; x_wconf 79' lang='lat' dir='ltr'>exstiterit,</span> <span class='ocrx_word' id='word_1_947' title='bbox 1768 2253 1892 2280; x_wconf 83' lang='lat' dir='ltr'>conside-</span> 
     </span>
     <span class='ocr_line' id='line_1_134' title="bbox 1100 2291 1889 2327; baseline -0.003 -8"><span class='ocrx_word' id='word_1_948' title='bbox 1100 2298 1164 2319; x_wconf 71' lang='lat' dir='ltr'>rate.</span> <span class='ocrx_word' id='word_1_949' title='bbox 1179 2293 1258 2319; x_wconf 86' lang='lat' dir='ltr'>Item:</span> <span class='ocrx_word' id='word_1_950' title='bbox 1274 2292 1331 2318; x_wconf 84' lang='lat' dir='ltr'>Mea</span> <span class='ocrx_word' id='word_1_951' title='bbox 1345 2292 1372 2318; x_wconf 90' lang='lat' dir='ltr'>in</span> <span class='ocrx_word' id='word_1_952' title='bbox 1386 2292 1468 2318; x_wconf 90' lang='lat' dir='ltr'>istum</span> <span class='ocrx_word' id='word_1_953' title='bbox 1483 2291 1610 2318; x_wconf 80' lang='lat' dir='ltr'>beneficia</span> <span class='ocrx_word' id='word_1_954' title='bbox 1619 2291 1792 2327; x_wconf 78' lang='lat' dir='ltr'>cognoscitis3</span> <span class='ocrx_word' id='word_1_955' title='bbox 1808 2299 1889 2323; x_wconf 85' lang='lat' dir='ltr'>nunc,</span> 
     </span>
     <span class='ocr_line' id='line_1_135' title="bbox 1099 2327 1893 2366; baseline -0.004 -9"><span class='ocrx_word' id='word_1_956' title='bbox 1099 2330 1234 2366; x_wconf 86' lang='lat' dir='ltr'>quomodo</span> <span class='ocrx_word' id='word_1_957' title='bbox 1247 2330 1297 2356; x_wconf 87' lang='lat' dir='ltr'>iste</span> <span class='ocrx_word' id='word_1_958' title='bbox 1310 2329 1377 2355; x_wconf 87' lang='lat' dir='ltr'>mihi</span> <span class='ocrx_word' id='word_1_959' title='bbox 1391 2329 1504 2364; x_wconf 79' lang='lat' dir='ltr'>gratiam</span> <span class='ocrx_word' id='word_1_960' title='bbox 1518 2328 1646 2359; x_wconf 85' lang='lat' dir='ltr'>retulerit,</span> <span class='ocrx_word' id='word_1_961' title='bbox 1662 2329 1783 2363; x_wconf 88' lang='lat' dir='ltr'>accipite.</span> <span class='ocrx_word' id='word_1_962' title='bbox 1808 2327 1893 2354; x_wconf 82' lang='lat' dir='ltr'>Profi-</span> 
     </span>
     <span class='ocr_line' id='line_1_136' title="bbox 1099 2365 1892 2401; baseline -0.003 -7"><span class='ocrx_word' id='word_1_963' title='bbox 1099 2369 1135 2394; x_wconf 87' lang='lat' dir='ltr'>eit</span> <span class='ocrx_word' id='word_1_964' title='bbox 1148 2368 1213 2394; x_wconf 86' lang='lat' dir='ltr'>haec</span> <span class='ocrx_word' id='word_1_965' title='bbox 1226 2365 1423 2401; x_wconf 87' lang='lat' dir='ltr'>aliquantulum</span> <span class='ocrx_word' id='word_1_966' title='bbox 1437 2366 1572 2393; x_wconf 87' lang='lat' dir='ltr'>exornatio</span> <span class='ocrx_word' id='word_1_967' title='bbox 1584 2366 1618 2392; x_wconf 90' lang='lat' dir='ltr'>ad</span> <span class='ocrx_word' id='word_1_968' title='bbox 1631 2365 1698 2392; x_wconf 89' lang='lat' dir='ltr'>duas</span> <span class='ocrx_word' id='word_1_969' title='bbox 1711 2374 1768 2398; x_wconf 80' lang='lat' dir='ltr'>res3</span> <span class='ocrx_word' id='word_1_970' title='bbox 1791 2373 1852 2392; x_wconf 83' lang='lat' dir='ltr'>nam</span> <span class='ocrx_word' id='word_1_971' title='bbox 1865 2370 1892 2392; x_wconf 79' lang='lat' dir='ltr'>et</span> 
     </span>
     <span class='ocr_line' id='line_1_137' title="bbox 1099 2402 1893 2440; baseline -0.004 -9"><span class='ocrx_word' id='word_1_972' title='bbox 1099 2405 1166 2440; x_wconf 90' lang='lat' dir='ltr'>quid</span> <span class='ocrx_word' id='word_1_973' title='bbox 1179 2404 1277 2431; x_wconf 84' lang='lat' dir='ltr'>dixerit</span> <span class='ocrx_word' id='word_1_974' title='bbox 1289 2407 1447 2435; x_wconf 89' lang='lat' dir='ltr'>commonet,</span> <span class='ocrx_word' id='word_1_975' title='bbox 1463 2408 1489 2430; x_wconf 91' lang='lat' dir='ltr'>et</span> <span class='ocrx_word' id='word_1_976' title='bbox 1501 2403 1535 2430; x_wconf 89' lang='lat' dir='ltr'>ad</span> <span class='ocrx_word' id='word_1_977' title='bbox 1547 2402 1683 2438; x_wconf 86' lang='lat' dir='ltr'>reliquum</span> <span class='ocrx_word' id='word_1_978' title='bbox 1696 2407 1831 2438; x_wconf 79' lang='lat' dir='ltr'>comparat</span> <span class='ocrx_word' id='word_1_979' title='bbox 1842 2410 1893 2429; x_wconf 85' lang='lat' dir='ltr'>au-</span> 
     </span>
     <span class='ocr_line' id='line_1_138' title="bbox 1099 2443 1221 2469; baseline -0.016 0"><span class='ocrx_word' id='word_1_980' title='bbox 1099 2443 1221 2469; x_wconf 83' lang='lat' dir='ltr'>ditorem.</span> 
     </span>
    </p>

    <p class='ocr_par' dir='ltr' id='par_1_25' title="bbox 1078 2476 1892 2737">
     <span class='ocr_line' id='line_1_139' title="bbox 1153 2476 1892 2513; baseline -0.001 -8"><span class='ocrx_word' id='word_1_981' title='bbox 1153 2481 1194 2506; x_wconf 84' lang='lat'>36.</span> <span class='ocrx_word' id='word_1_982' title='bbox 1219 2478 1350 2505; x_wconf 82' lang='lat' dir='ltr'>correctio</span> <span class='ocrx_word' id='word_1_983' title='bbox 1371 2482 1419 2509; x_wconf 84' lang='lat' dir='ltr'>est,</span> <span class='ocrx_word' id='word_1_984' title='bbox 1444 2485 1513 2513; x_wconf 88' lang='lat' dir='ltr'>quae</span> <span class='ocrx_word' id='word_1_985' title='bbox 1527 2476 1595 2503; x_wconf 85' lang='lat' dir='ltr'>tollit</span> <span class='ocrx_word' id='word_1_986' title='bbox 1607 2476 1635 2503; x_wconf 83' lang='lat' dir='ltr'>id</span> <span class='ocrx_word' id='word_1_987' title='bbox 1649 2476 1722 2512; x_wconf 86' lang='lat' dir='ltr'>quod</span> <span class='ocrx_word' id='word_1_988' title='bbox 1734 2476 1837 2503; x_wconf 86' lang='lat' dir='ltr'>dictum</span> <span class='ocrx_word' id='word_1_989' title='bbox 1850 2481 1892 2504; x_wconf 63' lang='lat' dir='ltr'>ost</span> 
     </span>
     <span class='ocr_line' id='line_1_140' title="bbox 1099 2514 1889 2552; baseline -0.004 -9"><span class='ocrx_word' id='word_1_990' title='bbox 1099 2522 1125 2543; x_wconf 85' lang='lat' dir='ltr'>et</span> <span class='ocrx_word' id='word_1_991' title='bbox 1146 2525 1194 2552; x_wconf 89' lang='lat' dir='ltr'>pro</span> <span class='ocrx_word' id='word_1_992' title='bbox 1215 2524 1246 2542; x_wconf 92' lang='lat' dir='ltr'>eo</span> <span class='ocrx_word' id='word_1_993' title='bbox 1267 2515 1295 2541; x_wconf 91' lang='lat' dir='ltr'>id</span> <span class='ocrx_word' id='word_1_994' title='bbox 1316 2515 1389 2550; x_wconf 89' lang='lat' dir='ltr'>quod</span> <span class='ocrx_word' id='word_1_995' title='bbox 1411 2515 1496 2551; x_wconf 82' lang='lat' dir='ltr'>magis</span> <span class='ocrx_word' id='word_1_996' title='bbox 1517 2514 1644 2540; x_wconf 89' lang='lat' dir='ltr'>idoneum</span> <span class='ocrx_word' id='word_1_997' title='bbox 1657 2514 1765 2540; x_wconf 84' lang='lat' dir='ltr'>videtur</span> <span class='ocrx_word' id='word_1_998' title='bbox 1776 2514 1889 2549; x_wconf 84' lang='lat' dir='ltr'>reponit,</span> 
     </span>
     <span class='ocr_line' id='line_1_141' title="bbox 1100 2551 1891 2589; baseline -0.004 -9"><span class='ocrx_word' id='word_1_999' title='bbox 1100 2554 1149 2580; x_wconf 85' lang='lat' dir='ltr'>hoc</span> <span class='ocrx_word' id='word_1_1000' title='bbox 1163 2558 1252 2589; x_wconf 88' lang='lat' dir='ltr'>pacto:</span> <span class='ocrx_word' id='word_1_1001' title='bbox 1274 2552 1351 2585; x_wconf 91' lang='lat' dir='ltr'>Quod</span> <span class='ocrx_word' id='word_1_1002' title='bbox 1364 2553 1387 2578; x_wconf 89' lang='lat' dir='ltr'>si</span> <span class='ocrx_word' id='word_1_1003' title='bbox 1400 2553 1450 2578; x_wconf 89' lang='lat' dir='ltr'>iste</span> <span class='ocrx_word' id='word_1_1004' title='bbox 1463 2560 1527 2578; x_wconf 90' lang='lat' dir='ltr'>suos</span> <span class='ocrx_word' id='word_1_1005' title='bbox 1541 2551 1660 2586; x_wconf 89' lang='lat' dir='ltr'>hospites</span> <span class='ocrx_word' id='word_1_1006' title='bbox 1669 2555 1796 2587; x_wconf 79' lang='lat' dir='ltr'>rogasset,</span> <span class='ocrx_word' id='word_1_1007' title='bbox 1807 2552 1891 2578; x_wconf 87' lang='lat' dir='ltr'>immo</span> 
     </span>
     <span class='ocr_line' id='line_1_142' title="bbox 1099 2589 1891 2624; baseline -0.004 -6"><span class='ocrx_word' id='word_1_1008' title='bbox 1099 2592 1233 2618; x_wconf 91' lang='lat' dir='ltr'>innuisset</span> <span class='ocrx_word' id='word_1_1009' title='bbox 1245 2589 1333 2621; x_wconf 91' lang='lat' dir='ltr'>modo,</span> <span class='ocrx_word' id='word_1_1010' title='bbox 1349 2589 1426 2616; x_wconf 83' lang='lat' dir='ltr'>facile</span> <span class='ocrx_word' id='word_1_1011' title='bbox 1439 2589 1489 2615; x_wconf 85' lang='lat' dir='ltr'>hoc</span> <span class='ocrx_word' id='word_1_1012' title='bbox 1501 2589 1592 2624; x_wconf 85' lang='lat' dir='ltr'>perfici</span> <span class='ocrx_word' id='word_1_1013' title='bbox 1606 2593 1704 2624; x_wconf 89' lang='lat' dir='ltr'>posset.</span> <span class='ocrx_word' id='word_1_1014' title='bbox 1727 2589 1807 2615; x_wconf 86' lang='lat' dir='ltr'>Item:</span> <span class='ocrx_word' id='word_1_1015' title='bbox 1822 2589 1891 2615; x_wconf 84' lang='lat' dir='ltr'>Nam</span> 
     </span>
     <span class='ocr_line' id='line_1_143' title="bbox 1100 2626 1890 2664; baseline -0.004 -9"><span class='ocrx_word' id='word_1_1016' title='bbox 1100 2633 1242 2664; x_wconf 84' lang='lat' dir='ltr'>postquam</span> <span class='ocrx_word' id='word_1_1017' title='bbox 1263 2627 1309 2654; x_wconf 87' lang='lat' dir='ltr'>isti</span> <span class='ocrx_word' id='word_1_1018' title='bbox 1329 2627 1451 2653; x_wconf 82' lang='lat' dir='ltr'>vicerunt</span> <span class='ocrx_word' id='word_1_1019' title='bbox 1471 2631 1551 2661; x_wconf 87' lang='lat' dir='ltr'>atque</span> <span class='ocrx_word' id='word_1_1020' title='bbox 1568 2626 1634 2653; x_wconf 83' lang='lat' dir='ltr'>adeo</span> <span class='ocrx_word' id='word_1_1021' title='bbox 1650 2626 1714 2652; x_wconf 88' lang='lat' dir='ltr'>victi</span> <span class='ocrx_word' id='word_1_1022' title='bbox 1727 2630 1804 2652; x_wconf 86' lang='lat' dir='ltr'>sunt:</span> <span class='ocrx_word' id='word_1_1023' title='bbox 1831 2634 1890 2652; x_wconf 87' lang='lat' dir='ltr'>eam</span> 
     </span>
     <span class='ocr_line' id='line_1_144' title="bbox 1078 2663 1890 2701; baseline -0.002 -10"><span class='ocrx_word' id='word_1_1024' title='bbox 1078 2683 1079 2691; x_wconf 43' lang='lat'>1</span> <span class='ocrx_word' id='word_1_1025' title='bbox 1099 2665 1234 2701; x_wconf 91' lang='lat' dir='ltr'>quomodo</span> <span class='ocrx_word' id='word_1_1026' title='bbox 1256 2665 1394 2691; x_wconf 88' lang='lat' dir='ltr'>victoriam</span> <span class='ocrx_word' id='word_1_1027' title='bbox 1415 2663 1557 2698; x_wconf 88' lang='lat' dir='ltr'>appellem,</span> <span class='ocrx_word' id='word_1_1028' title='bbox 1581 2672 1650 2699; x_wconf 87' lang='lat' dir='ltr'>quae</span> <span class='ocrx_word' id='word_1_1029' title='bbox 1669 2663 1814 2690; x_wconf 69' lang='lat' dir='ltr'>victoribus</span> <span class='ocrx_word' id='word_1_1030' title='bbox 1826 2663 1890 2698; x_wconf 83' lang='lat' dir='ltr'>plus</span> 
     </span>
     <span class='ocr_line' id='line_1_145' title="bbox 1078 2695 1890 2737; baseline -0.002 -8"><span class='ocrx_word' id='word_1_1031' title='bbox 1078 2695 1080 2729; x_wconf 79' lang='lat' dir='ltr'>l</span> <span class='ocrx_word' id='word_1_1032' title='bbox 1099 2703 1266 2734; x_wconf 85' lang='lat' dir='ltr'>calamitatis,</span> <span class='ocrx_word' id='word_1_1033' title='bbox 1281 2710 1363 2737; x_wconf 91' lang='lat' dir='ltr'>quam</span> <span class='ocrx_word' id='word_1_1034' title='bbox 1376 2701 1439 2728; x_wconf 85' lang='lat' dir='ltr'>boni</span> <span class='ocrx_word' id='word_1_1035' title='bbox 1453 2700 1574 2728; x_wconf 74' lang='lat' dir='ltr'>dederit?</span> <span class='ocrx_word' id='word_1_1036' title='bbox 1589 2700 1612 2728; x_wconf 93' lang='grc' dir='ltr'>Ο</span> <span class='ocrx_word' id='word_1_1037' title='bbox 1625 2701 1732 2727; x_wconf 85' lang='lat' dir='ltr'>virtutis</span> <span class='ocrx_word' id='word_1_1038' title='bbox 1745 2709 1835 2727; x_wconf 83' lang='lat' dir='ltr'>comes</span> <span class='ocrx_word' id='word_1_1039' title='bbox 1847 2701 1890 2727; x_wconf 90' lang='lat' dir='ltr'>in-</span> 
     </span>
    </p>
   </div>
   <div class='ocr_carea' id='block_1_19' title="bbox 1078 1067 1080 2654">
    <p class='ocr_par' dir='ltr' id='par_1_26' title="bbox 1078 1067 1080 2654">
     <span class='ocr_line' id='line_1_146' title="bbox 1078 1067 1080 2654; baseline 0 0"><span class='ocrx_word' id='word_1_1040' title='bbox 1078 1067 1080 2654; x_wconf 95' lang='lat' dir='ltr'> </span> 
     </span>
    </p>
   </div>
  </div>
 </body>
</html>
