1941 3052
503 138 556 164 DE
590 137 819 164 ORATORE
853 138 940 164 LIB.

975 139 1017 164 111.
1049 138 1103 165 CA
1118 139 1146 164 Ρ.
1170 141 1183 164 S
1205 154 1240 158 —
1264 140 1302 165 tt.
1672 143 1712 166 12¹

84 210 197 236 animata
211 209 292 240 exire,
314 207 373 235 nolo
386 207 475 235 inflata
490 213 515 235 et
527 209 605 244 quasi
620 208 740 235 anhelata
754 209 873 244 gravius.
896 208 905 236 3
928 213 1065 244 praecepta
1079 209 1170 235 Latine
1185 208 1320 244 loquendi,
1332 218 1401 244 quae
1412 209 1523 244 puerilis
1537 210 1654 236 doctrina
1667 216 1719 237 tra-

85 248 150 274 Nam
164 246 197 272 de
211 254 274 272 voce
288 245 407 272 nondum
420 254 450 272 ea
464 246 531 277 dico,
543 254 612 281 quae
626 250 689 272 sunt
698 246 817 277 actionis,
830 246 876 271 sed

85 285 142 315 hoc,
167 283 240 318 quod
258 283 325 309 mihi
343 291 405 309 cum
423 291 544 309 sermone
558 284 636 318 quasi
649 284 821 309 coniunctum
836 283 878 309 vi-

84 321 171 347 detur.
194 320 262 347 Sunt
275 321 347 346 enim
360 324 429 346 certa
444 320 516 352 vitia,
532 329 601 355 quae
615 329 693 347 nemo
706 325 746 347 est
758 321 824 355 quin
838 319 878 346 ef-

86 358 177 394 fugere
200 358 304 392 cupiat:
326 357 415 384 mollis
430 366 490 389 vox,
515 362 545 384 ut
567 357 715 389 muliebris,
737 363 782 383 aut
799 357 878 392 quasi

85 400 158 422 extra
176 395 286 422 modum
305 395 404 421 absona
422 399 501 429 atque
515 395 639 421 absurda.
673 395 721 421 Est
734 399 822 421 autem
837 395 879 420 vi-
898 422 899 427 ,

85 434 161 464 tium,
170 432 242 468 quod
254 432 377 459 nonnulli
386 432 418 458 de
428 432 559 458 industria
568 436 761 458 consectantur.
775 432 879 458 taliu-

85 471 150 496 stica
164 479 217 496 vox
230 474 255 496 et
269 470 380 505 agrestis
391 469 523 504 quosdam
537 469 655 500 delectat,
664 478 718 504 quo
732 469 817 504 magis
831 478 878 495 an-

85 508 243 542 tiquitatem,
265 507 287 533 si
306 508 341 533 ita
355 511 438 538 sonet,
455 515 547 533 eorum
561 515 647 533 sermo
661 507 773 532 retinere
787 506 878 532 videa-
898 527 899 535 ,

85 550 142 577 tur,
164 549 194 570 ut
207 548 279 575 tuus,
297 544 396 575 Catule,
413 544 520 575 sodalis,
537 544 566 570 L.
583 544 665 574 Cotta,
680 543 796 579 gaudere
811 543 877 569 mihi
898 543 907 571 3,

86 581 192 608 videtur
209 582 337 617 gravitate
356 582 462 617 linguae
476 589 594 615 sonoque
608 581 681 606 vocis
695 581 792 615 agresti
807 585 831 606 et
845 580 878 606 il-
899 592 900 612 1

86 619 142 649 tud,
156 619 229 654 quod
243 619 369 654 loquitur,
386 619 505 653 priscum
519 618 609 645 visum
623 618 655 643 iri
667 622 750 652 putat,
763 618 785 643 si
800 617 878 652 plane
898 620 900 648 ξ

86 656 166 683 fuerit
183 657 359 683 rusticanum.
391 657 432 682 Me
446 660 534 682 autem
548 659 611 681 tuus
625 663 707 681 sonus
722 659 747 680 et
760 655 878 680 suavitas
898 655 907 692 l¹

85 695 135 720 ista
150 694 274 720 delectat:
290 694 381 720 omitto
392 693 717 727 verborum,quamquam
731 696 770 718 est
784 697 876 726 caput,

87 739 180 757 verum
210 731 239 757 id
269 731 341 756 affert
371 731 448 761 ratio,
477 730 572 756 docent
599 729 712 760 litterae,
741 729 878 756 confirmat

86 768 251 795 consuetudo
277 772 302 794 et
324 767 429 803 legendi
456 771 482 793 et
504 767 644 802 loquendi:
677 766 724 793 sed
746 767 814 793 hanc
837 766 879 792 di-

86 814 116 832 co
133 806 300 836 suavitatem,
323 813 392 840 quae
410 805 465 831 exit
482 813 516 831 ex
533 813 590 831 ore:
617 813 686 839 quae
704 804 828 839 quidem,
850 808 878 830 ut

86 842 157 877 apud
172 842 286 869 Graecos
300 842 456 873 Atticorum,
473 842 512 868 sie
528 842 557 868 in
575 842 668 868 Latino
685 850 806 868 sermone
827 841 879 867 hu-

87 881 129 906 ius
147 884 187 906 est
205 880 279 906 urbis
298 880 414 906 maxime
432 880 547 914 propria.

86 917 204 944 doctrina
217 918 337 952 ipsorum
352 917 556 943 Atheniensium
569 917 683 950 interiit;
711 916 878 943 domicilium

86 959 188 981 tantum
206 955 233 981 in
252 954 297 981 illa
316 955 382 981 urhe
401 959 518 981 remanet
536 954 696 986 studiorum,
716 954 818 989 quibus
833 963 879 979 va-

86 996 146 1018 cant
168 992 249 1023 cives,
275 992 408 1028 peregrini
431 991 565 1023 fruuntur,
590 993 660 1027 capti
681 991 879 1026 quodammodo

87 1067 172 1093 mines
185 1066 315 1094 Asiaticos
328 1067 420 1102 quivis
433 1066 604 1093 Atheniensis
618 1066 742 1093 indoctus
756 1075 808 1092 non
820 1075 880 1092 ver—

87 1104 137 1136 bis,
153 1104 201 1131 sed
215 1113 279 1131 sono
293 1105 374 1135 vocis,
391 1113 438 1131 nec
452 1108 505 1130 tam
520 1104 596 1135 bene,
612 1113 694 1139 quam
709 1105 827 1130 suaviter
841 1103 879 1130 lo-

86 1142 192 1176 quendo
210 1141 286 1168 facile
300 1142 446 1177 superabit.
480 1142 567 1168 Nostri
582 1142 672 1168 minus
686 1141 795 1167 student
810 1140 879 1167 litte-

87 1179 131 1210 ris,
148 1188 229 1214 quam
244 1180 339 1206 Latini.
364 1180 463 1205 Tamen
477 1187 510 1205 ex
523 1179 590 1210 istis,
607 1188 675 1214 quos
689 1179 781 1209 nostis,
798 1178 879 1204 urba·
899 1188 907 1198 ν

87 1217 136 1247 niS‚
162 1217 189 1243 in
207 1217 309 1252 quibus
326 1217 470 1243 minimum
489 1221 529 1243 est
547 1216 702 1248 litterarum,
728 1225 806 1242 nemo
829 1221 876 1247 est,

86 1254 153 1288 quin
172 1253 394 1280 litteratissimum
413 1258 562 1290 togatorum
580 1254 710 1285 omnium,
731 1253 762 1286 Q.
778 1253 880 1280 Valeri-

86 1299 133 1317 um
148 1291 287 1323 Soranum,
308 1291 413 1318 lenitate
426 1292 499 1318 vocis
514 1296 593 1326 atque
607 1292 665 1326 ipso
678 1292 731 1318 oris
745 1300 840 1326 pressu
855 1295 879 1317 et

87 1337 151 1354 sono
166 1328 241 1354 facile
256 1329 352 1355 vincat.
374 1329 433 1355 XII.
450 1328 585 1361 44.Quare
599 1338 685 1364 quum
699 1329 734 1355 sit
747 1328 877 1363 quaedam
899 1328 908 1345 “³

86 1370 155 1392 certa
178 1374 230 1392 vox
252 1366 364 1392 Romani
382 1367 487 1401 generis
506 1366 635 1401 urbisque
653 1366 768 1401 propria,
785 1367 812 1392 in
826 1374 878 1400 qua

87 1403 153 1428 nihil
169 1403 275 1435 offendi,
296 1403 364 1430 nihil
378 1403 529 1438 displicere,
545 1403 613 1429 nihil
628 1403 802 1430 animadverti
817 1412 879 1438 pos·
899 1412 901 1426 ι

86 1441 130 1471 sit,
152 1440 218 1466 nihil
239 1450 332 1467 sonare
350 1445 396 1468 aut
413 1440 483 1467 olere
501 1441 682 1477 peregrinum,
700 1440 767 1466 hano
782 1449 879 1475 sequa-

86 1486 148 1504 mur
169 1486 256 1513 neque
278 1478 366 1504 solum
389 1479 515 1504 rusticam
535 1478 712 1513 asperitatem,
733 1478 780 1504 sed
799 1479 878 1504 etiam

86 1515 252 1551 peregrinam
268 1515 435 1542 insolentiam
451 1515 543 1551 sugere
556 1516 702 1542 discamus
738 1516 778 1541 45.
795 1515 880 1549 Equi-

86 1553 146 1578 dem
170 1561 256 1587 quum
279 1553 359 1579 audio
382 1561 487 1579 socrum
511 1561 596 1578 meam
613 1552 741 1578 Laeliam:
762 1552 878 1587 (facilius
907 1567 908 1570 =

86 1591 157 1616 enim
172 1590 298 1616 mulieres
312 1591 492 1624 incorruptam
513 1591 696 1624 antiquitatem
710 1594 875 1620 conservant,

86 1627 158 1662 quod
172 1627 316 1654 multorum
332 1627 462 1654 sermonis
476 1632 598 1662 expertes
616 1636 644 1653 ea
659 1632 748 1653 tenent
762 1636 876 1661 semper,

86 1673 155 1700 quae
169 1665 254 1699 prima
268 1664 444 1700 didiceruntz)
462 1665 509 1690 sed
524 1673 581 1691 eam
596 1665 635 1691 sic
649 1665 737 1695 audio,
755 1669 784 1691 ut
800 1664 879 1690 Plau-

87 1706 143 1728 tum
158 1702 224 1728 mihi
239 1706 284 1728 aut
297 1703 428 1728 Naevium
442 1702 534 1728 videar
547 1702 649 1728 audire.
676 1702 746 1728 Seno
760 1703 818 1736 ipso
833 1710 879 1727 vo-
906 1696 908 1764 ξ

907 1806 908 1816 3

907 1817 908 1830 l

907 1844 908 1861 i

907 1869 908 1893 l

907 1899 909 1909 t

87 1739 125 1765 cis
139 1739 175 1765 ita
188 1743 258 1766 recto
272 1744 297 1766 et
311 1739 427 1775 simplici
441 1743 489 1771 est,
510 1743 540 1766 ut
554 1739 620 1766 nihil
636 1740 819 1766 ostentationis
833 1743 879 1765 aut

87 1776 241 1803 imitationis
255 1776 346 1803 afferre
360 1777 494 1809 videatur,
521 1785 555 1803 ex
567 1785 621 1812 quo
635 1777 673 1803 sic
688 1777 806 1803 locutum
821 1786 878 1802 esse

87 1813 145 1840 eius
163 1818 264 1849 patrem
278 1814 375 1846 iudico,
392 1815 430 1841 sic
444 1814 570 1846 maiores,
592 1823 642 1840 non
657 1823 758 1849 aspere,
780 1818 809 1840 ut
822 1813 876 1844 ille,

87 1859 167 1886 quem
190 1851 255 1883 dixi,
278 1860 330 1878 non
349 1857 431 1883 vaste,
452 1861 504 1879 non
523 1852 629 1883 rustice,
651 1860 703 1878 non
717 1851 815 1883 hiulce,
832 1851 879 1877 sed
900 1865 901 1875 t

88 1897 177 1923 presse
199 1893 224 1915 et
250 1889 425 1924 aequabiliter
451 1894 476 1916 et
503 1889 604 1915 leniter.
640 1890 680 1915 46.
700 1888 786 1921 Quare
805 1890 878 1916 Cotta

583 880 623 906 43.
639 879 750 906 Athenis
764 880 817 905 iam
831 879 877 904 diu
898 872 907 903 ¹¹3

928 246 966 272 dit
989 250 1014 272 et
1037 246 1161 272 subtilior
1184 247 1299 282 cognitio
1322 256 1351 272 ac
1370 248 1434 273 ratio
1455 247 1599 273 litterarum
1614 248 1660 274 alit
1674 254 1718 274 aut

928 284 1092 310 consuetudo
1115 285 1244 310 sermonis
1268 284 1415 318 quotidiani
1444 293 1473 310 ac
1496 284 1634 311 domestici
1659 285 1718 311 libri

928 320 1084 347 confirmant
1103 325 1126 347 et
1146 320 1222 347 lectio
1242 326 1360 347 veterum
1380 326 1512 347 oratorum
1532 327 1556 348 et
1571 327 1717 356 poetarum.

929 359 1021 392 Neque
1043 367 1105 384 vero
1128 359 1155 384 in
1178 358 1224 385 illo
1242 358 1323 385 altero
1345 359 1448 384 diutius
1466 368 1669 389 commoremur,
1693 365 1720 385 ut

929 395 1107 429 disputemus,
1128 396 1228 430 quibus
1247 396 1327 422 rebus
1346 396 1452 430 assequi
1472 397 1616 430 possimus,
1638 402 1665 422 ut
1680 406 1717 422 ea⁴

905 454 907 462 ,
929 441 998 467 quae
1021 433 1150 463 dicamus,
1173 433 1365 468 intelligantur.
1400 435 1440 459 49.
1460 434 1551 460 Latine
1565 434 1666 460 scilicet
1680 434 1721 460 di—

929 470 1020 501 cendo,
1037 470 1126 496 verbis
1141 470 1244 496 usitatis
1259 479 1288 496 ae
1303 471 1407 505 proprie
1422 471 1666 497 demonstrantibus
1681 480 1719 502 ea,

929 516 998 541 quae
1016 507 1160 543 significari
1178 516 1207 533 ac
1225 507 1353 534 declarari
1371 508 1502 539 volemus,
1523 509 1580 534 sine
1595 509 1721 544 ambiguo

930 544 1011 570 verbo
1033 548 1078 570 aut
1101 553 1230 574 sermone,
1256 554 1308 570 non
1328 546 1407 571 nimis
1426 545 1503 581 longa
1525 546 1720 572 continuatione

931 582 1082 613 verborum,
1105 590 1156 607 non
1176 582 1253 608 valde
1272 582 1407 616 productis
1423 583 1464 614 iis,
1481 592 1549 618 quae
1563 583 1721 609 similitudi-

930 620 971 645 nis
990 627 1083 644 caussa
1102 627 1135 645 ex
1154 618 1212 645 aliis
1232 619 1312 645 rebus
1331 620 1534 651 transferuntur,
1556 630 1607 646 non
1622 621 1722 646 discer-

930 656 983 691 ptis
997 656 1144 687 sententiis,
1159 665 1210 682 non
1222 658 1398 691 praeposteris
1410 658 1582 692 temporibus,
1597 667 1648 684 non
1659 667 1722 684 con-

906 695 907 727 }
931 693 998 719 fusis
1017 694 1147 727 personis,
1165 702 1216 719 non
1232 694 1387 720 conturbato
1401 695 1502 721 ordine.
1536 695 1606 727 Quid
1621 695 1722 721 multa‘?

930 735 982 756 tam
1002 730 1087 756 facilis
1106 735 1144 756 est
1164 735 1214 757 tota
1233 739 1283 761 reS,
1305 736 1334 757 ut
1348 732 1414 757 mihi
1429 733 1574 766 permirum
1589 741 1667 767 saepe
1682 733 1722 758 vi-

929 768 1030 798 deatur,
1051 776 1136 802 quum
1155 768 1293 794 difficilius
1312 769 1484 804 intelligatur,
1509 770 1575 804 quid
1596 775 1721 804 patronus

929 805 993 831 velit
1007 805 1103 836 dicere,
1120 814 1201 840 quam
1215 806 1237 831 si
1252 806 1309 840 ipse
1323 806 1376 837 ille,
1386 807 1432 841 qui
1447 811 1587 841 patronum
1603 807 1719 834 adhibet.

929 843 962 869 de
978 852 1005 868 re
1019 852 1067 868 sua
1081 843 1188 869 diceret.
1225 844 1266 869 50.
1287 844 1331 869 Isti
1346 844 1427 874 enim,
1443 845 1490 878 qni
1505 844 1537 869 ad
1553 853 1599 870 nos
1613 853 1722 870 caussas

929 879 1061 911 deferunt,
1082 881 1118 906 ita
1138 889 1184 906 nos
1204 880 1363 915 plerumque
1377 882 1429 915 ipsi
1444 881 1547 912 docent,
1568 886 1597 907 ut
1611 890 1661 907 non
1677 882 1723 907 de-

929 917 1030 944 sideres
1044 917 1152 952 planius
1166 917 1228 943 dici.
1255 918 1369 944 Easdem
1384 928 1425 944 res
1440 923 1528 945 autem
1543 918 1656 944 simulac
1670 919 1723 945 Fu-

930 955 980 981 fius
995 959 1040 981 aut
1054 959 1141 981 vester
1156 955 1275 990 aequalis
1289 956 1453 990 Pomponius
1468 965 1544 991 agere
1559 957 1653 991 coepit,
1672 965 1722 982 non

899 992 900 1021 J
930 1001 1022 1028 aeque,
1044 993 1109 1027 quid
1124 993 1220 1023 dicant,
1237 993 1289 1019 nisi
1304 993 1447 1019 admodum
1463 994 1570 1025 attendi,
1589 994 1720 1029 intelligo:

87 1030 193 1056 nomine
206 1030 282 1056 urbis
296 1033 321 1056 et
334 1029 501 1056 auctoritate:
518 1034 606 1056 tamen
621 1029 816 1055 eruditissimos
832 1028 880 1055 ho-
899 1031 907 1060 Υ

930 1031 966 1056 ita
979 1030 1090 1056 confusa
1104 1034 1144 1056 est
1157 1031 1247 1059 oratio,
1264 1031 1299 1056 ita
1314 1031 1474 1065 perturbata,
1493 1031 1559 1057 nihil
1575 1036 1604 1057 ut
1618 1032 1652 1057 sit
1668 1032 1724 1065 pri-

930 1076 1014 1099 mum,
1032 1067 1098 1094 nihil
1114 1072 1142 1094 ut
1156 1068 1315 1099 secundum,
1332 1073 1456 1103 tantaque
1470 1068 1611 1095 insolentia
1625 1078 1654 1094 ac
1668 1073 1724 1094 tur-

930 1106 963 1131 ba
982 1105 1133 1136 verborum,
1156 1109 1185 1131 ut
1203 1106 1293 1136 oratio,
1314 1114 1382 1140 quae
1398 1106 1487 1132 lumen
1502 1106 1628 1132 adbibere
1643 1106 1724 1132 rebus

930 1143 1017 1174 debet,
1044 1151 1073 1169 ea
1091 1143 1279 1169 obscuritatem
1299 1147 1323 1169 et
1347 1144 1467 1169 tenebras
1491 1143 1579 1169 afferat
1598 1148 1676 1178 atque
1696 1149 1723 1169 ut

930 1180 1127 1215 quodammodo
1145 1181 1197 1215 ipsi
1216 1180 1267 1206 sibi
1282 1181 1309 1206 in
1324 1180 1435 1207 dicendo
1449 1181 1600 1216 obstrepere
1615 1181 1725 1207 videan-

930 1223 982 1244 tur.
1009 1219 1050 1244 51.
1067 1218 1174 1248 Verum,
1192 1219 1214 1243 si
1229 1218 1321 1252 placet,
1338 1219 1463 1253 quoniam
1480 1219 1544 1245 haec
1558 1219 1621 1244 satis
1636 1227 1721 1253 spero,

931 1255 1007 1282 vobis
1026 1256 1136 1290 quidem
1154 1259 1224 1281 certe
1239 1256 1395 1287 maioribus,
1413 1256 1523 1282 molesta
1538 1261 1562 1282 et
1576 1256 1670 1291 putida
1683 1257 1724 1282 vi-

930 1293 999 1324 deri,
1033 1293 1065 1319 ad
1100 1292 1202 1327 reliqua
1233 1292 1368 1328 aliquanto
1403 1294 1533 1320 odiosiora
1569 1302 1722 1328 pergamus.

930 1331 999 1357 XlV.
1023 1330 1106 1365 Atqui
1129 1330 1212 1361 vides,
1239 1331 1327 1365 inquit
1346 1331 1486 1362 Antonius,
1507 1340 1588 1366 quam
1603 1331 1668 1357 alias
1683 1340 1724 1357 res

930 1376 1050 1403 agamus,
1066 1376 1148 1403 quam
1167 1372 1191 1394 te
1206 1368 1283 1394 inviti
1297 1368 1448 1399 audiamus,
1465 1369 1511 1403 qui
1527 1369 1622 1394 adduci
1638 1369 1725 1403 possi-

930 1414 1000 1436 mus,
1025 1405 1067 1440 (de
1090 1414 1132 1431 me
1150 1405 1222 1431 enim
1238 1406 1372 1440 conficio.)
1386 1405 1484 1432 relictis
1500 1411 1528 1432 ut
1543 1406 1622 1432 rebus
1637 1407 1725 1432 omni—

929 1442 981 1468 bus
999 1446 1024 1468 te
1041 1446 1182 1473 sectemur,
1204 1446 1228 1468 te
1243 1443 1396 1475 audiamus,
1420 1443 1454 1469 ita
1469 1443 1500 1469 de
1515 1443 1629 1469 horridis
1644 1443 1724 1469 rebus

906 1505 907 1510 ,
931 1479 1022 1511 nitida,
1046 1479 1079 1505 de
1101 1480 1200 1506 ieiunis
1222 1479 1309 1514 plena,
1331 1480 1362 1506 de
1381 1480 1546 1516 pervulgatis
1562 1489 1628 1507 nova
1642 1489 1725 1516 quae-

906 1523 907 1543 }
930 1517 990 1543 dam
1005 1521 1044 1543 est
1058 1517 1140 1543 oratio
1155 1521 1208 1543 tua.

88 1930 183 1957 noster,
199 1926 278 1953 cuius
292 1930 321 1953 tu
335 1926 380 1953 illa
396 1927 454 1957 lata,
471 1926 583 1961 Sulpici,
600 1935 801 1961 nonnumquam
817 1928 880 1953 imi-
900 1926 909 1959 ,⁴

88 1963 159 1994 taris,
180 1967 210 1989 ut
228 1964 281 1990 Iota
301 1963 414 1990 litteram
433 1964 522 1995 tollaS,
544 1968 569 1990 et
589 1964 608 1990 Ε
629 1964 817 1998 plenissimum
838 1965 880 1991 di-
900 1974 902 1994 i,

87 2009 138 2031 οδε,
159 2009 211 2027 non
230 2001 297 2027 mihi
315 2006 430 2028 oratores
449 2002 581 2036 antiquos,
598 2001 645 2027 sed
660 2010 790 2028 messores
805 2002 880 2028 vide·
900 1997 909 2029 μ’

88 2042 130 2064 tur
143 2038 251 2064 imitari.
286 2039 333 2065 Hic
350 2047 435 2073 quum
452 2039 585 2065 arrisisset
599 2039 657 2073 ipse
671 2038 818 2073 Sulpicius,
836 2039 879 2065 Sic

87 2083 163 2111 agam
182 2075 331 2106 vobiscum,
348 2076 437 2111 inquit
451 2076 571 2107 Crassus,
589 2081 625 2106 ut,
642 2076 769 2111 quoniam
785 2085 826 2102 me
843 2077 880 2103 Ιο-
900 2084 902 2110 ,¹

87 2112 134 2146 qui
148 2112 281 2143 voluistis,
303 2112 405 2147 aliquid
419 2113 451 2139 de
466 2113 562 2139 vestris
577 2113 649 2139 vitiis
663 2113 788 2140 audiatis.
824 2114 880 2140 Uti-
900 2114 902 2143 1

89 2158 148 2175 nam
166 2149 291 2184 quidem!
322 2150 411 2185 inquit
424 2150 481 2176 ille:
510 2150 538 2177 id
552 2151 622 2176 enim
638 2151 727 2185 ipsum
743 2151 877 2182 volumus,
900 2166 902 2185 t

87 2186 168 2222 idque
191 2187 213 2213 si
239 2186 341 2218 seceriS,
363 2187 456 2218 multa,
478 2192 507 2214 ut
524 2188 644 2219 arbitror,
666 2188 709 2214 hic
723 2188 802 2214 hodie
817 2189 879 2215 vitia

88 2232 227 2258 ponemus.
256 2225 297 2250 47.
317 2224 350 2250 At
364 2225 434 2251 enirn
451 2233 501 2251 non
515 2225 572 2250 sine
587 2233 645 2251 meo
660 2225 786 2260 periculo,
803 2226 880 2252 Cras—
900 2234 902 2262 χ

88 2269 134 2287 sus
156 2261 253 2296 inquit,
280 2270 399 2296 possum,
422 2262 534 2297 Sulpici,
557 2267 580 2288 te
595 2263 795 2297 reprehendere,
811 2272 880 2298 quo—

89 2299 158 2324 nium
177 2298 309 2325 Antonius
329 2299 395 2325 mihi
410 2304 434 2325 te
448 2299 617 2326 simillimum
633 2300 701 2326 dixit
714 2300 767 2326 sibi
783 2301 876 2327 videri.
901 2297 902 2302 ¹

88 2335 127 2361 Tu
150 2344 220 2367 vero,
246 2337 334 2371 inquit
357 2336 411 2367 ille,
437 2337 563 2371 quoniam
583 2338 685 2363 monuit
700 2337 779 2369 idem,
797 2343 826 2364 ut
840 2347 877 2368 ea,

87 2381 156 2407 quae
170 2373 197 2399 in
211 2381 319 2408 quoque
333 2375 449 2400 maxima
464 2378 560 2404 essent,
577 2374 755 2403 imitaremur:
781 2384 814 2401 ex
827 2384 881 2410 quo

89 2418 186 2441 vereor,
203 2419 235 2437 ne
251 2410 316 2437 nihil
331 2411 382 2437 sim
398 2412 436 2437 tui
452 2412 501 2437 nisi
517 2411 716 2446 supplosionem
733 2412 808 2447 pedis
820 2413 881 2438 imi-

88 2451 158 2473 tatus
180 2451 205 2474 et
228 2456 311 2482 pauca
335 2449 466 2483 quaedam
482 2449 561 2475 verba
580 2453 604 2474 et
623 2448 749 2484 aliquem,
766 2450 788 2475 si
804 2449 878 2480 sorte,
901 2452 902 2470 l

89 2488 200 2511 motum.
222 2485 292 2521 Ergo
305 2486 364 2517 ista,
380 2486 469 2521 inquit
483 2486 603 2516 Crassus,
620 2494 688 2520 quae
704 2486 784 2512 habes
798 2495 811 2512 a
827 2496 877 2518 me,

900 2071 902 2078 v

900 2031 909 2050 Il

984 1556 1025 1581 52.
1046 1554 1146 1580 Faciles
1166 1555 1246 1585 enim,
1266 1555 1362 1589 inquit,
1384 1554 1489 1585 Antoni,
1507 1560 1593 1589 partes
1607 1563 1652 1581 eae
1667 1555 1725 1581 fue-

899 1592 908 1617 il
930 1596 992 1618 runt
1006 1591 1081 1621 duae,
1091 1600 1158 1626 quas
1173 1592 1251 1618 modo
1266 1593 1384 1626 percurri
1399 1593 1439 1618 vel
1456 1593 1544 1626 potius
1556 1601 1638 1627 paene
1650 1602 1725 1627 prae—

930 1630 1001 1660 terii,
1027 1629 1118 1655 Latine
1142 1629 1267 1663 loquendi
1296 1629 1428 1664 planeque
1451 1630 1569 1662 dicendi,
1607 1630 1724 1664 reliquae

930 1671 993 1692 sunt
1024 1675 1143 1701 magnae,
1176 1666 1336 1701 implicatae,
1366 1668 1461 1698 variae,
1490 1676 1594 1703 graves,
1623 1668 1724 1702 quibus

929 1704 1016 1730 omnis
1031 1703 1169 1729 admiratio
1184 1704 1294 1739 ingenii,
1311 1705 1398 1730 omnis
1413 1704 1470 1730 laus
1485 1705 1651 1740 eloquentiae
1663 1714 1725 1731 con-

931 1741 1038 1767 tinetur.
1061 1742 1144 1767 Nemo
1158 1742 1229 1767 enim
1244 1750 1374 1776 umquam
1388 1747 1427 1768 est
1441 1747 1578 1773 oratorem,
1592 1742 1665 1777 quod
1676 1743 1725 1768 La-

930 1779 984 1804 tine
1008 1778 1168 1813 loqueretur,
1195 1778 1350 1805 admiratus.
1385 1779 1413 1805 Si
1432 1784 1472 1805 est
1490 1779 1573 1811 aliter,
1599 1779 1722 1811 irrident3

900 1827 908 1840 u
931 1824 1017 1851 neque
1032 1824 1094 1842 eum
1108 1821 1237 1842 oratorem
1252 1816 1444 1847 tantummodo,
1460 1817 1507 1843 sed
1523 1817 1658 1843 hominem
1674 1826 1724 1843 non

931 1858 1033 1888 putant.
1056 1854 1139 1880 Nemo
1153 1853 1249 1879 extulit
1263 1862 1323 1879 eum
1339 1854 1493 1889 verbis,qui
1508 1855 1542 1880 ita
1556 1855 1676 1885 dixisset,
1686 1859 1722 1885 ut,

907 1913 908 1921 ,
930 1891 977 1926 qui
994 1891 1125 1922 adessent,
1146 1890 1324 1926 intelligerent
1343 1891 1409 1926 quid
1423 1891 1529 1922 diceret,
1547 1892 1593 1918 sed
1607 1897 1725 1918 contem-

931 1929 984 1962 psit
997 1936 1068 1959 eum,
1085 1929 1132 1963 qui
1147 1929 1237 1954 minus
1257 1928 1283 1954 id
1303 1928 1386 1954 faeere
1401 1929 1540 1963 potuisset.
1572 1931 1613 1955 53.
1630 1930 1657 1955 In
1672 1938 1725 1964 quo

931 1966 1013 2001 igitur
1026 1965 1147 1992 homines
1162 1965 1372 1992 exhorrescunt?
1385 1975 1464 2001 quem
1480 1966 1619 2001 stupefacti
1635 1966 1725 1993 dicen-

931 2007 982 2029 tem
1006 2002 1162 2029 intuentur‘?
1191 2003 1217 2029 in
1236 2012 1290 2038 quo
1304 2003 1471 2030 exclamant‘?
1494 2013 1574 2039 quem
1589 2004 1679 2035 deum,
1697 2009 1725 2030 ut

930 2041 965 2066 ita
984 2040 1080 2071 dicam,
1102 2041 1170 2066 inter
1188 2040 1309 2066 homines
1328 2040 1440 2075 putant?
1463 2041 1513 2073 Qui
1529 2041 1661 2072 distincte,
1677 2042 1723 2076 qui

908 2080 909 2087 ¹
931 2077 1070 2112 explicate,
1086 2078 1132 2112 qui
1151 2078 1325 2109 abundanter,
1342 2079 1390 2113 qui
1406 2078 1553 2104 illuminate
1567 2084 1593 2105 ct
1607 2079 1686 2105 rebus
1701 2084 1726 2105 et

89 2529 139 2547 non
158 2522 331 2557 reprehendo,
353 2532 385 2549 ne
404 2524 537 2558 meipsum
552 2538 588 2542 —
602 2523 739 2552 irrideam:
757 2528 819 2549 sunt
833 2533 881 2549 au-
901 2524 909 2532 '¹

89 2562 141 2584 tem
165 2567 222 2585 mea
241 2559 326 2586 multo
345 2564 370 2586 et
389 2560 464 2595 plura
483 2565 508 2586 et
528 2561 634 2589 maiora,
656 2569 737 2595 quam
752 2560 828 2586 diris.
844 2576 880 2581 —
908 2562 909 2582 1

88 2594 160 2627 Quae
173 2600 261 2622 autem
277 2602 340 2623 sunt
353 2602 399 2623 aut
412 2602 456 2624 tua
471 2597 548 2632 plane
563 2603 607 2623 aut
627 2597 771 2624 imitatione
786 2607 818 2624 ex
832 2598 880 2624 ali-

90 2670 184 2700 nuerit,
208 2672 390 2698 commonebo.
425 2672 495 2698 Xlll.
518 2673 557 2698 ts.
580 2673 777 2698 Praetereamus
801 2673 881 2708 igitur

932 2115 1021 2141 verbis
1035 2115 1128 2141 dicunt
1142 2119 1167 2141 et
1181 2115 1207 2141 in
1222 2115 1280 2149 ipsa
1294 2116 1410 2142 oratione
1424 2117 1501 2150 quasi
1516 2116 1659 2151 quenulam
1675 2125 1726 2142 nu-

931 2160 1035 2178 merum
1049 2161 1212 2187 versumque
1226 2152 1382 2179 conficiunt:
1407 2153 1434 2179 id
1449 2158 1496 2183 ost,
1513 2153 1584 2188 quod
1599 2153 1666 2182 dico,
1683 2162 1725 2179 or-

932 2193 1000 2215 nate.
1034 2189 1085 2221 Qui
1101 2189 1170 2215 idem
1186 2190 1219 2215 ita
1235 2190 1413 2220 moderantur,
1435 2195 1463 2216 ut
1478 2199 1575 2221 rerum,
1593 2195 1621 2216 ut
1636 2199 1726 2225 perso-

932 2235 1025 2253 narum
1048 2227 1190 2262 dignitates
1215 2226 1309 2258 ferunt,
1337 2227 1353 2253 ii
1378 2232 1441 2253 sunt
1459 2229 1484 2254 in
1504 2237 1534 2253 eo
1552 2236 1650 2263 genere
1669 2227 1726 2254 lau—

931 2264 1011 2290 dandi
1032 2264 1128 2295 laudis,
1144 2264 1216 2298 quod
1235 2273 1283 2299 ego
1298 2269 1389 2299 aptum
1405 2270 1429 2291 et
1443 2274 1592 2299 congruens
1607 2265 1723 2291 nomino.

932 2303 973 2327 ΞΜ.
998 2301 1048 2333 Qui
1074 2301 1107 2327 ita
1131 2301 1257 2332 dicerent,
1285 2310 1329 2327 eos
1348 2303 1454 2337 negavit
1473 2301 1561 2328 aulhuc
1578 2311 1606 2327 se
1625 2302 1725 2328 vidisse

901 2364 902 2367 ,
932 2339 1062 2364 Antonius
1075 2343 1099 2364 et
1113 2339 1146 2364 iis
1161 2338 1209 2364 hoc.
1224 2348 1319 2365 nomen
1334 2339 1401 2365 dixit
1415 2339 1581 2373 eloquentiae
1592 2339 1656 2365 solis
1667 2348 1726 2365 esse

900 2382 902 2409 j
932 2375 1115 2401 tribuendum.
1138 2376 1224 2407 Quare
1239 2376 1302 2401 istos
1316 2385 1417 2406 onmes,
1434 2385 1476 2402 me
1487 2376 1726 2407 auctore,1leridete

932 2418 1010 2447 atque
1028 2413 1197 2443 contemnite,
1213 2414 1259 2448 qui
1275 2422 1302 2438 se
1318 2413 1421 2443 horum,
1437 2414 1484 2448 qui
1500 2423 1570 2439 nune
1585 2414 1618 2440 ita
1633 2414 1726 2448 appel-

933 2450 1032 2480 lantur,
1057 2449 1191 2475 rhetorum
1216 2451 1361 2485 praeceptis
1384 2459 1490 2476 omnem
1513 2455 1645 2477 oratorum
1670 2452 1725 2477 vim

931 2486 1085 2521 complexos
1099 2495 1158 2512 esse
1173 2487 1340 2517 arbitrantur,
1359 2496 1444 2522 neque
1459 2487 1555 2517 adhuc.
1572 2497 1653 2523 quam
1666 2497 1726 2523 per—

932 2532 1023 2549 sonam
1043 2528 1147 2550 teneant
1165 2529 1209 2550 aut
1227 2524 1293 2559 quid
1312 2525 1492 2558 profiteantur,
1515 2525 1663 2561 intelligere
1679 2535 1726 2560 po—

933 2565 1048 2587 tuerunt.
1072 2561 1169 2588 Verum
1184 2562 1254 2587 enim
1269 2563 1374 2592 oratori,
1386 2571 1454 2597 quae
1469 2568 1531 2589 sunt
1546 2563 1572 2589 in
1585 2563 1725 2589 hominum

933 2599 994 2629 vita,
1020 2598 1238 2633 quandoquidem
1262 2600 1288 2624 in
1312 2608 1340 2624 eu
1361 2604 1480 2626 versatur
1502 2605 1587 2626 orator
1601 2605 1680 2635 atque
1695 2610 1725 2626 ea

89 2639 142 2666 quo
160 2641 294 2668 expressa,
316 2635 348 2660 de
363 2635 396 2661 iis
414 2639 447 2665 te,
465 2635 487 2661 si
502 2636 548 2670 qui
565 2644 606 2660 me
622 2634 686 2660 sorte
702 2634 775 2661 locus
789 2635 880 2660 admo—
908 2639 909 2647 ¹

932 2639 971 2661 est
985 2636 1008 2661 ei
1023 2635 1142 2661 subiecta
1154 2636 1381 2665 niati-ries,01nnia
1393 2638 1521 2672 quaesita,
1535 2638 1633 2668 mulita,
1649 2637 1722 2666 lecta,

932 2672 1074 2707 disputata,
1092 2677 1205 2701 tractata,
1223 2674 1319 2709 agitata
1333 2683 1391 2701 esse
1405 2674 1511 2701 debent.
1534 2677 1576 2701 55.
1593 2675 1639 2701 Est
1653 2676 1724 2701 enim

1488 2725 1517 2748 ui
