1941 3052
296 77 628 104 EPISTOLARUM
661 77 714 104 AD
746 76 976 103 DIVERSOS
1006 76 1424 103 L1B.1x.EP.15-¹7.
1631 78 1680 103 720

39 151 177 181 invenero,
191 149 263 185 quod
275 148 387 183 placeat,
395 148 504 175 decrevi
514 148 635 175 habitare
642 147 714 183 apud
723 152 761 174 te:
778 148 834 174 scio

39 189 113 215 enim
124 196 167 214 me
178 186 247 214 nihil
259 186 309 212 tibi
319 187 423 222 gratius
434 186 520 213 facere
532 195 621 221 posse.
647 187 760 212 Domum
772 185 834 211 Sul-

40 225 129 252 lanam
143 224 320 259 desperabam
336 224 404 255 iam,
417 228 447 250 ut
457 224 507 250 tibi
518 224 640 258 proxime
652 223 764 258 scripsi:
786 222 833 248 sed

40 267 128 290 tamen
145 271 197 288 non
213 261 310 288 abieci.
351 262 391 287 Tu
408 261 499 291 velim,
514 266 543 287 ut
554 261 661 291 scribis,
675 269 737 286 cum
750 259 833 286 fabris

39 308 98 327 eam
114 299 272 334 perspicias.
312 298 340 325 Si
355 299 428 324 enim
443 298 513 324 nihil
530 303 570 324 est
585 299 613 324 in
628 298 777 333 parietibus
788 302 834 324 aut

39 338 146 364 intecto
157 337 226 368 vitii,
239 339 326 362 cetera
337 336 406 362 mihi
417 336 614 370 probabuntur.

90 406 154 427 XVI.
170 405 246 426 ARG.
262 405 339 426 Cicero
354 412 378 426 se
388 405 447 426 omni
460 405 524 425 modo
535 404 648 425 studuisse
658 404 736 425 scribit
746 409 767 424 et
777 405 832 425 Cae-

38 441 140 462 sarianos
159 440 204 461 sibi
217 440 339 461 conciliare
353 443 374 460 et
388 440 436 460 suis
451 440 582 460 satisfacere
592 440 682 461 officiis.
706 441 833 467 Respondet

38 476 104 497 etiam
115 476 141 496 ud
152 475 217 497 Paeti
227 475 297 496 iocos.

168 520 312 548 CICERO
336 520 497 547 PAPIRtO
521 520 651 547 PAETO
675 520 702 546 S.

96 561 119 586 l.
142 554 321 585 Delectarunt
336 566 378 584 me
398 562 459 584 tuae
480 557 595 589 litterae,
614 558 641 584 in
658 557 759 592 quibus
776 557 833 592 pri-

40 605 116 624 mum
127 596 216 623 amavi
232 604 349 622 amorem
361 600 447 626 tuum,
464 596 512 630 qui
523 600 547 622 te
559 595 591 621 ad
603 595 778 621 scribendum
790 595 832 620 in-

41 635 135 662 citavit
150 637 300 664 verentem,
322 641 355 659 ne
370 632 456 659 Silius
471 641 521 659 suo
538 633 632 659 nuntio
647 631 751 667 aliquid
764 631 831 657 mihi

38 671 232 699 sollicitudinis
244 670 390 697 attulisset:
413 670 446 696 de
457 679 510 704 quo
522 675 548 696 et
557 674 586 696 tu
598 669 666 696 mihi
677 674 752 696 antea
765 669 832 694 scri—

37 718 143 745 pseras,
161 708 204 734 bis
220 707 331 743 quidem
347 707 440 734 eodem
456 707 589 742 exemplo,
603 706 680 733 facile
692 711 721 733 ut
731 706 833 732 intelli-

37 755 130 783 gerem
140 751 165 772 te
176 754 235 772 esse
246 749 423 776 commotum;
445 749 471 771 et
481 753 531 780 ego
542 744 592 771 tibi
602 748 724 770 accurate
735 744 833 770 rescri-

37 792 157 819 pseram,
175 787 206 809 ut
216 790 325 817 quoquo
340 781 418 808 modo
429 782 457 808 in
468 781 514 808 tali
524 790 552 808 re
566 786 645 817 atque
657 786 775 816 tempore
787 785 833 807 aut

39 822 181 848 liberarem
192 824 217 846 te
228 820 278 846 ista
289 828 353 846 cura
362 824 408 846 aut
417 823 488 846 certe
500 819 627 845 levarem.
658 821 683 845 2.
699 819 752 845 Sed
764 827 833 853 quo-

332 478 362 499 (ln
372 477 486 499 Tusculano,
502 478 580 495 Caesare
592 478 627 496 111.
637 478 711 501 Lepido
721 484 767 495 coss.
778 479 832 497 709.)

37 859 111 885 niam
125 857 257 893 proximis
272 865 380 892 quoque
396 856 492 883 litteris
507 856 641 888 ostendis,
655 861 770 892 quantae
783 856 831 882 tibi
853 878 855 888 ‚

0 920 1 923 ,
36 904 116 922 curae
127 895 163 922 sit
173 903 203 921 ea
213 903 269 927 res,
291 895 339 926 sic,
353 895 391 920 mi
400 895 488 925 Paete,
502 894 611 920 habeto:
630 893 766 929 quidquid
778 898 832 919 arte

0 926 1 946 ³
37 933 95 960 fieri
106 932 231 967 potuerit,
239 931 303 967 (non
314 932 387 958 enim
393 932 447 958 iam
458 932 522 958 satis
529 931 688 958 estconsilio
694 940 829 967 pugnare:

37 970 182 997 artificium
202 969 339 1004 quoddam
360 969 570 1005 excogitandum
586 969 652 1004 estz)

37 1007 174 1043 quidquid
189 1006 320 1034 elaborari
336 1011 382 1033 aut
396 1006 467 1033 effici
482 1007 599 1042 potuerit
615 1006 648 1033 ad
660 1007 772 1033 istorum
784 1006 832 1031 be-

37 1045 217 1072 nevolentiam
241 1043 438 1071 conciliandam
461 1049 487 1071 et
506 1044 700 1080 colligendam,
725 1051 832 1070 summo

37 1082 128 1109 studio
144 1090 186 1108 me
197 1086 373 1108 consecutum
388 1090 461 1108 esse:
484 1090 532 1108 nec
545 1081 652 1113 frustra,
666 1087 695 1108 ut
706 1082 830 1108 arbitror.

38 1120 83 1146 Sic
103 1120 176 1146 enim
196 1119 281 1151 color,
299 1120 339 1146 sic
353 1119 482 1146 observor
497 1119 531 1145 ab
541 1120 670 1146 omnibus
686 1120 734 1151 iis,
755 1119 804 1153 qui
818 1127 832 1144 a

37 1157 149 1184 Caesare
164 1156 329 1192 diliguntur,
341 1162 372 1184 ut
382 1157 415 1184 ab
427 1158 461 1183 iis
473 1165 515 1183 me
526 1158 610 1183 amari
620 1162 724 1192 putem.
765 1157 832 1182 Nam

37 1195 88 1222 etsi
103 1203 154 1221 non
172 1193 250 1220 facile
266 1194 432 1221 diiudicatur
447 1203 521 1220 amor
541 1203 622 1221 verus
638 1200 664 1221 et
679 1194 765 1225 fictus,
779 1194 833 1220 nisi

37 1231 149 1267 aliquod
169 1231 271 1258 incidat
290 1231 424 1258 eiusmodi
444 1236 564 1266 tempus,
582 1237 625 1263 ut,
641 1233 720 1267 quasi
737 1240 832 1258 aurum

37 1270 109 1306 igni,
130 1269 169 1295 sic
185 1268 371 1295 benevolentia
382 1268 470 1295 fidelis
481 1269 601 1304 periculo
613 1269 704 1305 aliquo
715 1269 833 1304 perspici

38 1307 136 1342 possit;
159 1310 244 1333 cetera
256 1311 320 1333 sunt
330 1307 407 1342 signa
414 1307 582 1333 communia:
601 1307 648 1333 sed
659 1316 708 1342 ego
716 1316 768 1333 uno
775 1311 834 1333 utor

38 1349 205 1379 argumento,
218 1344 395 1378 quamobrem
406 1352 448 1370 me
456 1352 490 1370 ex
500 1345 590 1371 animo
597 1353 713 1380 vereque
721 1345 834 1371 arbitrer

37 1381 131 1417 diligi,
152 1381 215 1416 quia
232 1385 257 1408 et
273 1386 360 1408 nostra
376 1381 480 1408 fortuna
496 1390 525 1408 ea
537 1387 577 1408 est
588 1387 612 1408 et
624 1382 741 1413 illorum,
756 1386 785 1408 ut
795 1381 835 1407 si-

38 1418 161 1446 mulandi
172 1427 267 1444 caussa
279 1427 330 1445 non
342 1419 386 1445 sit.
427 1421 451 1445 3.
473 1420 509 1445 De
524 1419 571 1446 illo
582 1424 681 1450 autem,
692 1428 774 1454 quem
785 1427 833 1453 pe-

39 1465 86 1483 nes
98 1460 139 1482 est
149 1456 237 1482 omnis
249 1461 374 1491 potestas,
384 1456 453 1483 nihil
465 1456 553 1487 video,
562 1457 765 1492 quodtimeam:
780 1456 833 1482 nisi

37 1493 109 1528 quod
125 1493 215 1519 omnia
226 1498 289 1520 sunt
300 1494 408 1525 incerta.
422 1503 508 1529 quum
519 1503 533 1520 a
544 1495 602 1520 iure
613 1494 766 1521 discessum
778 1498 830 1520 est:

38 1538 88 1557 nec
107 1531 236 1567 praestari
256 1531 407 1567 quidquam
426 1536 526 1566 potest,
544 1531 624 1567 quale
644 1531 766 1558 futurum
787 1532 830 1561 sit,

36 1569 110 1605 quod
121 1570 240 1605 positum
255 1574 295 1596 est
306 1570 332 1596 in
344 1569 454 1596 alterius
466 1569 611 1600 voluntate,
624 1578 657 1596 ne
668 1569 757 1596 dicam
770 1569 833 1595 libi-

37 1607 111 1634 dine.
152 1606 205 1633 Sed
221 1611 309 1633 tamen
325 1607 384 1633 eius
400 1607 487 1641 ipsius
502 1606 576 1634 nulla
592 1616 620 1634 re
635 1616 650 1634 a
661 1616 703 1634 me
714 1607 833 1634 ossensus

37 1650 78 1672 est
87 1645 204 1671 animus.
244 1644 292 1671 Est
307 1645 379 1670 enirn
393 1644 513 1670 adhibita
529 1645 557 1671 in
573 1653 603 1671 ea
618 1645 714 1680 reipsa
726 1652 833 1671 summa

37 1691 52 1710 a
68 1681 146 1709 nobis
166 1681 322 1708 moderatio.
363 1682 396 1708 Ut
411 1682 483 1708 enim
503 1681 568 1708 olim
589 1682 750 1712 arbitrabar,
774 1690 832 1707 esse

37 1728 129 1747 meum
141 1719 224 1745 libere
236 1718 318 1754 loqui,
331 1720 410 1746 cuius
421 1728 501 1754 opera
511 1724 582 1746 esset
594 1721 620 1746 in
631 1721 739 1746 civitate
752 1719 833 1745 liber-

37 1762 91 1784 tas:
109 1757 162 1788 sic,
179 1765 209 1783 ea
226 1765 297 1783 nunc
313 1757 425 1788 amissa,
444 1756 511 1783 nihil
529 1757 616 1792 loqui,
634 1757 706 1792 quod
718 1756 834 1783 offendat

38 1799 84 1821 aut
94 1794 168 1821 illius
180 1798 225 1820 aut
235 1802 342 1825 eorum,
365 1795 413 1829 qui
424 1794 457 1820 ab
469 1794 515 1820 illo
525 1794 690 1830 diliguntur,
710 1794 833 1821 volunta-

38 1836 101 1858 tem.
142 1831 266 1866 Effugere
287 1836 376 1858 autem
397 1832 420 1858 si
436 1831 534 1858 vellem
550 1832 740 1859 nonnullorum
756 1836 832 1858 acute

38 1873 85 1896 aut
100 1867 183 1895 facete
198 1868 331 1895 dictorum
346 1869 534 1900 offensionem,
558 1869 628 1896 fama
644 1870 746 1905 ingenii
764 1869 831 1895 mihi

37 1910 110 1932 esset
120 1905 285 1932 abiicienda:
298 1905 371 1941 quod
382 1906 405 1932 si
416 1915 533 1940 possem,
547 1916 599 1933 non
612 1916 773 1934 recusarem.
806 1908 830 1933 4.

37 1943 90 1970 Sed
102 1948 189 1969 tamen
202 1943 259 1977 ipse
271 1942 367 1970 Caesar
378 1943 459 1970 habet
469 1952 577 1978 peracre
589 1944 734 1978 iudicium;
752 1949 786 1975 et,
803 1948 833 1970 ut

38 1980 164 2011 Servius,
179 1979 258 2006 frater
270 1984 345 2011 tuus,
363 1989 444 2015 quem
457 1980 681 2008 litteratissimum
694 1981 777 2008 fuisse
789 1981 832 2007 iu-

37 2017 111 2048 dico,
130 2017 207 2044 facile
222 2017 336 2048 diceret,
353 2019 394 2043 hic
409 2027 497 2044 versus
508 2019 593 2044 Plauti
608 2028 657 2045 non
668 2024 717 2050 est,
733 2021 774 2045 hic
785 2023 829 2049 est,

14 2067 16 2069 ·
37 2055 109 2092 quod
127 2055 200 2081 tritas
216 2063 293 2081 aures
311 2054 420 2081 haberet
435 2055 558 2081 notandis
573 2056 720 2091 generibus
740 2060 832 2091 poeta-

38 2101 98 2119 rum
118 2097 144 2119 et
163 2092 357 2118 consuetudine
379 2091 499 2127 legendi:
522 2093 561 2119 sic
581 2093 662 2120 audio
680 2094 829 2123 Caesarem,

37 2138 123 2166 quum
135 2129 273 2156 volumina
283 2129 831 2166 iamconfeceritcinooesteypn'rwv.siquod

37 2166 161 2194 afferatur
172 2167 204 2193 ad
217 2175 278 2193 cum
291 2175 338 2201 pro
350 2166 498 2201 meo.quod
510 2175 599 2193 meum
611 2169 712 2199 nonsit.
722 2169 832 2194 reiicere

37 2203 136 2236 solere;
150 2204 221 2239 quod
233 2213 264 2230 eo
275 2213 346 2230 nunc
358 2205 444 2239 magis
456 2204 526 2235 facit,
542 2205 605 2239 quia
618 2206 714 2232 vivunt
725 2214 831 2232 mecum

39 2240 93 2268 fere
103 2241 224 2277 quotidie
237 2241 311 2268 illius
323 2241 478 2268 familiares.
501 2242 625 2268 Incidunt
636 2247 725 2269 autem
738 2244 764 2270 in
775 2252 832 2269 ser-

39 2286 117 2305 mone
129 2280 202 2305 vario
215 2279 306 2310 multa,
320 2288 388 2314 quae
401 2278 521 2309 fortasse,
534 2279 590 2305 illis
600 2288 685 2314 quum
697 2280 769 2311 dixi.
784 2289 832 2307 nec

38 2315 172 2344 illitterata
189 2325 237 2342 nec
249 2316 351 2343 insulsa
363 2325 420 2342 esse
433 2316 584 2342 videantur.
625 2317 693 2343 llaec
709 2318 741 2344 ad
754 2318 831 2344 illum

39 2361 101 2380 cum
112 2353 225 2389 reliquis
236 2354 302 2380 actis
314 2353 497 2388 perferuntur:
517 2354 550 2380 ita
562 2354 634 2380 enim
651 2355 708 2389 ipse
721 2355 832 2381 mauda-

40 2390 88 2417 vit.
128 2390 173 2417 Sic
185 2390 226 2422 fit,
240 2396 282 2421 ut,
300 2391 401 2426 siquid
414 2396 547 2425 practerea
558 2390 592 2416 de
604 2400 645 2417 me
657 2392 761 2423 audiat,
780 2401 830 2418 non

40 2426 205 2455 audiendum
221 2433 305 2463 putet.
346 2428 526 2461 Quamobrem
542 2428 676 2455 Oenomao
697 2434 741 2455 tuo
762 2429 829 2455 nihil

39 2468 111 2491 utor:
123 2465 173 2491 etsi
185 2466 299 2500 posuisti
312 2465 368 2492 loco
379 2474 474 2491 versus
486 2465 624 2492 Accianos.
655 2467 680 2492 5.
698 2466 750 2492 Scxl
762 2475 830 2501 qnao
853 2482 855 2502 2

40 2505 80 2528 est
91 2501 211 2529 invidia?
226 2508 270 2529 aut
285 2503 352 2538 quid
368 2503 435 2529 milii
451 2511 521 2528 nunc
535 2503 649 2529 invideri
662 2503 765 2537 potest?
780 2504 831 2529 Ve-

40 2546 100 2565 rum
112 2538 152 2566 fac
162 2547 220 2566 esse
230 2541 329 2567 omnia.

40 2575 88 2606 tis.
105 2577 153 2611 qui
168 2576 236 2603 mihi
252 2577 303 2604 soli
314 2578 440 2605 videntur
451 2578 506 2603 vim
519 2578 625 2604 virtutis
642 2583 743 2609 tencre.
762 2578 830 2604 nihil

40 2619 99 2640 esse
109 2613 238 2648 sapientis
249 2621 391 2650 praestare.
401 2614 580 2650 nisiculpa1n;
594 2624 646 2650 qua
659 2615 725 2641 mihi
739 2616 831 2641 videor

676 969 723 995 sed
743 974 831 995 tamen
853 981 854 1006 3

371 2540 415 2567 Sic
427 2540 505 2566 video
517 2540 685 2575 philosophis
697 2540 831 2575 placuisse
853 2554 855 2564 v

886 147 1032 182 dupliciter
1042 156 1144 174 carere:
1162 152 1187 174 et
1197 147 1270 183 quod
1281 156 1310 174 ea
1322 148 1467 178 senserim,
1481 156 1550 183 quae
1561 148 1681 174 rectissi-

887 194 929 211 ma
941 185 1062 215 fuerunt,
1076 190 1101 211 et
1112 186 1189 220 quia,
1203 194 1288 219 quum
1300 185 1420 211 viderem
1432 185 1561 220 praesidii
1573 194 1624 211 non
1637 194 1681 211 sa-

886 223 920 248 tis
931 231 990 248 esse
1002 222 1034 248 ad
1046 231 1075 248 ea
1087 222 1246 251 obtinenda,
1265 223 1370 249 viribus
1384 223 1541 249 certandum
1555 231 1617 249 cum
1633 232 1680 249 va-

887 259 1046 285 lentioribus
1062 269 1113 285 non
1130 260 1258 294 putarim.
1299 260 1368 295 Ergo
1384 261 1411 286 in
1427 259 1516 286 officio
1531 260 1595 286 boni
1611 260 1680 286 civis

886 301 955 322 certe
976 305 1028 322 non
1043 305 1105 322 sum
1120 297 1368 331 reprehendendus.
1410 297 1554 332 Reliquum
1570 302 1623 328 est,
1647 306 1680 323 ne

885 333 953 368 quid
965 333 1058 364 stulte,
1076 342 1109 360 ne
1125 334 1191 368 quid
1208 339 1307 360 temere
1322 334 1409 361 dicam
1425 339 1471 361 aut
1481 334 1577 361 faciam
1589 340 1678 361 contra

886 375 1020 405 potentes:
1045 371 1071 396 id
1083 379 1191 406 quoque
1203 376 1267 405 puto
1278 373 1483 407 essesapientis.
1506 372 1597 399 Cetera
1605 380 1676 398 vei-0.

885 407 951 442 quid
968 409 1085 442 quisque
1101 417 1143 434 me
1163 408 1266 435 dixisse
1282 409 1362 440 dicat,
1377 414 1421 436 aut
1432 409 1566 445 quomodo
1579 409 1624 436 ille
1636 418 1680 435 ac-

885 445 967 479 cipiat
982 450 1027 471 aut
1042 454 1095 480 qua
1112 445 1163 471 fide
1178 454 1284 472 mecum
1301 447 1393 473 vivant
1404 447 1436 476 ii.
1457 448 1505 482 qui
1516 455 1559 473 me
1570 447 1679 473 assidue

885 482 975 508 colunt
996 487 1021 508 ct
1041 483 1198 513 observant,
1216 488 1350 518 praestare
1366 493 1418 510 non
1433 493 1554 518 possum.
1595 486 1620 510 6.
1643 485 1679 510 Ita

886 519 926 550 fit,
940 524 969 545 ut
983 524 1008 545 et
1025 520 1200 546 consiliorum
1211 522 1381 555 superiorum
1392 522 1555 548 conscientia
1567 526 1592 548 et
1603 530 1680 556 prae-

885 557 968 583 sentis
980 557 1107 591 temporis
1119 557 1299 584 moderatione
1311 567 1353 584 me
1363 559 1492 590 consoler,
1506 564 1531 585 et
1542 559 1616 585 illam
1628 560 1680 585 Ac-

885 594 919 619 cii
936 593 1144 620 similitudinem
1161 603 1213 621 non
1232 594 1330 632 [modo]
1348 597 1400 622 iam
1417 596 1449 622 ad
1469 596 1614 627 invidiam,
1632 597 1678 622 sed

885 631 917 656 ad
930 630 1063 657 fortunam
1079 631 1247 663 transferam,
1261 642 1343 667 quam
1355 634 1481 660 existimo
1493 634 1580 660 levem
1591 638 1616 660 et
1627 635 1679 660 im—

885 668 1010 694 becillam
1026 668 1059 694 ab
1074 669 1164 695 animo
1177 669 1253 696 firmo
1264 675 1289 696 et
1302 672 1379 706 gravi
1391 676 1527 706 tamquam
1540 670 1651 697 fluctum
1665 680 1678 697 a

884 714 949 731 saxo
961 705 1048 741 frangi
1059 711 1190 740 oportere.
1212 707 1319 733 Etenim
1331 717 1416 742 quum
1428 708 1506 742 plena
1518 709 1572 734 sint
1583 717 1680 735 monu-

885 747 973 768 menta
985 743 1163 774 Graecorum,
1179 745 1409 778 quemadmodum
1421 747 1616 780 sapientissimi
1627 747 1678 772 viri

885 789 965 815 regna
982 779 1092 807 tulerint
1103 781 1145 806 vel
1158 782 1269 808 Athenis
1280 782 1322 808 vel
1335 782 1490 818 Syracusis:
1514 792 1609 818 quum,
1623 792 1679 809 ser-

885 817 1022 843 vientibus
1039 818 1096 844 suis
1113 819 1283 850 civitatibus,
1301 819 1400 846 fuerint
1416 821 1470 855 ipsi
1481 820 1680 855 quodammodo

886 854 978 881 liberi:
995 863 1044 890 ego
1057 864 1097 881 me
1109 864 1161 882 non
1173 861 1265 891 putem
1279 858 1349 883 tueri
1363 866 1454 884 meum
1466 863 1564 884 statum
1572 858 1611 884 sic.
1618 867 1680 892 pos-

885 901 926 922 se,
940 897 969 919 ut
983 901 1070 927 neque
1082 893 1214 920 offendam
1226 895 1348 920 animum
1362 896 1533 930 cuiusquam.
1548 904 1596 922 nec
1608 895 1679 921 fran-

884 938 946 965 gam
962 929 1122 965 dignitatem
1138 931 1244 957 meam‘?
1263 933 1288 958 7.
1307 933 1384 958 Nunc
1399 934 1478 959 venio
1490 933 1523 959 ad
1536 933 1679 959 iocationes

884 973 952 997 tuas,
966 969 1095 1002 quoniam
1107 973 1135 994 tu
1147 969 1470 996 secundumOenomaum
1478 971 1561 1000 Accii.
1575 979 1636 997 non.
1652 976 1680 996 ut

884 1004 948 1031 olim
968 1005 1084 1036 solebat,
1108 1006 1289 1038 Atellanam‘‚
1307 1007 1368 1038 sed,
1387 1013 1416 1034 ut
1431 1017 1502 1034 nunc
1514 1008 1550 1039 fit,
1565 1009 1679 1034 mimum

885 1042 1069 1069 introduxisti.
1110 1042 1196 1075 Quem
1213 1049 1241 1071 tu
1253 1045 1321 1071 mihi
1332 1045 1493 1080 pompilum‚
1506 1054 1587 1080 quem
1600 1045 1680 1080 thyn—

885 1080 1125 1107 narium*narras‘?
1143 1090 1224 1116 quam
1236 1083 1392 1118 tyrotarichi
1404 1082 1541 1117 patinam‘.>
1557 1082 1681 1109 Facilita-

885 1122 910 1143 te
931 1126 989 1143 mea
1010 1118 1059 1144 ista
1082 1117 1238 1145 ferebantur
1253 1124 1342 1146 antea:
1366 1129 1437 1146 nunc
1459 1125 1559 1147 mutata
1576 1129 1617 1146 res
1629 1125 1678 1146 est.

885 1155 1000 1181 Hirtium
1016 1164 1065 1191 ego
1081 1161 1106 1182 et
1124 1156 1288 1183 Dolabellam
1300 1157 1409 1184 dicendi
1420 1158 1571 1193 discipulos
1583 1158 1678 1187 habeo,

885 1192 1014 1219 caenandi
1034 1194 1186 1228 magistros.
1227 1195 1293 1222 Puto
1307 1196 1393 1225 enim,
1413 1201 1436 1222 te
1448 1196 1566 1227 audisse,
1580 1196 1604 1222 si
1615 1195 1680 1222 forte

886 1230 918 1256 ad
935 1239 983 1256 vos
998 1231 1087 1257 onmia
1104 1231 1284 1265 perferuntur.
1301 1232 1372 1269 [illos
1384 1233 1456 1268 apud
1469 1242 1510 1259 me
1522 1233 1681 1259 declamita-

885 1266 934 1303 re‚]
947 1276 989 1293 me
1010 1268 1082 1302 apud
1102 1277 1146 1295 eos
1168 1271 1310 1296 caenitare.
1351 1271 1391 1296 Tu
1406 1276 1509 1301 autem,
1527 1270 1600 1305 quod
1612 1270 1680 1296 mibi

885 1305 983 1331 honam
999 1306 1104 1340 copiam
1120 1307 1221 1337 eiures,
1235 1307 1362 1340 nihilestg
1377 1313 1433 1334 tum
1441 1309 1522 1338 enim,
1532 1316 1679 1343 quumrem

886 1342 1014 1372 habebas,
1028 1343 1204 1377 quaesticulis
1215 1349 1239 1370 te
1251 1344 1382 1371 faciebam
1394 1346 1574 1372 attentiorem:
1598 1354 1677 1375 nunc.

885 1388 971 1414 quum
986 1385 1040 1406 tam
1056 1389 1142 1415 aequo
1158 1382 1247 1407 animo
1263 1382 1332 1408 bona
1343 1382 1448 1417 perdas,
1462 1392 1514 1409 non
1526 1391 1556 1409 eo
1567 1383 1605 1408 sis
1616 1392 1681 1408 con-

885 1417 956 1447 silio,
971 1422 1102 1452 ut,quum
1114 1427 1156 1444 me
1168 1419 1285 1454 hospitio
1297 1421 1421 1455 recipias.
1435 1421 1648 1446 aestimationem
1657 1425 1680 1446 te

885 1454 1004 1489 aliquam
1019 1460 1098 1489 putes
1113 1457 1247 1491 accipere,
1271 1457 1350 1483 etiam
1368 1457 1433 1483 haec
1450 1457 1534 1484 levior
1551 1462 1591 1484 cst
1602 1457 1680 1492 plaga

885 1492 918 1518 ab
929 1493 1023 1523 amico,
1037 1501 1119 1527 quam
1133 1502 1146 1519 a
1157 1494 1286 1521 debitore.
1319 1496 1343 1521 8.
1366 1495 1419 1521 Nec
1430 1499 1518 1521 tamen
1530 1503 1574 1521 cas
1585 1503 1680 1521 caenas

885 1538 993 1564 quaero,
1008 1534 1037 1556 ut
1051 1539 1163 1566 magnae
1175 1532 1305 1567 reliquiae
1318 1532 1393 1558 fiant:
1416 1532 1489 1567 quod
1501 1533 1560 1562 erit,
1574 1533 1681 1566 magni-

886 1568 967 1593 ficum
983 1567 1019 1593 sit
1033 1572 1059 1593 et
1074 1568 1187 1595 lautum.
1228 1570 1339 1596 Memini
1355 1575 1379 1596 te
1395 1569 1463 1596 mihi
1477 1569 1609 1596 Phameae
1621 1578 1681 1596 cae-

886 1613 947 1631 nam
964 1613 1080 1631 narrare.
1122 1606 1281 1641 Temperius
1297 1607 1354 1637 liat,
1377 1612 1464 1633 cetera
1480 1607 1573 1633 eodem
1589 1607 1678 1633 modo.

885 1641 961 1674 Quod
973 1642 997 1668 si
1008 1651 1165 1677 perseveras
1177 1653 1219 1670 me
1233 1644 1266 1670 ad
1279 1645 1371 1671 matris
1383 1649 1442 1670 tuae
1454 1653 1563 1671 caenam
1571 1653 1680 1671 revoca-

885 1688 921 1710 re,
936 1679 1019 1705 feram
1034 1680 1061 1706 id
1072 1690 1190 1716 quoque.
1222 1682 1287 1708 Volo
1298 1683 1371 1708 enim
1383 1682 1475 1708 videre
1487 1683 1618 1712 animum,
1631 1683 1680 1717 qui

885 1717 953 1743 mihi
970 1717 1066 1744 audeat
1082 1719 1144 1749 ista,
1162 1727 1231 1754 quae
1247 1720 1353 1749 scribis,
1372 1728 1519 1754 apponere,
1538 1724 1583 1746 aut
1599 1720 1680 1746 etiam

884 1754 1014 1790 polypum
1027 1756 1139 1782 Miniani
1150 1757 1220 1782 lovis
1232 1757 1360 1783 similem.
1387 1757 1454 1783 Mihi
1465 1757 1552 1787 crede.
1568 1766 1619 1783 non
1632 1765 1681 1783 au-

884 1792 972 1818 debis.
996 1793 1062 1819 Ante
1075 1802 1165 1820 mcum
1177 1794 1322 1820 adventum
1336 1793 1405 1820 sama
1417 1794 1450 1821 ad
1461 1799 1485 1821 te
1496 1794 1529 1820 de
1541 1803 1599 1820 mea
1612 1803 1680 1820 nova

886 1829 988 1856 lautitia
1001 1831 1103 1857 veniet:
1126 1840 1184 1858 eam
1197 1832 1367 1858 extimesces.
1400 1832 1492 1867 Neque
1504 1837 1553 1863 est,
1566 1832 1639 1867 quod
1652 1832 1679 1858 in

884 1867 1051 1902 promulside
1067 1869 1126 1903 spei
1143 1878 1226 1903 ponas
1241 1869 1358 1904 aliquid;
1382 1878 1463 1904 quam
1477 1874 1556 1896 totam
1569 1869 1678 1895 sustuli.

884 1904 1007 1931 Solebam
1024 1907 1097 1932 enim
1113 1912 1189 1933 antea
1209 1907 1345 1933 debilitari
1355 1906 1422 1933 oleis
1434 1912 1459 1933 et
1472 1906 1602 1933 lucanicis
1614 1907 1678 1933 tuis,

884 1944 908 1969 9.
921 1942 973 1969 Sed
985 1943 1051 1978 quid
1065 1943 1129 1970 haec
1143 1943 1298 1979 loquimur?
1323 1945 1411 1971 Liceat
1423 1944 1501 1970 modo
1513 1945 1563 1971 isto
1575 1945 1677 1971 venire.

884 1980 924 2006 Tu
944 1989 1007 2007 vero
1026 1980 1096 2015 (volo
1115 1983 1188 2008 enim
1210 1982 1362 2016 abstergere
1378 1982 1462 2008 animi
1479 1982 1635 2016 tuimctum)
1646 1981 1679 2007 ad

884 2018 1076 2053 tyrotarichum
1095 2020 1238 2054 antiquum
1254 2019 1321 2045 redi.
1366 2019 1422 2054 Ego
1438 2019 1486 2045 tibi
1502 2028 1587 2045 unum
1603 2028 1680 2045 sum-

883 2060 960 2090 ptum
971 2055 1088 2086 afferam,
1101 2057 1174 2091 quod
1187 2056 1314 2083 balneum
1324 2056 1450 2083 calfacias
1459 2056 1606 2091 oportebit:
1635 2065 1679 2082 cc-

884 2097 937 2118 tera
950 2101 1021 2119 more
1036 2098 1138 2125 nostr03
1162 2095 1300 2128 superiora
1312 2093 1356 2120 illa
1370 2094 1495 2119 lusimus.
1526 2096 1563 2120 ⁴0.
1581 2095 1615 2119 Dc
1627 2093 1679 2119 vil-

885 2129 908 2156 la
919 2129 1051 2156 Seliciana
1063 2135 1088 2156 et
1098 2132 1198 2157 curasti
1210 2131 1355 2165 diligenter
1369 2136 1394 2157 et
1404 2131 1537 2165 scripsisti
1547 2131 1678 2157 sanctissi-

884 2176 936 2193 me.
977 2167 1069 2201 ltaque
1085 2173 1150 2201 puto
1166 2177 1207 2193 mc
1218 2169 1483 2202 practermiss-urum.
1525 2169 1595 2194 Salis
1605 2169 1677 2194 euim

883 2205 949 2231 satis
961 2209 1010 2234 est,
1027 2205 1188 2231 sannionum
1202 2214 1305 2239 parum.
1348 2205 1421 2231 Vale.

932 2257 1004 2277 xvn.
1018 2256 1094 2277 ARG.
1115 2258 1183 2278 Paeto
1198 2257 1294 2280 verculi.
1311 2265 1337 2277 ιιι·
1352 2257 1386 2277 uni
1402 2264 1488 2284 quoque
1503 2257 1550 2282 agri
1562 2264 1573 2277 n
1584 2259 1679 2278 sacun-

884 2291 994 2312 militibus
1004 2291 1163 2315 ‹linimen-ntur,
1176 2292 1260 2315 (irem.
1273 2299 1296 2312 n·
1307 2299 1349 2312 nun
1361 2292 1416 2312 mli·
1428 2299 1494 2313 nont
1503 2292 1632 2320 perieulum,
1645 2299 1678 2312 n·-

884 2327 984 2354 npoudet.
1009 2329 1031 2348 (1(
1036 2335 1065 2344 ιιιιι
1069 2335 1076 2344 n
1107 2330 1138 2345 (N.
1149 2336 1183 2344 -υι-
1195 2329 1227 2345 111.
1240 2329 1261 2345 L·
1270 2329 1312 2345 >mla
1323 2336 1361 2345 rm-
1380 2331 1417 2346 τιυι
1429 2330 1435 2342 ⁸

990 2354 1134 2381 CICERO
1157 2355 1184 2381 L.
1208 2355 1368 2382 PAPIRM)
1388 2355 1518 2381 PAETO
1537 2355 1564 2381 S.

942 2393 964 2418 l.
987 2387 1050 2418 Non
1064 2397 1091 2418 tu
1110 2392 1188 2418 homo
1205 2392 1338 2418 ridiculus
1350 2401 1387 2419 cs.
1409 2394 1467 2427 qui.
1481 2401 1566 2427 quum
1578 2392 1677 2418 Balbus

885 2434 974 2455 noster
984 2429 1056 2463 apud
1069 2434 1093 2455 te
1109 2429 1197 2458 fucrit.
1211 2439 1244 2455 cx
1256 2439 1427 2464 momina-rim,
1436 2430 1542 2464 quidde
1551 2430 1678 2456 istismu-

884 2467 993 2501 nicipiis
1007 2471 1032 2492 ct
1043 2467 1115 2502 agris
1128 2466 1248 2493 futurum
1261 2468 1370 2501 putcmss'
1389 2468 1467 2502 qnasi
1479 2472 1523 2493 aut
1535 2476 1584 2501 cgo
1595 2467 1677 2503 quid-

883 2512 964 2539 quam
982 2504 1075 2534 sciam,
1088 2504 1160 2539 quod
1170 2505 1217 2530 istc
1228 2505 1341 2531 nost-iat:
1359 2511 1413 2532 aut.
1427 2505 1676 2540 siquidaliquando

883 2542 951 2570 sciov
976 2550 1026 2567 non
1047 2550 1080 2568 cx
1098 2543 1146 2567 isto
1162 2542 1261 2567 solcum
1277 2543 1356 2568 scire.
1398 2543 1482 2568 lmmo
1498 2551 1572 2571 vcro.
1588 2543 1612 2568 si
1633 2551 1675 2568 mo

883 2587 965 2606 amas.
980 2583 1007 2605 tu
1019 2578 1068 2606 sac.
1082 2584 1109 2605 ut
1121 2579 1288 2614 seimuquid
1300 2579 1333 2605 dc
1346 2579 1423 2605 nobis
1435 2578 1554 2606 futurum
1562 2580 1610 2606 sit:
1627 2580 1676 2606 hn-

883 2615 966 2643 buisti
977 2616 1049 2643 cuim
1061 2617 1088 2643 in
1100 2621 1143 2644 tun
1158 2621 1294 2651 potestate.
1312 2626 1345 2644 cx
1356 2625 1410 2652 quo
1422 2616 1463 2643 vel
1475 2626 1509 2644 ex
1519 2617 1618 2648 sobrio,
1632 2617 1674 2643 vol

1438 2665 1470 2691 92
