1941 3052
436 142 622 169 ORATIO
653 143 743 170 PRO
775 141 1060 174 P.QU1NT10.
1096 142 1193 169 CAP.

87 215 173 250 plebis
190 222 223 241 ne
236 213 377 240 audierunt
390 214 510 249 quidem.
551 215 651 245 Fateor,
668 214 690 240 si
704 214 740 240 ita
754 217 802 245 est,
819 221 880 248 pro-
907 214 909 228 ³

86 257 233 280 curatorem
247 251 350 278 decreto
364 252 491 286 praetoris
505 252 654 286 oportuisse
668 260 768 286 parere.
792 250 881 283 Quid‘?

87 291 109 317 si
127 290 163 316 M.
177 290 275 316 Brutus
288 289 496 315 intercessurum
511 298 539 315 se
553 289 621 316 dixit
634 289 730 324 palam,
748 289 800 315 nisi
814 287 881 323 quid

85 329 155 354 inter
176 328 267 362 ipsum
284 326 438 361 Alphenum
456 331 481 353 et
499 327 630 353 Naevium
644 325 815 352 conveniret?
840 326 882 352 vi-

86 365 198 392 deturne
215 364 398 391 intercessisse
416 364 558 399 appellatio
576 364 744 390 tribunorum
759 372 810 389 non
824 371 882 389 mo-

87 410 139 433 rae,
165 401 213 428 sed
234 401 327 428 auxilii
341 401 454 428 caussa?
481 401 555 427 XXI.
575 403 616 427 66.
637 400 707 433 Quid
725 400 821 427 deinde
836 399 882 426 fit‘?

86 439 240 474 Alphenus,
277 442 307 465 ut
337 447 429 465 omnes
459 438 608 474 intelligere
633 442 753 473 possent,
782 437 881 463 iudicio

87 476 195 504 defendi
218 476 367 508 Quintium,
392 485 425 502 ne
443 485 497 511 qua
510 476 622 502 subesse
636 479 725 510 posset
738 475 823 501 aliena
837 478 882 500 aut

87 515 175 549 ipsius
193 513 280 540 officio
298 518 344 540 aut
360 514 443 540 huius
458 513 653 540 existimatione
667 513 794 547 suspicio,
811 512 881 538 viros

88 551 171 579 bonos
193 550 345 586 complures
369 551 491 582 advocat,
516 554 627 577 testatur
644 550 695 576 isto
713 549 836 575 audiente
854 557 883 574 se

87 598 135 624 pro
156 588 293 615 communi
316 588 514 615 necessitudine
534 587 563 614 id
586 587 704 622 primum
727 590 823 621 petere,
850 594 882 611 ne

87 626 154 661 quid
177 626 291 652 atrocius
314 626 343 652 in
364 626 394 652 P.
413 625 553 658 Quintium
568 625 704 650 absentem
718 624 776 649 sine
789 631 883 649 caussa

89 663 174 690 facere
196 667 318 690 conetur:
351 663 393 689 sin
411 667 499 689 autem
518 661 703 688 inimicissime
722 665 801 695 atque
815 659 884 686 inse-

88 702 206 727 stissime
237 700 395 727 contendere
425 703 589 734 perseveret,
621 707 651 724 se
675 702 798 732 paratum
825 706 884 723 esse

88 739 161 765 omni
183 742 252 764 recta
274 742 353 772 atque
376 737 487 763 honesta
509 737 609 762 ratione
632 735 786 765 defendere,
811 734 884 769 quod

89 780 167 810 petat,
193 784 246 801 non
264 774 369 801 deberi:
391 782 420 800 se
437 773 569 800 iudicium
587 773 624 804 id,
645 773 718 808 quod
731 772 799 803 edat,
815 773 885 798 acci-

88 821 160 848 pere.
200 813 241 838 67.
261 812 327 838 Eius
346 812 383 838 rei
401 811 617 845 conditionisque
634 810 744 836 tabellas
758 810 885 845 obsigna-

89 853 184 876 verunt
202 849 252 875 viri
271 849 333 875 boni
351 848 513 883 complures.
553 848 605 874 Res
623 848 650 874 in
665 848 779 874 dubium
794 848 884 873 venire

89 896 141 914 non
168 891 264 922 potest.
316 886 371 918 Fit,
403 886 484 912 rebus
507 885 633 912 omnibus
659 885 770 921 integris
797 893 884 919 neque

88 924 245 960 proscriptis
263 932 350 959 neque
368 924 500 958 possessis
518 923 605 954 bonis,
627 927 656 949 ut
669 923 808 957 Alphenus
823 931 884 957 pro-

89 963 175 988 mittat
200 962 300 988 Naevio
324 961 383 987 sisti
404 960 555 993 Quintium.
600 961 678 987 Venit
704 961 736 986 ad
763 960 884 986 vadimo-

89 1000 164 1026 nium
183 999 320 1032 Quintius.
360 999 429 1025 Iacet
445 1007 487 1025 res
505 999 533 1024 in
551 998 751 1029 controversiis,
772 998 823 1024 isto
840 1006 884 1023 ea-

89 1037 246 1068 lumniante,
268 1036 417 1067 biennium,
438 1044 526 1071 usque
543 1035 609 1062 dum
627 1035 805 1066 inveniretur,
830 1043 883 1069 qua

89 1075 189 1101 ratione
211 1083 253 1100 res
275 1074 308 1100 ab
331 1074 428 1100 usitata
451 1073 644 1100 consuetudine
662 1072 795 1099 recederet
813 1076 838 1098 et
857 1072 884 1098 in

89 1112 140 1139 hoc
162 1111 299 1148 singulare
315 1111 448 1138 iudicium
462 1120 555 1137 caussa
569 1111 657 1137 omnis
670 1110 882 1137 concluderetur.

90 1151 132 1176 68.
151 1149 228 1182 Quod
245 1148 374 1180 officium,
394 1149 422 1176 C.
438 1148 549 1183 Aquini,
570 1148 770 1175 commemorari
789 1156 886 1182 procu-

89 1188 182 1214 ratoris
201 1191 295 1222 potest,
314 1186 387 1222 quod
405 1187 438 1213 ab
451 1186 573 1221 Alpheno
586 1186 758 1220 praeteritum
771 1193 830 1211 esse
844 1185 885 1211 vi-

90 1224 200 1251 deatur?
224 1223 296 1256 Quid
315 1224 429 1255 affertur,
445 1232 529 1259 quare
542 1223 571 1249 P.
587 1223 713 1255 Quintius
728 1223 824 1249 absens
839 1230 886 1248 ne-

89 1266 167 1298 getur
185 1270 244 1288 esse
262 1260 407 1288 defensus?
430 1261 471 1288 An
485 1269 547 1287 vero
565 1260 601 1292 id,
618 1260 690 1296 quod
704 1260 883 1290 Hortensium,

90 1301 153 1334 quia
168 1308 253 1334 nuper
266 1299 357 1326 iniecit
370 1303 395 1325 et
408 1299 595 1334 quiaNaevius
609 1297 748 1333 semperid
758 1297 884 1328 clamitat,

90 1337 226 1363 dicturum
240 1336 360 1368 arbitror,
377 1345 430 1362 non
444 1335 529 1362 fuisse
547 1336 646 1362 Naevio
660 1343 750 1370 parem
765 1335 887 1361 certatio-

91 1383 151 1400 nem
174 1382 236 1400 cum
258 1373 381 1408 Alpheno
397 1373 444 1400 illo
458 1377 584 1408 tempore,
600 1372 655 1399 illis
669 1371 887 1399 dominantibus?

90 1411 168 1444 Quod
181 1412 205 1438 si
219 1410 300 1438 velim
314 1410 446 1437 confiteri:
462 1410 539 1441 illud,
552 1411 654 1445 opinor,
667 1409 820 1440 concedent,
835 1418 886 1435 non

90 1453 289 1484 procuratorem
306 1448 336 1474 P.
351 1448 454 1480 Quintii
468 1448 603 1474 neminem
618 1447 711 1479 fuisse,
728 1447 775 1473 sed
789 1447 887 1481 gratio-

90 1495 152 1512 sum
176 1486 269 1512 fuisse.
319 1486 386 1512 Mihi
408 1489 497 1511 autem
519 1485 552 1511 ad
574 1484 737 1511 vincendum
760 1485 824 1510 satis
847 1488 887 1509 est

91 1523 175 1550 fuisse
190 1527 395 1558 procuratorem,
411 1523 522 1557 quicum
537 1523 652 1556 experiri
667 1526 766 1556 posset.
793 1520 886 1553 Qualis

91 1562 114 1588 is
129 1561 217 1592 suerit,
233 1560 256 1586 si
270 1559 349 1587 modo
363 1560 501 1586 absentem
515 1559 674 1586 defendebat
687 1568 734 1594 per
748 1559 790 1585 ius
805 1563 830 1584 et
840 1567 887 1593 per

91 1598 286 1634 magistratum,
311 1597 378 1624 nihil
402 1597 435 1624 ad
456 1606 513 1623 rem
536 1597 648 1623 arbitror
665 1597 806 1631 pertinere.
844 1597 884 1622 69.

91 1636 154 1662 Erat
176 1636 257 1667 enim,
285 1635 382 1670 inquit,
402 1634 510 1661 illarum
529 1635 656 1669 partium.
696 1632 815 1666 Quidni?
839 1633 885 1667 qui

91 1673 164 1708 apud
179 1677 204 1700 te
225 1676 296 1699 esset
313 1672 456 1699 educatus:
489 1680 571 1707 quem
585 1675 615 1698 tu
632 1680 647 1697 a
661 1679 744 1706 puero
757 1672 795 1697 sic
809 1671 887 1697 insti-

93 1712 201 1741 tuisses,
218 1714 248 1736 ut
259 1709 342 1737 nobili
356 1718 388 1736 ne
401 1709 541 1745 gladiatori
555 1709 666 1744 quidem
688 1708 806 1735 cederet:
834 1709 887 1734 sic-

92 1752 122 1774 ut
143 1752 172 1774 tu
190 1756 296 1782 semper
313 1756 419 1773 summe
436 1747 598 1782 concupisti,
623 1746 695 1772 idem
718 1746 824 1772 volebat
841 1745 888 1772 ΑΙ-

93 1786 212 1820 phenus:
235 1793 264 1811 ea
288 1793 315 1811 re
341 1785 391 1811 tibi
410 1793 473 1811 cum
495 1793 526 1810 eo
544 1793 591 1819 par
608 1784 741 1810 contentio
755 1792 807 1809 non
821 1786 885 1809 erat.

92 1823 175 1854 Bruti,
200 1823 296 1857 inquit,
312 1826 366 1848 erat
380 1821 533 1854 familiaris;
555 1822 646 1856 itaque
660 1821 682 1847 is
697 1820 885 1848 intercedebat.

92 1861 133 1887 Tu
146 1860 370 1891 eontrassurrieni,
387 1860 434 1894 qui
445 1859 570 1886 iniuriam
580 1858 751 1885 decernebat:
767 1858 887 1885 omnium

92 1897 209 1932 denique
233 1897 354 1929 illorum,
378 1897 427 1932 qui
452 1900 510 1923 tum
533 1900 559 1923 et
581 1900 702 1931 poterant
725 1904 771 1931 per
790 1896 845 1922 vim
863 1899 889 1921 et

93 1934 181 1962 scelus
204 1934 365 1970 plurimum,
390 1938 423 1965 et,
448 1933 522 1968 quod
544 1937 676 1968 poterant,
697 1933 725 1959 id
744 1933 886 1959 audebant.

92 1972 133 1999 An
155 1980 248 1999 omnes
270 1976 300 1998 tu
318 1972 382 1998 istos
402 1972 506 1998 vincere
520 1971 636 2002 volebas,
658 1971 705 2005 qui
721 1979 800 2002 nunc,
817 1974 845 1996 tu
860 1974 889 1996 ut

93 2010 193 2041 vincas,
219 2013 290 2036 tanto
313 2017 391 2043 opere
410 2007 547 2035 laborant?
576 2007 652 2034 Aude
670 2007 698 2034 id
711 2007 813 2040 ὤσει-ες
837 2016 887 2033 11011

93 2046 190 2082 palam,
215 2046 263 2072 sed
281 2046 323 2072 his
341 2046 421 2080 ipsis,
443 2054 511 2080 quos
534 2045 679 2072 advocasti.
711 2046 753 2071 70.
773 2045 888 2071 Tametsi

93 2083 155 2110 nolo
168 2092 226 2110 eam
244 2091 300 2110 rem
314 2082 545 2110 commemorando
560 2091 694 2114 renovare,
710 2083 788 2109 cuius
802 2083 889 2108 onini-

93 2130 128 2148 no
146 2121 182 2147 rei
202 2121 356 2147 memoriam
374 2128 480 2146 omnem
500 2119 556 2146 tolli
572 2119 694 2146 funditus
708 2128 738 2146 ac
751 2119 834 2146 deleri
849 2129 890 2146 ar-

94 2159 176 2185 bitror
189 2162 319 2193 oportere.
353 2157 438 2184 XXII.
466 2157 554 2184 Unum
569 2157 637 2183 illud
651 2157 724 2183 dico:
747 2157 769 2183 si
784 2161 890 2191 propter

95 2196 211 2231 partium
238 2195 359 2222 studium
382 2199 475 2230 potens
493 2199 548 2221 erat
561 2194 714 2229 Alphenus;
737 2195 890 2229 potentissi-

94 2241 156 2260 mus
170 2233 300 2259 Naevius:
324 2233 346 2258 si
362 2232 444 2258 fretus
458 2232 541 2267 gratia
556 2231 707 2266 postulabat
721 2231 824 2266 aliquid
839 2232 891 2258 ini-

95 2271 179 2306 quius
192 2270 346 2305 Alphenus;
382 2269 467 2296 multo
484 2269 617 2304 iniquiora
631 2270 749 2296 Naevius
765 2270 891 2303 impetra-

94 2307 148 2334 bat.
189 2308 283 2343 Neque
296 2308 367 2333 enim
382 2307 450 2333 inter
463 2306 584 2333 studium
599 2311 718 2333 vestrum
728 2306 887 2342 quidquam,

95 2349 125 2372 ut
146 2345 248 2379 opinor,
267 2344 399 2371 interfuit.
439 2344 556 2379 Ingenio,
578 2348 717 2375 vetustate,
738 2344 847 2370 artificio
862 2348 890 2370 tu

95 2381 172 2409 facile
186 2382 284 2408 vicisti.
318 2382 351 2408 Ut
364 2382 415 2408 alia
429 2382 558 2412 omittam,
579 2380 629 2407 hoc
641 2381 705 2407 satis
719 2385 768 2407 est.
790 2380 892 2415 Alphe-

96 2427 147 2446 nus
161 2428 223 2446 cum
237 2420 271 2446 iis
285 2423 311 2445 et
324 2423 431 2454 propter
444 2427 488 2445 eos
503 2418 589 2452 periit,
605 2426 673 2452 quos
687 2418 830 2453 diligebat:
852 2422 888 2449 tu,

95 2461 247 2492 postquam,
263 2457 310 2491 qui
326 2456 373 2483 tibi
388 2460 461 2482 erant
475 2456 562 2487 amici,
575 2463 627 2481 non
643 2460 760 2489 poterant
772 2455 889 2487 vincere;

95 2498 126 2521 ut
147 2494 225 2520 amici
245 2494 293 2520 tibi
315 2498 412 2524 essent,
437 2494 484 2528 qui
508 2492 662 2523 vincebant,
687 2492 807 2518 effecisti.
847 2493 890 2518 Ἦ.

95 2530 172 2564 Quod
183 2531 206 2557 si
222 2535 278 2558 tum
292 2539 340 2566 par
353 2531 401 2557 tibi
415 2531 458 2557 ius
471 2529 662 2564 cumAlpheno
676 2529 760 2555 fuisse
775 2537 826 2555 non
842 2537 893 2564 pu-

96 2572 144 2600 ῐεε,
168 2569 232 2604 quia
255 2572 344 2595 tamen
361 2568 478 2603 aliquem
492 2571 581 2594 contra
596 2571 620 2593 to
634 2566 762 2593 advocare
777 2570 890 2600 poterat:

95 2606 159 2640 quia
182 2606 353 2642 magistratus
375 2605 473 2640 aliquis
496 2604 689 2639 reperiebatur.
717 2603 788 2638 apud
810 2611 891 2638 quem

95 2642 212 2678 Alpheni
229 2651 323 2670 caussa
341 2643 510 2669 consisteret:
532 2641 598 2677 quid
614 2641 662 2668 hoe
677 2645 793 2676 tempore
808 2640 893 2673 Quin-

96 2680 133 2707 tio
156 2679 328 2707 statuendum
353 2679 411 2707 est?
435 2680 479 2706 cui
502 2687 589 2714 neque
616 2678 787 2714 magistratus
805 2677 892 2705 adhuc

1230 144 1259 168 ¹8
1280 157 1316 161 —
1337 143 1377 168 24.
1674 146 1718 169 ΞΗ

931 222 1033 248 aequus
1056 214 1181 239 inventus
1205 218 1253 244 est,
1280 221 1366 247 neque
1383 212 1515 238 iudicium
1533 212 1666 240 redditum
1686 219 1725 240 est

932 251 1073 277 usitatum:
1096 259 1148 276 non
1170 250 1298 280 conditio,
1323 258 1374 276 non
1397 250 1514 284 sponsio,
1540 259 1591 276 non
1610 250 1726 285 denique

933 287 986 313 ulla
1004 296 1134 323 umquam
1152 288 1300 314 intercessit
1314 286 1466 322 postulatio,
1482 288 1558 314 mitto
1571 296 1663 322 aequa,
1682 297 1727 313 ve-

932 334 991 351 rum
1014 330 1073 351 ante
1095 325 1146 351 hoc
1169 329 1275 359 tempus
1289 333 1321 350 ne
1335 324 1414 351 fando
1427 324 1537 360 quidem
1551 325 1651 351 audita.
1691 326 1727 351 De

933 371 959 389 re
986 363 1138 397 pecuniaria
1160 363 1240 397 cupio
1262 362 1434 388 contendere:
1466 371 1518 388 non
1542 361 1610 388 lieet.
1652 362 1728 388 Atea

932 400 1109 426 controversia
1132 404 1181 425 est.
1222 399 1295 426 Nihil
1318 399 1351 425 ad
1365 407 1407 425 me
1421 399 1526 432 attinet;
1548 408 1670 425 caussam
1685 408 1729 425 ea-

934 437 996 471 pitis
1017 437 1098 467 dicas,
1125 441 1236 471 oportet.
1276 437 1391 467 Aecum,
1417 437 1464 463 ubi
1490 437 1525 463 ita
1552 445 1659 463 necesse
1677 441 1727 463 est.

934 475 1000 504 Non,
1025 475 1121 508 inquit,
1147 474 1198 500 nisi
1218 479 1246 500 tu
1265 479 1324 500 ante
1343 483 1410 500 novo
1425 474 1503 500 modo
1517 475 1604 509 priore
1618 474 1674 501 loco
1687 474 1729 500 di-

934 512 1014 537 xeris.
1055 511 1203 537 Dicendum
1218 512 1365 538 necessario
1379 516 1431 538 est:
1454 512 1667 546 praestituendae
1682 511 1730 537 ho-

935 557 977 574 rae
1008 548 1040 574 ad
1068 548 1207 574 arbitrium
1236 554 1369 575 nostrum:
1401 548 1483 575 iudex
1504 549 1563 584 ipse
1586 549 1727 575 arcebitur.

934 587 976 611 72.
1001 585 1072 617 Quid
1090 584 1169 611 tum‘?
1189 586 1228 611 Tu
1247 586 1364 620 aliquem
1379 591 1520 620 patronum
1535 586 1664 617 invenies,
1682 586 1730 612 ho-

936 623 1034 649 minem
1059 623 1162 656 antiqui
1188 622 1282 654 officii,
1307 624 1353 658 qui
1378 623 1547 658 splendorem
1566 628 1686 650 nostrum
1705 628 1730 649 et

935 661 1047 695 gratiam
1071 659 1206 695 negligat?
1231 661 1280 686 Pro
1307 669 1348 686 me
1372 661 1502 695 pugnabit
1526 662 1554 687 L.
1574 661 1727 695 Philippus,

935 697 1094 731 eloquentia,
1115 698 1251 732 gravitate,
1268 697 1367 723 honore
1380 697 1584 724 florentissimus
1598 698 1727 724 civitatis:

935 734 1005 760 dicet
1018 734 1182 765 Hortensius,
1199 734 1332 760 excellens
1346 736 1462 770 ingenio,
1477 735 1621 766 nobilitate,
1637 736 1731 761 existi-

936 772 1064 798 matione:
1087 771 1199 797 aderunt
1221 776 1309 798 autem
1329 772 1449 798 homines
1464 772 1625 799 nobilissimi
1640 781 1669 799 ac
1683 781 1731 807 po-

936 809 1092 839 tentissimi,
1118 817 1233 843 quorum
1256 809 1432 844 frequentiam
1457 814 1481 836 et
1503 818 1660 836 consessum
1678 818 1731 836 non

936 846 1014 872 modo
1028 847 1056 872 P.
1072 845 1208 878 Quintius,
1225 847 1272 881 qui
1286 846 1319 873 de
1333 848 1418 881 eapite
1432 847 1557 877 decernit,
1571 847 1617 873 sed
1629 848 1728 882 quivis,

935 884 982 919 qui
1001 888 1073 910 extra
1092 883 1242 918 periculum
1261 885 1303 915 sit,
1321 885 1512 919 perhorrescat.
1552 885 1594 910 73.
1610 885 1678 910 Haec
1692 889 1732 910 est

935 921 1028 956 iniqua
1041 922 1157 952 certatio,
1174 930 1226 948 non
1240 921 1294 953 illa,
1310 930 1364 956 qua
1379 926 1407 948 tu
1421 927 1510 948 eontra
1521 921 1673 956 Alphenum
1686 930 1732 947 ve-

937 958 1068 985 litabaris:
1104 959 1168 985 huic
1186 968 1219 985 ne
1237 959 1285 985 ubi
1298 961 1454 986 consisteret
1467 959 1577 994 quidem
1592 963 1681 985 eontra
1696 963 1728 988 te,

937 996 1024 1022 locum
1051 995 1193 1031 reliquisti.
1234 997 1321 1029 Quare
1339 1001 1384 1023 aut
1398 997 1492 1023 doceas
1506 1000 1615 1031 oportet,
1632 996 1731 1031 Alphe—

936 1043 1001 1060 num
1021 1042 1132 1069 negasse
1151 1043 1179 1060 se
1198 1039 1393 1069 procuratorem
1408 1043 1474 1065 esse,
1492 1043 1543 1060 non
1558 1033 1686 1060 deiecisse
1702 1033 1734 1059 li-

937 1071 1030 1103 bellos,
1056 1071 1188 1098 iudicium
1207 1073 1325 1106 accipere
1344 1071 1476 1098 noluisse:
1499 1075 1552 1102 aut,
1569 1080 1654 1106 quum
1669 1071 1733 1096 haec

936 1109 971 1135 ita
986 1108 1053 1135 sacta
1067 1109 1129 1140 sint,
1150 1118 1183 1135 ex
1197 1109 1283 1136 edicto
1294 1114 1318 1136 te
1333 1109 1401 1136 bona
1412 1110 1441 1135 P.
1457 1108 1560 1142 Quintii
1575 1118 1626 1135 non
1641 1116 1734 1143 posse-

937 1146 1009 1172 disse
1022 1146 1160 1172 concedas.

992 1183 1089 1210 XXIII.
1111 1184 1216 1210 Etenim
1240 1184 1263 1210 si
1281 1192 1314 1210 ex
1332 1184 1418 1210 edicto
1436 1183 1592 1218 possedisti,
1624 1192 1731 1218 quaero,

937 1229 985 1247 cur
1002 1221 1070 1247 bona
1090 1230 1141 1248 non
1156 1222 1300 1248 venierint:
1328 1230 1377 1248 cur
1390 1222 1469 1248 ceteri
1483 1229 1625 1255 sponsores
1640 1225 1664 1246 et
1678 1229 1734 1246 cre-

937 1258 1036 1285 ditores
1060 1268 1112 1285 11011
1134 1260 1315 1285 convenerint.
1356 1260 1474 1285 Nemone
1493 1258 1553 1290 fuit,
1569 1259 1612 1285 cui
1627 1258 1734 1284 deberet

937 1295 1083 1328 Quintius?
1103 1297 1231 1328 Fuerunt,
1257 1301 1281 1323 et
1299 1296 1450 1331 complures
1470 1296 1591 1322 fuerunt:
1614 1301 1734 1330 propter-

937 1342 967 1359 ea
985 1333 1058 1368 quod
1076 1333 1103 1360 C.
1124 1333 1202 1360 frater
1221 1333 1388 1369 aliquantum
1403 1334 1470 1360 aeris
1485 1334 1564 1360 alieni
1580 1333 1731 1368 reliquerat.

938 1370 1008 1403 Quid
1023 1379 1085 1406 ergo
1099 1370 1156 1397 est‘?
1176 1372 1302 1398 Homines
1321 1375 1394 1397 erant
1408 1371 1440 1397 ab
1456 1371 1505 1397 hoc
1519 1379 1612 1398 omnes
1626 1370 1734 1397 alienis-

938 1409 1015 1434 simi:
1048 1412 1072 1434 et
1095 1409 1128 1434 iis
1146 1408 1306 1435 debebatur:
1329 1417 1416 1443 neque
1431 1413 1518 1434 tamen
1532 1409 1678 1443 quisquam
1693 1409 1735 1434 in-

938 1449 1034 1472 ventus
1057 1449 1097 1471 est
1119 1450 1171 1472 tam
1194 1446 1321 1481 insignite
1343 1446 1495 1480 improbus,
1522 1447 1568 1480 qui
1588 1445 1686 1472 violare
1704 1445 1732 1470 P.

938 1482 1040 1515 Quintii
1065 1483 1289 1509 existimationem
1307 1483 1424 1509 absentis
1443 1483 1560 1509 auderet.
1601 1484 1644 1509 74.
1661 1483 1734 1509 Unus

939 1520 997 1551 suit,
1013 1519 1110 1552 affinis,
1131 1521 1229 1552 socius,
1246 1520 1422 1551 necessarius,
1439 1520 1501 1546 Sex.
1518 1521 1648 1546 Naevius:
1676 1521 1732 1554 qui,

938 1566 1022 1592 quum
1046 1558 1104 1592 ipse
1123 1558 1192 1585 ultro
1205 1558 1322 1589 deberet,
1338 1558 1415 1592 quasi
1430 1558 1528 1584 eximio
1547 1557 1665 1592 praemio
1678 1566 1736 1583 sce-

939 1595 1000 1621 leris
1023 1596 1151 1630 exposito,
1176 1595 1352 1630 cupidissime
1378 1595 1561 1626 contenderet,
1590 1599 1619 1620 ut
1643 1603 1689 1629 per
1707 1603 1736 1620 se

938 1631 1067 1658 afflictum
1082 1637 1160 1667 atque
1172 1641 1295 1659 eversum
1308 1633 1490 1667 propinquum
1499 1641 1580 1658 suum
1591 1642 1643 1658 non
1659 1631 1736 1658 modo

939 1670 1048 1696 honeste
1074 1671 1157 1705 partis
1183 1670 1274 1701 bonis,
1300 1678 1394 1696 verum
1417 1671 1496 1696 etiam
1518 1671 1654 1696 communi
1679 1669 1736 1695 luce

939 1707 1063 1742 privaret.
1104 1707 1155 1733 Ubi
1178 1712 1252 1733 erant
1273 1708 1353 1733 ceteri
1371 1706 1531 1733 creditores?
1557 1707 1673 1741 denique
1688 1706 1736 1732 hoc

939 1749 1058 1778 tempore
1076 1744 1123 1771 ubi
1142 1744 1224 1771 sunt?
1249 1745 1311 1779 quis
1326 1749 1374 1775 est,
1390 1745 1437 1779 qui
1453 1744 1627 1770 fraudationis
1642 1752 1736 1769 caussa

940 1781 1049 1808 latuisse
1073 1781 1160 1808 dicat?
1179 1782 1250 1817 quiS,
1271 1782 1319 1817 qui
1339 1782 1475 1808 absentem
1499 1781 1640 1807 defensum
1660 1786 1737 1816 neget

939 1828 998 1845 esse
1024 1819 1183 1851 Quintium?
1221 1820 1304 1845 Nemo
1327 1820 1470 1845 invenitur.
1522 1820 1564 1845 75.
1593 1818 1625 1845 A:
1648 1823 1737 1844 contra

939 1865 1041 1888 omnes,
1057 1857 1222 1891 quibuscum
1237 1857 1302 1883 ratio
1316 1856 1379 1883 huic
1393 1862 1437 1883 aut
1452 1861 1490 1883 est
1502 1861 1547 1882 aut
1558 1855 1615 1887 fuit,
1629 1855 1735 1886 adsunt,

940 1893 1100 1927 desendunt;
1130 1894 1196 1920 fides
1210 1894 1301 1926 huius,
1318 1894 1410 1920 multis
1426 1894 1490 1920 locis
1499 1894 1618 1929 cognita,
1633 1902 1663 1919 110
1678 1902 1738 1928 pcr—

941 1931 1003 1958 fidia
1021 1931 1084 1958 Sex.
1105 1932 1197 1958 Naevii
1216 1931 1366 1967 derogetur,
1385 1931 1512 1957 laborant.
1553 1932 1581 1957 In
1597 1931 1738 1957 huiusmo—

940 1969 967 1995 di
990 1969 1162 2004 sponsionem
1183 1974 1263 1995 testes
1281 1970 1343 1995 darc
1362 1969 1498 2004 oportebat
1516 1977 1548 1995 ex
1567 1977 1597 1994 eo
1616 1977 1736 1997 numero.

940 2007 987 2041 qui
1012 2007 1076 2033 haec
1094 2006 1225 2033 dicerent:
1256 2007 1439 2032 vadimonium
1459 2006 1525 2032 mihi
1540 2006 1672 2032 deseruit:
1696 2014 1738 2031 me

942 2043 1088 2070 fraudavit:
1112 2053 1125 2070 a
1147 2052 1190 2070 me
1209 2045 1325 2070 nominis
1344 2044 1410 2075 eius,
1428 2043 1500 2078 quod
1515 2044 1643 2070 infitiatus
1658 2048 1736 2073 esset,

941 2081 1012 2107 diem
1031 2082 1139 2116 petivit:
1162 2090 1211 2117 ego
1229 2082 1343 2116 experiri
1364 2090 1414 2108 non
1429 2081 1516 2115 potui;
1541 2081 1660 2111 latitavit,
1678 2089 1738 2115 pro-

941 2123 1089 2145 curatorem
1117 2118 1222 2145 nullum
1249 2119 1367 2153 reliquit.
1409 2119 1508 2145 llorum
1536 2118 1603 2144 nihil
1629 2118 1736 2144 dicitur.

942 2157 1070 2182 Parantur
1092 2160 1184 2187 testes,
1209 2157 1256 2191 qui
1281 2156 1344 2182 haec
1363 2156 1460 2182 dicant.
1502 2156 1609 2186 Verum,
1634 2156 1736 2190 opinor,

943 2193 1100 2225 viderimus,
1125 2202 1212 2228 quum
1230 2193 1355 2220 dixerint.
1397 2193 1485 2219 Unum
1501 2197 1587 2219 tamen
1604 2193 1652 2219 hoc
1666 2193 1739 2227 cogi-

943 2235 1005 2263 tent,
1023 2232 1057 2257 ita
1072 2240 1099 2257 se
1113 2240 1209 2266 graves
1223 2240 1290 2261 esse,
1301 2235 1337 2261 ut,
1354 2231 1376 2256 si
1388 2230 1524 2256 veritatem
1540 2229 1627 2256 volent
1643 2230 1739 2255 retine-

942 2277 978 2299 re,
1003 2268 1161 2303 gravitatem
1185 2269 1289 2303 possint
1306 2268 1438 2293 obtinere:
1469 2268 1491 2293 si
1515 2276 1572 2293 eam
1593 2266 1736 2301 negligent.

943 2306 977 2331 ita
1002 2306 1072 2332 loves
1094 2306 1156 2336 sint,
1177 2310 1206 2331 ut
1220 2314 1312 2331 omnes
1327 2304 1485 2339 intelligunt,
1503 2313 1553 2330 nou
1569 2304 1600 2329 ad
1615 2305 1738 2330 obtinen-

942 2342 1006 2368 dum
1023 2342 1201 2373 mendacium,
1226 2342 1273 2368 scd
1288 2341 1320 2367 ad
1336 2350 1427 2368 verum
1443 2341 1609 2376 probandum
1626 2342 1739 2367 unctori—

943 2385 1022 2406 tatem
1045 2379 1182 2405 adiuvare.
1222 2379 1319 2405 XXIV.
1334 2380 1376 2405 75.
1401 2379 1456 2414 Ego
1476 2379 1539 2404 haee
1557 2378 1611 2404 duo
1625 2387 1736 2412 quaero:

944 2418 1070 2452 primum,
1095 2425 1149 2451 qun
1173 2416 1272 2443 ratione
1291 2416 1407 2442 Naevius
1425 2420 1580 2450 susceptum
1601 2416 1738 2450 negotium

944 2463 995 2480 non
1019 2453 1189 2489 transegerit:
1218 2453 1267 2480 hoc
1290 2458 1338 2483 est,
1361 2462 1409 2479 cur
1427 2453 1504 2480 bona.
1524 2461 1593 2487 quae
1607 2462 1639 2479 ex
1653 2454 1739 2479 edicto

944 2491 1105 2526 possidebat,
1127 2499 1177 2517 non
1197 2490 1360 2517 vendiderit:
1383 2490 1492 2521 deinde,
1511 2498 1560 2516 eur
1577 2499 1610 2516 ex
1629 2495 1664 2516 tot
1682 2499 1739 2517 ere-

943 2528 1075 2555 ditoribus
1089 2527 1148 2554 aliis
1162 2527 1194 2554 ad
1209 2528 1286 2554 istam
1302 2528 1428 2554 rationem
1444 2535 1520 2553 nemo
1535 2528 1686 2554 accesserit:
1711 2534 1739 2554 ut

944 2565 1092 2592 necessario
1113 2565 1253 2591 conliteare
1277 2573 1363 2599 neque
1386 2573 1477 2591 eorum
1497 2569 1548 2591 tam
1568 2566 1737 2591 temerarium

943 2611 1107 2638 quemquam
1132 2602 1215 2629 fuisse
1231 2610 1316 2637 neque
1332 2606 1354 2628 te
1369 2602 1458 2637 ipsum
1474 2601 1509 2630 id.
1526 2602 1598 2637 quod
1614 2603 1739 2637 turpissi-

945 2649 986 2666 me
1010 2640 1189 2675 suscepisses,
1215 2648 1383 2674 perseveraro
1401 2644 1426 2666 et
1445 2640 1589 2673 transigere
1609 2640 1736 2674 potuisse.

943 2677 1015 2710 Quid
1032 2678 1055 2704 si
1075 2677 1182 2713 tuipse,
1199 2676 1261 2704 Sex.
1277 2677 1369 2709 Naevi,
1385 2677 1509 2707 statuisti.
1528 2677 1594 2703 bona
1609 2678 1637 2703 P.
1653 2676 1738 2709 Quin-

1475 2724 1530 2749 2¹1·
