1941 3052
415 159 603 186 ORATIO
636 159 726 186 PRO
759 160 786 185 P.
822 159 1014 186 SESTIO,

67 231 125 257 Non
140 234 195 256 erat
209 229 277 256 illud
291 229 402 264 quidem
414 238 521 257 verum:
544 239 596 257 non
608 230 680 256 enim
690 231 797 266 ingrati,
811 229 857 256 sed

66 268 167 299 miseri,
180 267 281 302 quibus
293 266 402 293 reddere
413 267 537 299 salutem,
546 276 560 294 a
570 276 625 302 quo
634 272 797 302 acceperant,
807 276 859 294 non

66 304 169 331 liceret:
195 312 244 330 nec
268 312 340 330 unus
364 304 391 331 in
412 313 577 340 quemquam
601 313 730 340 umquam
750 305 857 340 gratior,

65 350 147 377 quam
161 342 189 368 in
200 350 243 368 me
254 341 383 368 universi.
415 342 467 368 Sed
478 346 566 368 tamen
578 342 645 368 illud
656 343 765 377 scripsit
775 342 860 368 diser—

65 379 187 406 tissimus
198 383 273 413 poeta
284 387 332 413 pro
342 387 398 405 me:
421 380 475 415 egit
486 379 649 406 fortissimus
660 384 739 411 actor,
753 388 805 406 non
817 388 861 406 so-

66 416 122 443 lum
132 416 260 451 optimus,
273 416 305 443 de
317 425 368 447 me,
376 425 462 451 quum
473 425 565 444 omnes
576 416 684 443 ordines
695 417 860 443 demonstra-

66 457 117 486 ret;
139 457 275 485 senatum,
289 454 393 489 equites
404 454 546 485 Romanos,
560 455 717 481 universum
728 454 859 489 populum

65 491 214 518 Romanum
226 496 376 518 accusaret:

138 528 270 555 Eoesulare
282 531 376 558 sinitis,
387 531 458 555 sistis
466 530 537 562 pem,
550 530 653 562 pulsum
664 531 793 562 patimini.

64 565 138 598 Quae
153 570 211 592 tum
227 565 387 601 significatio
401 565 482 592 fuerit
491 566 626 597 omnium,
639 574 708 601 quae
719 565 860 592 declaratio

66 602 210 629 voluntatis
226 603 259 630 ab
275 604 402 630 universo
415 603 515 638 populo
531 604 649 630 Romano
663 603 691 630 in
705 611 800 629 caussa
811 603 860 629 ho-

64 640 146 666 minis
167 649 219 667 non
239 640 389 675 popularis,
412 640 538 675 equidem
553 640 743 667 audiebamus:
766 641 860 666 existi-

65 686 137 704 mare
148 677 254 704 facilius
265 682 387 713 possunt,
402 679 450 712 qui
462 677 615 704 adfuerunt.
638 678 726 704 Lvui.
747 679 803 703 ⁴23.
814 678 856 708 Et,

64 715 192 749 quoniam
203 723 246 741 me
257 716 310 742 huc
321 716 444 750 provexit
453 715 546 745 oratio,
559 715 653 741 histrio
664 723 757 741 casum
768 723 859 740 meum

65 752 143 778 toties
153 752 352 783 collacrimavit,
365 761 450 787 quum
461 753 497 778 ita
507 752 628 779 dolenter
637 756 727 787 ageret
736 761 858 778 caussam

66 798 160 820 meam,
174 793 203 816 ut
214 798 266 816 vox
276 790 334 816 eius
344 789 389 815 illa
401 789 533 824 praeclara
544 789 661 816 lacrimis
673 789 858 824 impediretur.

65 827 158 861 Neque
178 831 283 861 poetae,
305 835 420 861 quorum
443 835 492 862 ego
511 835 618 861 semper
636 828 744 862 ingenia
763 826 856 857 dilexi,

66 864 177 898 tempori
195 872 254 890 meo
267 864 423 895 defuerunt,
436 872 521 899 eaque
531 863 649 898 populus
660 864 795 891 Romanus
807 872 859 890 non

64 900 152 927 solum
173 900 284 935 plausu,
306 901 355 928 sed
374 901 453 928 etiam
474 902 575 936 gemitu
596 910 646 928 suo
664 902 856 936 comprobavit.

64 938 158 964 Utrum
169 939 252 974 igitur
263 938 327 965 haec
334 938 468 973 Aesopum
482 940 570 973 potius
577 947 624 973 pro
634 947 676 965 me
692 943 738 965 aut
747 939 858 965 Accium

63 975 151 1002 dicere
174 977 304 1011 oportuit,
331 977 353 1002 si
378 976 495 1011 populus
523 977 659 1003 Romanus
685 976 752 1003 liber
776 981 856 1007 esset,

63 1021 97 1039 an
107 1012 243 1048 principes
257 1013 391 1040 civitatis?
413 1014 575 1040 Nominatim
592 1022 652 1040 sum
669 1014 819 1049 appellatus
831 1015 857 1041 in

63 1050 151 1081 Bruto,

140 1088 246 1118 Tttllius,
259 1091 304 1121 qui
318 1089 459 1115 libertatem
470 1090 567 1115 civibus
577 1089 747 1115 stabiliverat.

63 1123 161 1151 Millies
181 1129 333 1152 revocatum
348 1129 398 1152 est.
438 1126 569 1152 Parumne
585 1125 726 1152 videbatur
741 1125 858 1161 populus

62 1162 198 1188 Romanus
212 1162 344 1194 iudicare,
360 1163 389 1189 id
404 1171 418 1189 a
432 1172 475 1189 me
485 1167 511 1189 et
525 1172 539 1189 a
554 1167 649 1190 senatu
659 1172 719 1190 esse
729 1164 860 1190 constitu-

63 1203 130 1231 tum,
142 1199 216 1234 quod
227 1200 323 1234 perditi
334 1200 406 1227 cives
419 1200 557 1227 sublatum
564 1209 611 1235 per
621 1209 669 1228 nos
679 1201 860 1228 criminaban—

62 1236 124 1263 tur?
145 1238 203 1264 ⁴24.
223 1238 338 1264 Maxime
353 1246 415 1265 vero
426 1238 520 1273 populi
530 1238 642 1265 Romani
654 1238 786 1265 iudicium
797 1239 860 1265 uni-

64 1282 141 1300 verso
151 1283 279 1301 consessu
289 1275 445 1310 gladiatorio
455 1275 619 1302 declaratum
630 1280 679 1302 est,
714 1276 776 1302 Erat
787 1277 858 1302 enim

64 1320 164 1338 munus
178 1311 311 1347 Scipionis
323 1312 438 1347 dignum
450 1317 475 1339 et
486 1321 517 1339 eo
530 1314 590 1347 ipso
605 1317 631 1339 et
641 1312 688 1340 illo
697 1313 729 1345 Q.
742 1313 856 1344 Metello,

63 1349 107 1375 cui
127 1349 252 1376 dabatur.
289 1349 318 1376 ld
334 1354 422 1376 autem
439 1349 585 1385 spectaculi
599 1359 685 1386 genus
701 1355 768 1381 erat.
786 1350 859 1385 quod

63 1387 137 1412 omni
147 1385 295 1421 frequentia
307 1391 386 1422 atque
397 1388 470 1414 omni
480 1396 577 1422 genere
590 1387 731 1414 hominum
741 1388 860 1414 celebra·
887 1389 889 1401 ³

63 1428 119 1455 tur,
132 1432 186 1458 quo
197 1423 341 1451 multitudo
353 1425 468 1451 maxime
478 1425 632 1451 delectatur.
673 1426 701 1452 In
714 1425 785 1452 hunc
796 1434 860 1452 con·

63 1469 169 1487 sessum
179 1461 210 1487 Ρ.
222 1461 335 1492 Sestius,
348 1462 474 1488 tribunus
485 1461 582 1496 plebis,
593 1471 679 1497 quum
692 1467 780 1498 ageret
792 1463 858 1489 nihil

64 1497 139 1524 aliud
152 1499 180 1524 in
196 1507 226 1525 ec
241 1499 411 1535 magistratu,
427 1500 480 1525 nisi
495 1508 581 1526 meam
592 1508 725 1532 caussam,
738 1500 820 1531 venit,
834 1504 859 1526 et

63 1543 92 1561 se
112 1535 212 1570 populo
226 1535 313 1568 dedit,
331 1545 382 1563 non
399 1536 511 1571 plausus
526 1537 684 1572 cupiditate,
702 1537 750 1564 sed
766 1542 796 1564 ut
806 1538 859 1572 ipsi

62 1573 166 1599 inimici
186 1574 268 1600 nostri
288 1573 452 1601 voluntatem
472 1574 591 1600 universi
612 1574 706 1609 populi
727 1575 856 1602 viderent.

63 1610 141 1636 Venit
150 1609 190 1645 (ut
199 1610 283 1646 scitis)
295 1611 327 1637 ad
337 1610 489 1638 columnam
502 1612 642 1638 Maeniam.
665 1612 765 1639 Tantus
775 1617 816 1639 est
825 1621 858 1639 ex

62 1647 188 1674 omnibus
205 1647 364 1682 spectaculis
380 1657 467 1684 usque
482 1657 495 1675 a
507 1649 650 1683 Capitolio,
663 1653 753 1676 tantus
764 1658 798 1676 ex
809 1649 857 1676 fori

62 1684 188 1711 cancellis
203 1685 315 1720 plausus
331 1686 475 1717 excitatus,
492 1691 523 1713 ut
536 1695 685 1721 numquam
702 1687 786 1714 maior
795 1696 859 1714 con-

63 1722 152 1749 sensio
166 1727 212 1749 aut
226 1723 339 1758 apertior
350 1723 443 1758 populi
453 1724 565 1750 Romani
575 1724 696 1751 universi
707 1723 792 1751 fuisse
805 1724 858 1751 ulla

63 1760 91 1786 in
101 1768 196 1786 caussa
207 1759 348 1787 diceretur.
366 1762 424 1787 ⁴25.
436 1761 487 1787 Ubi
498 1765 572 1788 erant
583 1766 640 1788 tum
651 1761 690 1788 illi
699 1763 857 1789 concionum

63 1796 254 1829 moderatores,
267 1797 357 1834 legum
368 1798 480 1830 domini,
493 1799 595 1826 civium
607 1798 783 1834 expulsores?
801 1799 858 1826 Ali-

64 1842 131 1861 usne
144 1839 184 1861 est
198 1834 297 1870 aliquis
313 1836 443 1870 improbis
457 1836 563 1863 civibus
575 1837 717 1871 peculiaris
729 1837 855 1872 populus,

62 1871 106 1898 cui
122 1879 170 1898 nos
185 1871 278 1899 offensi
294 1873 431 1908 invisique
447 1872 598 1900 fuerimus?
630 1874 698 1900 ΗΧ.
723 1874 857 1909 Equidem

62 1909 201 1941 existimo,
223 1909 329 1936 nullum
349 1914 456 1945 tempus
475 1919 534 1937 esse
549 1910 737 1946 frequentioris
753 1911 856 1947 populi,

62 1954 144 1980 quam
155 1945 426 1983 illudgladiatorium,
435 1956 522 1982 neque
528 1949 662 1975 concionis
669 1949 762 1980 ullius,
771 1958 859 1984 neque

64 1991 126 2009 vero
140 1982 258 2010 ullorum
272 1985 450 2011 comitiorum.
482 1986 550 2012 Haec
559 1986 643 2021 igitur
653 1987 859 2013 innumerabilis

63 2019 204 2047 hominum
216 2020 373 2053 multitudo,
388 2022 453 2048 baec
463 2022 557 2057 populi
569 2024 680 2050 Romani
692 2028 762 2050 tanta
773 2025 860 2059 signi-

64 2057 163 2089 ficatio,
177 2058 235 2084 sine
250 2058 305 2085 ulla
320 2059 458 2090 varietate.
477 2060 610 2090 universi,
627 2069 713 2095 quum
725 2061 779 2087 illis
792 2062 858 2096 ipsis

63 2094 160 2121 dicbus
171 2095 204 2122 dc
215 2104 258 2122 me
268 2100 356 2122 actum
367 2097 400 2122 iri
412 2097 632 2133 putaretur,quid
645 2097 798 2128 declaravit.
807 2099 858 2125 nisi

63 2133 226 2167 optimorum
241 2133 343 2160 civium
359 2133 473 2160 salutem
488 2139 514 2160 et
529 2134 684 2171 (lignitatem
698 2135 798 2170 populo
810 2136 860 2162 Ro-

65 2178 143 2197 mano
157 2178 244 2196 caram
255 2178 314 2196 esse
325 2170 470 2197 universo?
491 2173 546 2198 ⁴26.
561 2172 594 2199 At
606 2180 667 2199 vero
678 2172 723 2198 ille
735 2173 859 2200 tribunus

65 2206 165 2242 plebis,
186 2208 235 2242 qui
249 2207 283 2234 de
298 2216 354 2239 me,
371 2216 423 2234 non
440 2209 535 2243 patris,
549 2210 602 2240 avi,
615 2210 715 2244 proavi.
728 2211 858 2237 maiorum

64 2244 181 2279 denique
196 2253 307 2271 suorum
319 2245 449 2277 omnium,
462 2245 509 2272 sed
521 2246 712 2273 Graeculorum
725 2248 857 2279 instituto,

63 2282 218 2309 concionem
229 2283 391 2317 interrogare
397 2282 512 2310 solebat:
526 2283 645 2310 Velletne
656 2293 698 2310 mo
709 2284 809 2311 redire:
823 2290 856 2316 et,

64 2327 150 2354 quum
165 2324 220 2346 erat
235 2319 409 2346 reclamatum
424 2320 564 2347 semivivis
576 2322 799 2349 mercenariorum
811 2331 859 2349 vo-

64 2355 154 2388 cibus,
168 2356 298 2392 populum
315 2357 463 2384 Romanum
481 2365 577 2393 negare
587 2358 705 2386 dicebat:
728 2359 760 2390 is,
773 2368 858 2394 quum

64 2393 183 2428 quotidie
197 2394 357 2430 gladiatores
371 2399 516 2429 spectaret,
534 2404 682 2430 numquam
697 2400 737 2422 est
746 2405 860 2431 conspe-

64 2435 133 2457 ctus.
172 2431 263 2463 Quum
284 2433 399 2463 veniret,
422 2432 574 2468 emergebat
589 2433 692 2463 subito.
709 2441 795 2468 quum
807 2434 859 2460 sub

50 2467 168 2498 ,tabulas
179 2469 359 2504 subrepserat.
373 2473 402 2496 ut
414 2490 430 2500 „
439 2470 524 2496 Mater
537 2474 560 2496 ισ
573 2471 713 2503 appollo!·‘
737 2470 859 2497 dicturus

65 2504 208 2533 videretur.
247 2507 340 2542 ltaque
355 2506 401 2533 illa
421 2507 464 2533 vis
481 2507 622 2538 latebrosa,
639 2515 692 2542 qua
709 2512 858 2542 spectatum

65 2540 111 2568 ille
120 2543 251 2575 veniebat,
263 2544 350 2579 Appia
362 2544 414 2571 iam
425 2544 577 2571 vocabatur.
617 2544 669 2577 Qui
681 2549 777 2575 tamen.
791 2553 859 2580 quo-

64 2586 118 2614 quo
132 2583 251 2615 tempore
265 2586 423 2617 conspectus
439 2586 507 2612 crat.
527 2590 578 2608 non
595 2582 673 2608 modo
687 2581 856 2617 gladiatores,

65 2615 112 2642 sed
122 2617 186 2652 equi
196 2617 249 2652 ipsi
279 2618 436 2646 ladiatorum
448 2619 596 2654 repentinis
606 2618 695 2645 sibilis
701 2620 859 2646 extimesce-

67 2653 138 2680 bant.
170 2654 228 2682 ⁴27.
270 2655 385 2683 idetisne
396 2657 491 2693 igitur,
504 2661 636 2691 quantum
647 2657 716 2683 inter
726 2656 857 2691 populum

66 2689 214 2719 Romanum
224 2697 250 2720 et
259 2693 412 2721 concionem
424 2693 547 2721 intersit?
565 2694 689 2721 dontinus
699 2695 857 2722 concionum

1068 161 1087 187 C
1103 161 1123 187 A
1138 161 1166 187 P.
1201 162 1233 187 54
1254 176 1290 180 —
1311 162 1351 187 62.
1654 164 1702 190 5¹5

909 231 981 257 omni
997 230 1058 257 odio
1073 230 1166 266 populi
1183 231 1285 259 notari?
1303 232 1404 267 quibus
1420 236 1510 258 autem
1521 233 1703 260 consisterein

909 277 1050 302 operarum
1070 269 1244 295 concionibus
1264 278 1317 296 non
1337 269 1425 301 liceat,
1448 278 1493 296 eos
1517 271 1590 297 omni
1611 270 1704 305 populi

910 306 1021 332 Romani
1033 306 1227 341 significatione
1238 306 1374 333 decorari?

966 343 1005 369 Tu
1024 344 1091 369 mihi
1106 344 1184 370 etiam
1201 344 1237 370 M.
1255 344 1379 371 Attilium
1394 343 1527 379 Regulum
1543 352 1706 371 commemo-

910 389 963 411 ras,
976 381 1023 415 qui
1035 380 1120 406 redire
1131 381 1189 415 ipse
1196 381 1385 417 Karthaginem
1397 390 1444 408 sua
1452 381 1586 408 voluntate
1597 382 1629 408 ad
1640 391 1706 417 sup-

911 418 1036 452 plicium,
1053 426 1134 452 quam
1150 419 1209 445 sine
1219 418 1253 445 iis
1265 419 1388 453 captivis,
1402 427 1416 445 a
1426 419 1528 454 quibus
1540 419 1572 445 ad
1583 424 1704 446 senatum

911 455 1012 481 missus
1028 459 1095 486 erat,
1113 455 1211 482 Romae
1227 464 1332 482 manere
1348 456 1490 483 maluerit?
1509 461 1535 483 et
1546 456 1613 483 mihi
1624 465 1706 492 negas

910 491 1057 526 optandum
1073 492 1188 519 reditum
1206 492 1291 519 fuisse
1307 502 1354 527 per
1369 493 1485 520 familias
1501 499 1665 529 comparatas
1681 499 1707 520 et

911 529 1034 555 homines
1053 534 1176 556 armatos.
1209 530 1265 556 LX.
1287 530 1347 557 Vim
1363 530 1466 558 scilicet
1480 540 1529 567 ego
1543 531 1703 561 desideravi,

910 567 967 601 qui,
981 566 1045 593 dum
1059 567 1098 593 vis
1110 566 1245 597 fuit‚nihil
1258 568 1343 603 egi,et
1354 569 1476 603 quem,si
1488 570 1529 595 vis
1540 577 1592 595 non
1600 568 1704 597 fuisset,

911 603 985 630 nulla
996 612 1038 630 res
1051 603 1207 630 labefactare
1213 606 1355 638 potuisset.
1379 607 1435 632 428.
1443 606 1519 632 Hunc
1530 615 1579 641 ego
1589 606 1706 632 reditum

911 641 1088 675 repudiarem,
1105 642 1153 676 qui
1164 642 1200 667 ita
1211 641 1306 668 florens
1318 642 1381 673 fuit,
1396 648 1424 669 ut
1436 652 1535 674 verear,
1549 652 1581 669 ne
1591 644 1653 678 quis
1664 651 1708 669 me

911 678 1000 704 studio
1019 678 1119 713 gloriae
1139 683 1215 713 putet
1233 679 1333 706 idcirco
1353 681 1455 711 exisse,
1477 685 1507 706 ut
1522 681 1557 707 ita
1574 680 1708 707 redirem?

910 715 996 747 Quem
1009 716 1080 742 enim
1092 725 1221 751 umquam
1236 722 1343 743 senatus
1354 718 1450 748 civem,
1464 718 1516 744 nisi
1528 726 1578 748 me,
1593 719 1706 744 nationi-

911 753 961 778 bus
974 753 1071 779 exteris
1082 753 1298 780 commendavit?
1316 755 1394 780 cuius
1406 763 1535 789 umquam
1547 759 1654 790 propter
1665 764 1707 781 sa-

912 790 1007 821 lutem,
1025 790 1079 816 nisi
1093 799 1193 822 meam,
1211 795 1320 817 senatus
1336 791 1444 826 publice
1458 792 1539 818 sociis
1552 792 1645 826 populi
1655 793 1707 819 Ro-

911 827 982 853 mani
997 828 1095 863 gratias
1106 828 1178 863 egit?
1196 828 1232 854 De
1244 837 1350 855 menno
1362 833 1449 863 patres
1461 830 1603 864 conscripti
1617 829 1707 856 decre-

911 869 1015 896 verunt,
1030 869 1066 896 ut,
1075 866 1123 900 qui
1135 866 1286 900 provincias
1297 874 1358 892 cum
1370 866 1483 901 imperio
1493 866 1651 897 obtinerent,
1660 867 1706 901 qui

910 906 1064 937 quaestores
1081 902 1214 938 legatique
1231 908 1334 934 essent,
1351 903 1464 930 salutem
1482 909 1507 930 et
1522 905 1603 930 vitam
1621 913 1706 930 meam

909 939 1084 966 custodirent.
1125 941 1153 966 In
1172 949 1225 967 una
1240 949 1299 967 mea
1314 949 1408 967 caussa
1424 946 1483 975 post
1493 941 1604 967 Romam
1615 941 1708 968 condi-

911 981 964 1003 tam
975 976 1074 1004 factum
1087 982 1135 1008 est,
1144 982 1174 1004 ut
1186 978 1281 1004 litteris
1290 978 1479 1005 consularibus
1490 987 1523 1005 ex
1534 983 1708 1005 senatuscon-

910 1014 995 1045 sulto,
1012 1019 1106 1041 cuncta
1122 1023 1155 1041 ex
1170 1015 1257 1046 Italia,
1271 1024 1377 1047 omnes..
1390 1017 1438 1051 qui
1449 1016 1643 1051 rempublicam
1654 1016 1707 1042 sal-

911 1061 972 1078 vam
982 1052 1090 1083 vellent,
1104 1057 1323 1079 convocarentur.
1349 1053 1426 1085 Quod
1438 1061 1586 1088 numquam
1599 1058 1708 1080 senatus

910 1090 938 1116 in
954 1089 1095 1116 universae
1106 1089 1269 1125 reipublicae
1281 1090 1399 1125 periculo
1409 1090 1535 1122 decrevit,
1549 1091 1577 1118 id
1588 1092 1615 1118 in
1626 1092 1708 1117 unius

910 1135 969 1154 mea
979 1126 1065 1154 salute
1076 1128 1257 1154 conservanda
1268 1128 1466 1155 decernendum
1478 1129 1591 1163 putavit.
1622 1128 1706 1160 Quem

910 1164 983 1190 curia
1003 1165 1089 1200 magis
1108 1164 1270 1200 requisivit‘?
1301 1174 1382 1201 quem
1404 1165 1491 1192 forum
1512 1165 1598 1192 luxit‘?
1626 1174 1706 1201 quem

910 1210 995 1236 aeque
1004 1203 1063 1236 ipsa
1074 1202 1218 1229 tribunalia
1230 1202 1469 1230 desideraverunt?
1478 1203 1573 1230 Omnia
1586 1203 1706 1230 discessu

911 1248 970 1265 meo
984 1239 1101 1271 deserta,
1119 1239 1239 1270 horrida,
1253 1244 1341 1271 muta,
1355 1240 1432 1275 plena
1447 1240 1534 1267 luctus
1545 1246 1570 1267 et
1582 1242 1708 1267 maeroris

911 1275 1028 1303 fuerunt.
1068 1277 1135 1309 Quis
1151 1282 1190 1303 est
1204 1278 1293 1304 ltaliae
1309 1277 1396 1309 locus,
1409 1279 1436 1304 in
1448 1287 1502 1313 quo
1514 1287 1565 1305 non
1579 1278 1661 1304 lixum
1674 1278 1707 1304 sit

911 1313 938 1340 in
954 1313 1071 1348 publicis
1088 1315 1269 1341 monumentis
1285 1315 1406 1342 studium
1421 1315 1516 1342 salutis
1534 1324 1620 1345 meae,
1635 1316 1709 1342 testi-

911 1351 1031 1378 monium
1047 1350 1206 1387 dignitatis?
1226 1352 1294 1379 LXI.
1318 1354 1375 1379 ⁴⁶29.
1394 1353 1459 1379 Nam
1476 1352 1541 1387 quid
1558 1361 1607 1387 ego
1619 1352 1663 1379 illa
1675 1353 1708 1378 (le

911 1397 954 1415 me
967 1388 1058 1415 divina
1078 1389 1309 1416 senatusconsulta
1329 1389 1554 1416 ccmmemorem‘.²
1578 1390 1619 1416 vel
1635 1390 1706 1425 quod

911 1426 938 1452 in
955 1425 1055 1460 templo
1070 1426 1139 1452 Iovis
1153 1426 1255 1461 Optimi
1270 1427 1379 1454 Maximi
1391 1427 1490 1454 factum
1501 1432 1555 1458 est,
1567 1436 1653 1462 quum
1669 1428 1708 1454 vir

910 1463 947 1493 is,
960 1464 1008 1498 qui
1024 1464 1167 1498 tripartitas
1182 1464 1255 1491 orbis
1271 1469 1400 1491 terrarum
1416 1473 1475 1491 oras
1490 1469 1570 1499 atque
1584 1465 1706 1500 regiones

911 1500 997 1527 tribus
1017 1501 1162 1535 triumphis
1178 1501 1316 1528 adiunctas
1335 1501 1399 1528 huic
1415 1502 1528 1536 imperio
1543 1503 1657 1533 notavit,
1675 1502 1707 1528 de

911 1538 1010 1573 scripto
1025 1539 1155 1564 sententia
1171 1538 1253 1569 dicta,
1272 1539 1338 1565 milii
1355 1540 1401 1565 uni
1414 1539 1596 1566 testimonium
1609 1540 1707 1573 patriae

910 1579 1080 1602 conservatae
1095 1575 1187 1602 dedit‘?
1205 1576 1284 1602 cuius
1300 1577 1458 1603 sententiam
1476 1577 1510 1603 ita
1522 1576 1708 1611 frequentissi-

911 1621 971 1639 mus
987 1617 1096 1639 senatus
1114 1618 1222 1639 secutus
1238 1618 1290 1644 est,
1310 1618 1339 1640 ut
1355 1622 1425 1640 unus
1441 1614 1595 1640 dissentiret
1612 1614 1705 1644 hostis,

911 1650 992 1685 idque
1007 1651 1096 1685 ipsum
1113 1650 1212 1677 tabulis
1232 1651 1349 1686 publicis
1365 1651 1548 1682 mandaretur,
1562 1651 1593 1677 ad
1607 1660 1708 1678 memo-

910 1688 976 1714 riam
993 1688 1091 1722 posteri
1108 1689 1234 1722 temporis
1246 1689 1450 1723 sempiternam:
1473 1688 1514 1715 vel
1527 1689 1597 1723 quod
1610 1693 1650 1715 est
1661 1697 1708 1723 po-

909 1724 1003 1751 stridie
1013 1725 1150 1752 decretum
1161 1726 1189 1752 in
1199 1727 1282 1756 curia,
1296 1726 1389 1761 populi
1401 1727 1487 1761 ipsius
1499 1727 1619 1757 Romani,
1627 1731 1653 1752 et
1664 1735 1708 1752 eo-

910 1771 979 1793 rum,
987 1763 1034 1798 qui
1047 1771 1079 1789 ex
1090 1763 1246 1798 municipiis
1253 1768 1438 1795 couvenerant,
1447 1763 1594 1793 admonitu,
1603 1772 1635 1790 ne
1646 1764 1708 1798 quis

910 1800 943 1826 de
962 1799 1034 1826 caelo
1049 1805 1179 1827 servaret:
1203 1809 1235 1827 ue
1251 1801 1313 1836 quis
1330 1810 1430 1828 moram
1447 1801 1529 1827 ullam
1546 1801 1662 1827 afferret:
1684 1802 1707 1827 si

909 1838 972 1872 quis
987 1837 1063 1864 aliter
1078 1837 1198 1869 fecisset,
1216 1846 1278 1865 eum
1296 1838 1373 1873 plane
1384 1847 1533 1865 eversorem
1546 1838 1708 1873 reipublicae

911 1874 974 1905 fore.
988 1875 1070 1910 idque
1082 1880 1203 1902 senatum
1215 1876 1376 1911 gravissime
1388 1876 1518 1902 laturum:
1541 1880 1566 1902 et
1579 1881 1608 1902 ut
1617 1877 1706 1902 statim

910 1912 944 1938 de
954 1912 1013 1939 eius
1030 1912 1097 1939 facto
1113 1912 1272 1940 referretur?
1291 1913 1348 1946 Qua
1359 1914 1489 1950 gravitate
1500 1922 1548 1940 sua
1559 1921 1645 1948 quum
1656 1913 1709 1940 fro-

910 1957 997 1984 quens
1013 1954 1122 1976 senatus
1139 1950 1329 1977 nonnullorum
1346 1951 1435 1978 scelus
1451 1951 1645 1986 audaciamque
1657 1956 1708 1977 tar-

910 1987 1009 2018 dasset,
1023 1992 1111 2014 tamen
1122 1987 1191 2014 illud
1203 1988 1314 2018 addidit.
1323 1989 1345 2014 si
1357 1989 1454 2015 diebus
1465 1988 1706 2024 quinque,quibus

910 2025 952 2060 agi
968 2024 1001 2051 de
1019 2033 1062 2051 me
1078 2025 1222 2059 potuisset,
1240 2034 1292 2052 non
1304 2031 1375 2052 esset
1385 2031 1483 2056 actum,
1496 2025 1610 2052 redirem
1624 2027 1650 2052 in
1662 2034 1707 2060 pa—

911 2063 997 2093 triam,
1010 2062 1140 2097 dignitate
1150 2064 1223 2089 omni
1235 2068 1398 2098 recuperata.
1431 2063 1509 2090 Lxll.
1533 2064 1652 2089 Decrevit
1664 2071 1707 2089 eo-

910 2099 971 2126 dem
989 2103 1107 2134 tempore
1117 2105 1239 2131 senatus’.
1254 2105 1283 2127 ut
1295 2101 1340 2131 iis,
1356 2101 1448 2136 quiex
1460 2105 1511 2127 tota
1527 2100 1600 2126 ltalia
1612 2100 1707 2126 salutis

911 2145 985 2163 meae
1009 2145 1102 2163 caussa
1122 2142 1313 2168 convenerant,
1335 2143 1477 2173 agerentur
1496 2138 1609 2172 gratiae,
1627 2142 1707 2172 atque

911 2178 940 2200 ut
959 2173 1050 2205 iidem,
1073 2174 1106 2200 ad
1127 2183 1168 2200 res
1189 2174 1331 2201 redeuntes
1347 2179 1376 2201 ut
1392 2176 1526 2206 venirent,
1540 2180 1705 2210 rogarentur.

912 2212 969 2237 tao.
985 2211 1053 2237 llaec
1068 2216 1121 2237 crat
1135 2212 1286 2238 studiorum
1301 2213 1329 2239 in
1341 2221 1399 2238 mea
1410 2212 1496 2238 salute
1507 2213 1654 2238 contentio:
1679 2217 1706 2238 ut

911 2249 943 2279 ii,
956 2249 1004 2282 qui
1020 2257 1034 2274 a
1049 2253 1142 2274 senatu
1157 2249 1191 2275 de
1207 2257 1249 2275 ine
1260 2249 1433 2285 rogabantur,
1448 2249 1529 2275 iidem
1545 2250 1648 2275 senatui
1661 2257 1708 2283 pro

912 2293 954 2311 me
973 2284 1167 2319 supplicarent.
1208 2286 1295 2320 Atque
1316 2287 1351 2313 ita
1373 2287 1399 2312 iu
1422 2286 1464 2312 liis
1484 2286 1564 2312 rebus
1581 2295 1652 2312 unus
1667 2290 1707 2312 est

911 2322 985 2348 solus
1001 2323 1140 2353 iuventus,
1153 2323 1200 2357 qui
1213 2323 1245 2349 ab
1258 2323 1369 2349 hactum
1382 2324 1502 2357 impensa
1514 2324 1648 2349 voluntate
1660 2323 1707 2349 bo—

911 2367 1006 2386 norum
1021 2359 1108 2393 palam
1123 2359 1274 2390 dissideret,
1289 2365 1317 2386 ut
1328 2361 1407 2387 etiam
1419 2361 1450 2392 Q.
1464 2360 1587 2387 Metellus
1599 2360 1702 2388 consul.

910 2397 957 2431 qui
969 2396 1036 2423 milii
1049 2396 1090 2422 vel
1102 2397 1218 2423 maxime
1229 2405 1262 2423 ex
1274 2398 1378 2433 magnis
1389 2398 1605 2424 contentionibus
1617 2398 1707 2432 reipu-

911 2434 995 2460 blicae
1011 2433 1106 2460 fuisset
1122 2434 1262 2463 inimicus.
1273 2434 1307 2460 de
1319 2444 1375 2461 mea
1387 2434 1473 2462 salute
1485 2434 1613 2461 retulerit.
1654 2435 1704 2467 Qui

910 2471 1041 2497 excitatus
1061 2479 1167 2497 summu
1187 2480 1272 2506 quum
1293 2473 1446 2498 auctoritate
1467 2472 1495 2498 l‘.
1512 2472 1634 2501 Servilii,
1649 2477 1705 2498 tum

910 2507 1025 2543 quadam
1041 2509 1170 2543 gravitate
1185 2508 1305 2539 (licendi,
1322 2518 1407 2544 quum
1420 2509 1464 2535 ille
1475 2518 1567 2536 omnes
1580 2518 1661 2544 prope
1672 2510 1705 2535 ab

911 2545 1004 2571 inferis
1019 2551 1157 2572 evocasset
1172 2546 1305 2577 Metellos,
1323 2552 1348 2573 et
1363 2546 1395 2573 ad
1411 2546 1486 2573 illius
1500 2548 1619 2582 generis,
1633 2547 1704 2581 quod

910 2582 962 2609 sibi
972 2591 1034 2609 cum
1045 2591 1076 2609 eo
1087 2591 1230 2610 commune
1241 2588 1322 2613 esset.
1331 2584 1497 2620 dignitatem.
1507 2584 1650 2619 propinqui
1661 2585 1704 2610 sui

911 2624 1026 2646 mentem
1042 2628 1056 2646 a
1072 2620 1206 2647 Clodianis
1220 2621 1364 2647 latrociniis
1381 2620 1541 2648 reflexisset:
1563 2630 1704 2657 quumque

910 2666 971 2683 eum
988 2657 1020 2684 ad
1035 2657 1174 2685 domestici
1189 2658 1306 2693 exempli
1323 2659 1476 2685 memoriam
1488 2659 1556 2685 etad
1568 2658 1703 2685 Numidici

910 2694 984 2722 illius
991 2694 1090 2722 Metelli
1100 2704 1202 2724 casum.
1213 2696 1252 2722 vel
1265 2694 1412 2731 gloriosum
1424 2695 1581 2732 velgravem
1593 2704 1704 2723 conver-

1438 2743 1496 2770 65·
