1941 3052
455 136 508 162 DE
542 135 771 162 ORATORE
805 136 891 162 LIB.
926 136 957 161 11.

50 206 299 241 dissimulantiaque
314 205 391 242 longe
405 205 494 241 lepore
504 211 530 233 et
539 207 703 233 humanitate
714 206 839 233 omnibus

50 245 221 280 praestitisse.
255 244 346 271 Genus
365 248 405 270 est
422 244 576 279 perelegans
595 248 620 270 et
636 253 698 270 cum
711 244 839 280 gravitate

49 282 151 309 salsum
172 289 312 316 quumque
334 282 453 308 oratoriis
476 281 637 307 dictionibus
655 286 711 308 tum
730 281 839 307 urbanis

50 319 219 346 sermonibus
238 318 475 345 accommodatum.
506 320 564 345 274.
584 319 617 344 Et
631 318 737 345 hercule
751 319 839 344 omnia

50 357 123 387 haec,
143 365 212 391 quae
230 365 244 382 a
261 364 304 382 me
317 355 350 382 de
364 355 465 382 facetiis
479 355 659 390 disputantur,
676 364 727 382 non
742 356 839 382 maiora

50 393 196 420 forensium
213 394 356 424 actionum,
376 402 457 428 quam
475 393 595 419 omnium
610 401 762 419 sermonum
777 401 840 418 oon-

49 430 165 457 dimenta
176 434 248 457 sunt.
264 431 330 456 Nam
340 430 413 465 quod
424 430 495 465 apud
507 430 632 457 Catonem
642 434 689 461 est,
698 431 745 465 qui
756 429 839 455 multa

50 467 147 499 retulit,
164 476 198 494 ex
210 468 311 502 quibus
325 476 339 493 a
353 476 395 493 me
410 467 525 502 exempli
536 476 629 493 caussa
641 467 724 493 multa
735 476 840 502 ponun-

50 510 100 536 tur,
120 514 167 540 per
185 505 252 531 mihi
270 505 367 531 scitum
387 505 500 535 videtur,
518 504 546 531 C.
563 504 715 531 Publicium
730 504 838 530 solitum

49 542 144 573 dicere,
160 543 186 568 P.
200 542 350 569 Mummium
365 545 446 568 cuivis
461 544 567 575 tempori
581 543 703 568 hominem
717 550 775 567 esse.
796 541 839 567 Sic

49 579 164 614 profecto
182 587 223 605 res
237 587 266 605 se
280 579 367 610 habet,
388 579 493 605 nullum
507 583 537 605 ut
549 579 584 605 sit
597 579 666 605 vitae
680 583 794 613 tempus,
811 579 838 604 iu

49 625 103 652 quo
129 625 180 643 non
203 616 293 643 deceat
319 616 436 651 leporem
458 616 704 650 humanitatemque
726 616 836 642 versari.

48 654 107 681 272.
123 653 175 680 Sed
190 653 268 680 redeo
281 653 313 680 ad
327 658 421 680 cetera.
454 653 502 679 Est
519 653 582 679 huic
600 653 743 679 finitimum
758 653 839 678 dissi-

48 690 196 722 mulationi,
221 699 306 726 quum
329 691 439 717 honesto
457 690 539 717 verbo
556 691 651 716 vitiosa
665 699 707 716 res
721 689 838 724 appella-

48 733 105 761 tur,
126 732 156 755 ut
174 737 259 763 quum
280 727 420 754 Africanus
438 736 532 754 censor
549 727 621 754 tribu
640 727 763 754 movebat
776 736 838 753 eum

47 766 237 796 centurionem,
254 765 301 800 qui
314 765 341 791 in
356 764 442 791 Paulli
456 773 547 800 pugna
560 773 612 791 non
623 765 740 796 affuerat,
752 773 837 799 quum

47 802 92 829 ille
105 811 134 829 se
147 802 282 828 custodiae
295 811 389 828 caussa
407 802 505 828 diceret
523 802 550 828 in
568 803 660 828 eastris
678 802 838 828 remansisse

47 844 246 875 quaereretque,
262 848 310 866 cur
328 839 360 865 ab
374 848 405 866 eo
419 844 564 871 notaretur,
587 840 645 866 Non
657 849 722 869 aino,
738 839 835 874 inquit,

47 879 155 903 nimium
168 879 306 910 diligentes.
328 878 386 903 273.
398 876 514 903 Acutum
528 877 606 902 etiam
617 877 685 903 illud
696 881 743 907 est,
752 885 837 911 quum

47 923 80 941 ex
93 914 200 941 alterius
214 914 329 941 oratione
343 914 416 940 aliud
429 915 555 948 excipias,
572 918 651 949 atque
664 914 710 940 ille
724 914 795 946 vult,
809 918 839 940 ut

47 951 186 978 Salinatori
210 951 352 983 Maximus,
378 960 472 986 quum,
494 952 605 977 Tarento
618 952 726 982 amisso,
751 960 838 977 arcem

47 993 133 1015 tamen
149 988 241 1015 Livius
255 989 408 1015 retinuisset
423 988 560 1023 multaque
571 997 604 1015 ex
614 997 642 1015 ea
653 988 751 1024 praelia
762 997 839 1023 prae—

46 1025 115 1052 clara
132 1025 246 1057 fecisset,
262 1035 348 1061 quum
366 1025 467 1060 aliquot
485 1031 544 1060 post
561 1035 644 1052 annos
662 1026 796 1052 Maximus
810 1025 838 1052 id
866 1050 867 1057 ,

46 1063 175 1098 oppidum
188 1064 332 1098 recepisset
344 1068 500 1099 rogaretque
514 1072 575 1089 eum
590 1063 729 1095 Salinator,
743 1068 772 1090 ut
782 1072 838 1089 me—

46 1101 175 1132 minisset,
195 1109 274 1136 opera
292 1109 340 1127 sua
358 1109 386 1127 se
400 1101 543 1127 Tarentum
562 1101 707 1135 recepisse,
732 1101 835 1133 Quidni,

45 1138 141 1173 inquit,
161 1138 336 1164 meminerim?
364 1138 510 1172 Numquam
528 1141 593 1164 enim
611 1141 767 1172 recepissem,
787 1140 838 1164 uisi

46 1180 73 1202 tu
84 1177 245 1208 perdidisses.
266 1176 323 1203 274.
331 1175 398 1202 Sunt
412 1176 491 1202 etiam
502 1175 547 1201 illa
558 1175 735 1207 subabsurda,
749 1175 796 1201 sed
807 1183 837 1201 eo

46 1213 104 1248 ipso
117 1213 224 1239 nomine
238 1221 316 1248 saepe
330 1212 451 1244 ridicula,
468 1222 521 1239 non
535 1212 622 1239 solum
637 1213 727 1239 mimis
742 1221 838 1248 perap-
865 1225 867 1243 t

46 1251 139 1285 posita,
157 1250 204 1276 sed
218 1251 297 1277 etiam
310 1250 507 1285 quodammodo
522 1250 612 1276 nobis:

358 1288 437 1313 Homo
449 1291 545 1321 fatuus,

79 1328 215 1358 postquam
229 1333 280 1351 rem
295 1326 385 1350 habere
399 1327 486 1358 coepit,
501 1329 537 1350 est
551 1327 687 1350 emortuus.

45 1365 82 1388 et:

83 1399 150 1431 Quid
172 1403 208 1425 est
231 1400 276 1425 tibi
299 1401 349 1425 ista
371 1398 482 1425 mulier?
510 1399 590 1425 Umor.
621 1398 719 1425 Similis
740 1400 837 1425 medius

530 1438 617 1470 fidius.
632 1450 668 1455 —

45 1478 81 1500 et:

80 1525 116 1530 —-
132 1510 260 1542 Quamdiu
273 1512 308 1536 ad
320 1519 404 1544 aquas
416 1513 474 1544 suit,
493 1519 632 1543 numquam
646 1514 682 1536 est
699 1513 834 1536 emortuus.

45 1548 156 1575 LXVIII.
173 1547 265 1574 Genus
279 1547 328 1574 hoc
343 1547 429 1574 levius
443 1551 477 1579 et,
493 1551 523 1574 ut
536 1547 602 1578 dixi,
618 1547 772 1580 mimicum,
789 1547 836 1574 sed

44 1585 123 1612 habet
140 1593 342 1620 nonnumquam
361 1584 463 1620 aliquid
481 1585 561 1611 etiam
578 1584 651 1619 apud
669 1593 716 1611 nos
731 1584 789 1616 loci,
807 1589 836 1611 ut

45 1622 86 1649 vel
104 1631 156 1649 non
173 1621 272 1648 stultus
286 1622 364 1657 quasi
382 1622 463 1648 stulte
484 1631 546 1648 cum
563 1622 618 1648 sale
633 1622 702 1648 dicat
716 1622 832 1657 aliquid:

46 1664 74 1686 ut
91 1660 148 1691 tihi,
169 1659 275 1691 Antoni,
296 1660 407 1691 Mancia,
427 1668 512 1695 quum
527 1659 646 1686 audisset
659 1663 684 1685 te
697 1668 834 1686 censorem

45 1705 58 1724 a
71 1697 106 1724 M.
121 1697 237 1723 Duronio
250 1696 283 1723 de
297 1697 400 1723 ambitu
418 1697 592 1732 postulatum,
620 1698 773 1730 Aliquando,
794 1697 836 1723 in-

44 1734 109 1770 quit,
126 1736 172 1760 tibi
186 1739 256 1760 tuum
269 1737 395 1767 neqotium
409 1743 484 1768 aqere
498 1736 591 1760 licebit.
610 1733 759 1761 275Nalde
771 1734 835 1760 haec

45 1771 163 1798 ridentur
176 1775 201 1798 et
214 1771 322 1798 hercule
336 1772 434 1803 omnia,
450 1780 518 1807 quae
532 1780 545 1797 a
560 1771 738 1806 prudentibus
757 1772 834 1806 quasi

45 1817 90 1844 per
110 1808 351 1835 dissimulationem
376 1808 442 1846 [non
465 1807 645 1845 intelligendi]
665 1808 835 1835 subabsurde

45 1845 166 1881 salseque
179 1846 316 1873 dicuntur.
336 1847 378 1873 Ex
391 1855 445 1881 quo
458 1854 554 1882 genere
568 1851 608 1872 est
621 1847 709 1877 etiam,
726 1855 778 1873 non
794 1847 835 1872 vi-

45 1883 98 1910 deri
112 1883 260 1920 intelligere
273 1884 346 1918 quod
358 1884 502 1920 intelligas,
515 1888 544 1910 ut
553 1883 706 1910 Pontidius:
729 1884 835 1915 Qualem

45 1923 183 1951 existimas,
207 1923 252 1955 qui
268 1923 296 1947 in
317 1923 445 1948 adulterio
462 1920 677 1954 deprehenditur?
710 1921 836 1947 Tardum!

45 1962 73 1985 ut
90 1966 146 1994 ego,
162 1959 210 1994 qui
229 1958 256 1984 in
274 1958 379 1985 delectu
393 1958 507 1990 Metello,
535 1967 621 1993 quum
635 1958 834 1985 excusationem

45 1995 179 2023 oculorum
197 2004 211 2022 a
225 2004 267 2022 me
283 2004 335 2022 non
348 1997 486 2031 acciperet,
503 2000 528 2022 et
544 1995 670 2022 dixisset:
696 1996 732 2021 Tu
754 1998 835 2029 iyitur

45 2034 106 2059 nihil
119 2032 207 2060 vides?
226 2034 286 2060 276.
301 2033 354 2066 qu
367 2043 434 2063 vero,
450 2034 570 2068 inquam,
586 2037 688 2066 aporia
698 2033 834 2066 Esquilina

44 2072 113 2097 video
134 2072 223 2097 viltam
242 2074 325 2096 tuam:
352 2074 382 2096 ut
399 2070 467 2097 illud
485 2070 603 2102 Nasicae,
624 2070 672 2105 qui
693 2078 778 2105 quum
801 2070 834 2096 ad

45 2111 144 2142 poetam
169 2107 286 2134 Ennium
309 2108 425 2134 venisset
452 2108 530 2142 eique
553 2107 586 2133 ab
607 2107 675 2133 ostio
697 2108 833 2142 quaerenti

0 2175 3 2178 Ι
44 2143 158 2171 Ennium
173 2144 269 2171 ancilla
282 2144 395 2170 dixisset
408 2144 480 2171 domi
495 2153 547 2171 non
562 2153 629 2175 esse,
642 2145 736 2170 Nasica
751 2145 834 2171 sensit

44 2180 116 2208 illam
129 2182 230 2208 domini
245 2182 321 2208 iussu
336 2181 438 2208 dixisse
451 2186 477 2208 et
490 2181 568 2208 illum
582 2182 655 2208 intus
669 2190 737 2208 esse.
766 2182 834 2208 Pau-

45 2218 82 2245 cis
95 2224 154 2254 post
166 2219 262 2245 diebus
276 2228 361 2254 quum
376 2219 408 2245 ad
423 2219 545 2245 Nasicam
560 2219 678 2245 venisset
690 2219 794 2245 Ennius
809 2224 834 2246 et

45 2263 104 2282 eum
117 2265 131 2283 a
145 2256 223 2282 ianua
236 2260 383 2291 quaereret,
399 2255 530 2282 exclamat
545 2256 638 2283 Nasica
652 2264 681 2282 se
694 2256 766 2283 domi
782 2265 833 2283 non

45 2300 110 2320 esse.
144 2294 212 2320 Tum
225 2293 338 2324 Ennius,
357 2293 443 2325 Quid?
469 2302 513 2327 eqo
525 2302 576 2320 non
589 2302 719 2327 cognosco,
734 2294 831 2329 inquit,

45 2338 126 2357 vocem
146 2330 235 2357 tuam?
260 2331 308 2357 Hic
330 2331 437 2357 Nasica:
466 2331 545 2357 Homo
562 2340 589 2357 es
606 2333 746 2364 impudens.
781 2331 834 2365 qu

45 2375 120 2401 quum
137 2372 159 2394 te
176 2377 331 2402 quaererem,
349 2370 462 2394 ancillae
480 2373 538 2394 luae
556 2371 654 2395 credidi
667 2372 690 2394 te
702 2370 770 2395 domi
784 2377 833 2394 non

45 2411 102 2435 08⁸0,
117 2409 144 2431 tu
157 2406 218 2431 mihi
231 2414 282 2431 non
295 2407 378 2432 credis
391 2406 460 2439 ipsi?

98 2442 156 2469 277.
175 2442 223 2468 Est
235 2442 337 2469 bellum
351 2442 420 2469 illud
433 2451 550 2477 quoque,
568 2451 601 2468 ex
615 2450 668 2477 quo
682 2443 713 2473 is,
730 2442 776 2477 qui
791 2442 833 2469 di-

45 2478 91 2510 xit,
107 2479 232 2506 irridetur
245 2480 272 2506 in
287 2488 318 2506 eo
331 2480 390 2515 ipso
402 2489 507 2516 genere,
524 2489 577 2514 quo
592 2479 672 2510 dixit,
694 2484 731 2510 ut,
746 2488 832 2514 quum

44 2513 76 2547 Q.
94 2514 216 2552 Opimius
234 2517 392 2549 consularis,
412 2518 459 2553 qui
473 2516 688 2544 adolescentulus
703 2516 771 2542 male
784 2525 833 2543 au-

45 2550 133 2586 disset,
158 2553 253 2581 sestivo
276 2554 377 2581 homini
392 2554 489 2590 Egilio,
505 2555 552 2590 qui
568 2554 702 2581 videretur
717 2553 829 2585 mollior,

45 2595 92 2616 nec
107 2595 184 2623 esset,
204 2591 330 2618 dixisset:
359 2592 427 2624 Quid
445 2597 471 2618 tu
484 2593 571 2626 Eyiti'a
584 2590 659 2618 mea?
683 2593 786 2625 quando
799 2593 833 2617 ad

44 2633 81 2652 me
93 2630 161 2655 venis
175 2637 230 2655 cum
245 2633 290 2655 tua
300 2630 357 2655 colu
366 2634 389 2655 et
399 2629 480 2656 tana?
494 2630 552 2657 Non
560 2631 611 2662 pol,
627 2629 723 2664 inquit,
737 2631 832 2655 audeo:

45 2669 102 2690 Mm
114 2673 152 2691 me
164 2668 198 2692 ad
210 2669 323 2700 [ammas
335 2669 413 2693 vetuit
427 2671 509 2693 mater
520 2669 648 2694 accedero.

992 135 1088 162 CAP.
1124 136 1274 161 65-70.
1633 138 1674 161 lll

947 206 1041 232 LXIX.
1057 207 1115 232 278.
1131 205 1204 232 Salsa
1217 209 1280 231 sunt
1294 206 1381 236 etiam,
1397 214 1465 240 quae
1480 205 1577 232 habent
1590 208 1680 240 suspi-

890 243 993 269 cionem
1012 243 1118 269 ridiculi
1136 242 1326 273 absconditam,
1342 251 1396 277 quo
1410 244 1436 268 in
1450 252 1546 278 genere
1560 248 1599 269 est
1613 244 1680 269 illud

891 280 984 311 Siculi,
1005 281 1048 306 cui
1062 289 1148 315 quum
1162 280 1300 306 familiaris
1310 280 1420 314 quidam
1435 281 1680 315 quereretur,qu0d

890 317 996 348 diceret,
1018 326 1127 344 uxorem
1142 326 1218 343 suam
1232 317 1407 351 suspendisse
1420 326 1448 343 se
1462 317 1495 343 de
1509 317 1569 349 ficu,
1586 319 1681 344 Amabo

892 359 921 384 le,
937 355 1033 389 inquit,
1049 357 1083 381 da
1097 357 1158 381 mihi
1171 364 1204 381 ess
1219 357 1269 381 ista
1278 356 1377 384 arbore,
1390 364 1452 388 quos
1462 364 1545 380 serum
1556 356 1680 381 surculos.

891 392 919 417 In
933 392 1025 417 eodem
1039 400 1135 427 genere
1149 396 1197 423 est,
1213 391 1285 426 quod
1300 391 1410 418 Catulus
1424 391 1492 418 dixit
1506 392 1612 418 cuidam
1624 401 1681 418 ora-

890 429 939 455 tori
954 429 1036 461 malm
1052 430 1099 464 qui
1112 438 1198 463 quum
1212 430 1239 455 in
1254 428 1357 464 epilogo
1369 429 1576 456 misericordiam
1587 438 1615 455 se
1625 438 1682 455 mo—

891 466 961 491 visse
980 471 1092 500 putaret,
1113 471 1254 501 postquam
1269 466 1375 497 assedit,
1392 467 1495 501 rogavit
1509 466 1590 497 hunc,
1606 467 1682 492 vide-

890 508 996 529 returne
1010 504 1219 530 misericordiam
1234 504 1362 529 movisse:
1390 505 1425 529 :ic
1440 513 1556 537 inaquam
1572 506 1680 537 quidem,

890 541 990 575 inquit3
1013 543 1135 566 neminem
1153 543 1219 566 enim
1234 546 1296 573 pulo
1315 550 1366 566 esse
1384 546 1435 566 lam
1454 543 1555 571 durum,
1576 544 1618 567 cui
1632 550 1681 567 non

890 580 973 604 oratio
988 583 1031 604 tua
1045 580 1191 603 miseranda
1202 581 1257 603 visa
1271 581 1311 604 sit.
1332 579 1390 604 279.
1403 578 1443 604 Me
1453 578 1562 612 quidem
1574 578 1681 604 hercule

890 615 968 641 etiam
983 615 1059 641 valde
1078 614 1122 641 illa
1142 620 1249 641 movent
1262 615 1425 641 stomachosa
1441 620 1465 641 ct
1479 616 1555 650 quasi
1570 616 1681 642 submo-

890 660 947 678 rosa
971 652 1092 683 ridicula,
1116 661 1201 687 quum
1220 661 1272 678 non
1294 661 1308 678 a
1331 661 1433 678 moroso
1455 652 1594 685 dicunturg
1623 658 1679 679 tum

890 690 960 715 enim
980 698 1031 715 non
1053 689 1100 719 sal,
1126 689 1173 715 sed
1197 694 1288 715 natura
1311 689 1420 715 ridetur.
1443 691 1470 716 In
1493 699 1554 724 quo,
1572 695 1599 716 ut
1614 690 1679 716 inihi

891 726 1003 757 videtur,
1020 726 1169 761 persalsum
1183 726 1251 752 illud
1265 731 1304 752 est
1318 727 1390 761 apud
1404 727 1519 753 Novium
1530 727 1552 757 *,

1204 764 1272 795 Quid
1288 765 1386 796 ploras,
1405 764 1499 797 pater?

963 801 1068 830 Mirum,
1084 803 1112 826 ni
1126 806 1230 826 cantem.
1264 801 1450 827 Cendemnalus
1463 810 1525 827 sum.

889 838 956 864 Huic
974 838 1064 873 generi
1083 839 1161 872 quasi
1179 838 1338 864 contrarium
1357 843 1397 864 est
1414 838 1519 864 ridiculi
1534 847 1619 873 genus
1635 848 1680 873 pa-

889 876 978 901 tientis
993 884 1021 901 ac
1036 875 1108 906 lenti,
1125 880 1162 906 ut,
1178 884 1263 910 quum
1279 875 1341 902 Cato
1355 884 1498 910 percussus
1513 881 1582 901 esset
1596 876 1628 901 ab
1639 885 1677 905 eo,

866 934 867 937 ,
888 913 935 947 qui
955 921 1041 938 arcam
1059 912 1167 943 ferebat,
1183 922 1268 947 quum
1284 912 1328 939 ille
1342 913 1449 944 diceret,
1469 913 1546 944 Cavea
1568 914 1678 948 rogavit,

889 953 1012 983 numquid
1029 952 1102 975 aliud
1119 953 1196 983 [erret
1211 955 1314 983 praeter
1326 950 1434 976 arcam?
1467 952 1525 976 280.
1540 950 1587 976 Est
1601 951 1680 976 etiam

889 987 1016 1013 stultitiae
1030 987 1100 1013 salsa
1114 987 1293 1022 reprehensio,
1310 992 1339 1013 ut
1353 987 1398 1013 ille
1412 987 1529 1019 Siculus,
1542 988 1585 1014 eui
1605 996 1681 1022 prae-

889 1029 928 1050 tor
946 1024 1035 1059 Scipio
1053 1029 1193 1059 patronum
1217 1033 1326 1051 caussae
1344 1025 1423 1051 dabat
1442 1025 1572 1059 hospitem
1588 1034 1678 1055 suum,

889 1062 1023 1088 hominem
1048 1062 1173 1093 nobilem,
1193 1062 1241 1088 sed
1259 1062 1403 1089 admodum
1421 1062 1547 1093 stultum,
1573 1063 1679 1094 Quaeso.

888 1099 984 1134 inquit,
1003 1104 1116 1132 praetor,
1136 1102 1287 1126 adversario
1308 1109 1361 1125 meo
1383 1102 1416 1126 da
1439 1102 1513 1125 istum
1533 1104 1678 1132 patronum,

888 1139 976 1162 deinde
990 1138 1051 1162 mihi
1064 1139 1186 1162 neminem
1197 1139 1304 1164 dederis.
1329 1137 1434 1163 Movent
1449 1137 1493 1163 illa
1508 1137 1596 1168 etiam,
1612 1146 1680 1172 quae

888 1174 1037 1200 coniectura
1056 1173 1233 1208 explanantur
1252 1174 1329 1210 longe
1348 1174 1431 1205 aliter,
1451 1179 1530 1209 atque
1545 1179 1616 1205 sunt,
1633 1174 1680 1200 scd

888 1216 963 1237 acute
986 1215 1065 1246 atque
1083 1212 1224 1238 concinne:
1247 1216 1284 1243 ut,
1306 1220 1391 1246 quum
1411 1211 1527 1238 Scaurus
1546 1217 1680 1238 accusaret

888 1248 1018 1274 Rutilium
1033 1248 1159 1280 ambitus,
1176 1257 1261 1283 quum
1275 1249 1333 1284 ipse
1347 1248 1439 1275 consul
1451 1254 1521 1275 esset
1533 1248 1680 1280 factus,i11e

889 1285 1024 1320 repulsam
1043 1285 1156 1317 tulisset,
1176 1291 1201 1312 et
1218 1287 1245 1312 in
1264 1287 1321 1312 eius
1337 1286 1434 1312 tabulis
1448 1286 1597 1313 ostenderet
1611 1286 1680 1312 litte-

889 1332 938 1354 ras,
954 1323 986 1349 A.
1003 1324 1032 1349 F.
1048 1323 1077 1349 P.
1093 1324 1123 1350 R,
1144 1323 1226 1358 idque
1240 1324 1338 1350 diceret
1351 1332 1418 1355 esse,
1435 1333 1512 1350 Acron
1528 1333 1583 1350 rius
1600 1334 1619 1350 P.
1637 1334 1680 1349 nu-

888 1369 956 1393 ntii,
983 1360 1101 1387 Rutilius
1120 1365 1219 1392 autem,
1239 1364 1413 1395 antefactum,
1428 1366 1484 1394 post
1500 1363 1622 1393 relatumg
1650 1362 1678 1387 C.

888 1397 995 1429 Canius,
1016 1406 1099 1433 eques
1118 1399 1261 1430 Romanus,
1282 1408 1367 1433 quum
1381 1398 1450 1425 Rufo
1464 1398 1575 1430 adesset,
1592 1399 1680 1425 excla-

888 1439 950 1466 mat,
971 1440 1095 1461 neutrum
1113 1435 1168 1462 illis
1187 1435 1280 1462 litteris
1294 1436 1431 1462 declarari.
1457 1436 1524 1468 Quid
1538 1436 1616 1469 erqo?
1639 1437 1676 1462 in-

887 1472 946 1507 quit
960 1472 1090 1504 Scaurus,
1112 1474 1234 1499 Aemilius
1247 1476 1313 1507 fecit,
1332 1475 1453 1506 plectitur
1469 1474 1586 1499 Rutilius.

943 1509 1026 1536 Lxx.
1046 1511 1105 1536 ⁶28⁴.
1134 1510 1262 1537 Ridentur
1284 1511 1363 1537 etiam
1386 1510 1571 1545 discrepantia.

887 1548 945 1573 huic
959 1549 1036 1576 abest,
1053 1550 1104 1573 uisi
1117 1557 1158 1574 res
1168 1552 1191 1573 et
1204 1547 1307 1574 virtus?
1334 1547 1404 1574 Bella
1419 1548 1497 1573 ctiam
1512 1552 1551 1574 est
1567 1547 1679 1573 familia-

887 1584 923 1610 ris
942 1585 1113 1619 reprehensio
1130 1585 1208 1620 quasi
1226 1586 1350 1611 errantis:
1383 1590 1411 1611 ut
1428 1594 1513 1620 quum
1528 1585 1679 1619 obiurgavit

886 1621 995 1647 Albium
1016 1622 1141 1653 Granius,
1161 1622 1242 1657 quod,
1259 1631 1344 1657 quum
1359 1623 1417 1648 eius
1432 1622 1530 1648 tabulis
1549 1622 1677 1656 quiddam

886 1658 998 1685 Albucio
1018 1659 1157 1693 probatum
1173 1660 1315 1691 videretur,
1337 1665 1361 1686 et
1376 1659 1451 1686 valde
1466 1659 1588 1686 absoluto
1602 1660 1679 1685 Scae-

886 1696 945 1723 vola
963 1696 1090 1732 gauderet
1109 1705 1196 1731 neque
1214 1697 1374 1732 intelligeret
1391 1702 1480 1723 contra
1498 1706 1560 1723 suas
1576 1697 1679 1723 tabulas

886 1742 944 1760 esse
959 1733 1115 1760 iudicatum.
1146 1736 1204 1761 282.
1220 1735 1287 1760 Huic
1301 1734 1398 1760 similis
1413 1739 1452 1761 est
1466 1735 1544 1760 ctiam
1559 1735 1679 1760 admoni-

886 1771 922 1798 tio
945 1771 971 1797 in
993 1771 1104 1798 consilio
1126 1771 1214 1798 dando
1236 1771 1382 1803 familiaris,
1405 1777 1441 1803 ut,
1463 1780 1547 1806 quum
1571 1777 1680 1806 patrono

887 1808 964 1839 malo,
988 1817 1073 1843 quum
1092 1818 1183 1835 vocem
1201 1810 1228 1835 in
1247 1809 1359 1835 dicendo
1377 1809 1535 1840 obtudissct,
1551 1809 1679 1835 suadebat

886 1846 1010 1877 Granius,
1038 1851 1066 1872 ut
1084 1846 1204 1873 mulsum
1222 1846 1350 1882 frigidum
1371 1847 1480 1878 biberet,
1505 1846 1618 1872 simulac
1632 1846 1679 1872 do-

886 1892 959 1909 mum
981 1883 1106 1910 redisset:
1138 1884 1252 1912 Perdam.
1272 1884 1368 1919 inquit,
1389 1893 1480 1913 vocem,
1500 1886 1523 1909 si
1544 1887 1569 1909 id
1582 1887 1677 1916 [ccc-ro·

885 1921 978 1947 Melius
991 1926 1034 1948 est.
1052 1921 1147 1956 inquit,
1164 1931 1240 1954 quam
1254 1930 1332 1947 rcum.
1353 1923 1412 1949 283.
1423 1921 1526 1947 Bellum
1539 1921 1616 1947 ctiam
1629 1926 1676 1950 cst,

885 1967 980 1993 quum,
1005 1958 1071 1992 quid
1094 1959 1192 1993 cuique
1211 1959 1246 1985 sit
1262 1963 1478 1989 consentaneum,
1499 1958 1610 1987 dicitur:
1639 1964 1676 1986 ut,

885 2004 970 2030 quum
995 1995 1111 2022 Scaurus
1135 1995 1290 2022 nonnullam
1313 1996 1420 2022 haberet
1443 1996 1572 2022 invidiam
1591 2004 1623 2022 ex
1637 2004 1676 2023 co,

885 2033 957 2068 quod
976 2033 1135 2069 Phrygionis
1155 2033 1280 2068 Pompeii,
1303 2033 1442 2068 locupletis
1461 2033 1586 2063 hominis,
1612 2033 1677 2059 bona

885 2071 942 2097 sine
958 2074 1114 2097 testamento
1128 2071 1289 2105 possederat,
1306 2071 1463 2106 sederetque
1477 2070 1620 2097 advocatus
1635 2080 1678 2096 reo

885 2109 995 2139 Bestiae,
1015 2117 1101 2142 quum
1121 2108 1202 2134 sunus
1220 2108 1354 2143 quoddam
1372 2108 1522 2138 duceretur,
1543 2113 1678 2134 accusator

886 2146 914 2173 C.
934 2145 1086 2177 Memmius,
1113 2146 1178 2175 Vide,
1199 2146 1296 2180 inquit,
1312 2147 1417 2175 Scauro,
1433 2150 1547 2171 mortuus
1566 2148 1676 2178 rapitur,

884 2187 907 2209 si
919 2188 989 2216 potes
1002 2192 1054 2208 esse
1066 2191 1202 2215 possessor.
1224 2184 1283 2209 284,
1299 2182 1350 2209 Sed
1366 2192 1399 2209 cx
1414 2183 1454 2208 liis
1469 2182 1595 2208 omnibus
1610 2182 1676 2208 nihil

886 2221 970 2256 inagis
989 2220 1098 2250 ridetur,
1118 2228 1200 2255 quam
1222 2220 1294 2255 quod
1318 2225 1357 2246 cst
1380 2225 1482 2255 practer
1503 2220 1677 2254 exspectatio-

886 2266 960 2290 nem;
986 2258 1065 2283 cuius
1084 2257 1289 2283 innumerabilia
1308 2261 1371 2283 sunt
1389 2256 1520 2291 exempla,
1542 2256 1582 2282 vel
1597 2257 1676 2290 Appii

887 2295 994 2321 maioris
1008 2294 1091 2324 illius,
1107 2295 1155 2329 qui
1170 2295 1196 2320 in
1211 2299 1313 2325 senatu,
1329 2303 1415 2329 quum
1430 2298 1550 2329 agi-retur
1563 2293 1596 2319 dc
1607 2295 1676 2328 agris

885 2332 1001 2366 publicis
1015 2336 1041 2357 et
1054 2331 1087 2357 de
1103 2331 1158 2366 lege
1173 2332 1278 2363 Thoria,
1293 2337 1318 2358 ct
1333 2336 1496 2366 premeretur
1511 2331 1630 2356 Lucilius
1644 2330 1677 2356 ab

884 2370 926 2400 iis,
942 2370 989 2404 qui
1005 2377 1018 2395 a
1033 2377 1125 2403 pecore
1139 2369 1198 2395 eins
1211 2368 1318 2404 depasci
1330 2378 1406 2403 agros
1417 2368 1538 2403 publicos
1549 2368 1675 2394 diccrcnt.

886 2407 941 2433 mm
959 2411 1003 2434 cst,
1023 2406 1119 2440 inquit,
1142 2406 1235 2432 Lucilii
1251 2416 1328 2439 pecus
1347 2408 1424 2431 illud:
1446 2408 1553 2431 erratis:
1575 2404 1676 2439 (deicu-

884 2444 945 2469 dcre
966 2442 1098 2469 Lucilium
1119 2442 1266 2477 videbatur)
1280 2452 1325 2476 cyo
1339 2445 1444 2468 iiim-um
1457 2447 1519 2475 puto
1533 2452 1599 2470 csse:
1627 2452 1675 2475 qim

885 2483 959 2509 lubet,
973 2482 1098 2514 pascitur.
1120 2481 1179 2506 285.
1196 2480 1282 2506 Placet
1296 2481 1374 2506 ctiam
1386 2480 1452 2505 milii
1463 2479 1530 2505 illud
1543 2480 1676 2514 Scipionis

884 2518 966 2548 illius,
983 2518 1030 2553 qui
1045 2517 1084 2543 Ti.
1101 2517 1251 2544 Gracchum
1268 2517 1393 2552 perculit:
1416 2525 1501 2552 quum
1516 2517 1539 2543 ei
1555 2517 1588 2543 M.
1603 2517 1676 2543 Flac—

883 2565 931 2582 cus
955 2555 1047 2582 multis
1066 2554 1170 2589 probris
1187 2555 1298 2581 obiectis
1317 2555 1344 2580 l‘.
1367 2555 1484 2580 lilucium
1503 2554 1618 2580 iudicem
1634 2559 1675 2580 tu-

884 2592 966 2624 lisset,
984 2593 1067 2622 Etr-ro,
1084 2592 1184 2627 inquit:
1202 2594 1358 2625 iniqnnscst.
1381 2591 1469 2624 Quum
1484 2596 1553 2618 osset
1567 2591 1675 2618 admur-

884 2634 1027 2661 inuratum,
1050 2631 1093 2658 ΛῙι,
1115 2629 1211 2664 inquit,
1238 2630 1262 2655 1’.
1280 2630 1305 2655 C.
1331 2639 1378 2655 non
1397 2638 1442 2663 09⁰
1461 2631 1521 2654 milii
1539 2631 1609 2654 illum
1626 2632 1675 2654 im-

883 2676 959 2701 quum
973 2670 1050 2698 ciero,
1066 2676 1152 2693 verum
1166 2668 1287 2693 omnibus.
1310 2667 1349 2693 Ab
1365 2667 1412 2693 hoc
1429 2675 1490 2692 vcro
1503 2667 1597 2692 (Ii-asso
1609 2666 1674 2692 nihil

1613 1512 1680 1542 Quid
