1941 3052
320 111 685 139 ACADEMICORUM
715 100 1043 138 POS'TERIORUM
1073 112 1153 138 LIB.
1186 112 1204 137 1.
1237 112 1328 138 CAP.
1361 113 1493 138 6—10.
1675 114 1723 138 975

84 184 203 219 reliquae
217 187 306 218 partes
321 182 472 217 accipiendi
487 187 513 209 et
527 183 605 217 quasi
626 182 758 217 patiendi,
780 190 878 216 aquam

83 222 144 248 dico
161 225 187 247 et
204 225 313 247 terram.
353 220 484 252 Quintum
499 228 600 255 genus,
618 228 632 246 e
643 228 697 255 quo
708 224 798 246 essent
808 224 879 245 astra

83 262 250 292 mentesque,
258 257 405 293 singulare,
413 265 561 292 eorumque
575 261 708 292 quattuor,
717 265 786 291 quae
797 265 879 291 supra

82 295 151 327 dixi,
164 294 298 321 dissimile
308 294 464 321 Aristoteles
475 294 612 329 quoddam
624 303 683 320 esse
694 294 811 320 rebatur.
835 295 877 320 27.

83 332 135 359 Sed
146 332 295 358 subiectam
306 336 402 367 putant
411 332 539 358 omnibus
550 332 609 358 sine
619 331 675 358 ulla
687 332 786 366 specie,
799 336 879 365 atque

82 374 216 396 carentem
227 370 301 396 omni
312 369 357 395 illa
369 369 497 404 qualitate
508 368 649 403 (faciamus
660 370 731 395 enim
744 368 880 394 tractando

82 407 210 434 usitatius
222 406 272 433 hoc
283 406 397 433 verbum
413 410 438 433 et
454 407 552 442 tritius)
568 407 707 433 materiam
721 405 877 441 quamdam,

82 453 117 471 ex
133 452 187 479 qua
204 445 295 470 omnia
310 452 437 478 expressa
453 448 532 478 atque
547 443 633 470 efficta
650 444 716 470 sint:
739 452 808 478 quae
828 448 880 469 tota

82 482 174 508 omnia
188 482 308 516 accipere
324 482 442 516 possint,
465 481 647 516 omnibusque
667 481 755 507 modis
771 481 877 510 mutari,

82 524 163 554 atque
174 527 208 545 ex
218 519 292 545 omni
303 523 390 553 parte;
409 527 494 553 eoque
505 520 586 544 etiam
597 519 720 549 interire,
734 527 786 544 non
799 518 826 544 in
838 518 880 543 ni-

82 556 185 587 hilum,
202 556 250 582 sed
262 557 289 582 in
303 564 366 582 suas
378 560 480 590 parteS,
498 564 567 590 quae
582 555 686 582 infinite
697 556 781 582 secari
794 563 823 581 ac
838 554 880 580 di-

83 593 141 620 vidi
156 594 274 628 possint,
291 602 377 628 quum
392 594 428 619 sit
442 592 511 619 nihil
525 594 635 619 omnino
646 593 674 619 in
686 601 775 619 rerum
787 596 879 618 natura

83 631 238 662 minimum,
247 630 320 666 quod
331 630 419 656 dividi
430 635 558 665 nequeat:
571 638 640 665 quae
652 635 742 656 autem
752 638 881 656 movean-

83 673 135 699 tur,
143 669 233 694 omnia
243 667 392 694 intervallis
399 668 514 700 moveri,
528 676 598 702 quae
609 667 749 694 intervalla
761 668 824 693 item
838 667 881 692 in-

83 705 157 732 finite
168 705 256 732 divid1
267 705 381 740 possint.
421 706 463 732 28.
485 705 518 731 Et
532 713 618 740 quum
634 705 671 731 ita
684 709 824 731 moveatur
834 703 880 729 illa

83 743 136 774 vis,
149 751 230 778 quam
242 742 399 778 qualitatem
410 750 469 768 esse
480 742 611 773 diximus,
627 746 653 768 et
663 751 749 777 quum
760 742 799 768 sic
811 740 881 767 ultro

82 781 204 815 citroque
219 784 354 806 versetur:
377 784 403 806 et
417 780 556 805 materiam
572 780 659 814 ipsam
675 784 756 806 totam
771 779 880 814 penitus

83 818 242 844 commutari
253 821 356 852 putant,
365 821 391 843 et
401 816 447 842 illa
459 816 538 847 effici,
552 825 621 851 quae
632 816 769 851 appellant
778 815 878 851 qualia,

83 854 210 890 equibus
232 853 280 890 [in]
302 855 376 880 omni
396 858 490 880 natura
510 853 668 880 cohaerente
683 858 710 880 et
726 854 880 880 continuata

83 900 146 918 cum
161 892 289 918 omnibus
304 892 362 917 suis
377 890 500 926 partibus
516 891 640 918 effectum
656 899 716 917 esse
731 890 877 917 mundum:

83 934 156 955 extra
172 937 254 964 quem
270 928 344 955 nulla
359 937 421 963 pars
437 929 564 955 materiae
578 929 626 960 sit,
645 928 807 963 nullumque
822 937 881 955 cor-

81 974 148 1001 pus;
171 970 260 1001 partes
271 970 360 992 autem
372 965 468 992 mundi
479 974 538 992 esse
549 966 653 997 omnia,
670 975 739 1001 quae
755 966 839 992 insint
853 966 880 991 in

82 1012 122 1034 eo,
138 1012 208 1038 quae
219 1008 314 1030 natura
325 1004 456 1029 sentiente
467 1008 620 1030 teneantur:
638 1004 666 1030 in
678 1012 731 1038 qua
742 1004 808 1030 ratio
820 1012 881 1037 per-

83 1040 150 1067 fecta
167 1041 244 1072 insit,
266 1049 335 1075 quae
356 1041 392 1067 sit
411 1040 505 1067 eadem
526 1041 700 1075 sempiterna.
739 1042 782 1067 29.
805 1040 880 1066 Nihil

82 1079 155 1104 enim
167 1077 302 1104 valentius
318 1086 391 1108 esse,
409 1087 423 1104 a
439 1086 493 1113 quo
508 1078 634 1105 intereat:
657 1087 740 1113 quam
754 1079 810 1104 vim
822 1078 882 1104 ani-

83 1124 159 1142 mum
174 1124 233 1142 esse
249 1115 343 1142 dicunt
358 1115 467 1146 mundi,
490 1115 668 1150 eamdemque
684 1124 743 1142 esse
763 1120 880 1141 mentem

83 1153 299 1188 sapientiamque
328 1152 487 1187 perfectam,
519 1161 602 1188 quem
627 1152 708 1179 deum
733 1152 879 1187 appellant,

82 1191 260 1225 omniumque
274 1198 373 1222 rerum,
382 1198 452 1225 quae
462 1194 526 1216 sunt
536 1190 561 1216 ei
572 1190 718 1221 subiectae,
726 1191 805 1225 quasi
817 1198 883 1224 pru-

83 1227 203 1254 dentiam
219 1227 379 1263 quamdam,
401 1231 589 1262 procurantem
609 1227 734 1254 caelestia
748 1228 879 1260 maxime,

83 1264 182 1291 deinde
194 1265 221 1291 in
233 1265 310 1291 terris
321 1273 361 1297 ea,
377 1273 446 1300 quae
457 1265 592 1300 pertinent
603 1265 636 1291 ad
648 1265 785 1291 homines:
799 1273 881 1300 quam

84 1302 220 1329 interdum
232 1302 355 1328 eamdem
367 1303 553 1329 necessitatem
565 1302 714 1337 appellant;
732 1303 797 1338 quia
813 1302 881 1328 nihil

83 1339 161 1366 aliter
171 1341 269 1374 possit,
287 1344 367 1375 atque
378 1340 411 1366 ab
423 1348 453 1366 ea
464 1340 640 1367 constitutum
652 1341 700 1371 sit,
723 1341 793 1366 inter
803 1340 882 1375 quasi

84 1376 192 1404 fatalem
207 1382 233 1403 et
247 1377 444 1404 immutabilem
456 1378 685 1404 continuationem
695 1377 799 1404 ordinis
811 1386 883 1403 sem-

83 1415 196 1450 piterni:
224 1423 429 1450 nonnumquam
456 1414 569 1449 quidem
593 1414 715 1441 eamdem
737 1414 880 1446 fortunam,

83 1451 157 1487 quod
172 1451 271 1479 efficiat
284 1452 368 1479 multa
384 1452 532 1487 improvisa
548 1452 628 1483 haec,
647 1460 696 1479 nec
710 1453 818 1487 opinata
835 1461 882 1479 no-

84 1489 142 1520 bis,
177 1494 284 1525 propter
307 1490 499 1517 obscuritatem
528 1490 779 1526 ignorationemque
803 1498 883 1522 caus-

84 1535 186 1553 sarum.

139 1564 205 1591 VIII.
228 1565 269 1590 30.
291 1564 378 1591 Tertia
394 1563 493 1591 deinde
509 1564 698 1600 philosophiae
713 1573 788 1599 pars,
813 1573 883 1599 quae

85 1606 141 1628 erat
161 1602 189 1628 in
210 1602 310 1628 ratione
330 1606 356 1628 et
374 1603 402 1628 in
421 1601 592 1630 disserendo.
614 1603 654 1628 sic
673 1602 835 1629 tractabatur
849 1602 883 1628 ab

84 1639 221 1674 utrisque.-
240 1647 406 1674 quamquam
421 1640 536 1665 oriretur
547 1648 561 1665 a
572 1639 714 1670 sensibus,
731 1644 819 1666 tamen
831 1648 882 1666 non

83 1684 143 1702 esse
162 1676 296 1702 iudicium
316 1677 438 1703 veritatis
453 1677 480 1702 in
497 1676 634 1703 sensibus.
674 1677 790 1703 Mentem
810 1677 884 1703 vole-

84 1713 150 1740 bant
165 1721 254 1740 rerum
269 1722 328 1740 esse
344 1713 476 1740 iudicem:
494 1713 579 1740 solam
590 1714 737 1741 censebant
747 1714 881 1746 idoneam,

83 1751 129 1778 cui
139 1750 301 1782 crederetur,
314 1752 378 1786 quia
390 1751 445 1778 sola
457 1755 578 1778 cerneret
588 1751 625 1783 id,
638 1751 711 1787 quod
723 1760 831 1787 semper
841 1761 884 1778 es—

84 1792 125 1815 set
135 1788 253 1824 simplex
263 1792 288 1815 et
298 1789 469 1820 uniusmodi,
482 1793 508 1816 et
519 1788 583 1820 tale,
597 1789 678 1824 quale
689 1794 770 1816 esset.
811 1790 884 1816 Ilanc

84 1825 126 1852 illi
138 1828 221 1852 ideam
234 1825 418 1861 appellabant,
441 1827 494 1852 iam
510 1835 524 1852 a
537 1826 644 1853 Platone
655 1827 690 1853 ita
706 1827 881 1858 nominatam,

86 1871 134 1889 nos
149 1867 218 1889 recte
229 1863 347 1898 speciem
359 1872 506 1898 possumus
517 1863 616 1890 dicere.
656 1866 699 1891 3⁴.
721 1864 824 1891 Sensus
835 1873 884 1891 au-

85 1905 138 1926 tern
154 1908 248 1926 omnes
264 1900 373 1927 hebetes
389 1905 415 1927 et
428 1900 516 1927 tardos
528 1909 587 1927 esse
603 1901 816 1933 arbitrabantur,
834 1910 883 1928 nec

85 1937 223 1972 percipere
239 1936 294 1963 ullo
308 1937 387 1964 modo
399 1946 441 1964 res
452 1946 510 1969 eas,
526 1946 595 1973 quae
607 1938 744 1965 subiectae
756 1939 883 1966 sensibus

86 1974 255 2006 viderentur,
269 1982 338 2009 quae
349 1979 440 2001 essent
449 1979 495 2001 aut
506 1975 541 2001 ita
553 1983 660 2010 parvae,
669 1981 698 2002 ut
709 1976 761 2002 sub
772 1985 883 2003 sensum

84 2011 181 2038 cadere
196 2020 248 2038 non
264 2016 386 2046 possent3
405 2016 451 2038 aut
467 2013 501 2038 ita
517 2012 633 2038 mobiles
644 2017 670 2039 ct
680 2014 840 2045 concitatae,
854 2018 883 2040 ut

85 2048 154 2076 nihil
166 2057 296 2083 umquam
308 2057 394 2075 unum
405 2053 476 2076 esset
485 2053 624 2082 constans3
638 2058 670 2076 ne
682 2049 754 2076 idem
761 2050 881 2085 quidem,

85 2087 150 2121 quia
161 2086 328 2112 continenter
339 2085 492 2113 laberentur
503 2091 528 2113 et
539 2085 652 2113 fluerent
661 2088 762 2114 onmia.
794 2088 884 2123 Itaque

85 2123 156 2150 hanc
170 2131 277 2150 omnem
292 2128 396 2159 partem
415 2132 505 2150 rerum
520 2124 686 2158 opinabilem
702 2124 883 2159 appellabant.

85 2161 128 2188 32.
144 2160 289 2187 Scientiam
301 2165 390 2187 autem
402 2169 537 2196 nusquam
549 2169 608 2187 esse
620 2162 776 2193 censebant,
792 2163 845 2189 nisi
857 2163 885 2189 in

85 2198 170 2225 animi
182 2197 337 2224 notionibus
348 2203 428 2233 atque
439 2198 602 2225 rationibus:
619 2207 673 2234 qua
687 2199 720 2225 de
731 2208 826 2226 caussa
838 2199 886 2226 de-

87 2235 222 2262 finitiones
234 2244 323 2261 rerum
335 2235 499 2270 probabant,
516 2240 542 2262 et
553 2235 601 2262 has
613 2235 646 2262 ad
658 2237 748 2263 omnia
757 2257 763 2268 ‚
775 2236 809 2262 de
823 2237 886 2272 qui-

87 2273 140 2300 bus
151 2272 362 2307 disceptabatur,
375 2272 551 2299 adhibebant.
585 2273 734 2300 Verborum
746 2275 827 2300 etiam
837 2283 886 2300 ex-

86 2310 196 2346 plicatio
207 2310 379 2346 probabatur,
393 2309 420 2336 id
432 2314 480 2341 est,
493 2318 546 2345 qua
557 2309 591 2336 de
601 2318 696 2337 caussa
707 2319 832 2346 quaeque
843 2320 886 2337 es—

87 2351 148 2374 sent
167 2348 203 2374 ita
223 2348 373 2380 nominata3
400 2355 481 2382 quam
504 2348 675 2384 ἐτυμολογίαν
698 2348 883 2383 appellabant:

87 2389 149 2420 post
158 2385 325 2420 argumentis
336 2389 362 2412 et
372 2385 450 2420 quasi
463 2392 551 2411 rerum
563 2385 632 2410 notis
644 2384 761 2412 ducibus
773 2386 887 2412 uteban-

87 2426 132 2449 tur
145 2422 178 2448 ad
189 2422 358 2457 probandum
370 2426 396 2448 et
411 2421 444 2448 ad
460 2421 676 2448 concludendum
692 2422 733 2453 id,
751 2423 823 2457 quod
839 2431 887 2449 ex-

88 2459 193 2494 planari
204 2459 342 2486 volebant:
365 2459 391 2485 in
403 2467 456 2494 qua
468 2459 622 2485 tradebatur
631 2460 720 2486 omnis
731 2459 886 2486 dialecticae

88 2495 248 2531 disciplina,
266 2496 294 2523 id
313 2501 354 2524 est
367 2497 495 2523 orationis
512 2496 612 2522 ratione
627 2496 779 2523 conclusae.
819 2497 887 2523 lluic

89 2534 169 2568 quasi
184 2541 218 2560 ex
232 2533 314 2560 altera
333 2539 408 2569 parte
427 2534 540 2560 oratoria
557 2533 599 2559 vis
613 2532 721 2559 dicendi
737 2534 887 2560 adhibeba-

90 2574 142 2601 tur,
155 2570 317 2605 explicatrix
326 2571 454 2598 orationis
468 2575 612 2606 perpetuae
623 2570 656 2596 nd
668 2571 885 2605 persuadendum

90 2607 315 2645 accommodatae.
356 2610 397 2635 33.
417 2609 486 2635 llaec
502 2612 558 2634 erat
576 2607 631 2633 illis
648 2608 734 2642 prima
749 2617 763 2634 a
779 2608 886 2635 Platone

91 2644 200 2672 tradita:
213 2646 292 2673 cuius
302 2654 371 2682 quas
382 2646 531 2681 acceperim
542 2645 748 2680 disputationes,
756 2646 779 2672 si
792 2645 884 2677 vultis.

930 190 1072 216 exponam.
1113 183 1166 208 Nos
1178 191 1240 209 vero
1252 182 1386 214 volumus,
1404 184 1524 218 inquam,
1543 187 1570 209 ut
1581 191 1629 217 pro
1640 184 1726 209 Attico

931 220 1011 245 etiam
1023 219 1209 254 respondeam.
1250 220 1297 246 IX.
1319 221 1351 246 Et
1363 225 1442 251 recte,
1456 221 1553 255 inquit,
1568 220 1724 254 respondes.

932 256 1066 282 Praeclare
1081 257 1153 282 enirn
1169 257 1319 291 explicatur
1330 258 1566 292 Peripateticorum
1582 263 1608 284 et
1623 258 1726 283 Acade-

931 295 1000 320 miae
1012 295 1110 320 veteris
1122 295 1318 320 auctoritas.—
1332 295 1597 329 Aristotelesprimus
1609 296 1723 329 species,

931 340 998 365 quas
1010 330 1100 365 paullo
1112 336 1171 357 ante
1184 332 1251 362 dixi,
1267 331 1448 358 labefactavit:
1462 341 1530 367 quas
1542 332 1654 358 mirifice
1665 332 1726 358 Pla-

931 373 956 394 to
972 373 1027 394 erat
1041 368 1222 402 amplexatus3
1242 374 1271 395 ut
1286 370 1313 395 in
1330 369 1373 395 his
1388 369 1518 404 quiddam
1530 370 1655 396 divinum
1667 378 1726 396 esse

931 406 1041 432 diceret.
1082 406 1282 440 Theophrastus
1293 411 1390 437 autem,
1405 408 1446 432 vir
1456 412 1480 432 et
1491 408 1608 433 oratione
1620 408 1722 438 suavis,

931 448 956 469 et
968 444 1002 469 ita
1014 448 1145 473 moratus,
1168 448 1197 469 ut
1207 452 1269 478 prae
1281 452 1309 469 se
1321 444 1479 478 probitatem
1491 444 1636 478 quamdam
1648 449 1673 470 et
1685 445 1727 470 in-

931 481 1096 515 genuitatem
1112 480 1203 511 ferret,
1224 481 1411 507 vehementius
1427 482 1505 507 etiam
1520 481 1597 516 fregit
1609 481 1726 516 quodam

931 517 1010 543 modo
1020 519 1202 544 auctoritatem
1214 519 1312 544 veteris
1323 518 1493 552 disciplinae.
1511 518 1642 553 Spoliavit
1653 520 1726 545 enim

932 556 1059 581 virtutem
1079 564 1128 581 suo
1147 555 1241 581 decore
1263 556 1481 591 imbecillamque
1504 556 1633 587 reddidit,
1654 556 1727 591 quod

932 593 1041 627 negavit
1052 593 1078 618 in
1091 601 1121 618 ea
1132 592 1187 618 sola
1199 593 1315 627 positum
1332 602 1390 619 esse
1401 609 1437 612 —
1452 593 1526 619 beate
1542 595 1643 619 vivere.
1684 595 1725 620 34.

933 630 999 655 Nam
1011 630 1110 660 Strato,
1127 631 1186 656 eius
1202 630 1319 659 auditor,
1337 639 1503 665 quamquam
1521 630 1570 657 suit
1584 632 1638 657 acri
1651 631 1727 666 inge-

933 667 990 698 nio,
1009 672 1097 693 tamen
1114 667 1147 693 ab
1162 676 1191 693 ea
1203 667 1348 702 disciplina
1358 669 1467 694 omnino
1479 668 1660 694 semovendus
1672 673 1724 695 est:

932 705 980 739 qui
994 713 1079 739 quum
1094 705 1211 731 maxime
1223 705 1401 731 necessariam
1413 710 1514 739 partem
1527 705 1724 740 philosophiae,

932 750 1001 776 quae
1018 743 1104 776 posita
1119 747 1159 768 est
1174 743 1202 768 in
1218 743 1316 768 virtute
1328 743 1391 768 etin
1404 743 1539 773 moribus,
1562 743 1726 777 reliquisset,

933 783 1071 813 totumque
1087 788 1116 805 se
1132 779 1165 805 ad
1181 780 1416 815 investigationem
1433 785 1541 806 naturae
1559 780 1725 806 contulisset.

932 817 959 842 in
971 825 1000 842 ea
1013 817 1071 851 ipsa
1082 816 1231 850 plurimum
1243 817 1357 842 dissedit
1368 826 1381 842 a
1393 818 1461 842 suis.
1497 817 1668 851 Speusippus
1682 826 1728 843 au-

932 858 985 879 tem
1005 859 1031 880 et
1046 854 1222 884 Xenocrates,
1245 855 1292 888 qui
1307 855 1388 888 primi
1402 854 1518 880 Platonis
1538 855 1664 881 rationem
1680 863 1729 880 au-

932 892 1135 926 ctoritatemque
1156 897 1343 925 susceperant.
1375 896 1401 917 et
1425 896 1484 925 post
1509 892 1555 918 hos
1578 892 1682 918 Polemo
1703 896 1729 917 et

932 928 1023 955 Crates
1039 937 1146 963 unaque
1162 928 1285 959 Crantor,
1304 930 1331 954 in
1344 928 1486 954 Academia
1503 930 1669 963 congregati,
1686 929 1728 954 di—

933 966 1046 1001 ligenter
1056 974 1095 997 ea,
1104 974 1172 1000 quae
1184 974 1197 991 a
1209 966 1394 1001 superioribus
1401 971 1565 1000 acceperant,
1575 967 1726 992 tuebantur.

932 1004 987 1029 Iam
998 1003 1169 1029 Polemonem
1181 1003 1340 1029 audiverant
1350 1004 1458 1029 assidue
1469 1004 1538 1029 Zeno
1550 1008 1573 1029 et
1585 1004 1727 1029 Arcesilas.

933 1042 974 1067 35.
996 1040 1048 1067 Sed
1060 1042 1129 1067 Zeno
1140 1049 1225 1075 quum
1237 1040 1384 1067 Arcesilam
1396 1042 1508 1067 anteiret
1523 1046 1619 1072 aetate,
1637 1040 1729 1066 valde-

932 1087 985 1113 que
997 1078 1132 1104 subtiliter
1142 1078 1287 1105 dissereret
1297 1083 1322 1105 et
1332 1083 1457 1113 peracute
1468 1083 1632 1104 moveretur:
1647 1079 1729 1104 corri-

933 1124 996 1151 gere
1007 1120 1118 1142 conatus
1129 1121 1168 1142 est
1179 1115 1363 1150 disciplinam.
1404 1116 1469 1142 Eam
1481 1124 1598 1150 quoque,
1614 1116 1637 1141 si
1654 1115 1730 1141 vide-

934 1158 986 1183 tur,
1000 1154 1190 1179 correctionem
1202 1153 1357 1188 explicabo,
1376 1154 1447 1179 sicut
1457 1153 1559 1179 solebat
1572 1153 1728 1179 Antiochus.

933 1190 1000 1216 Mihi
1012 1199 1083 1220 vero,
1097 1191 1218 1225 inquam,
1233 1190 1353 1221 videtur,
1370 1190 1442 1225 quod
1454 1190 1531 1216 vides
1543 1190 1614 1216 idem
1625 1190 1731 1226 signiti-

933 1236 992 1254 care
1004 1228 1192 1262 Pomponium.

989 1265 1024 1291 X.
1047 1265 1116 1292 Zeno
1132 1266 1214 1300 igitur
1228 1264 1303 1291 nullo
1317 1265 1395 1291 modo
1406 1265 1429 1290 is
1443 1269 1512 1296 erat,
1530 1265 1591 1299 qui,
1605 1270 1633 1291 ut
1644 1264 1732 1291 Theo-

934 1302 1075 1337 phrastus,
1095 1311 1191 1329 nervos
1208 1303 1316 1328 virtutis
1333 1302 1476 1328 incideret:
1499 1302 1546 1328 sed
1562 1307 1665 1330 contra,
1683 1303 1731 1336 qui

933 1341 1033 1371 omnia,
1047 1348 1115 1375 quae
1127 1339 1160 1365 ad
1172 1340 1276 1366 beatam
1289 1340 1370 1366 vitam
1384 1340 1555 1374 pertinerent,
1573 1340 1599 1365 in
1613 1348 1662 1365 una
1675 1340 1732 1365 vir—

935 1382 989 1404 tute
996 1382 1119 1412 poneret:
1133 1386 1181 1403 nec
1192 1377 1342 1412 quidquam
1355 1376 1428 1403 aliud
1441 1382 1592 1403 minteraret
1604 1377 1629 1402 in
1642 1377 1729 1406 bonis,

936 1415 1018 1450 idque
1029 1414 1175 1450 appellaret
1186 1415 1338 1445 honestum,
1351 1414 1423 1449 quod
1435 1419 1505 1440 esset
1516 1414 1633 1449 simplex
1644 1413 1732 1448 quod-

935 1452 1011 1483 dam,
1027 1458 1053 1479 et
1068 1452 1155 1478 solum
1171 1457 1196 1478 et
1212 1461 1296 1478 unum
1313 1452 1424 1478 bonum.
1465 1453 1505 1477 36.
1530 1452 1621 1478 Cetera
1642 1456 1732 1477 autem

935 1491 985 1516 etsi
996 1499 1045 1516 nec
1058 1490 1126 1516 bona
1139 1498 1187 1516 nec
1203 1489 1271 1515 mala
1286 1494 1388 1520 essent,
1410 1494 1496 1515 tamen
1514 1488 1565 1515 alia
1581 1488 1732 1515 secundum

936 1532 1057 1554 naturam
1078 1527 1198 1557 dicebat,
1225 1527 1275 1553 alia
1296 1532 1404 1553 naturae
1424 1535 1482 1552 esse
1504 1527 1644 1553 contraria.
1686 1526 1732 1552 llis

936 1565 1003 1600 ipsis
1015 1565 1066 1591 alia
1079 1565 1215 1591 interiecta
1227 1570 1252 1590 et
1264 1564 1350 1590 media
1364 1564 1530 1590 numerabat.
1557 1564 1630 1596 Quae
1643 1568 1731 1589 autem

935 1602 1085 1628 secundum
1102 1607 1224 1628 naturam
1240 1607 1342 1632 essent,
1366 1610 1395 1627 ea
1416 1601 1546 1627 sumenda
1568 1606 1592 1627 et
1616 1601 1732 1635 quadam

935 1640 1119 1666 aestimatione
1135 1639 1270 1675 dignanda
1285 1639 1409 1666 docebat:
1429 1643 1572 1673 contraque
1584 1639 1728 1664 contraria:

937 1682 1029 1703 neutra
1041 1682 1128 1704 autem
1142 1678 1169 1703 in
1181 1677 1279 1703 mediis
1294 1676 1475 1711 relinquebat:
1496 1677 1522 1702 in
1536 1676 1638 1710 quibus
1650 1684 1733 1710 pone—

937 1715 981 1741 bat
992 1714 1060 1741 nihil
1071 1715 1181 1741 omnino
1192 1723 1251 1740 esse
1262 1714 1401 1740 momenti.
1441 1714 1482 1739 37.
1502 1714 1553 1739 Sed
1565 1722 1633 1748 quae
1644 1717 1734 1739 essent

936 1752 1081 1782 sumenda,
1101 1753 1179 1778 exiis
1191 1752 1241 1778 aliu
1254 1751 1340 1786 pluris
1352 1759 1410 1777 esse
1423 1751 1600 1779 aestimanda,
1619 1751 1670 1777 alia
1682 1751 1732 1776 ιιιι-

937 1790 1018 1816 noris.
1059 1790 1132 1821 Quae
1144 1789 1242 1824 pluris,
1255 1798 1283 1815 ea
1296 1790 1445 1824 praeposita
1457 1788 1621 1823 appellabat:
1637 1789 1732 1814 reiecta

937 1832 1036 1857 autem,
1049 1836 1118 1862 quae
1131 1827 1252 1853 minoris.
1294 1827 1380 1861 Atque
1396 1831 1424 1852 ut
1436 1826 1499 1852 haee
1512 1834 1563 1852 non
1576 1831 1627 1852 tani
1641 1826 1731 1855 rebus,

937 1873 1018 1900 quam
1032 1864 1172 1891 vocabulis
1183 1869 1405 1891 commutaverat:
1423 1865 1461 1889 sic
1474 1865 1541 1889 iuter
1553 1868 1621 1889 recte
1635 1863 1733 1889 sactum

937 1907 1017 1937 atque
1033 1907 1186 1937 peccatum,
1204 1901 1324 1928 officium
1341 1907 1365 1927 et
1383 1906 1472 1927 contra
1488 1900 1622 1929 osticium,
1645 1900 1733 1926 media

938 1939 1041 1966 locabat
1051 1939 1198 1974 quaedam:
1217 1944 1287 1965 reete
1300 1939 1365 1965 faeta
1378 1938 1433 1964 sola
1446 1939 1471 1964 in
1487 1938 1564 1964 bonis
1581 1938 1732 1964 actionibus

936 1986 1052 2011 ponens,
1067 1986 1156 2012 prave,
1172 1977 1198 2003 id
1210 1982 1250 2003 est
1264 1981 1380 2011 peccata,
1395 1977 1421 2002 in
1434 1975 1526 2003 malis:
1545 1975 1632 2001 oslieia
1645 1980 1733 2001 autem

936 2019 962 2040 et
979 2019 1083 2040 servata
1103 2015 1345 2049 praetermissaque
1367 2013 1454 2039 media
1470 2013 1593 2048 putabat,
1621 2018 1647 2038 ut
1663 2012 1731 2038 dixi.

936 2053 975 2077 38.
994 2052 1139 2086 Quumque
1155 2052 1308 2086 superiores
1325 2060 1376 2077 non
1392 2059 1499 2077 omnem
1515 2051 1639 2076 virtutem
1654 2051 1679 2075 in
1693 2059 1734 2075 ra-

937 2089 1007 2114 tiono
1021 2097 1080 2114 esse
1094 2089 1227 2119 dicerent,
1249 2088 1297 2114 sed
1313 2088 1444 2123 quasdam
1461 2089 1573 2114 virtutes
1585 2092 1734 2113 antumant

938 2134 1009 2151 more
1022 2125 1165 2160 perfectas:
1182 2126 1225 2151 bie
1236 2134 1330 2151 omnes
1342 2126 1368 2151 in
1381 2126 1480 2151 ratione
1493 2125 1619 2159 ponebat,
1634 2133 1733 2158 quum-

937 2171 989 2197 que
1001 2162 1041 2188 illi
1053 2171 1082 2188 ea
1093 2171 1190 2198 genera
1203 2163 1346 2192 virtutum,
1363 2171 1432 2197 quae
1444 2171 1525 2196 supra
1537 2162 1608 2190 dixi,
1626 2162 1733 2195 seiungi

938 2208 1015 2234 posse
1031 2200 1236 2230 arbitrarentur,
1256 2200 1299 2225 bie
1315 2208 1363 2225 nec
1380 2199 1406 2225 id
1423 2199 1478 2225 ullo
1494 2199 1571 2225 modo
1589 2199 1644 2224 lieri
1657 2207 1734 2232 posse

937 2237 1100 2267 disserebat,
1124 2245 1172 2262 nec
1188 2237 1296 2262 virtutis
1318 2245 1397 2262 usum
1415 2236 1506 2266 modo,
1527 2242 1555 2262 ut
1570 2237 1732 2270 superiores,

937 2274 984 2300 scd
1000 2275 1089 2308 ipsunt
1103 2274 1225 2300 habitum
1238 2282 1284 2308 per
1295 2282 1322 2299 se
1334 2282 1392 2299 esse
1405 2273 1581 2307 praeclarum.
1591 2278 1733 2299 net-tamen

939 2311 1064 2337 virtutem
1082 2311 1209 2345 cuiquam
1227 2311 1333 2341 adesse,
1354 2311 1420 2345 quin
1437 2320 1465 2336 ea
1482 2320 1588 2345 semper
1605 2316 1732 2336 uteretur.

937 2348 1081 2383 Quumque
1103 2348 1330 2382 perturlnitionem
1351 2348 1434 2373 autimi
1452 2348 1491 2374 illi
1507 2357 1542 2374 ex
1558 2348 1665 2373 lmmine
1682 2356 1733 2373 nou

939 2385 1074 2415 tollerent,
1097 2390 1246 2420 naturaque
1261 2390 1285 2411 et
1301 2384 1488 2411 emnlolescere
1504 2390 1528 2411 et
1543 2386 1735 2418 concupiscere

938 2427 963 2449 et
983 2423 1157 2449 extimescere
1178 2428 1204 2449 et
1223 2422 1309 2448 efferri
1331 2422 1428 2448 laetitia
1449 2422 1582 2452 dicerent,
1608 2422 1655 2447 sed
1675 2430 1733 2447 eam

938 2460 1123 2486 contraherent
1138 2460 1165 2486 ιιι
1181 2465 1381 2494 angustumque
1398 2459 1573 2485 deducerent:
1593 2459 1635 2485 bie
1646 2460 1734 2485 οιιιιιι-

939 2497 989 2522 bus
1011 2497 1053 2523 his
1073 2498 1150 2532 quasi
1168 2498 1269 2523 morbis
1284 2497 1368 2522 voluit
1383 2505 1472 2522 carere
1489 2497 1649 2531 sapientem.
1691 2498 1731 2522 39.

937 2535 1082 2569 Quumque
1100 2543 1144 2560 eas
1166 2534 1378 2569 perturbatiotws
1399 2535 1502 2568 antiqui
1521 2533 1653 2560 naturales
1673 2543 1733 2560 esse

937 2571 1070 2602 dicerent,
1086 2576 1111 2598 et
1127 2572 1237 2598 rationis
1248 2576 1371 2605 expertes
1380 2591 1385 2600 ,
1408 2571 1514 2606 aliaque
1526 2572 1552 2597 ιιι
1565 2577 1637 2605 parte
1649 2572 1732 2597 animi

937 2608 1121 2643 cupiditatem,
1135 2608 1186 2635 alia
1199 2609 1326 2634 rationem
1339 2607 1506 2638 colim-arent,
1524 2617 1555 2634 ne
1568 2609 1610 2634 bis
1621 2608 1732 2643 ‹ptidem

938 2645 1144 2673 assentiebatur.
1176 2646 1241 2672 Nam
1253 2650 1278 2672 et
1289 2645 1503 2681 perturbationes
1515 2645 1679 2673 voluntarias
1690 2654 1733 2672 es-
