1941 3052
361 132 688 160 EPISTOLARUM

77 212 141 240 agas
149 224 155 234 ,
172 202 293 238 quidque
305 207 413 230 acturus
424 204 476 234 sis,
497 204 567 230 seire
577 205 724 239 possimus.
764 204 821 240 Ego
832 205 871 231 tui

75 241 151 268 Bruti
162 248 219 267 rem
230 240 269 266 sic
279 248 338 276 age,
352 245 382 267 ut
392 249 469 267 suam
479 241 538 276 ipse
550 250 602 268 non
613 246 712 277 ageret.
753 241 807 268 Sed
819 242 871 268 iam

75 277 192 305 exhibeo
202 277 349 312 pupillum,
364 286 452 313 neque
463 278 588 306 defendo.
628 279 696 306 Sunt
705 279 778 305 enim
790 287 873 314 nego-

458 316 564 342 Faciam
585 321 674 343 tamen
694 317 770 343 satis,
810 317 871 343 Tibi

727 353 781 381 Sed
801 358 871 380 certe

75 316 112 343 tia
133 319 158 342 et
175 314 258 346 lenta,
275 319 301 342 et
316 316 417 342 inania.

75 352 201 388 quidem,
223 353 267 378 cui
287 352 428 379 difficilius
448 358 497 384 est,
519 362 602 389 quam
623 354 686 389 ipsi.

75 389 240 416 satisfaciam
250 390 369 425 utrique.

127 459 194 481 XIX.
213 461 242 483 (ln
253 460 326 482 Cilicia,
336 461 395 482 Rufo,
404 461 496 480 Marcello
507 468 554 479 coss.
566 462 620 485 703.)

263 503 432 531 CICERO
461 504 630 532 ATTICO
660 505 688 532 S.

134 543 157 567 l.
179 536 366 577 obsignaram
377 543 431 568 iam
442 542 583 577 epistolam
594 551 667 573 eam,
680 551 762 577 quam
773 547 838 577 puto
847 546 873 569 te

76 578 156 606 modo
170 578 334 615 perlegisse,
352 580 481 614 scriptam
497 588 555 606 mea
567 588 663 610 manu,
680 580 707 606 in
718 588 772 614 qua
782 580 872 606 omnia

74 617 259 648 continentur,
276 625 362 651 quum
378 617 468 644 subito
482 617 563 651 Appii
581 616 737 644 tabellarius
752 625 776 643 a.
792 616 820 643 d.
831 624 870 643 xl.

75 653 136 680 Kal.
152 653 245 680 Octob.
268 654 383 688 septimo
398 654 606 690 quadragesimo
621 654 664 680 die
680 655 762 680 Roma
777 653 873 680 celeri-

74 696 116 718 ter
133 691 192 726 (hui
207 696 261 718 tam
276 691 380 727 longel)
400 691 469 718 mihi
480 697 540 718 tuas
552 691 652 718 litteras
663 691 791 718 reddidit.
831 691 873 717 Ex

75 728 178 763 quibus
198 737 251 755 non
267 728 374 759 dubito,
392 729 459 764 quin
475 733 504 755 tu
518 729 677 764 Pompeium
695 729 870 763 exspectaris,

75 766 142 792 dum
152 766 275 792 Arimino
288 765 400 797 rediret,
417 771 442 792 et
453 766 506 792 iam
517 767 545 792 in
556 767 669 801 Epirum
676 765 811 801 profectus
817 766 870 792 sis:

75 804 218 839 magisque
229 811 334 834 vereor,
348 807 377 829 ut
387 803 485 829 scribis
493 824 499 834 ,
512 812 545 829 ne
557 804 584 829 in
597 803 680 838 Epiro
690 803 823 830 sollicitus
834 803 872 829 sis

75 849 129 867 non
149 841 254 871 minus,
280 848 363 875 quam
384 849 432 866 nos
452 840 496 866 hic
516 849 624 867 sumus.
663 841 699 867 De
719 840 870 867 Attiliano*

75 878 184 905 nomine
199 878 297 912 scripsi
311 877 345 904 ad
359 877 544 909 Philotimum,
558 887 591 904 ne
602 877 750 913 appellaret
760 877 873 904 Messal-

74 914 138 942 lam.
163 917 188 942 2.
205 915 311 941 Itineris
322 915 406 942 nostri
420 914 519 941 famam
530 915 564 942 ad
575 920 600 942 te
610 916 767 950 pervenisse
780 915 870 946 laetor,

74 953 217 988 magisque
245 951 375 983 laetabor,
398 953 422 979 si
446 952 550 988 reliqua
571 953 705 989 cognoris.
747 952 871 979 Filiolam

73 994 148 1017 tuam
160 989 209 1016 tibi
220 989 274 1016 iam
285 989 383 1016 Romae
398 990 732 1026 iucundamessegaudeo;
745 999 870 1025 eamque,

73 1036 157 1062 quam
172 1035 322 1062 numquam
333 1027 405 1058 vidi,
418 1032 508 1054 tamen
519 1032 545 1054 et
555 1036 624 1059 amo,
638 1033 664 1055 et
674 1028 818 1054 amabilem
829 1036 873 1054 es-

72 1073 103 1091 se
113 1069 184 1091 certo
194 1065 260 1091 scio.
291 1065 378 1091 Etiam
390 1069 470 1100 atque
481 1066 561 1092 etiam
573 1065 669 1092 valete.
695 1067 721 1092 3.
736 1066 772 1092 De
782 1066 873 1092 Patro-

73 1110 107 1128 ne
122 1107 148 1129 et
158 1102 213 1128 tuis
223 1102 419 1137 condiscipulis
427 1123 433 1133 ,
450 1111 520 1138 quae
531 1103 564 1129 de
574 1103 716 1138 parietinis
736 1104 764 1130 in
775 1103 872 1129 militia

74 1139 208 1170 laboravi,
235 1147 265 1165 ea
281 1139 331 1166 tibi
346 1144 421 1175 grata
442 1148 502 1166 esse
521 1140 636 1176 gaudeo.
676 1140 753 1173 Quod
773 1140 872 1167 scribis

73 1176 175 1204 libente
186 1181 211 1204 te
222 1176 359 1212 repulsam
371 1177 467 1204 tulisse
477 1186 540 1204 eum
548 1198 554 1209 ,
568 1178 616 1213 qui
627 1186 690 1204 cum
701 1178 800 1205 sororis
812 1182 872 1204 tuae

72 1213 124 1241 filii
138 1218 233 1249 patruo
248 1219 371 1247 certaret,
399 1215 491 1250 magni
505 1216 604 1242 amoris
619 1216 740 1251 signum.
780 1216 872 1250 Itaque

72 1260 116 1278 me
127 1252 208 1278 etiam
221 1251 396 1283 admonuisti,
404 1257 434 1279 ut
444 1252 600 1288 gauderem.
612 1253 680 1279 Nam
686 1253 754 1280 mihi
762 1253 789 1280 in
795 1261 873 1279 men-

72 1294 127 1316 tem
152 1298 205 1316 non
230 1294 350 1316 venerat.
391 1290 448 1316 Non
473 1290 566 1322 credo,
593 1291 696 1326 inquis.
736 1291 770 1317 Ut
790 1290 869 1323 libet;

71 1326 120 1353 sed
140 1326 221 1361 plane
240 1326 359 1363 gaudeo:
392 1328 521 1362 quoniam
536 1328 566 1355 τὸ
578 1331 692 1363 νεμεσᾶν
704 1328 815 1355 interest
824 1330 871 1355 τοῦ

71 1366 196 1399 φθονεῖν,

125 1435 180 1457 XX.
195 1438 224 1460 (ln
235 1438 298 1455 castri·
309 1438 333 1456 nd
343 1438 479 1460 Pindenissum,
489 1439 547 1460 Rufe,
557 1440 650 1458 Marcello
660 1445 707 1457 coss.
715 1440 770 1460 703.)

259 1479 427 1507 CICERO
456 1480 624 1507 ATTICO
654 1481 682 1507 S.

130 1518 152 1542 t.
166 1511 360 1543 Saturnalibus
372 1526 450 1544 mane
461 1526 489 1545 se
502 1518 570 1544 mihi
582 1518 779 1545 Pindenissitae
793 1518 872 1545 dedi·

70 1553 178 1585 derunt,
191 1554 307 1588 septimo
317 1559 343 1581 et
353 1555 620 1591 quadragesimodie‚
634 1561 872 1591 postquamoppu-

70 1599 153 1626 gnare
163 1599 209 1617 eos
219 1592 369 1626 coepimus.
388 1592 439 1625 Qui
451 1592 563 1628 (malum
572 1593 590 1628 l)
601 1593 645 1620 isti
658 1592 872 1620 Pindenissitae?

70 1628 121 1663 qui
131 1627 213 1655 sunt?
234 1629 357 1664 inquies:
383 1638 481 1657 nomen
493 1630 587 1657 audivi
597 1639 757 1665 numquam.
798 1630 870 1663 Quid

70 1673 134 1701 ergo
152 1664 268 1692 faciam?
296 1675 361 1693 num
378 1668 453 1702 potui
467 1667 591 1695 Ciliciam
607 1668 738 1695 Aetoliam
757 1673 803 1695 aut
813 1669 870 1695 Ma-

70 1702 211 1729 cedoniam
227 1703 356 1730 reddere?
385 1705 439 1731 Hoc
454 1707 507 1731 iam
518 1706 558 1732 sic
570 1705 680 1737 habeto,
698 1714 747 1732 nec
761 1705 811 1732 hoc
822 1714 871 1732 ex—

70 1740 156 1766 ercitu
177 1740 222 1767 hic
240 1745 311 1768 tanta
327 1743 433 1778 negotia
443 1743 501 1778 geri
512 1744 644 1777 potuisse.
684 1743 758 1776 Quae
770 1752 870 1779 cogno·

70 1785 115 1803 sce
126 1780 152 1804 ἐν
163 1779 281 1814 ἐπιτομῇ.
322 1778 367 1806 Sic
378 1780 451 1806 enim
462 1780 588 1807 concedis
600 1780 669 1807 mihi
680 1781 813 1816 proximis
826 1780 870 1807 lit-

69 1815 145 1841 teris.
184 1815 324 1850 Ephesum
343 1821 374 1844 ut
389 1818 520 1849 venerim,
538 1819 621 1852 nosti3
648 1819 697 1853 qui
708 1819 789 1845 etiam
800 1818 869 1844 mihi

69 1851 220 1888 gratulatus
240 1861 269 1880 es
288 1853 364 1880 illius
379 1854 434 1882 diei
449 1854 645 1886 celebritatem,
668 1864 721 1890 qua
740 1855 809 1882 nihil
826 1864 869 1881 me

69 1897 202 1924 umquam
225 1890 370 1918 delectavit
390 1893 487 1928 magis.
527 1892 592 1919 Inde
610 1893 720 1928 oppidis
740 1893 789 1924 iis,
815 1901 868 1928 qua

69 1927 169 1958 ieram,
192 1928 354 1956 mirabiliter
378 1930 494 1964 accepti,
516 1930 676 1956 Laodiceam
697 1930 786 1965 pridie
808 1930 867 1957 Kal.

70 1963 146 1991 Sext.
173 1965 311 1992 venimus.
351 1965 392 1992 lbi
421 1967 516 1993 morati
542 1967 673 1998 biduum,
699 1967 869 2002 perillustres

70 2000 184 2033 fuimus,
201 2001 411 2037 honorificisque
425 2003 517 2030 verbis
527 2012 621 2032 omnes
635 2005 749 2031 iniurias
760 2004 870 2031 revelli-

70 2047 132 2065 mus
143 2039 306 2074 superiores.
346 2040 424 2072 Quod
440 2041 512 2067 idem
527 2041 590 2068 dein
601 2042 735 2076 Apameae
745 2043 868 2078 quinque

69 2076 129 2103 dies
145 2077 250 2108 morati,
263 2081 289 2103 et
297 2076 432 2113 Synnadis
443 2078 573 2109 triduum.
591 2079 734 2106 Philomeli
745 2079 868 2114 quinque

69 2113 138 2145 dies,
156 2114 239 2140 Iconii
254 2113 358 2146 decem,
376 2114 499 2142 fecimus.
545 2116 620 2142 Nihil
636 2124 666 2143 ea
681 2116 868 2144 iurisdictione

69 2151 252 2186 aequabilius,
266 2151 334 2178 nihil
348 2151 523 2184 lenius,nihil
534 2154 656 2189 gravius.
675 2153 773 2181 2.1nde
785 2154 811 2180 in
823 2162 869 2180 ca-

69 2193 123 2215 stra
137 2189 198 2215 veni
209 2197 234 2215 a.
247 2188 274 2215 ‹l.
287 2197 334 2216 vn.
347 2189 406 2216 Kal.
419 2189 572 2225 Septemb,
591 2199 615 2217 a.
627 2191 654 2218 d.
668 2200 706 2218 in.
717 2191 867 2218 exercitum

70 2224 184 2252 lustravi
195 2226 268 2261 apud
279 2227 410 2254 Iconium.
426 2227 466 2254 Ex
478 2227 630 2259 hiscastris,
639 2229 869 2265 quumgravesde

68 2263 175 2290 Parthis
196 2264 284 2290 nuntii
299 2265 431 2296 venirent,
447 2266 554 2300 perrexi
569 2266 596 2292 in
607 2265 730 2293 Ciliciam
740 2275 789 2302 per
798 2266 869 2302 Cap-

68 2300 197 2335 padociae
208 2306 310 2336 partem
321 2310 390 2333 eam,
398 2311 468 2337 quae
478 2302 601 2329 Ciliciam
613 2304 729 2340 attingit,
737 2312 768 2330 eo
778 2305 868 2331 consi-

70 2337 116 2369 lio,
138 2342 169 2365 ut
187 2338 332 2366 Armenius
347 2339 509 2366 Artavasdes
520 2344 546 2367 et
557 2341 610 2375 ipsi
625 2341 716 2368 Parthi
727 2341 868 2376 Cappado-

69 2375 111 2402 cia
126 2383 156 2402 se
171 2375 280 2402 excludi
290 2381 425 2412 putarent.
466 2377 555 2410 Quum
567 2377 626 2404 dies
637 2379 759 2414 quinque
770 2378 803 2405 ad
815 2379 868 2414 Cy-

68 2412 154 2440 bistra
174 2412 360 2448 Cappadociae
385 2419 470 2441 castra
496 2415 667 2447 habuissem,
690 2417 787 2442 certior
805 2424 867 2442 sum

69 2448 166 2481 factus,
182 2450 294 2478 Parthos
309 2451 342 2478 ab
355 2451 401 2478 illo
412 2452 486 2479 aditu
498 2452 683 2488 Cappadociae
700 2452 777 2488 longe
788 2452 868 2479 abes-

69 2495 108 2518 se,
131 2486 242 2514 Ciliciae
259 2489 347 2525 magis
364 2490 515 2516 imminere.
557 2491 649 2525 ltaque
663 2490 805 2517 confestim
818 2491 867 2517 iter

69 2524 98 2551 in
109 2523 232 2551 Ciliciam
246 2524 298 2552 feci
309 2534 357 2562 per
368 2527 448 2554 Tauri
459 2527 547 2563 pylas.
569 2528 594 2554 3.
607 2527 718 2554 Tarsum
732 2527 794 2554 veni
805 2527 865 2554 a.d.

69 2569 109 2588 111.
126 2561 194 2588 Non.
211 2561 305 2590 Octob.
345 2564 410 2591 Inde
420 2564 453 2591 ad
465 2565 598 2591 Amanum
610 2564 744 2595 contendi,
757 2565 805 2600 qui
816 2565 867 2601 Sy-

68 2598 137 2625 riam
162 2607 176 2625 a
196 2598 290 2626 Cilicia
311 2601 365 2628 ima
386 2610 518 2637 aquarum
538 2601 654 2629 divortio
673 2601 785 2635 dividit3
818 2603 866 2638 qui

69 2643 147 2663 mons
157 2641 214 2663 erat
225 2636 342 2664 hostium
354 2638 452 2674 plenus
463 2640 700 2674 sempiternorum.
740 2639 789 2666 llic
799 2648 823 2666 a.
836 2639 864 2666 d.

69 2680 109 2700 111.
130 2672 194 2701 {dus
217 2673 312 2703 octob.
329 2684 459 2713 magnum
475 2685 618 2705 numerum
635 2677 753 2705 hostium
763 2677 866 2704 occidi-

717 133 770 160 AD
798 132 1002 160 ATTICUM
1033 133 1305 160 LIB.V.EP.16
1325 148 1361 153 --
1383 135 1423 160 ΞΟ.

1665 137 1714 161 855

923 213 994 231 mus.
1035 204 1148 231 Castella
1165 205 1357 235 munitissima,
1371 210 1500 231 nocturno
1510 205 1657 239 Pomptinii
1669 205 1716 231 3ιί-

924 247 1015 272 ventu,
1034 247 1124 269 nostro
1139 243 1278 273 matutino,
1295 243 1427 277 cepimus,
1441 242 1622 268 incendimus.
1664 243 1716 268 lni-

923 284 1056 313 peratores
1068 279 1195 314 appellati
1205 288 1311 306 sumus.
1333 279 1422 306 Castra
1439 288 1537 314 paucos
1548 279 1606 306 dies
1619 279 1717 306 habui-

923 325 994 347 muS,
1015 325 1045 343 ea
1060 317 1133 351 ipsa,
1150 325 1219 352 quae
1229 322 1319 343 contra
1331 317 1439 343 Darium
1451 317 1582 343 habuerat
1594 317 1667 352 apud
1678 318 1718 343 Is-

923 362 984 379 sum
999 353 1159 385 Alexander,
1177 355 1322 388 imperator
1332 354 1405 381 haud
1416 353 1507 389 paullo
1518 354 1621 385 melior,
1634 363 1717 389 quam

923 396 969 417 aut
985 396 1022 421 tu,
1040 396 1086 417 aut
1100 400 1159 427 ego.
1199 391 1239 418 lbi
1255 391 1314 418 dies
1325 392 1447 426 quinque
1458 392 1562 422 morati,
1576 391 1681 427 direpto
1692 397 1719 418 et

924 433 1025 454 vastato
1045 428 1155 459 Amano,
1179 428 1243 455 inde
1262 428 1450 456 discessimus.
1490 429 1550 456 Scis
1570 430 1643 456 enim
1663 429 1717 456 dici

924 465 1057 500 quaedam
1070 465 1175 497 πανικοὶ,
1187 465 1241 492 dici
1254 467 1315 493 item
1329 467 1360 492 τὰ
1370 467 1432 493 κενὰ
1442 469 1489 493 τοῦ
1500 468 1623 501 πολέμου,
1664 467 1718 493 Ru-

924 511 997 528 more
1017 503 1150 530 adventus
1165 504 1258 533 nostri,
1276 508 1302 530 et
1312 503 1413 534 Cassio,
1431 504 1479 538 qui
1490 504 1632 531 Antiochia
1644 509 1719 530 tene-

924 540 1013 571 batur,
1030 541 1138 567 animus
1154 541 1274 571 accessit,
1289 545 1315 567 et
1329 541 1435 567 Parthis
1447 542 1526 568 timor
1537 542 1652 568 iniectus
1667 546 1715 568 est.

924 578 1016 612 ltaque
1036 585 1095 609 eos,
1117 577 1242 604 cedentes
1260 578 1294 604 ab
1309 578 1417 613 oppido,
1441 578 1550 606 Cassius
1567 580 1716 609 insecutus,

925 623 980 640 rem
1005 614 1074 641 bene
1094 616 1188 650 gessit.
1229 614 1286 647 Qua
1306 616 1334 642 in
1354 615 1432 651 fuga,
1451 625 1547 651 magna
1563 617 1718 643 auctoritate

924 652 1031 683 Osaces,
1048 652 1105 678 dux
1115 652 1283 684 Parthorum,
1303 652 1404 679 vulnus
1415 654 1526 688 accepit,
1540 662 1624 688 eoque
1637 655 1719 680 inter-

924 690 955 715 iit
974 690 1069 724 paucis
1089 695 1149 724 post
1162 690 1269 717 diebus.
1318 691 1381 717 Erat
1395 691 1422 717 in
1441 690 1517 726 Syria
1534 696 1654 717 nostrum
1671 700 1719 717 no·

923 735 985 752 men
998 727 1025 753 in
1035 728 1130 761 gratia.
1171 728 1195 753 4.
1218 728 1297 754 Venit
1308 728 1414 754 interim
1425 728 1549 755 Bibulus.
1575 728 1660 755 Credo
1672 736 1719 754 vo-

924 763 975 790 luit
988 764 1166 798 appellatione
1182 764 1231 791 hac
1242 765 1315 791 inani
1327 765 1405 791 nobis
1416 774 1475 791 esse
1487 774 1543 799 par.
1584 766 1613 792 In
1624 765 1718 792 eodem

923 801 1026 827 Amano
1045 802 1134 836 coepit
1153 801 1298 828 laureolam
1315 803 1343 828 in
1358 807 1494 829 mustaceo
1507 811 1646 837 quaerere.
1686 804 1720 829 At

923 838 970 865 ille
990 838 1126 865 cohortem
1146 839 1262 873 primam
1282 844 1362 866 totam
1383 839 1501 874 perdidit
1520 841 1719 866 centurionem-

923 884 976 911 que
996 876 1139 910 primipili,
1157 876 1276 903 nobilem
1292 877 1336 902 sui
1350 877 1467 912 generis,
1483 878 1609 904 Asinium
1623 878 1719 904 Dento-

923 921 994 943 nem.
1016 918 1042 940 et
1052 913 1170 948 reliquos
1181 913 1298 940 cohortis
1309 914 1441 945 eiusdem,
1459 920 1485 942 et
1495 915 1558 941 Sex.
1572 914 1717 946 Lucilium,

923 951 954 977 T.
976 951 1056 977 Gavii
1073 951 1225 986 Caepionis,
1244 951 1385 986 locupletis
1400 956 1426 978 et
1440 952 1578 987 splendidi
1590 952 1717 982 hominis,

924 988 1025 1019 filium,
1048 989 1188 1015 tribunum
1213 989 1342 1015 militum.
1382 989 1451 1016 Sane
1470 989 1578 1025 plagam
1598 990 1719 1016 odiosam

923 1031 1062 1061 acceperat
1081 1035 1165 1061 quum
1182 1034 1220 1057 re,
1237 1031 1294 1053 tum
1306 1031 1434 1061 tempore.
1465 1029 1490 1054 5.
1513 1028 1566 1054 Nos
1577 1027 1720 1054 Pindenis-

923 1072 994 1094 sum,
1007 1063 1080 1098 quod
1095 1063 1226 1098 oppidum
1237 1065 1453 1090 munitissimum
1464 1064 1719 1092 Eleutherocilicum

923 1102 1045 1128 omnium
1057 1102 1183 1127 memoria
1197 1102 1223 1127 in
1235 1102 1316 1127 armis
1329 1101 1388 1132 fuit,
1397 1101 1456 1136 (feri
1468 1103 1592 1129 homines
1604 1108 1718 1133 etacreS,

923 1143 950 1165 et
963 1139 1091 1165 omnibus
1106 1139 1188 1165 rebus
1203 1138 1236 1165 ad
1251 1138 1452 1165 defendendum
1467 1140 1572 1175 parati,)
1583 1141 1720 1166 cinximus

924 1176 994 1203 vallo
1014 1181 1039 1203 et
1060 1176 1144 1203 fossa:
1171 1185 1269 1212 aggere
1284 1177 1412 1207 maximo,
1426 1178 1523 1208 vineis,
1536 1183 1608 1204 turre
1620 1177 1720 1204 altissi-

924 1223 976 1245 ma,
999 1222 1096 1249 magna
1116 1219 1308 1240 tormentorum
1329 1215 1423 1249 copia,
1446 1215 1539 1241 multis
1562 1215 1718 1251 sagittariis,

924 1260 1021 1287 magno
1032 1251 1135 1282 labore,
1158 1257 1301 1286 apparatu,
1324 1251 1418 1278 multis
1433 1253 1534 1279 sauciis
1547 1254 1659 1283 nostris,
1679 1253 1720 1278 in—

923 1289 1023 1316 columi
1043 1289 1172 1319 exercitu,
1190 1290 1328 1324 negotium
1339 1288 1515 1317 confecimus.
1555 1290 1644 1316 Hilara
1655 1298 1720 1316 sane

923 1326 1085 1353 Saturnalia.
1125 1326 1259 1353 Militibus
1279 1335 1397 1362 quoque,
1415 1328 1494 1362 equis
1509 1328 1639 1362 exceptis,
1657 1327 1720 1353 reli-

923 1372 1003 1399 quam
1016 1363 1143 1401 praedam
1154 1364 1348 1392 concessimus.
1388 1364 1521 1401 Mancipia
1535 1365 1662 1393 venibant
1672 1364 1720 1392 Sa-

923 1404 1077 1431 turnalibus
1098 1405 1193 1430 tertiis
1233 1404 1322 1436 Quum
1339 1403 1404 1430 haec
1415 1405 1577 1435 scribebam,
1595 1405 1622 1430 in
1634 1404 1720 1431 tribu-

923 1441 978 1468 nali
989 1451 1031 1468 res
1042 1447 1098 1468 erat
1108 1441 1142 1468 ad
1153 1441 1216 1467 H-S
1228 1449 1293 1468 cxx.
1329 1442 1395 1468 Hinc
1407 1443 1555 1469 exercitum
1568 1443 1594 1468 in
1608 1441 1719 1468 hiberna

922 1481 980 1515 agri
1000 1479 1070 1506 male
1090 1479 1177 1514 pacati
1197 1478 1387 1505 deducendum
1403 1479 1502 1512 Quinto
1520 1479 1593 1505 fratri
1610 1479 1718 1505 dabam.

922 1518 982 1552 lpse
1008 1526 1051 1544 me
1071 1516 1229 1543 Laodiceam
1250 1517 1424 1551 recipiebam.
1473 1519 1499 1543 6.
1531 1517 1599 1543 llaec
1619 1516 1718 1542 adhuc.

923 1555 976 1582 Sed
997 1555 1030 1581 ad
1051 1554 1193 1590 praeterita
1214 1559 1390 1581 revertamur.
1439 1554 1517 1587 Quod
1537 1563 1580 1581 me
1601 1555 1720 1580 maxime

923 1593 1046 1623 hortaris,
1069 1596 1095 1618 et
1108 1591 1181 1626 quod
1196 1591 1282 1626 pluris
1294 1596 1343 1622 est,
1356 1600 1438 1627 quam
1449 1593 1552 1623 omni-33
1577 1592 1604 1618 in
1616 1600 1670 1626 quo
1682 1591 1720 1617 la-

923 1630 1010 1661 boras,
1028 1635 1058 1657 ut
1072 1630 1152 1656 etiam
1169 1629 1299 1664 Ligurino
1313 1629 1394 1664 μώμῳ
1405 1629 1582 1656 satisfaciam:
1610 1629 1718 1658 moriar,

922 1669 946 1694 si
966 1667 1118 1702 quidquam
1139 1666 1196 1692 fieri
1218 1671 1303 1701 potest
1325 1667 1486 1703 elegantius.
1527 1668 1580 1693 Nec
1602 1667 1654 1692 iam
1670 1674 1720 1701 ego

923 1705 991 1731 hanc
1011 1705 1203 1732 continentiam
1220 1704 1335 1739 appello,
1352 1713 1421 1739 quae
1436 1705 1522 1731 virtus
1535 1703 1665 1739 voluptati
1678 1712 1720 1729 re-

921 1744 1017 1769 sistere
1033 1742 1149 1769 videtur.
1190 1742 1246 1777 Ego
1262 1743 1289 1768 in
1305 1743 1358 1768 vita
1370 1750 1429 1768 mea
1441 1742 1513 1768 nulla
1530 1750 1659 1776 uinquam
1673 1749 1719 1767 vo-

922 1779 1024 1815 luptate
1044 1785 1115 1806 tanta
1131 1787 1192 1805 sum
1208 1779 1332 1810 affectus,
1355 1784 1454 1814 quanta
1469 1779 1572 1805 afficior
1589 1779 1638 1805 bac
1651 1779 1719 1804 inte-

920 1818 1027 1854 gritate.
1068 1818 1123 1843 Nec
1138 1825 1180 1843 me
1196 1821 1249 1843 tam
1265 1816 1348 1847 fama,
1366 1826 1436 1852 quae
1447 1826 1553 1843 summa
1566 1821 1618 1846 est,
1636 1824 1718 1851 quam

921 1863 963 1882 res
976 1856 1044 1890 ipsa,
1056 1854 1180 1881 delectat.
1220 1854 1292 1886 Quid
1304 1854 1430 1889 quaeris?
1445 1854 1496 1881 fuit
1508 1855 1586 1881 tanti:
1606 1862 1648 1880 me
1661 1854 1719 1888 ipse

921 1901 973 1919 non
990 1901 1081 1919 noram
1097 1901 1145 1918 nec
1161 1892 1226 1918 satis
1237 1891 1371 1923 sciebam,
1391 1892 1457 1926 quid
1471 1893 1497 1918 in
1511 1892 1559 1918 boc
1570 1899 1668 1927 genere
1681 1890 1719 1916 fa-

920 1939 979 1956 cere
991 1938 1112 1965 possem;
1127 1934 1197 1956 recte
1208 1931 1386 1964 πεφυσὶωμαι.
1407 1929 1480 1956 Nihil
1493 1934 1531 1956 est
1544 1928 1717 1964 praeclarius.

919 1968 1029 1994 Interim
1041 1967 1106 1994 haec
1116 1966 1233 2003 λαμπρά.
1273 1967 1467 1993 Ariobarzanes
1477 1976 1557 2001 opera
1570 1975 1628 1992 inea
1639 1966 1717 1993 vivit.

920 2009 1022 2040 regnat.
1037 2004 1078 2032 ’Eu
1089 2004 1206 2041 παρόδῳ,
1218 2004 1332 2031 consilio
1342 2010 1369 2032 ct
1378 2005 1533 2031 auctoritate
1544 2009 1578 2032 ct.
1592 2003 1664 2039 quod
1678 2004 1718 2029 in-

920 2042 1096 2069 sidiatoribus
1107 2043 1167 2069 eius
1177 2042 1322 2077 ἀπρόσιτον
1333 2050 1384 2073 me,
1398 2051 1449 2069 non
1462 2042 1541 2068 modo
1553 2040 1715 2075 ἀδωροδόκη-

919 2090 964 2106 τον
979 2080 1105 2114 praebui,
1129 2088 1220 2113 regem
1241 2088 1410 2114 regnumque
1430 2080 1548 2105 servavi.
1590 2079 1688 2104 interea
1705 2087 1718 2102 ι·

919 2117 1088 2151 Cappadocia
1100 2125 1132 2143 ne
1144 2117 1230 2151 pilum
1242 2116 1364 2151 quidem.
1398 2117 1486 2151 Atque
1498 2117 1577 2142 eliani
1589 2124 1668 2150 spero
1680 2121 1718 2141 to-

920 2159 945 2180 to
960 2162 1031 2181 anno
1045 2155 1152 2189 imperii
1168 2154 1251 2180 nostri
1268 2154 1418 2180 teruncium
1431 2159 1557 2188 sumptus
1569 2154 1595 2179 iu
1608 2162 1668 2187 prox
1678 2153 1717 2177 in-

919 2192 960 2217 cia
972 2190 1077 2217 nullum
1091 2191 1156 2217 fore.
1196 2191 1318 2225 (Brutum
1329 2191 1474 2220 abiectum,
1488 2196 1619 2225 qiuintnni
1632 2195 1715 2224 potui,

919 2229 1049 2255 excitavi:
1063 2237 1145 2263 quem
1159 2236 1211 2254 non
1224 2229 1314 2254 minus
1325 2237 1485 2263 aino,quam
1496 2233 1537 2257 tu;
1553 2236 1636 2262 paene
1647 2227 1715 2252 dixi.

919 2275 1002 2301 quam
1019 2266 1065 2300 ve.)
1091 2267 1117 2291 7.
1139 2265 1226 2291 llabes
1245 2267 1346 2292 omnia.
1388 2266 1464 2291 Nunc
1486 2265 1595 2300 publice
1618 2264 1717 2290 litteras

919 2304 1029 2330 Romam
1043 2303 1146 2329 mittere
1158 2302 1296 2337 parabam.
1337 2302 1479 2329 Uberiores
1490 2308 1581 2331 erunt,
1599 2309 1680 2336 quam
1693 2301 1716 2326 si

919 2349 952 2367 ex
964 2341 1066 2367 Amano
1080 2341 1227 2366 misissem.
1267 2340 1300 2366 At
1316 2346 1339 2366 to
1352 2340 1448 2366 Romae
1464 2348 1515 2365 non
1529 2339 1595 2364 fora!
1613 2338 1665 2364 Sed
1677 2343 1715 2364 est

920 2383 1019 2409 totum,
1035 2377 1108 2412 quod
1126 2377 1184 2403 Kal.
1202 2378 1277 2403 Mart.
1296 2377 1416 2403 futurum
1432 2382 1482 2403 cst.
1524 2377 1620 2401 Vereor
1631 2376 1714 2404 euim,

919 2424 960 2445 nc,
974 2423 1060 2450 quum
1074 2414 1108 2441 de
1120 2415 1258 2449 provincia
1270 2420 1377 2449 agetur,
1393 2415 1417 2440 si
1429 2415 1525 2440 Caesar
1536 2414 1654 2441 resistet,
1669 2421 1716 2438 nos

919 2453 1092 2479 retineamur.
1119 2453 1165 2478 llis
1177 2457 1204 2478 tu
1216 2452 1239 2478 si
1251 2451 1368 2481 adesses,
1383 2451 1450 2477 niliil
1464 2452 1595 2477 timerem.
1623 2452 1647 2476 8.
1666 2450 1716 2476 Re·-

917 2490 967 2516 deo
979 2489 1011 2516 ad
1024 2490 1139 2516 urbana:
1153 2498 1221 2524 quae
1235 2498 1285 2525 ego
1295 2489 1342 2515 diu
1356 2490 1481 2525 ignorans
1490 2509 1496 2517 ,
1509 2497 1542 2514 ex
1553 2488 1607 2514 tuis
1619 2488 1710 2513 incuu-

917 2527 1040 2553 dissimis
1057 2527 1165 2557 litteris.
1183 2536 1207 2553 a.
1224 2526 1252 2553 (l.
1271 2535 1296 2553 v.
1313 2526 1370 2553 Kal.
1385 2527 1438 2552 lan.
1455 2526 1573 2560 (lenique
1589 2526 1713 2560 cognmi.

918 2565 968 2591 Eas
979 2564 1189 2600 diligentissime
1201 2563 1370 2599 Philogenes,
1386 2563 1497 2589 libertus
1510 2568 1580 2593 tuus,
1598 2563 1712 2589 curavit.

917 2601 1044 2637 perlonga
1056 2606 1082 2628 et
1092 2610 1144 2628 non
1155 2602 1220 2627 satis
1232 2607 1286 2628 tuta
1299 2603 1351 2632 via,
1366 2600 1546 2636 perferendas.
1568 2600 1635 2626 Nam
1646 2608 1715 2635 qiias

918 2640 1008 2666 Laenii
1022 2640 1113 2674 pueris
1124 2639 1223 2665 scribis
1234 2639 1319 2668 datas,
1333 2647 1385 2665 non
1397 2646 1562 2673 acceperam.
1595 2636 1714 2664 lucunde

915 2677 950 2703 do
960 2676 1086 2708 Caesare,
1103 2682 1130 2705 et
1143 2685 1213 2713 quae
1223 2681 1333 2704 senatus
1343 2676 1476 2705 decrevit.
1495 2681 1520 2703 et
1530 2683 1600 2711 quac
1612 2680 1639 2702 tu
1651 2682 1713 2710 spe-
