1941 3052
404 147 450 172 IN
482 147 683 173 VERREM
715 146 814 173 ACT.
848 147 990 173 II.LIB.
1024 148 1055 173 Π.
1091 147 1187 174 CAP.
1223 149 1372 175 43—50.

67 222 128 244 sent
142 217 225 244 multa
238 217 379 252 praeclara,
396 222 422 243 et
436 221 463 243 tu
478 218 566 243 omnia
580 217 773 252 concupisses‘?
803 218 860 243 ⁴¹4.

68 256 188 289 Denique
202 263 273 281 nunc
288 254 357 285 vide,
373 254 439 289 quid
454 255 522 281 inter
537 260 569 285 te,
585 256 663 281 cuins
675 256 780 281 nomine
791 254 862 289 apud

69 292 173 319 Siculos
191 292 249 318 dies
268 291 329 318 sesti
347 292 481 327 agitantur
502 297 527 318 et
550 292 682 327 praeclara
704 292 749 318 illa
768 292 862 318 Verrea

69 330 245 360 celebrantur,
257 330 300 356 cui
311 334 414 355 statuae
423 330 521 356 Romae
531 334 601 355 stant
611 330 753 359 inauratae,
766 338 780 354 a
790 338 863 355 com-

70 368 144 393 muni
163 367 282 398 Siciliae,
302 367 529 401 quemadmodum
549 367 708 401 inscriptum
727 366 860 396 videmus,

69 405 159 431 datae:
176 404 246 435 vide,
261 405 382 438 inquam⁷
402 404 470 438 quid
483 404 552 430 inter
566 409 590 430 te
608 409 633 430 et
648 404 719 430 hunc
729 403 860 434 Siculum,

68 442 115 477 qui
129 442 176 468 abs
191 446 216 468 te
229 445 270 467 est
283 446 392 476 patrono
407 441 513 468 Siciliae
527 441 731 471 condemnatus,
748 441 862 466 intersit.

69 480 145 506 Hunc
162 479 284 505 civitates
306 488 339 505 ex
358 479 449 505 Sicilia
471 479 619 514 permultae
642 479 793 505 testimonio
815 486 865 504 suo

70 516 303 552 legationibusque
316 516 350 542 ob
364 525 422 542 eam
437 525 492 542 rem
508 517 598 542 missis
613 516 721 550 publice
741 515 862 541 laudant:

69 559 94 580 te
107 555 228 580 omnium
240 553 390 580 Siculorum
406 558 547 588 patronum
561 562 613 579 una
628 553 783 578 Mamertina
798 553 865 578 civi—

69 596 121 622 tas,
146 592 215 617 socia
235 591 366 618 furtorum
385 599 414 617 ac
431 590 591 626 flagitiorum
610 595 731 620 tuorum,
757 588 864 624 publice

70 628 172 655 laudat:
189 630 224 655 ita
239 634 336 660 tamen,
352 637 420 655 novo
433 637 514 658 more.
531 632 561 654 ut
573 627 650 663 legati
662 627 776 656 laedant,
794 626 865 661 lega-
884 630 886 655 l

69 667 105 692 tio
120 666 222 692 laudet:
250 671 351 692 ceterae
368 665 478 700 quidem
498 665 620 691 civitates
634 664 742 699 publice
757 664 861 694 litteris,
884 661 886 691 J

70 703 260 739 legationibus,
286 703 445 729 testimoniis
467 706 604 733 accusant,
632 706 794 736 queruntur⁷
824 709 865 726 ar—
884 707 886 737 J

67 745 169 776 guunt:
197 741 220 766 si
235 745 263 766 tu
277 740 417 766 absolutus
431 740 482 769 sis,
502 739 624 765 funditus
642 747 749 765 eversas
763 747 791 764 se
805 746 864 763 esse

69 778 240 805 arbitrantur.
262 778 365 804 XLVII.
383 778 439 803 115.
455 777 508 803 Hoc
522 776 555 803 de
569 777 676 803 homine
691 784 721 802 ac
734 775 766 801 de
782 775 864 801 huius

69 816 155 847 bonis=
172 816 251 841 etiam
265 815 292 841 in
306 815 421 850 Erycino
435 819 524 840 monte
538 818 742 840 monumentum
758 818 863 839 tuorum

68 853 228 888 flagitiorum
246 851 466 886 crudelitatisque
484 852 611 886 posuisti3
640 852 667 877 in
690 859 744 886 quo
762 850 864 876 Sthenii

68 890 232 916 Thermitani
251 898 348 916 nomen
366 890 513 923 ascriptum
536 893 584 915 est.
626 888 686 915 Vidi
709 892 864 923 argenteum

67 927 229 962 Cupidinem
247 935 309 953 cum
330 926 461 961 lampade.
502 925 573 958 Quid
592 926 699 952 tandem
714 925 808 951 habuit
822 934 865 950 ar-

67 965 188 1001 gumenti
207 969 253 990 aut
271 965 380 990 rationis
399 972 454 994 reS‚
475 963 649 998 quamobrem
668 963 695 989 in
711 971 741 989 eo
755 962 865 997 potissi-

67 1011 142 1029 mum
157 1001 332 1028 Sthenianum
348 1002 497 1036 praemium
517 1000 677 1035 poneretur?
702 1001 796 1027 Utrum
816 1000 865 1026 hoc

66 1040 175 1075 signum
189 1039 344 1074 cupiditatis
359 1043 431 1070 tuae,
452 1047 485 1065 an
504 1043 641 1073 tropaeum
657 1037 864 1064 necessitudinis

66 1082 146 1112 atque
160 1077 279 1111 hospitii,
296 1085 328 1103 an
342 1076 439 1102 amoris
454 1076 585 1102 indicium
599 1084 659 1102 esse
674 1074 801 1101 voluisti?
816 1075 865 1100 Fa-

66 1115 141 1141 ciunt
154 1114 204 1140 hoc
218 1114 354 1145 homines,
374 1122 443 1148 quos
458 1114 485 1140 in
499 1122 606 1140 summa
621 1113 740 1148 nequitia
756 1121 806 1139 non
821 1120 865 1138 so-

67 1152 123 1178 lum
139 1151 222 1178 libido
235 1156 261 1177 et
274 1151 407 1186 voluptas,
424 1160 518 1177 verum
533 1151 613 1177 etiam
628 1151 715 1185 ipsius
730 1150 864 1185 nequitiae

67 1189 135 1216 sama
150 1189 270 1219 delectat,
286 1193 315 1215 ut
330 1189 422 1215 multis
436 1189 463 1215 in
480 1188 544 1215 locis
559 1193 633 1215 notas
643 1197 673 1214 ac
685 1188 796 1223 vestigia
807 1195 866 1213 sce-

67 1227 152 1253 lerum
167 1235 277 1253 suorum
292 1226 410 1261 relinqui
429 1226 521 1252 velint.
564 1228 610 1252 116
642 1225 758 1252 Ardebat
777 1233 864 1251 amore

66 1264 140 1290 illius
159 1264 293 1299 hospitae,
314 1269 420 1299 propter
438 1272 520 1298 quam
539 1263 647 1298 hospitii
667 1264 724 1289 iura
743 1262 862 1289 violarat.

67 1302 120 1328 Hoc
134 1310 185 1328 non
201 1300 289 1328 solum
303 1302 365 1328 sciri
381 1306 447 1329 tum.
464 1309 558 1327 verum
573 1302 651 1328 etiam
662 1300 864 1328 commemorari

66 1347 173 1374 semper
187 1338 302 1365 volebat.
342 1339 433 1374 Itaque
447 1347 479 1365 ex
494 1338 539 1364 illa
554 1340 611 1373 ipsa
626 1348 667 1370 re,
689 1348 771 1374 quam
786 1346 865 1364 accu—

66 1381 140 1403 sante
158 1376 290 1412 Agathino
307 1381 439 1412 gesserat,
460 1377 554 1402 Veneri
578 1377 748 1411 potissimum
772 1375 863 1402 deberi

66 1414 216 1449 praemium
231 1414 332 1445 statuit,
348 1422 417 1449 quae
432 1413 505 1440 illam
520 1419 600 1440 totam
616 1415 810 1440 accusationem
822 1413 864 1439 iu—

65 1452 222 1486 diciumque
236 1451 370 1478 conflarat.
410 1452 533 1477 Putarem
548 1456 572 1477 te
585 1456 691 1487 gratum
707 1451 733 1477 in
747 1451 823 1481 deos,
841 1450 863 1476 si

67 1489 116 1515 hoc
129 1488 230 1515 donum
242 1489 337 1515 Veneri
352 1497 403 1515 non
417 1488 450 1514 de
462 1488 565 1515 Sthenii
577 1489 654 1515 bonis
668 1489 799 1520 dedisses,
816 1487 863 1514 sed

65 1526 99 1553 de
112 1527 180 1553 tuis:
205 1526 277 1561 quod
292 1525 377 1552 facere
390 1526 522 1557 debuisti,
543 1527 699 1561 praesertim
713 1535 798 1561 quum
815 1525 863 1551 tibi

66 1564 112 1591 illo
129 1564 189 1599 ipso
207 1572 277 1590 anno
294 1572 309 1590 a
323 1563 468 1590 Chelidone
487 1564 605 1589 venisset
618 1563 761 1590 hereditas.
806 1564 861 1589 117.

66 1601 114 1628 Hic
131 1610 193 1637 ego,
218 1601 243 1627 si
267 1601 335 1627 hanc
357 1609 479 1627 caussam
499 1610 550 1627 non
569 1602 690 1627 omnium
710 1600 863 1627 Siculorum

67 1643 158 1675 rogatu
172 1639 348 1674 recepissem:
364 1639 386 1664 si
401 1638 450 1665 hoc
465 1647 478 1664 a
490 1647 532 1664 me
543 1639 663 1665 muneris
675 1647 725 1665 non
738 1639 862 1664 universa

67 1676 202 1711 provincia
218 1676 398 1711 poposcisset:
426 1676 449 1702 si
468 1684 511 1702 me
528 1676 635 1702 animus
654 1680 734 1711 atque
749 1684 822 1702 amor
837 1676 862 1701 in

67 1713 259 1748 rempublicam
274 1713 490 1748 existimatioque
503 1713 602 1739 offensa
618 1718 699 1740 nostri
718 1713 820 1740 ordinis
834 1722 863 1738 ac

67 1751 226 1778 iudiciorum
241 1759 292 1777 non
308 1751 356 1777 hoc
372 1750 456 1777 facere
469 1751 613 1786 coegisset,
634 1755 714 1786 atque
733 1751 797 1777 haec
812 1759 862 1776 una

65 1797 160 1815 caussa
174 1788 283 1820 fuisset,
304 1788 377 1823 quod
395 1789 511 1814 amicum
530 1792 610 1823 atquc
624 1788 756 1823 hospitem
772 1796 863 1814 meum

66 1826 223 1857 Sthenium,
239 1834 321 1861 quem
336 1826 363 1852 in
377 1830 522 1860 quaestura
538 1834 595 1851 mea
610 1825 782 1861 singulariter
795 1825 864 1851 dile-

66 1864 180 1894 xissem,
201 1863 234 1889 de
248 1872 302 1898 quo
315 1863 416 1898 optimc
429 1863 640 1894 existimassem,
660 1872 742 1898 quem
761 1864 788 1889 in
804 1872 864 1897 pro-
884 1891 885 1895 ,

66 1901 153 1927 vincia
171 1901 378 1927 existimationis
396 1909 470 1926 meae
488 1900 719 1927 studiosissimum
743 1900 864 1935 cupidis-
884 1931 886 1937 y

66 1939 221 1973 simumque
234 1946 405 1973 cognossem,
422 1942 475 1964 tam
489 1937 644 1969 crudeliter.
673 1938 798 1964 scelerate
817 1946 864 1964 ne-
884 1942 886 1947 ‘

67 1975 186 2010 rarieque
204 1980 358 2002 tractasses:
388 1980 475 2001 tamen
498 1974 579 2010 digna
603 1983 697 2001 caussa
717 1975 860 2006 videretur,

65 2021 113 2039 cur
126 2013 281 2039 inimicitias
300 2013 418 2039 hominis
436 2012 631 2046 improbissimi
650 2013 816 2047 susciperem
835 2018 864 2039 ut

67 2050 180 2084 hospitis
194 2049 307 2076 salutem
323 2049 497 2084 fortunasque
514 2048 695 2076 defenderem.
738 2052 792 2076 118.
815 2050 864 2076 Fe-
884 2057 887 2090 ἃ

65 2092 159 2114 cerunt
177 2087 226 2113 hoc
244 2086 322 2113 multi
341 2086 412 2121 apud
431 2087 543 2113 maiores
562 2091 679 2113 nostros:
708 2086 770 2114 fecit
784 2088 862 2114 etiam
884 2108 886 2120 ,

67 2133 151 2160 nuper
166 2124 246 2151 homo
258 2124 438 2155 clarissimus,
455 2123 503 2151 Cn.
520 2124 664 2155 Domitius,
680 2125 728 2159 qui
743 2125 778 2151 M.
794 2124 864 2151 Sila·
885 2125 886 2130 ¹

67 2170 141 2193 num,
154 2161 320 2188 consularem
333 2162 430 2192 virum,
443 2161 578 2187 accusavit
588 2166 695 2196 propter
704 2162 862 2197 Egritomari

66 2198 234 2234 Transalpini
250 2199 363 2233 hospitis
378 2199 499 2225 iniurias.
530 2199 652 2225 Putarem
668 2208 710 2225 me
724 2200 860 2231 idoneum,
885 2213 886 2218 =

66 2237 113 2272 qui
136 2235 291 2271 exemplum
314 2244 441 2271 sequerer
464 2236 638 2262 humanitatis
664 2241 744 2271 atque
769 2237 860 2268 oflicii,

67 2282 296 2308 proponeremque
310 2282 386 2308 spem
402 2273 468 2299 meis
483 2273 636 2308 hospitibus
649 2282 679 2300 ac
693 2275 860 2305 necessariis,

65 2319 120 2346 quo
134 2311 257 2337 tutiorem
273 2312 354 2338 vitam
369 2319 428 2337 sese
443 2319 501 2336 mco
516 2310 649 2345 praesidio
668 2312 785 2338 victuros
804 2320 863 2337 esse

66 2348 265 2375 arbitrarentur.
306 2348 396 2381 Quum
416 2356 478 2374 vero
496 2348 522 2374 in
542 2348 732 2374 communibus
755 2349 862 2375 iniuriis
891 2379 893 2386 Α

65 2386 148 2413 totius
162 2386 314 2420 provinciae
328 2386 431 2412 Sthenii
446 2393 555 2420 quoquc
572 2393 667 2411 caussa
686 2387 860 2417 contineatur,

66 2423 199 2458 multique
213 2431 267 2450 uno
280 2427 398 2458 tempore
412 2432 425 2449 a
438 2431 479 2448 mc
495 2422 612 2456 hospites
627 2427 706 2457 atque
719 2424 797 2449 amici
812 2432 863 2458 pu-

66 2459 136 2487 blice
153 2461 334 2496 privatimque
351 2460 542 2487 defendantur:
571 2459 688 2494 profecto
707 2461 791 2486 vereri
811 2469 862 2486 non

65 2497 163 2529 debeo.
184 2506 217 2524 ne
234 2498 297 2533 quis
316 2498 378 2529 hoc,
398 2497 471 2532 quod
491 2497 570 2528 facio,
596 2505 648 2523 non
667 2497 803 2524 existimet
820 2506 862 2523 ine

65 2535 166 2562 summi
184 2535 264 2562 officii
284 2536 383 2562 ratione
401 2535 550 2569 impulsum
572 2538 747 2568 coactumque
770 2543 863 2560 susce-

66 2572 148 2607 pisse.
181 2572 296 2599 XLvffl.
312 2574 407 2608 Atque,
424 2577 453 2598 ut
466 2571 610 2606 aliquando
623 2571 657 2597 de
671 2571 751 2597 rebus
764 2571 798 2598 ab
812 2573 863 2598 isto

66 2609 179 2645 cognitis
193 2609 372 2645 iudicatisque
385 2614 410 2636 et
423 2609 457 2636 de
470 2609 578 2636 iudiciis
597 2609 666 2635 datis
685 2608 773 2635 dicero
791 2608 863 2635 desi—

66 2651 183 2678 stamus,
198 2651 233 2678 et,
249 2648 375 2682 quoniam
391 2647 457 2673 facta
471 2647 550 2673 istius
564 2647 590 2672 iu
607 2646 648 2672 his
662 2646 806 2681 generibus
820 2647 862 2672 in-

67 2683 140 2711 finita
159 2689 234 2715 sunt.
261 2693 308 2711 nos
327 2684 437 2711 modum
459 2683 576 2719 aliquem
600 2689 626 2710 ct
648 2683 727 2710 tinem
751 2684 862 2710 orationi
884 2698 892 2709 ,1

1657 153 1706 177 ⁶275

915 222 1018 244 nostrae
1032 218 1245 253 criminibusque
1260 219 1403 246 faciamus:
1432 229 1516 255 pauca
1534 229 1567 247 ex
1585 221 1645 247 aliis
1662 230 1709 257 ge-

915 255 1025 280 neribus
1039 264 1189 282 sumemus.

971 293 1027 318 ⁴⁴9.
1043 292 1164 318 Audistis
1178 293 1264 319 obius
1274 292 1432 325 dicundum,
1448 293 1479 326 Q.
1492 295 1601 321 Varium
1612 295 1708 325 dicere,

915 334 1096 363 procuratores
1111 338 1174 356 suos
1189 330 1232 356 isti
1247 335 1353 356 centum
1367 335 1393 357 et
1408 332 1514 366 triginta
1529 332 1612 358 millia
1631 341 1712 358 num-

915 375 989 392 mum
1004 366 1125 393 dedisse:
1143 368 1304 393 meministis
1314 367 1345 399 Q.
1359 368 1429 394 Varii
1444 370 1626 395 testimoninm
1642 378 1712 395 rem-

915 412 967 437 que
987 404 1054 429 hanc
1074 408 1153 430 totam
1172 404 1200 431 C.
1217 404 1379 436 Sacerdotis,
1401 405 1518 432 hominis
1535 407 1708 437 ornatissimi,

916 441 1067 467 testimonio
1080 442 1260 476 comprobari:
1289 443 1376 473 scitis,
1393 442 1442 469 Cn.
1457 442 1587 474 Sertium,
1605 445 1640 470 M.
1656 444 1713 470 Mo-

915 477 1004 508 dium,
1029 479 1134 512 equites
1152 480 1297 510 Romanos,
1322 485 1461 506 sexcentos
1484 485 1616 515 praeterea
1639 482 1712 507 cives

916 515 1047 541 Romanos
1060 515 1212 550 multosque
1223 516 1328 542 Siculos
1342 517 1453 548 dixisse,
1469 527 1497 544 se
1512 519 1555 544 isti
1570 519 1711 553 pecuniam

915 552 949 578 ob
964 552 1006 578 ius
1020 552 1168 579 dicundum
1183 554 1298 579 dedisse.
1339 555 1374 580 De
1391 564 1446 589 quo
1459 556 1570 581 crimine
1584 556 1649 590 quid
1663 565 1713 591 ego

916 589 1065 623 disputem,
1090 599 1176 624 quum
1196 591 1222 616 id
1242 596 1325 617 totum
1345 593 1461 626 positum
1480 593 1515 618 sit
1534 594 1561 619 in
1580 593 1713 619 testibus?

916 626 982 660 quid
1001 635 1077 660 porro
1100 632 1282 662 argumenter,
1307 637 1360 663 qua
1382 629 1415 655 de
1439 638 1465 655 re
1488 630 1610 656 dubitare
1634 639 1712 656 nemo

916 663 1018 697 possit?
1039 664 1079 690 An
1095 664 1143 690 hoc
1156 664 1289 691 dubitabit
1302 667 1446 700 quisquam
1461 668 1591 698 omnium,
1607 668 1674 702 quin
1689 668 1712 694 is

918 700 1037 726 venalem
1057 701 1084 727 in
1098 701 1188 727 Sicilia
1208 703 1419 729 iurisdictionem
1439 704 1574 735 habuerit,
1595 706 1641 739 qui
1662 705 1712 732 Ro-

917 746 974 763 mae
992 742 1076 764 totum
1095 738 1212 765 edictum
1232 745 1310 774 atque
1325 741 1413 766 onmia
1427 741 1530 766 decreta
1547 741 1712 768 vendiderit?

916 779 942 801 et
959 776 1025 809 quin
1044 776 1066 801 is
1085 776 1118 801 ab
1133 776 1231 802 Siculis
1250 777 1284 803 ob
1303 777 1405 804 decreta
1424 779 1614 812 interponenda
1631 788 1713 813 pecu-

917 813 988 838 niam
1002 814 1143 847 acceperit,
1160 814 1207 848 qui
1222 815 1257 840 M.
1273 814 1412 841 Octavium
1428 816 1551 849 Ligurem
1567 816 1599 842 ob
1615 817 1656 842 ius
1671 816 1713 843 di—

916 849 1037 876 cundum
1051 850 1217 884 poposcerit?
1258 853 1313 878 120.
1336 852 1412 884 Quod
1431 854 1501 878 enim
1516 853 1565 878 iste
1580 858 1711 887 praeterea

916 895 1002 922 genus
1026 888 1154 922 pecuniae
1177 889 1310 924 cogendae
1333 890 1484 924 praeteriit?
1508 891 1580 924 quod
1606 899 1656 917 non
1679 891 1712 917 ab

917 925 1044 950 omnibus
1067 925 1126 951 aliis
1151 927 1322 960 praeteritum
1349 927 1527 963 excogitavit?
1552 928 1644 962 Ecqua
1671 937 1712 954 res

917 962 989 996 apud
1008 962 1128 988 civitates
1148 963 1252 989 Siculas
1271 964 1417 998 expetitur,
1444 965 1471 991 in
1493 974 1545 999 qua
1565 970 1610 991 aut
1629 966 1712 992 bonos

917 999 1015 1033 aliquis
1029 1000 1063 1025 sit
1078 1005 1122 1026 aut
1137 1005 1251 1035 potestas
1266 1007 1311 1027 aut
1326 1003 1482 1036 procuratio,
1502 1003 1569 1037 quin
1584 1011 1640 1028 eain
1657 1012 1711 1029 rem

918 1041 945 1062 tu
964 1036 997 1062 ad
1017 1041 1092 1063 tuum
1111 1043 1253 1072 quaestum
1273 1040 1548 1074 nundinationemque
1572 1040 1711 1066 hominum

918 1074 1086 1100 traduxeris‘?
1118 1075 1213 1102 Xle.
1233 1077 1306 1102 Dicta
1325 1082 1388 1103 sunt
1402 1077 1489 1111 priore
1502 1078 1605 1104 actione
1619 1082 1643 1103 et
1658 1078 1713 1112 pri-

918 1112 999 1138 vatim
1014 1116 1039 1138 et
1053 1112 1161 1146 publice
1176 1114 1342 1140 testimonia:
1364 1114 1443 1149 legati
1463 1114 1639 1149 Centuripini.
1662 1115 1713 1141 lla-

918 1148 1009 1180 lesini,
1031 1150 1186 1177 Catinenses
1202 1152 1435 1186 Panormitanique
1454 1152 1592 1182 dixerunt,
1615 1152 1712 1178 multa-

917 1195 976 1212 rum
991 1192 1124 1221 praeterea
1138 1188 1287 1220 civitatum,
1303 1189 1355 1215 iam
1371 1198 1432 1216 vero
1446 1190 1570 1224 privatim
1587 1190 1710 1224 plurimi:

916 1233 1032 1258 quorum
1047 1234 1079 1251 ex
1094 1227 1255 1252 testimoniis
1269 1235 1428 1262 cognoscere
1446 1228 1585 1261 potuistis,
1607 1232 1657 1253 tota
1671 1227 1713 1254 Si-

916 1261 976 1287 cilia
996 1271 1043 1296 per
1061 1262 1206 1290 triennium
1227 1264 1360 1290 neminem
1377 1264 1430 1290 ulla
1445 1265 1471 1290 in
1486 1265 1593 1291 civitate
1606 1270 1713 1291 senato-

917 1308 971 1325 rem
991 1299 1089 1326 factum
1109 1310 1168 1327 esse
1186 1302 1282 1337 gratis:
1309 1303 1456 1332 neminem.
1483 1307 1511 1328 ut
1531 1302 1601 1338 leges
1620 1311 1712 1328 eorum

916 1342 988 1368 sunt,
1003 1337 1153 1374 suffragiis:
1171 1339 1314 1370 neminem,
1332 1339 1383 1366 nisi
1399 1340 1477 1366 istius
1490 1340 1602 1374 imperio
1613 1344 1658 1366 aut
1670 1339 1712 1366 lit-

917 1375 993 1401 teris:
1018 1380 1097 1410 atquc
1116 1377 1142 1402 in
1162 1376 1204 1402 his
1222 1377 1348 1403 omnibus
1366 1378 1535 1404 senatoribus
1557 1377 1712 1411 cooptandis

916 1421 967 1438 non
982 1412 1061 1439 modo
1075 1414 1200 1449 suffragia
1216 1414 1288 1440 nulla
1305 1414 1401 1445 fuisse,
1423 1415 1470 1441 sed
1490 1424 1521 1441 ne
1539 1424 1635 1449 genera
1650 1415 1712 1449 qui-

916 1449 976 1475 dem
995 1455 1111 1484 spectata
1130 1460 1202 1481 esse,
1224 1461 1257 1478 ex
1274 1452 1376 1486 quibus
1395 1453 1421 1478 in
1441 1461 1502 1478 eum
1517 1452 1637 1478 ordinem
1652 1460 1712 1478 coo-

917 1487 983 1521 ptari
997 1486 1093 1518 liceret,
1103 1497 1190 1523 neque
1200 1497 1298 1515 census
1310 1498 1397 1524 neque
1408 1489 1513 1517 aetatis:
1529 1498 1615 1524 neque
1625 1494 1711 1515 cetera

916 1524 1068 1551 Siculorum
1088 1526 1144 1551 iura
1164 1526 1290 1552 valuisse.
1334 1528 1390 1553 42¹.
1414 1526 1584 1561 Quicumque
1607 1532 1712 1553 senator

917 1562 1031 1588 voluerit
1058 1562 1127 1593 lieri,
1156 1564 1282 1598 quamvis
1309 1572 1387 1598 puer,
1419 1565 1544 1598 quamvis
1571 1564 1708 1599 indignus.

915 1600 1040 1634 quamvis
1054 1608 1086 1626 ex
1101 1609 1131 1626 eo
1147 1600 1214 1631 loco,
1236 1610 1268 1627 ex
1286 1610 1341 1636 quo
1360 1610 1411 1628 non
1427 1601 1528 1633 liceret,
1554 1602 1576 1627 si
1592 1602 1613 1627 is
1629 1602 1712 1636 pretio

915 1637 986 1671 apud
1002 1637 1083 1663 istum
1100 1638 1172 1664 lieret
1187 1638 1312 1669 idoneus,
1334 1643 1363 1665 ut
1383 1639 1512 1669 vinceret,
1534 1638 1632 1664 sactum
1652 1647 1711 1665 esse

915 1683 1035 1709 semper:
1052 1684 1103 1701 non
1119 1675 1196 1701 modo
1207 1675 1359 1702 Siculorum
1375 1676 1441 1702 nihil
1458 1677 1483 1702 in
1496 1676 1543 1702 hac
1555 1685 1581 1702 re
1595 1676 1711 1702 valuisse

917 1712 1001 1747 legeS,
1022 1712 1068 1738 sed
1088 1721 1120 1738 ne
1138 1713 1171 1738 ab
1189 1717 1283 1739 senatu
1302 1713 1411 1747 quidem
1427 1713 1580 1748 populoque
1595 1714 1712 1740 Romano

915 1749 1000 1775 datas.
1041 1749 1112 1782 Quas
1127 1751 1198 1776 enim
1215 1750 1286 1785 leges
1301 1751 1380 1777 sociis
1395 1751 1543 1785 amicisque
1557 1751 1601 1776 dat
1616 1752 1647 1781 is,
1663 1752 1710 1785 qui

917 1787 996 1813 habet
1010 1788 1154 1821 imperium
1173 1796 1186 1813 a
1207 1788 1306 1822 populo
1322 1789 1450 1818 Romano.
1471 1789 1654 1814 auctoritatem
1675 1788 1711 1814 le·

915 1833 981 1859 gum
1000 1824 1148 1850 dandarum
1168 1834 1181 1851 a
1200 1830 1308 1851 senatu:
1328 1825 1376 1851 hae
1394 1825 1492 1852 debent
1510 1830 1535 1851 ct
1555 1825 1645 1860 populi
1661 1826 1712 1852 Ro-

916 1862 987 1887 mani
1002 1867 1026 1888 et
1040 1867 1149 1888 senatus
1163 1863 1320 1889 existimari.
1353 1865 1409 1889 122.
1426 1863 1542 1889 llalesini
1559 1872 1605 1897 pro
1619 1863 1711 1889 multis

915 1903 941 1925 et
954 1900 1059 1935 magnis
1073 1900 1132 1926 suis
1147 1900 1332 1934 maiorumque
1347 1909 1457 1926 suorum
1472 1901 1498 1926 in
1518 1900 1710 1935 rempublicam

915 1941 1032 1963 nostram
1051 1937 1153 1963 meritis
1172 1942 1252 1972 atque
1270 1937 1407 1964 bcneliciis
1427 1947 1477 1964 suo
1495 1939 1552 1964 iure
1576 1947 1661 1972 nuper
1680 1939 1708 1964 L.

916 1974 1030 2005 Licinio,
1051 1973 1083 2006 Q.
1099 1975 1187 2001 Mucio
1200 1975 1372 2006 consulibus,
1393 1984 1477 2010 quum
1498 1975 1624 2001 haberent
1645 1976 1711 2002 inter

915 2020 943 2037 se
958 2013 1150 2038 controversias
1164 2012 1197 2038 de
1211 2017 1304 2038 senatu
1320 2013 1479 2047 cooptando,
1502 2012 1572 2047 leges
1587 2013 1620 2038 ab
1634 2022 1711 2039 sena-

916 2054 942 2075 tu
958 2054 1047 2075 nostro
1061 2049 1223 2084 petiverunt.
1256 2050 1374 2076 Decrevit
1389 2055 1497 2076 senatus
1513 2050 1655 2076 houm-ilico
1669 2059 1710 2076 sc-

915 2086 1130 2117 natusconsulto.
1148 2092 1177 2113 ut
1191 2087 1233 2113 his
1249 2088 1277 2113 C.
1294 2087 1434 2117 Claudius,
1453 2088 1530 2122 Appii
1547 2087 1631 2118 lilius,
1650 2087 1711 2113 l'ul-

915 2124 986 2155 cher,
1004 2129 1107 2159 praetor
1120 2124 1152 2150 de
1168 2129 1261 2150 senatu
1277 2125 1424 2159 cooptando
1437 2125 1508 2159 leges
1520 2125 1706 2151 vunscriboret.

915 2162 944 2187 C.
961 2161 1104 2192 Claudius,
1124 2161 1252 2188 adhibitis
1271 2162 1397 2188 omnihus
1418 2162 1561 2192 Man-cellis,
1585 2163 1632 2196 qui
1653 2167 1709 2188 tum

914 2204 1001 2229 erant,
1022 2199 1055 2224 de
1073 2208 1164 2225 corum
1183 2200 1314 2225 sententia
1334 2199 1405 2234 leges
1421 2199 1552 2225 llnlcsinis
1571 2199 1656 2225 dedit:
1683 2199 1709 2225 in

914 2236 1016 2270 quibus
1031 2236 1114 2262 multa
1129 2237 1218 2262 sanxit
1231 2236 1264 2262 dc
1278 2241 1361 2262 aetate
1377 2237 1529 2266 hominum,
1552 2245 1582 2262 ni·
1596 2237 1643 2270 qui
1659 2236 1710 2262 mi-

915 2282 963 2299 nor
978 2273 1084 2308 triginta
1098 2273 1175 2299 anuis
1191 2279 1267 2304 natu;
1288 2274 1320 2299 dc
1334 2279 1457 2308 quaestu.
1473 2283 1554 2308 quein
1568 2274 1615 2308 qui
1632 2273 1709 2299 sucis-

914 2315 962 2341 set,
980 2319 1011 2336 ne
1027 2310 1171 2345 leget-etum
1196 2310 1229 2336 de
1243 2320 1334 2340 censu.
1351 2311 1384 2337 dc
1398 2312 1491 2336 ceteris
1507 2311 1595 2336 rebus.
1637 2311 1709 2342 Qnuo

914 2348 1002 2373 onmia
1020 2353 1080 2373 autc
1099 2348 1180 2373 istum
1201 2353 1346 2382 praetorem
1365 2353 1389 2374 ct
1405 2353 1553 2374 nostrorum
1570 2349 1709 2382 magistra-

915 2390 990 2410 tuum
1013 2385 1166 2410 auctoritate
1188 2389 1214 2410 ct
1238 2385 1421 2411 liuh-sincrum
1445 2394 1550 2410 summu
1575 2385 1708 2412 voluntate

915 2422 1065 2448 valuerunt.
1106 2422 1146 2448 Ab
1162 2422 1211 2448 isto
1225 2427 1249 2447 et
1265 2431 1370 2456 praeco,
1390 2423 1438 2456 qui
1454 2422 1550 2452 voluit,
1572 2422 1652 2449 istum
1667 2431 1709 2449 or-

914 2459 1003 2485 dinem
1019 2459 1102 2493 pretio
1117 2464 1248 2485 mercatus
1262 2464 1313 2488 est.
1334 2464 1359 2485 ct
1379 2459 1453 2494 put-ri
1468 2468 1597 2485 annorum
1612 2469 1708 2486 senum

914 2501 1110 2530 septenumque
1128 2496 1241 2525 denum.
1270 2498 1432 2523 scnutoriuni
1452 2505 1547 2523 nomen
1568 2497 1706 2524 nundinati

913 2538 990 2559 sunt:
1015 2538 1053 2563 et,
1077 2533 1149 2568 quod
1165 2533 1294 2563 llnlcsini.
1314 2535 1495 2569 antiquissimi
1514 2539 1540 2560 ct
1558 2534 1707 2561 fidelissimi

913 2570 977 2596 socii
992 2575 1071 2605 atquc
1085 2571 1176 2600 antici.
1194 2571 1290 2597 nomae
1305 2571 1489 2606 impetrarunt.
1506 2576 1534 2598 ut
1547 2572 1618 2606 apud
1633 2581 1661 2598 se
1675 2581 1708 2599 ne

913 2607 1047 2643 suffragiis
1060 2607 1169 2643 quidem
1185 2608 1240 2634 lieri
1257 2608 1357 2639 liceret,
1374 2609 1400 2635 id
1415 2610 1512 2644 pretim
1533 2614 1560 2635 ut
1576 2610 1631 2636 lieri
1647 2619 1707 2644 pos—

913 2649 962 2676 set,
978 2645 1071 2671 effecit.
1106 2646 1135 2671 L.
1155 2647 1209 2672 423.
1225 2646 1392 2681 Agrigentini
1406 2646 1439 2673 dc
1453 2651 1545 2673 senatu
1561 2647 1708 2681 cooptando

914 2683 1047 2718 Scipionis
1063 2682 1134 2718 leges
1149 2684 1271 2718 antiquas
1287 2683 1397 2715 habent.
1419 2685 1446 2710 in
1460 2684 1561 2719 quibus
1575 2689 1600 2710 ct
1614 2684 1706 2711 eadem

1442 2731 1499 2756 35·
