1941 3052
732 151 1056 178 FRAGMENTA,

76 222 123 249 sed
134 222 270 258 requiram
283 220 456 256 diligentius:
479 229 566 247 nonne
582 225 703 256 apertum
719 227 771 252 est,
790 227 871 248 totam

76 260 152 287 illam
164 260 297 295 porticum
308 259 444 288 insanam,
457 258 631 284 Academicos
642 263 731 285 autem
743 267 806 293 prae
818 259 872 286 illis

77 297 211 324 modestos
238 300 384 330 cautosque
413 295 536 321 homines
561 296 651 322 visum
677 296 710 321 iri
738 296 873 331 Epicuro?

77 334 145 357 (Idem
154 333 205 352 ibid.
216 333 229 352 l.
241 332 278 351 111.
290 338 308 351 c.
319 333 337 350 7.
348 332 407 350 Toni.
418 331 453 350 IV.
465 338 484 355 p.
496 332 550 354 441.)

132 360 157 386 5.
178 367 216 385 Ait
226 366 309 387 cicaro.
329 357 499 384 Academicis
514 366 615 384 morem
638 357 722 383 fuisse
736 359 873 385 occultan-

77 397 106 423 di
117 397 276 423 sententiam
288 404 378 426 suam¹
397 403 446 421 nee
463 403 521 420 eam
537 396 678 429 cuiquam,
698 396 751 422 nisi
767 397 814 431 qui
830 405 874 422 se-

78 442 140 460 cum
152 433 185 460 ad
196 437 360 459 senectutem
373 440 460 466 usque
471 432 598 462 vixisset,
616 432 764 466 aperiendi.
806 441 874 464 (mem

78 471 127 489 ibid.
139 476 157 489 c.
168 471 199 489 -ιο,
213 470 230 493 ς.
241 470 272 488 43.
283 469 306 488 Τ.
317 469 353 488 1v.
363 475 383 493 p.
394 470 448 491 455.)

133 556 192 582 229.
214 555 250 580 11.
272 553 519 580 FRAGMENTA
540 553 657 583 LIBRI.
679 563 805 583 utviaetur,
830 554 872 580 111.

78 593 124 619 DE
146 592 234 618 NAT.
255 591 417 618 DEORUM
452 600 534 622 septem
543 599 586 617 vid.
598 600 637 622 ipsi
648 600 703 619 libro
714 600 838 622 subscripta.

127 648 185 674 230.
208 647 250 672 III.
272 645 325 672 EX
345 645 416 672 LIB.
438 646 458 672 I.
480 646 526 672 DE
547 646 821 673 DIVINATIONE.

134 683 314 710 Antecellunt.
354 691 479 714 (Diomedes
489 691 502 709 1.
514 691 530 709 I.
541 697 561 715 p.
572 692 616 710 371.
628 692 660 710 ed.
672 692 768 714 Putseh.)

134 723 192 747 231.
224 721 267 747 IV.
299 721 318 746 E
350 720 422 747 LIB.
452 721 498 747 DE
532 721 633 748 FATO
659 729 700 748 duo
720 730 838 752 fragmenta
856 734 875 747 V.

80 758 106 778 aa
115 758 164 777 libri
174 758 254 776 exitum
263 758 338 781 posita.

133 784 275 810 232-235.
312 783 344 809 V.
390 783 635 810 FRAGMENTA
673 783 876 810 LIBRORUM

79 822 125 848 DE
147 822 166 847 L
173 821 192 847 E
201 821 223 847 G
230 821 239 847 I
246 821 292 847 BU
299 820 316 846 S
331 829 422 852 qulnque
436 830 456 848 et
469 829 490 847 in
504 829 537 848 his
547 829 644 853 quintum
654 829 680 848 ab
692 828 771 848 Orellio
781 829 877 848 additum

80 859 121 882 ipsi
131 858 157 877 de
166 859 232 881 Legg.
245 858 302 881 operi
312 858 398 877 subieci.

234 1053 261 1080 F.
305 1051 728 1081 FRAGMENTA

168 1111 525 1138 DEPERDITORUM
558 1111 788 1139 LIBRORUM

270 1165 693 1191 PHILOSOPHICORUM.

101 1281 159 1307 236.
182 1280 202 1306 1.
224 1278 485 1306 OECONOMICA
505 1279 558 1306 Ex
577 1279 858 1308 XENOPHONTE.

275 1332 432 1353 NOTITIA
456 1332 690 1354 Ll'r'rtzttanta.

132 1366 280 1388 Oeconomica
291 1367 336 1395 (cf.
348 1367 479 1395 Hieronymi.
492 1369 522 1388 ml
531 1368 649 1395 Algnsimn
659 1370 751 1393 Quaest.
769 1368 807 1389 ΙἸ.
821 1368 879 1395 Opq).

85 1403 105 1423 T
121 1402 162 1424 IV.
173 1402 239 1423 Part.
251 1402 271 1423 1.
281 1408 336 1429 pag.
350 1404 394 1423 106.
408 1402 502 1428 llened.)
512 1403 608 1431 scripsit
616 1404 691 1424 Cicero
701 1412 723 1424 ιι.
734 1411 758 1431 p.
773 1404 798 1424 U.
807 1406 879 1424 c.t>‘70.

83 1440 127 1458 aut
140 1439 184 1463 71.‚
201 1437 376 1458 (Ieconmm'cum
390 1437 592 1465 Xenophontenm,
612 1439 632 1459 εἰ
646 1446 691 1459 uun
706 1439 880 1467 interpretatus,

84 1476 143 1493 carle
151 1475 251 1493 secutus.
282 1473 427 1500 Quamquam
437 1473 472 1493 his
482 1473 658 1501 infrugmentiu
670 1475 744 1495 multa
754 1474 835 1495 iamne
845 1474 880 1494 iu-

84 1507 255 1534 terpreeucionis
266 1507 370 1534 vestigia.
391 1508 525 1529 Macrobius
537 1508 634 1530 Sutura.
645 1510 654 1529 I
671 1509 704 1530 11.
717 1516 736 1530 c.
749 1512 780 1530 16.
794 1509 881 1530 Cicero-

83 1543 119 1564 ni:
131 1542 294 1564 oeconomicon
304 1542 388 1564 librum
398 1543 492 1564 tertium
503 1548 621 1565 memorat.
653 1544 686 1565 Ac
697 1545 761 1565 Serv.
775 1545 805 1564 nd
818 1544 872 1571 l'irg

86 1578 124 1598 Ge.
134 1577 154 1598 1.
166 1580 199 1599 ⁴3.
210 1585 234 1605 p.
247 1580 279 1598 63.
291 1577 383 1598 omnino
395 1578 523 1606 tressm‘ne
533 1579 601 1600 libros
609 1583 700 1604 narrat,
711 1580 730 1600 Ι.
741 1580 768 1599 de
777 1579 881 1600 dantesei-

85 1613 126 1638 σὺ,
137 1613 169 1634 11.
181 1612 294 1633 extraneis
304 1614 330 1633 de
340 1612 429 1640 officiis
437 1613 637 1640 patrissmnilt'ns,
653 1613 698 1634 ΙΙΙ.
714 1614 740 1633 cle
749 1613 880 1640 agricultu-

83 1655 118 1669 ra.
148 1648 197 1675 Ego
206 1648 360 1676 frugmenffl,
376 1648 497 1675 quonium.
518 1655 562 1675 quo
576 1655 677 1675 quaeque
691 1656 701 1669 e
715 1648 773 1669 libro
787 1652 880 1676 sumptu

84 1682 139 1708 sint,
150 1689 194 1704 non
205 1683 276 1710 liquet
283 1698 290 1708 ,
310 1684 341 1703 nd
350 1682 509 1711 Xenophonti
520 1683 663 1704 (tecmzomici
673 1683 773 1704 ordinem
784 1684 882 1711 redigere

85 1717 166 1738 malni.

143 1790 166 1815 l.
188 1796 294 1820 (Xennph.
307 1795 358 1815 Oec.
370 1795 528 1820 c.4.§.20-25.)
549 1782 646 1820 Quum
662 1789 695 1815 ad
710 1789 810 1825 Cyrum
832 1790 883 1815 mi-

85 1834 176 1853 norem
198 1834 287 1861 regem
304 1826 459 1856 Persarum,
482 1830 660 1860 praestantem
676 1827 785 1862 ingenio
802 1831 882 1861 atquo

85 1864 193 1899 imperii
204 1863 297 1900 gloria,
315 1862 694 1899 Lysanderliacedaemonius,
708 1865 750 1890 vir
760 1873 882 1890 summae

85 1901 203 1931 virtutis,
219 1901 337 1927 venissel.
348 1899 440 1927 Sardis
451 1915 487 1920 —
497 1909 518 1927 et
527 1908 614 1932 reliqua.
626 1914 679 1933 quae
689 1909 881 1928 continenturlibro

85 1938 127 1957 DE
147 1936 339 1956 SENECTUTE
350 1943 367 1956 c.
380 1937 409 1955 17.
421 1937 438 1960 5.
450 1937 481 1956 59.

139 1965 165 1990 2.
186 1970 292 1994 (xenoph.
304 1969 354 1989 000.
366 1975 383 1989 e.
395 1971 412 1989 e.
425 1971 441 1993 ς.
454 1970 494 1993 12².)
516 1963 598 1989 Homo
613 1971 647 1990 ex
662 1972 692 1990 eo
708 1972 820 1990 numero
835 1963 883 1989 ho—

86 2001 200 2056 miimm'
209 2000 257 2035 qui
268 1999 340 2059 a)pud
352 2008 400 2026 nos
413 2000 462 2026 hoc
474 2001 581 2027 nomine
588 2000 744 2036 dignantur.
773 2009 847 2032 (Prisc.
869 2008 881 2026 ι.

87 2038 115 2057 V1
139 2038 273 2061 .c.4.§.1o.

142 2065 167 2090 3.
188 2070 295 2094 (Xenoph.
306 2070 357 2091 Oec.
369 2076 386 2089 e.
398 2071 416 2090 7.
427 2070 444 2094 ξ.
456 2071 484 2093 9.)
509 2062 579 2095 Qllltl
602 2063 698 2098 igitur,
730 2071 777 2098 pro
802 2062 882 2089 det'tm

87 2099 293 2131 immortalium.
307 2101 425 2134 primum
437 2108 496 2127 eam
507 2099 636 2131 docebas.
653 2099 770 2135 quaeso‘?
795 2108 881 2131 (nunni.

86 2139 108 2157 in
117 2137 165 2157 Ter.
176 2137 261 2156 I‘tiorin.
273 2138 291 2159 ¹2,
302 2138 320 2159 3,
331 2137 360 2160 4.)

141 2164 166 2189 lt.
188 2170 304 2194 Xenophon
313 2170 449 2190 Atheniensis
459 2175 483 2189 oo
493 2170 554 2193 libro,
564 2180 590 2185 -—
599 2171 634 2194 qul
645 2170 799 2189 Oeconomicus
810 2170 883 2188 lust-rt-

87 2208 150 2230 baur,
160 2207 254 2232 pronum
264 2208 291 2232 (c.
302 2208 320 2226 7.
332 2208 349 2231 ξ.
361 2207 445 2230 18-28.)
456 2200 576 2227 maritale
590 2201 749 2235 coniugium
761 2200 800 2225 sic
812 2207 885 2225 coni-

89 2241 211 2273 paratum
220 2245 279 2263 esse
292 2241 393 2269 natura,
408 2241 499 2264 utnon
510 2237 599 2264 solum
612 2237 821 2267 iucundissima,
839 2244 885 2262 ve-

89 2283 148 2301 rum
160 2274 240 2301 etiarn
252 2273 397 2301 utilissima
408 2275 478 2300 vitae
489 2275 602 2302 societas
613 2275 739 2301 iniretur:
756 2283 817 2301 nam
830 2274 886 2308 pri-

89 2320 174 2344 mum,
184 2319 240 2343 quod
249 2319 312 2338 etlam
323 2318 396 2339 cicero
405 2319 441 2341 alt.
453 2320 486 2338 ne
496 2319 584 2347 genus
594 2312 743 2339 humanum
758 2312 885 2346 temporis

90 2349 286 2385 longinquitate
297 2348 439 2379 occideret.
448 2353 554 2384 propter
560 2349 611 2376 hoc
621 2358 722 2376 marem
733 2358 794 2375 cum
808 2349 886 2375 temi-

90 2395 122 2414 na
134 2394 193 2413 esso
207 2386 395 2412 coniunctum:
418 2385 516 2412 deinde
532 2390 562 2413 ut
576 2395 610 2413 ex
626 2386 675 2413 hac
690 2386 784 2413 eadem
800 2387 886 2412 socie-

90 2428 142 2450 tate
153 2423 312 2450 mortalibus
323 2422 456 2449 adiutoria
471 2424 630 2454 senectutis,
654 2432 702 2450 nec
718 2424 808 2450 minus
825 2431 886 2457 pro-

90 2460 243 2497 pugnacula
256 2464 486 2495 praepararentur.
518 2460 587 2487 'rum
598 2461 688 2492 etiam,
700 2469 786 2496 quum
799 2461 885 2486 vietus

91 2502 117 2525 et.
126 2497 216 2525 cultus
229 2498 365 2524 humanus
376 2505 428 2524 non
438 2517 444 2528 ,
460 2497 500 2523 uti
513 2495 590 2529 teris,
607 2498 634 2524 in
646 2497 787 2533 propatulo
797 2506 827 2524 ac
837 2496 886 2523 sil-

92 2534 227 2562 vestribus
240 2534 319 2565 locis,
339 2534 386 2562 sed
398 2534 471 2561 domi
486 2534 539 2560 sub
555 2538 622 2562 tecto
636 2534 804 2561 accurandus
820 2538 884 2563 erat.

92 2572 274 2599 necessarium
286 2571 345 2603 fuit,
358 2571 516 2599 alterutrum
529 2570 592 2598 loris
602 2576 629 2598 et
638 2571 690 2598 sub
701 2571 746 2598 dio
758 2580 825 2602 esse,
839 2571 886 2606 qui

93 2609 182 2636 labore
196 2613 222 2636 et
236 2608 369 2636 industria
383 2613 562 2644 compararet,
583 2617 653 2644 quae
669 2610 744 2636 tectis
760 2609 887 2635 reconde-

93 2650 197 2673 rentur:
211 2646 235 2672 εἰ
245 2645 357 2682 quidem
369 2645 411 2674 vel
423 2646 546 2673 rusticari
561 2645 603 2672 vel
614 2646 740 2682 navigare
753 2645 794 2672 vel
805 2646 885 2672 etiam

93 2682 146 2711 alio
156 2691 253 2720 genere
263 2684 393 2720 negotiari
403 2691 512 2711 necesse
523 2687 592 2713 erat,
615 2687 645 2710 ut
654 2682 760 2719 aliquas
775 2682 886 2709 faculta-

892 223 893 229 ι
899 222 901 232 ι

909 1327 911 1335 ,
932 1305 1015 1335 deest,
1029 1309 1133 1339 praesto
1144 1303 1304 1338 plerumque
1315 1307 1355 1329 est
1366 1302 1450 1328 alteri.

1655 158 1712 181 tritt

924 228 962 249 tes
973 224 1183 258 acquireremus.
1206 222 1294 255 Quum
1308 232 1369 250 vero
1381 229 1487 258 paratae
1500 232 1541 250 res
1552 224 1603 250 sub
1618 231 1715 251 tectum

893 283 894 286 ,
924 265 1012 286 essent
1030 265 1182 296 congestae,
1207 260 1290 286 alium
1306 269 1364 286 esse
1380 262 1509 296 oportuit.
1527 263 1575 296 qui
1591 267 1615 287 et
1631 262 1716 287 illatas

893 320 894 325 ,
924 297 1077 325 custodiret,
1091 302 1116 323 ct
1126 306 1155 323 ea
1167 298 1306 323 conticeret
1317 306 1405 332 opera,
1419 307 1488 332 quae
1503 298 1576 324 domi
1587 298 1715 325 debera—nt

925 334 1115 360 administrari.
1156 335 1222 360 Nam
1237 340 1261 360 et
1273 334 1364 369 fruges
1375 340 1515 370 ceteraque
1526 335 1650 361 alimenta
1664 342 1716 362 ter-

894 380 902 395 t*
926 372 1017 397 restria
1031 371 1186 406 indigebant
1200 377 1280 398 tecto:
1302 377 1327 398 et
1340 373 1431 398 ovium
1448 378 1652 407 ceterarumque
1669 382 1716 407 pe-

925 409 1026 434 cudum
1039 408 1120 438 setus,
1143 414 1221 443 atquc
1235 409 1335 435 fructus
1348 409 1439 435 clauso
1450 410 1619 436 custodiendi
1631 416 1713 438 erant.

927 454 974 471 nec
986 447 1075 471 minus
1087 445 1188 480 reliqua
1201 446 1338 476 utensilia,
1361 447 1462 481 quibus
1477 452 1522 473 aut
1536 447 1615 473 alitur
1628 447 1716 474 homi-

927 491 990 508 num
1007 492 1106 518 genus,
1132 488 1176 509 aut
1191 484 1270 509 etiam
1286 483 1425 509 excolitur.
1465 486 1551 515 Quare
1565 493 1650 518 quum
1669 483 1714 520 [et]

926 529 1032 554 operam
1043 525 1068 546 et
1079 519 1246 555 diligentiam
1258 529 1300 549 ea.
1317 529 1385 554 quae
1397 522 1594 555 proposuimus,
1609 521 1716 547 deside-

927 562 1026 587 rarent,
1041 566 1088 583 nec
1102 558 1198 592 exigua
1210 566 1271 583 cura
1284 557 1346 583 foris
1358 560 1570 592 acquirerentur.
1589 567 1657 592 quae
1668 559 1716 584 do-

928 595 965 620 mi
979 594 1107 620 custodiri
1119 600 1262 628 oporteret:
1286 595 1356 624 iure,
1370 601 1397 621 ut
1408 595 1478 624 dixi.
1494 594 1526 631 a]
1541 601 1631 621 natura
1643 605 1716 621 voni-

928 637 1016 666 parata
1028 637 1067 657 est
1076 631 1172 667 [operaj
1182 632 1302 657 mulieris
1314 632 1345 657 ad
1357 632 1528 658 domesticam
1536 633 1713 667 diligentiam,

929 670 978 695 viri
996 674 1083 695 autem
1100 668 1132 694 ad
1144 670 1358 695 exercitationem
1372 669 1500 695 sorensem
1516 675 1541 695 et
1552 675 1713 695 extraneam.

929 707 1019 740 ltaque
1031 707 1087 732 viro
1097 706 1197 732 calores
1210 711 1235 732 et
1251 706 1346 741 frigora
1363 707 1532 740 perpetienda
1542 728 1547 736 ,
1569 712 1624 732 tum
1636 708 1715 732 etiam

930 744 1022 769 itinera
1037 748 1062 769 et
1074 743 1175 769 labores
1188 744 1260 777 pacis
1272 752 1300 769 ac
1314 743 1390 773 belli,
1408 744 1433 769 id
1449 750 1488 769 est
1503 745 1681 769 rusticationis
1691 749 1715 769 et

930 780 1086 806 militarium
1098 780 1302 814 stipendiorum,
1315 780 1382 806 (leus
1394 781 1499 806 tribuit:
1523 782 1628 807 mulieri
1640 781 1716 807 dein-

929 826 1001 852 ceps,
1015 818 1086 852 quod
1098 818 1223 844 omnibus
1237 818 1278 843 liis
1290 818 1369 843 rebus
1380 827 1436 843 eam
1450 818 1545 843 set-erat
1558 818 1713 846 inhabitem,

931 855 1075 881 domestica
1086 856 1189 889 negotia
1201 855 1316 881 curanda
1330 855 1447 880 tradidit.
1465 856 1497 880 Et
1507 856 1632 889 quoniam
1647 856 1717 880 liunt·

930 901 1026 918 sexum
1042 892 1178 918 custodiae
1194 897 1219 918 et
1233 892 1388 927 diligentiae
1403 893 1596 927 assignaverat.
1621 892 1718 917 idcirco

931 929 1092 956 timidiorem
1104 929 1228 959 reddidit,
1242 938 1322 963 quam
1336 929 1450 955 virilem.
1482 930 1547 955 Nam
1561 934 1646 955 metus
1658 929 1718 962 plu-

931 968 1030 992 rimum
1040 966 1142 992 confert
1153 967 1185 992 ad
1197 966 1364 1001 diligentiam
1376 966 1553 992 custodiendi.
1583 966 1658 998 Quod
1671 974 1718 991 au-

931 1009 983 1030 tem
1000 1012 1108 1030 necesse
1124 1008 1177 1029 erat
1194 1003 1257 1029 soris
1273 1008 1296 1028 et
1314 1004 1339 1029 in
1356 1009 1445 1037 aperto
1457 1004 1556 1029 vietum
1567 1005 1718 1037 quaerenti-

932 1042 982 1067 bus
993 1049 1194 1075 nonnumquam
1208 1041 1332 1066 iniuriam
1341 1040 1504 1074 propulsare,
1515 1041 1612 1066 idcireo
1620 1050 1630 1064 x
1639 1042 1716 1066 irum.

930 1087 1011 1114 quam
1030 1079 1168 1104 mulierem
1187 1077 1248 1103 fecit
1263 1077 1441 1103 audaciorem.
1481 1079 1548 1108 Quia
1563 1086 1624 1103 vero
1639 1078 1720 1111 partis

930 1116 1028 1151 opibus
1040 1124 1124 1150 aeque
1136 1115 1187 1141 fuit
1197 1123 1266 1149 opus
1277 1114 1593 1149 memoriaetdiligentia:
1607 1124 1657 1140 non
1671 1115 1720 1139 mi-

932 1162 1021 1180 norem
1038 1153 1165 1183 feminae,
1182 1161 1263 1189 quam
1282 1153 1338 1180 viro
1353 1160 1444 1179 earum
1456 1160 1544 1179 rerum
1557 1152 1649 1179 tribuit
1661 1160 1722 1187 pos-

931 1192 1089 1219 sessionem.
1130 1192 1198 1218 Tum
1219 1192 1312 1222 etiam,
1334 1191 1406 1225 quod
1427 1190 1543 1224 simplex
1564 1195 1654 1216 natura
1672 1198 1721 1215 non

931 1238 1024 1256 omnes
1036 1239 1077 1256 res
1091 1228 1244 1255 commodas
1256 1228 1380 1262 amplecti
1393 1228 1528 1258 valebat‘,
1548 1228 1647 1253 idcireo
1659 1227 1722 1252 alte-

933 1276 991 1294 rum
1008 1267 1116 1293 alterius
1131 1266 1252 1301 indigere
1269 1266 1366 1292 voluit:
1389 1266 1530 1299 quoniam,
1556 1264 1626 1299 quod
1648 1264 1722 1290 alteri

1492 1308 1547 1326 ltin-c
1557 1309 1576 1326 lu
1583 1308 1722 1325 Oet-annnam

932 1342 1047 1365 Xenophon
1061 1344 1082 1360 et
1096 1341 1171 1359 deinde
1180 1340 1259 1361 Cicero.
1275 1341 1309 1362 qui
1320 1345 1367 1357 eum
1377 1339 1463 1357 Latinae
1471 1338 1617 1356 consuetudini
1629 1337 1719 1355 tradidit.

932 1372 973 1385 non
985 1367 1085 1385 inutiliter
1095 1366 1244 1385 disseruerunt.
1273 1365 1363 1387 (cotum.
1376 1365 1388 1382 Ι.
1400 1364 1446 1382 ΧΗ.
1458 1364 1523 1382 Fran-f.
1536 1364 1552 1385 ς’.
1566 1363 1621 1383 1-7.)

987 1403 1012 1427 5.
1029 1409 1090 1431 (xen.
1101 1408 1151 1427 uec.
1163 1413 1180 1426 c.
1192 1408 1209 1426 τ.
1221 1408 1238 1430 ς.
1250 1408 1280 1426 ³23.
1292 1406 1333 1430 eq.)
1350 1399 1385 1424 Ea
1398 1406 1474 1432 porro
1486 1397 1722 1431 persuasissimum

933 1439 1030 1465 habere
1040 1438 1161 1467 debebit,
1175 1442 1220 1463 aut
1233 1438 1258 1463 in
1271 1441 1368 1465 totum,
1382 1441 1426 1461 aut
1437 1440 1506 1460 certe
1518 1434 1664 1468 plurimum
1676 1432 1723 1459 do-

934 1477 970 1502 mi
991 1485 1019 1502 se
1040 1476 1136 1502 morari
1156 1479 1290 1508 oportere:
1314 1478 1368 1500 tum
1385 1472 1485 1507 quibus
1500 1470 1602 1505 aliquid
1619 1471 1645 1496 iu
1662 1479 1724 1505 agro

934 1513 1086 1540 faciendum
1098 1513 1147 1538 erit
1158 1520 1212 1537 seri
1223 1512 1257 1541 is,
1273 1520 1318 1537 eos
1331 1510 1398 1536 toras
1409 1510 1541 1535 emittere:
1564 1507 1665 1542 quilius
1677 1515 1724 1532 au-

934 1556 986 1578 tem
1000 1551 1026 1576 in
1039 1549 1101 1576 villa
1113 1549 1180 1584 quid
1192 1548 1325 1583 agendum
1339 1547 1488 1573 videbitur.
1502 1554 1546 1571 eos
1559 1546 1625 1570 intra
1638 1545 1724 1578 parie—

934 1594 973 1615 tes
984 1588 1128 1617 continere,
1141 1592 1220 1621 atque
1231 1586 1452 1612 animadvertere.
1467 1592 1498 1609 ne
1510 1582 1605 1608 diurna
1617 1590 1724 1607 cessau-

934 1625 968 1652 do
980 1624 1139 1651 frustrentur
1149 1632 1243 1658 opera:
1261 1631 1330 1657 quae
1341 1622 1451 1648 domum
1463 1625 1550 1646 nutem
1565 1618 1722 1645 inferuntur.

934 1663 1077 1698 diligenter
1088 1662 1233 1695 inspicere.
1252 1668 1283 1686 ne
1297 1659 1412 1685 delibata
1425 1658 1491 1686 sint.
1508 1662 1533 1682 et
1546 1657 1579 1682 ita
1591 1655 1725 1690 explorata

935 1705 1013 1734 atque
1026 1698 1150 1725 inviolata
1163 1699 1294 1732 recipere,
1318 1702 1373 1722 tum
1390 1703 1527 1729 separare,
1543 1702 1612 1728 quae
1627 1701 1724 1718 consu-

935 1736 1029 1763 menda
1041 1741 1113 1766 sunt.
1127 1741 1229 1770 etquae
1241 1734 1381 1769 superlieri
1397 1737 1521 1767 possunt.
1533 1730 1681 1756 custudire.
1695 1738 1726 1754 ne

934 1779 1058 1809 sumptus
1069 1781 1175 1799 annuus
1187 1777 1341 1798 menstruus
1353 1771 1406 1796 liat.
1447 1770 1514 1795 Tum
1527 1769 1550 1794 si
1561 1768 1623 1802 quis
1639 1776 1671 1792 ex
1689 1766 1725 1791 sa-

935 1811 1008 1838 milia
1029 1811 1147 1845 coeperit
1166 1809 1278 1835 adversa
1298 1807 1451 1834 valetudine
1473 1805 1555 1834 attici.
1581 1804 1726 1830 videndum

934 1849 996 1879 erit,
1019 1853 1048 1874 ut
1060 1849 1174 1882 isquam
1186 1845 1404 1873 commodissime
1417 1844 1594 1869 ministretur:
1619 1850 1679 1867 unm
1694 1849 1726 1866 ex

936 1885 1091 1912 huiusmodi
1102 1893 1165 1910 cura
1178 1885 1296 1910 nuscitur
1308 1881 1501 1908 benevolentia.
1518 1888 1566 1905 nec
1579 1880 1668 1904 minus
1679 1877 1726 1902 ol»-

934 1924 1070 1958 sequium.
1110 1921 1180 1954 Quin
1193 1922 1272 1947 etiam
1285 1919 1404 1948 fidelius.
1421 1926 1502 1953 quum
1515 1917 1603 1951 prius.
1626 1924 1727 1955 serxtre

934 1960 1056 1991 student,
1079 1958 1334 1994 quiconvaluerint.
1357 1964 1441 1991 quum
1458 1960 1497 1980 est
1507 1954 1593 1989 aegris
1608 1952 1726 1978 ndlnluta

934 1998 1085 2033 diligentia.
1125 2004 1216 2027 (Catani.
1228 2003 1240 2021 ι.
1253 2002 1297 2021 xii.
1310 2007 1327 2020 c.
1341 2002 1356 2020 ι.
1368 2002 1385 2025 ς.
1397 2002 1414 2019 ι»,
1426 2000 1466 2023 ι...)

990 2052 1015 2076 6.
1038 2057 1099 2080 (xen.
1112 2057 1161 2077 Oce.
1173 2063 1190 2076 c.
1202 2058 1219 2075 ⁸.
1232 2057 1249 2080 ς.
1260 2056 1320 2077 ’.ι-4.)
1332 2049 1398 2074 Nam
1411 2051 1487 2073 votus
1499 2050 1536 2071 est
1545 2043 1726 2083 proverbium.

936 2092 1119 2123 paupertatem
1136 2087 1314 2113 certissimam
1332 2093 1403 2114 esse.
1426 2092 1510 2118 quum
1527 2081 1641 2122 alu-uitis
1659 2079 1728 2105 indi-

936 2134 1008 2159 gens.
1024 2126 1104 2151 utico
1116 2133 1167 2150 non
1180 2132 1266 2158 posse.
1281 2124 1343 2157 quia
1358 2123 1506 2157 ignoretur.
1524 2119 1570 2145 ubi
1583 2122 1727 2152 proiectum

937 2163 1029 2191 iaceat,
1042 2161 1114 2196 quod
1126 2160 1303 2187 desideretur.
1337 2161 1426 2194 ltaque
1440 2159 1465 2184 in
1479 2167 1504 2183 ιϊ
1518 2156 1641 2182 familiari
1656 2154 1727 2180 labo-

937 2200 1031 2225 rios-ior
1041 2204 1081 2225 cst
1093 2198 1270 2233 negligentia.
1292 2205 1373 2231 quam
1390 2195 1539 2229 diligentia.
1580 2193 1645 2224 Quis
1657 2199 1727 2232 υιιιιιι

936 2236 1054 2266 dubitet,
1078 2235 1145 2262 uiliil
1161 2243 1221 2260 esse
1237 2233 1378 2269 pulchrius
1396 2234 1420 2259 in
1437 2233 1510 2258 omni
1528 2231 1625 2257 ratione
1650 2234 1727 2256 ntae,

936 2274 1112 2308 dispositione
1128 2278 1208 2307 atque
1221 2271 1333 2297 urdine?
1352 2270 1428 2302 Quod
1445 2271 1523 2295 etiam
1542 2267 1652 2293 ludicris
1668 2274 1728 2298 spe-

936 2310 1048 2337 ctaculis
1064 2310 1124 2336 lieet
1135 2318 1214 2344 saepo
1226 2317 1396 2344 cognoscere.
1438 2308 1503 2332 Nam
1521 2305 1566 2331 nbi
1577 2304 1674 2329 vlmrus
1686 2311 1727 2326 ra-

938 2349 1058 2374 nentium
1071 2356 1122 2373 non
1137 2346 1169 2373 ud
1186 2351 1271 2372 certos
1287 2346 1393 2375 modos.
1417 2352 1503 2378 nequo
1520 2350 1637 2368 nium-ris
1654 2347 1728 2373 prae-

937 2386 1025 2411 euntis
1036 2385 1156 2420 magistri
1171 2384 1319 2411 consensit.
1342 2382 1482 2408 dissonum
1497 2378 1626 2414 quiddam
1642 2385 1671 2401 a(-
1688 2381 1727 2401 tu-

938 2422 1103 2448 multuosum
1116 2420 1289 2447 audientibus
1300 2428 1394 2446 canoro
1407 2418 1523 2444 vidi-tur.
1565 2417 1594 2441 At
1610 2414 1655 2439 nbi
1672 2422 1728 2437 ιϊι-

938 2460 971 2486 tis
987 2459 1107 2485 ntum-ris
1127 2467 1156 2484 nc
1183 2457 1311 2492 pedibus.
1340 2456 1412 2482 velut
1437 2455 1502 2480 sarta
1523 2456 1726 2486 coiispiratnmr.

937 2496 1073 2523 consensit
1087 2500 1166 2530 atque
1182 2495 1332 2523 concinuit.
1354 2502 1387 2519 ex
1403 2490 1536 2518 eiusmodi
1556 2497 1650 2529 vocum
1666 2496 1728 2512 rnn-

936 2533 1025 2560 oordia
1041 2542 1092 2560 nou
1108 2532 1196 2559 solum
1214 2532 1280 2566 ipsis
1294 2530 1453 2556 canentibus
1467 2529 1582 2554 amicum
1599 2524 1728 2560 quiddam

937 2575 963 2597 et
978 2569 1056 2597 dulce
1073 2574 1190 2599 resonat.
1215 2577 1306 2594 verum
1323 2568 1402 2594 etiam
1415 2570 1564 2600 spectantes
1575 2562 1726 2601 audientes-

937 2616 989 2642 que
1002 2607 1147 2634 {notissima
1160 2605 1294 2640 voluptate
1310 2603 1518 2639 permulceatur.
1560 2601 1612 2627 lam
1629 2608 1689 2639 veru
1702 2606 1726 2622 ιιι

937 2645 1056 2671 exercitu
1073 2652 1159 2679 nequo
1176 2643 1253 2669 miles
1269 2650 1355 2676 neque
1372 2642 1514 2675 imperator
1527 2638 1585 2664 sine
1596 2636 1688 2663 ordini·
1699 2643 1727 2659 ac

936 2681 1113 2717 dispositione
1123 2680 1273 2716 quidquam
1287 2679 1355 2705 valet
1370 2677 1519 2712 explicaro,
1542 2683 1626 2711 qutun
1643 2680 1727 2698 arma—
