1941 3052
410 163 465 189 AD
496 163 793 190 HERENNIUM
825 163 912 189 LlB.
943 164 962 189 1.

25 233 143 264 historia,
159 241 248 264 versu,
265 236 311 259 aut
324 232 357 259 ab
367 232 481 259 alicuius
491 233 702 268 interpellatione
712 238 758 259 aut
771 242 813 259 ar-

24 271 136 303 risione;
158 274 183 296 et
196 271 219 296 si
234 271 448 305 promiserimus,
465 270 540 296 aliter
549 279 578 296 ac
588 271 671 305 parati
682 270 812 297 fuerimus

24 316 72 334 nos
94 316 153 334 esse
174 307 304 340 dicturos3
329 316 377 334 nos
399 316 451 334 non
473 307 565 333 eodem
588 307 674 338 modo,
691 312 720 334 ut
733 309 812 334 ceteri
832 310 834 319 ’

25 344 134 376 soleant,
156 345 236 371 verba
255 344 384 377 facturos3
413 344 480 379 quid
494 344 539 370 alii
558 344 668 374 soleant,
684 345 750 379 quid
765 353 812 371 nos

25 381 119 408 facturi
134 382 228 413 simus,
245 382 360 408 breviter
374 390 548 416 exponemus.
565 382 618 408 VII.
637 383 676 407 tt.
692 383 761 408 Inter
771 382 814 408 in-

25 420 202 446 sinuationem
226 423 251 445 et
273 419 437 453 principium
459 419 508 445 hoc
531 419 649 444 interest.
681 419 813 453 Principi-
833 414 841 434 ,1

24 465 72 483 um
89 456 222 483 eiusmodi
235 456 315 482 debet
327 461 432 487 esse,ut
441 456 538 487 statim,
547 456 644 490 apertis
654 456 810 487 rationibus,

25 494 126 529 quibus
139 494 369 528 praescripsimus,
385 498 431 520 aut
440 493 599 519 benevolum
617 497 663 519 aut
684 497 811 518 attentum

25 535 72 558 aut
109 531 223 558 docilem
259 531 388 557 faciamus
419 531 579 557 auditorem:
613 534 638 556 at
667 530 813 556 insinuatio

25 569 158 595 eiusmodi
176 568 255 594 debet
271 577 338 599 esse,
355 572 385 594 ut
397 568 498 594 occulte
511 576 558 602 per
571 567 812 593 dissimulationem
833 587 834 601 ;

25 605 118 632 eadem
131 605 177 632 illa
191 606 278 632 omnia
292 605 471 636 conficiamus,
484 609 514 630 ut
523 605 556 631 ad
566 604 686 631 eamdem
696 613 813 631 commo-

25 643 134 669 ditatem
148 644 176 669 in
189 643 294 669 dicendi
308 651 385 677 opere
399 643 537 677 pervenire
551 643 696 677 possimus.
713 642 812 668 Verum

26 680 76 706 hae
94 685 147 706 tres
164 680 291 706 utilitates
310 680 413 706 tametsi
428 680 455 706 in
470 684 521 706 tota
535 680 651 706 oratione
665 683 728 705 sunt
741 688 813 705 com-
834 705 835 710 ,

26 717 166 752 parandae,
190 717 240 744 hoc
253 721 301 748 est,
326 722 356 743 ut
374 717 506 743 auditores
521 726 579 743 sese
593 722 722 752 perpetuo
736 717 812 743 nobis

27 758 146 785 attentos,
163 754 269 786 dociles,
286 754 428 781 benevolos
442 755 598 789 praebeant3
624 759 712 780 tamen
726 754 753 780 id
768 763 814 788 per
834 764 842 777 κ

26 791 165 818 exordium
178 800 287 818 caussae
301 793 417 818 maxime
431 792 639 826 comparandum
653 796 702 817 est.
726 792 811 822 Nunc,

27 837 59 855 ne
72 829 179 864 quando
193 830 288 856 vitioso
301 830 409 856 exordio
422 834 538 860 utamur,
546 838 615 864 quae
629 830 692 855 vitia
707 828 813 855 vitanda
835 854 837 859 ,

25 867 87 897 sint,
103 866 211 893 docebo.
232 868 260 893 In
275 867 434 893 exordienda
447 875 542 893 caussa
555 866 717 893 servandum
729 871 776 897 est,
786 870 815 892 ut

25 903 93 930 lenis
107 904 142 930 sit
154 912 241 931 sermo
250 909 276 930 et
285 905 380 930 usitata
390 905 532 930 verborum
542 904 714 934 consuetudo,
724 908 753 929 ut
763 912 814 929 non

26 945 148 976 apparata
175 942 256 968 oratio
281 950 339 968 esse
362 942 492 968 videatur.
528 942 659 969 Vitiosum
675 941 813 967 exordium

26 982 77 1009 est,
94 979 165 1013 quod
176 979 202 1005 in
212 979 303 1014 plures
312 988 420 1005 caussas
431 983 516 1014 potest
529 979 730 1009 accommodari,
742 978 814 1013 quod

26 1015 137 1052 vulgare
155 1016 261 1043 dicitur.
286 1018 351 1043 Item
367 1018 493 1043 vitiosum
505 1021 553 1047 est,
566 1025 620 1051 quo
630 1016 713 1042 nihilo
723 1016 814 1041 minus
836 1050 837 1055 Ἰ

26 1053 194 1080 adversarius
220 1059 306 1089 potest
328 1055 376 1085 uti,
402 1055 474 1089 quod
491 1062 632 1080 commune
654 1053 812 1088 appellatur.

25 1091 90 1117 Item
103 1091 180 1122 illud,
193 1100 247 1126 quo
262 1092 353 1118 leviter
362 1096 522 1118 commutato
532 1091 700 1117 adversarius
710 1099 743 1116 ex
752 1099 815 1116 con—

25 1129 104 1155 trario
117 1129 212 1163 poterit
222 1129 271 1155 uti.
287 1130 350 1155 Item
366 1130 493 1155 vitiosum
503 1133 551 1160 est,
560 1128 632 1164 quod
642 1129 756 1154 nimium
768 1136 815 1162 ap-

25 1170 114 1200 parate
131 1167 309 1201 compositum
328 1171 368 1193 est
385 1171 430 1192 aut
440 1167 520 1192 nimis
532 1166 641 1201 longum
652 1170 733 1196 est,et
743 1165 814 1200 quod

25 1212 77 1229 non
91 1212 125 1229 ex
138 1204 195 1238 ipsa
209 1212 303 1230 caussa
319 1208 409 1230 natum
423 1204 552 1235 w'deatur,
568 1203 649 1240 [quod
663 1207 814 1237 separatum

25 1244 147 1273 vocatur-3
163 1241 250 1276 inquo
260 1242 339 1267 etiam
354 1241 510 1267 translatum
525 1239 697 1276 includitur,]
710 1245 740 1266 ut
753 1249 815 1274 pro-

24 1279 82 1312 prie
95 1278 232 1305 cohaereat
241 1287 303 1305 cum
317 1279 478 1311 narratione3
490 1283 516 1304 et
524 1278 596 1314 quod
603 1287 689 1313 neque
700 1278 816 1304 benevo-

27 1315 82 1342 lum
97 1324 183 1351 neque
200 1316 313 1343 docilem
332 1325 419 1351 neque
437 1320 565 1342 attentum
584 1316 647 1342 facit
656 1315 813 1341 auditorem.
837 1325 838 1332 ¹

79 1352 144 1379 VIII.
162 1355 201 1380 ⁴2.
217 1354 253 1380 De
267 1353 375 1380 exordio
388 1354 452 1380 satis
466 1354 568 1380 dictum
582 1358 630 1384 est,
646 1353 772 1387 deinceps
782 1352 815 1378 ad

25 1391 201 1416 narrationem
221 1395 394 1417 transeamus.
429 1391 616 1417 Narrationum
631 1391 679 1416 tria
689 1395 752 1416 sunt
768 1398 816 1425 ge-

25 1435 96 1453 nera.
124 1427 213 1454 Unum
244 1433 296 1459 est,
321 1437 407 1463 quum
430 1429 589 1462 exponimus
604 1436 660 1454 rem
673 1432 775 1463 gestam
790 1431 815 1452 et

24 1465 237 1500 unumquidque
247 1465 378 1492 trahimus
388 1465 421 1491 ad
431 1465 572 1491 utilitatem
583 1469 698 1491 nostram
706 1465 816 1490 vincen-

24 1501 52 1528 di
66 1503 248 1537 caussa,quod
262 1503 376 1537 pertinet
390 1502 422 1528 ad
437 1511 481 1529 eas
494 1502 653 1533 caussas,de
663 1502 762 1537 quibus
773 1502 816 1527 iu-

24 1539 125 1566 dicium
144 1539 265 1566 futurum
280 1545 328 1566 est.
366 1540 487 1566 Alterum
501 1548 586 1575 genus
597 1544 637 1565 est
646 1540 812 1569 narrationis,

23 1577 96 1612 quod
114 1577 265 1603 intercurrit
288 1586 489 1612 nonnumquam
509 1577 570 1603 fidei
589 1581 635 1602 aut
651 1577 815 1602 criminatio-

22 1614 66 1641 nis
84 1618 130 1641 aut
143 1615 307 1641 transitionis
323 1619 368 1640 aut
382 1614 496 1641 alicuius
511 1614 689 1649 apparationis
703 1613 745 1640 vel
757 1614 815 1639 lau-

22 1651 138 1678 dationis
155 1660 260 1678 caussa.
294 1652 412 1678 Tertium
431 1661 516 1687 genus
531 1651 616 1681 estid,
629 1651 701 1686 quod
712 1660 725 1677 a
736 1660 815 1677 caus-

23 1697 53 1716 sa
66 1689 140 1716 civili
154 1693 284 1716 remotum
299 1693 352 1721 est3
377 1690 404 1715 in
419 1698 473 1724 quo
487 1694 573 1715 tamen
588 1689 703 1714 exerceri
717 1697 815 1714 eonve-

24 1727 71 1758 nit,
95 1735 149 1762 quo
169 1726 336 1753 commodius
358 1726 418 1752 illas
437 1727 587 1761 superiores
606 1727 768 1752 narrationes
786 1726 813 1752 in

23 1765 126 1790 caussis
141 1768 251 1790 tractare
265 1765 410 1798 possimus
449 1765 488 1790 43.
512 1764 578 1790 Eius
589 1764 747 1790 narrationis
761 1763 814 1789 duo

24 1805 88 1828 sunt
99 1810 210 1837 genera:
226 1810 311 1828 unum
327 1801 399 1837 quod
418 1801 444 1827 in
460 1801 588 1836 negotiis,
606 1800 717 1827 alterum
741 1800 813 1835 quod

22 1839 51 1865 in
74 1839 195 1874 personis
217 1839 334 1874 positum
358 1843 407 1865 est.
434 1838 472 1870 Id,
500 1838 572 1873 quod
595 1839 623 1864 in
646 1838 813 1873 negotiorum
835 1862 837 1874 ,

835 1878 837 1892 τ’
866 1874 920 1901 hilo
943 1875 1032 1901 miuus
1055 1875 1195 1906 industrie,
1219 1884 1301 1911 quam
1323 1876 1361 1902 rei
1380 1876 1480 1902 utilitas
1499 1877 1652 1911 postulabit,

24 1877 189 1911 expositione
207 1877 324 1911 positum
344 1881 392 1908 est,
413 1880 465 1902 tres
480 1875 560 1902 habet
574 1881 670 1910 partes,
683 1875 811 1906 fabulam,

23 1913 170 1945 historiam,
195 1918 393 1950 argumentum.
425 1913 524 1940 Fabula
553 1917 601 1944 est,
629 1922 698 1948 quac
727 1921 814 1947 neque

23 1959 98 1977 veras
122 1959 208 1986 neque
236 1952 291 1977 veri
309 1951 412 1977 similes
431 1951 547 1977 continet
565 1959 616 1981 res,
633 1955 662 1976 ut
675 1959 729 1981 eae,
745 1959 813 1985 quae

23 1988 166 2024 tragoediis
189 1988 299 2015 traditae
313 1993 385 2015 sunt.
414 1989 528 2014 llistoria
547 1992 587 2014 est
606 1997 647 2014 res
661 1992 744 2023 gesta,
766 1987 813 2013 sed

22 2025 56 2051 ab
81 2026 174 2052 aetatis
196 2030 300 2052 nostrae
326 2026 452 2052 memoria
479 2030 588 2052 remota.
617 2025 813 2061 Argumentum

22 2066 63 2089 est
79 2062 137 2089 ficta
151 2071 202 2094 res,
218 2071 287 2098 quae
301 2067 388 2089 tamen
404 2063 459 2089 lieri
470 2064 565 2097 potuit,
575 2062 649 2089 velut
659 2067 813 2098 argumenta
836 2061 844 2090 π’

21 2100 228 2126 comoediarum.
248 2100 317 2126 Illud
336 2109 422 2136 genus
437 2101 602 2131 narrationis,
620 2100 692 2135 quod
708 2100 734 2126 in
754 2108 815 2134 per-

21 2137 94 2164 sonis
112 2137 230 2172 positum
249 2141 297 2168 est,
317 2138 397 2164 debet
415 2138 511 2164 babere
530 2138 661 2163 sermonis
685 2137 815 2163 festivita-

21 2177 87 2206 tem,
108 2175 257 2200 animorum
276 2174 535 2206 dissimilitudinem,
555 2175 726 2210 gravitatem,
748 2173 815 2200 leni-

21 2215 109 2243 tatem,
130 2220 215 2246 spem,
232 2216 346 2244 metum,
363 2213 553 2247 suspicionem,
565 2212 742 2242 desiderium,
759 2211 815 2237 dis·
836 2218 837 2225 ¹

21 2249 227 2280 simulationem,
248 2249 465 2280 misericordiam,
486 2258 574 2276 rerum
594 2249 746 2279 varietates,
763 2248 815 2275 sor-

20 2289 99 2313 tunae
112 2287 354 2317 commutationem,
371 2287 534 2321 insperatum
545 2286 752 2316 incommodum,
769 2295 815 2311 su-

20 2322 102 2350 hitam
113 2323 406 2355 laetitiam,iueundmn
417 2325 519 2350 exitum
531 2333 629 2350 rerum.
638 2324 735 2350 Verum
752 2323 814 2349 baec

19 2360 48 2387 in
61 2361 208 2388 exomendo
221 2361 410 2396 transigentur.
442 2361 520 2391 Illud,
536 2361 608 2396 quod
627 2360 659 2387 ad
678 2361 814 2387 veritatem

20 2398 141 2432 pertinet,
157 2398 290 2433 quomodo
304 2399 407 2424 tractari
421 2399 568 2430 conveniat,
584 2399 744 2433 aperiemus.

74 2435 120 2461 IX.
146 2436 186 2462 tt.
211 2436 275 2461 Tres
303 2444 344 2462 res
362 2437 485 2462 convenit
509 2436 605 2462 babere
627 2436 812 2466 narrationem,

20 2475 50 2498 ut
63 2471 166 2504 brevis,
182 2477 213 2499 ut
225 2473 356 2504 dilucida,
367 2477 395 2499 ut
414 2474 468 2499 veri
488 2473 586 2499 similis
599 2473 647 2499 sit:
660 2481 728 2507 quae
746 2481 815 2506 quo-

20 2509 91 2535 niam
119 2509 177 2536 fieri
206 2515 326 2545 oportere
353 2511 468 2541 scimus,
493 2509 720 2545 quenmdmmlmn
750 2509 815 2535 tuci-

20 2554 106 2579 amus,
121 2547 335 2583 cognoscendum
351 2552 400 2573 est.
427 2548 490 2574 ltem
510 2547 625 2573 breviter
644 2555 748 2573 nari-aro
767 2555 814 2581 po-

19 2583 140 2616 terimus,
165 2585 187 2610 si
210 2585 272 2611 indo
294 2585 455 2620 incipiemus
478 2593 592 2615 narrare,
613 2584 684 2610 unde
706 2592 813 2610 necesse

20 2620 83 2653 erit,
99 2626 125 2648 et
137 2621 161 2648 si
175 2629 226 2648 non
241 2622 273 2648 ab
288 2622 469 2649 ultimoinitio
479 2626 596 2657 repetere
607 2621 743 2653 volemus;
754 2626 779 2646 et
790 2621 812 2646 si

20 2659 184 2690 summatim,
202 2668 253 2686 non
263 2659 443 2695 particulatim
455 2659 636 2690 narrabimus3
649 2659 707 2685 etsi
718 2667 769 2685 non
780 2658 812 2684 ad

21 2699 178 2728 extremum,
195 2696 241 2723 sed
260 2705 347 2732 usque
366 2705 405 2729 eo,
426 2705 481 2732 quo
499 2705 567 2731 opus
586 2697 645 2727 erit,
667 2704 813 2731 perseque-

998 163 1094 190 CAP.
1130 166 1261 190 3—li.
1638 169 1654 193 5

839 239 841 250 ¹
863 243 937 266 mur,
953 239 978 260 et
992 235 1015 260 si
1030 235 1231 261 transitionibus
1245 234 1327 261 nullis
1343 239 1461 268 utemur3
1477 240 1502 262 et
1511 237 1534 262 si
1545 245 1596 263 non
1607 237 1654 263 de>

864 271 1012 298 errabimus
1026 272 1058 298 ab
1069 281 1107 303 eo,
1120 272 1192 307 quod
1202 273 1367 307 coeperimus
1378 281 1522 307 exponere3
1539 278 1564 300 et
1573 275 1596 300 si
1607 284 1654 300 ex-

863 309 917 334 itus
936 317 1024 335 rerum
1042 310 1078 335 ita
1096 318 1241 344 ponemus,
1257 314 1287 335 ut
1300 314 1359 335 ante
1373 319 1480 345 quoque
1499 319 1568 346 quae
1586 311 1653 338 facta

864 350 927 371 sunt
953 347 1015 372 sciri
1042 347 1154 381 possint,
1179 347 1285 372 tametsi
1303 355 1350 373 nos
1365 348 1564 375 reticuerimus:
1581 349 1653 383 quod

864 391 950 417 genus
969 388 1016 414 est¹
1038 385 1061 410 si
1080 384 1167 410 dicam
1181 393 1224 410 me
1238 393 1272 410 ex
1282 385 1417 418 provincia
1434 385 1547 417 redisse
1566 385 1655 428 profe-

864 425 935 445 ctum
955 429 1062 456 quoque
1080 422 1107 447 in
1122 422 1286 456 provinciam
1301 421 1474 457 intelligatur.
1495 423 1527 448 Et
1546 424 1654 449 omnino

840 482 841 485 ,
864 465 916 483 non
935 458 1013 484 modo
1030 458 1066 489 id,
1083 458 1156 493 quod
1174 458 1257 489 obest,
1274 459 1321 484 sed
1335 460 1413 484 etiam
1428 459 1464 490 id,
1480 460 1552 494 quod
1567 469 1654 495 neque

833 488 841 531 *¹
864 494 938 520 obest
957 504 1043 530 neque
1062 496 1179 526 adiuvat,
1196 496 1279 522 satius
1294 501 1333 522 est
1348 498 1499 530 praeterire.
1518 498 1551 523 Et
1566 507 1597 523 ne
1612 498 1654 524 bis

864 536 907 557 aut
927 533 1034 566 saepius
1052 533 1123 559 idem
1141 533 1271 564 dicamus,
1288 534 1437 560 cavendum
1451 539 1504 567 est·
1528 536 1606 561 etiam
1622 543 1654 561 ne

863 568 899 599 id,
916 570 988 603 quod
1002 570 1084 596 semel
1095 578 1175 605 supra
1185 570 1313 601 diximus,
1326 571 1452 606 deinceps
1462 572 1592 603 dicamus,
1604 573 1654 598 hoc

840 606 841 621 ³
864 606 955 632 modo:

937 645 1040 670 Aelee'nis
1052 644 1185 676 Meqaram
1198 647 1295 678 re'speri
1308 647 1409 671 adt-emt
1424 646 1508 672 Simo:

937 682 981 706 ubi
994 683 1061 706 venit
1074 682 1215 714 Megaram,
1231 684 1339 708 insidias
1352 685 1411 715 fecit
1426 686 1533 717 virgini:

938 720 1047 743 iusidias
1058 723 1192 752 postquam
1203 722 1270 752 secie,
1286 722 1336 745 rim
1349 723 1374 745 in
1389 722 1443 746 Ioco
1454 723 1550 747 (tetulit.

867 756 906 780 ⁴5.
922 755 988 780 Rem
1001 755 1118 781 dilucide
1132 756 1308 787 narrabimus,
1326 757 1348 782 si
1363 761 1392 783 ut
1406 758 1527 792 quidque
1536 760 1652 793 primum

865 797 970 827 gestum
984 793 1041 823 erit,
1053 793 1089 818 ita
1103 794 1221 827 primurn
1231 802 1404 828 exponemus,
1415 799 1439 820 et
1449 804 1537 821 rerum
1548 805 1576 822 ac
1587 801 1654 823 tem-

865 838 959 864 porum
978 830 1098 855 ordinem
1117 831 1344 862 conservabimus,
1366 836 1394 857 ut
1407 837 1497 867 gestae
1516 842 1557 859 res
1576 839 1654 860 erunt.

865 871 910 892 aut
924 871 952 892 ut
967 868 1085 901 potuisse
1098 869 1155 903 geri
1169 868 1340 894 videbuntur.
1362 869 1408 895 Hic
1422 870 1471 895 erit
1484 871 1654 897 consideran-

865 903 939 934 dum,
960 913 992 930 ne
1006 904 1072 939 quid
1092 905 1252 939 perturbate,
1274 914 1305 931 ne
1319 906 1386 941 quid
1399 911 1524 937 contorte,
1542 917 1574 933 ne
1587 908 1654 942 quid

865 942 1000 977 ambigue
1025 950 1057 967 ne
1071 942 1137 976 quid
1157 951 1223 968 nove
1237 943 1366 973 dieamus,
1392 952 1424 969 ne
1438 953 1519 978 quam
1534 946 1561 971 in
1575 945 1654 971 aliam

865 987 920 1004 rem
940 985 1114 1010 transeamus,
1135 988 1167 1006 ne
1186 980 1219 1006 ab
1238 980 1332 1006 ultimo
1349 986 1509 1015 repetamus,
1530 991 1562 1008 ne
1577 982 1654 1018 longe

866 1024 1066 1051 persequamur,
1084 1026 1116 1042 ne
1129 1017 1204 1052 quid,
1220 1017 1291 1052 quod
1310 1018 1342 1044 ad
1357 1027 1411 1044 rem
1427 1020 1562 1052 pertineat,
1579 1029 1655 1054 prae-

843 1055 844 1058 ’
866 1058 1007 1084 tereamus,
1028 1055 1077 1080 etsi
1096 1063 1241 1089 sequamur
1254 1064 1292 1085 ea,
1308 1064 1376 1089 quae
1391 1055 1423 1081 (le
1438 1056 1565 1082 brevitate
1579 1066 1655 1091 prae—

865 1096 939 1125 cepta
954 1095 1029 1123 sunt·
1046 1100 1107 1117 nam
1121 1101 1175 1126 quo
1189 1092 1301 1122 brevior,
1318 1092 1499 1119 eodilucidior
1509 1098 1533 1119 et
1547 1095 1654 1130 cognitu

843 1140 844 1143 ¹
866 1127 968 1154 facilior
986 1129 1100 1154 narratio
1118 1129 1171 1155 fiet.
1202 1131 1241 1155 lG.
1268 1130 1329 1156 Veri
1348 1130 1445 1156 similis
1463 1132 1576 1157 narratio
1594 1132 1652 1160 erit

843 1168 845 1193 l
866 1166 897 1196 si,
915 1170 944 1192 ut
958 1174 1024 1196 mOS,
1041 1170 1070 1192 ut
1084 1167 1182 1201 opinio,
1199 1171 1228 1192 ut
1242 1172 1333 1193 natura
1345 1167 1468 1201 postulat,
1481 1168 1615 1200 dicemus;
1632 1169 1653 1195 si

836 1204 845 1245 ξι
866 1204 950 1237 spatia
965 1208 1124 1237 temporum,
1141 1212 1313 1238 personarum
1323 1204 1654 1240 dignitates,consiliorum

843 1258 845 1274 Σ
867 1241 989 1272 rationes,
1007 1240 1124 1267 locorum
1138 1242 1348 1276 opportunitates
1366 1243 1539 1275 constabunt;
1568 1252 1600 1269 ne
1614 1252 1656 1270 re-

867 1277 922 1304 felli
937 1279 1021 1312 possit
1044 1283 1090 1304 aut
1113 1280 1238 1313 temporis
1253 1288 1347 1314 parum
1366 1279 1450 1305 fuisse
1469 1285 1515 1306 aut
1533 1289 1654 1307 caussam

867 1315 968 1341 nullam
987 1320 1032 1341 aut
1046 1315 1134 1342 locum
1148 1317 1274 1342 idoneum
1298 1326 1349 1342 non
1369 1317 1452 1343 fuisse
1470 1322 1516 1343 aut
1534 1318 1655 1344 homines

843 1359 845 1373 ⁴
866 1353 939 1387 ipsos
959 1352 1043 1379 facere
1061 1358 1107 1379 aut
1121 1354 1174 1388 pati
1189 1363 1241 1380 non
1256 1355 1384 1388 potuisse.
1421 1354 1449 1380 Si
1465 1364 1524 1380 vera
1540 1364 1581 1381 res
1595 1356 1652 1385 erit,

866 1390 951 1416 nihilo
965 1391 1054 1416 minus
1069 1391 1133 1417 haec
1146 1392 1233 1417 omnia
1249 1392 1378 1418 narrando
1387 1392 1566 1418 conservanda
1577 1398 1653 1419 sunt:

867 1436 927 1453 nam
942 1436 1020 1462 saepe
1035 1429 1140 1458 veritas,
1153 1429 1204 1454 nisi
1221 1429 1284 1454 haec
1294 1434 1395 1455 servata
1406 1430 1468 1459 sint,
1481 1430 1559 1456 tidem
1571 1429 1656 1456 facere

867 1473 918 1491 non
933 1469 1032 1499 potest:
1048 1466 1089 1491 sin
1104 1466 1154 1491 erit
1168 1466 1234 1496 sicta,
1251 1475 1282 1492 eo
1295 1467 1380 1501 magis
1391 1472 1467 1492 erunt
1479 1467 1653 1494 observanda.

867 1502 902 1527 Do
915 1502 949 1527 iis
963 1502 1043 1528 rebus
1057 1507 1132 1528 caute
1146 1503 1352 1538 contingendum
1367 1508 1414 1533 est.
1427 1505 1527 1538 quibus
1537 1505 1564 1530 in
1575 1505 1655 1530 rebus

867 1539 972 1565 tabulae
990 1544 1035 1565 aut
1053 1539 1167 1566 alicuius
1182 1540 1256 1565 lirina
1270 1541 1411 1566 auctoritas
1427 1541 1561 1567 videbitur
1574 1542 1656 1567 inter-

867 1576 960 1602 fuisse.
976 1576 1071 1602 Adhuc
1085 1585 1153 1611 quae
1167 1577 1236 1603 dictu
1250 1582 1321 1608 sunt.
1334 1578 1446 1603 arbitror
1460 1578 1526 1604 mihi
1536 1583 1655 1605 constare

866 1622 926 1639 cum
941 1614 1035 1640 ceteris
1049 1615 1112 1640 artis
1126 1615 1309 1649 scriptoribus,
1327 1615 1378 1641 nisi
1393 1623 1461 1649 quae
1471 1615 1503 1641 de
1514 1616 1656 1642 insinuati-

842 1651 844 1662 ³'
865 1651 963 1677 onibus
978 1660 1044 1677 nova
1059 1660 1130 1685 exeo·
1125 1652 1279 1682 vitavimus,
1296 1652 1368 1686 quod
1383 1660 1426 1678 eis
1441 1652 1490 1678 soli
1506 1662 1553 1679 nos
1570 1652 1656 1689 [prae-

866 1692 904 1714 ter
921 1687 1032 1724 ceteros]
1053 1689 1081 1714 in
1095 1679 1143 1714 tria
1158 1693 1275 1723 tempora
1290 1689 1444 1719 dixisimus,
1461 1694 1490 1715 ut
1508 1690 1585 1724 plane
1599 1699 1655 1716 cer-

866 1730 918 1751 tam
932 1726 1003 1752 xiam
1022 1730 1047 1752 et
1061 1726 1229 1760 perspicuam
1248 1727 1375 1753 rationem
1389 1727 1558 1753 exordiorum
1574 1728 1655 1754 habe-

866 1772 965 1789 remus.
981 1763 1016 1789 X.
1032 1763 1118 1794 Nunc,
1135 1763 1206 1798 quod
1221 1763 1356 1798 reliquum
1371 1769 1418 1794 est,
1431 1765 1557 1798 quoniam
1571 1765 1604 1791 dc
1615 1774 1656 1792 re—

865 1809 925 1826 rum
947 1801 1100 1826 inventione
1121 1800 1315 1835 disputandum
1338 1806 1386 1830 est,
1408 1802 1434 1827 in
1453 1810 1505 1836 qua
1520 1802 1655 1838 singulare

865 1838 1032 1864 eonsumitur
1045 1839 1155 1864 oratoris
1168 1838 1296 1869 osticium,
1312 1838 1437 1865 dabimus
1451 1848 1567 1873 operam,
1576 1845 1604 1866 ut
1615 1841 1656 1866 ni-

865 1913 1003 1947 quaesisse
1019 1912 1166 1944 videamur,
1182 1913 1205 1940 si
1219 1914 1294 1948 prius
1309 1922 1392 1948 pauca
1406 1913 1438 1939 de
1448 1922 1603 1940 caussarum
1613 1914 1655 1940 di-

866 1951 967 1976 visione
981 1949 1140 1976 dixerimus.

921 1988 962 2013 ⁴7.
992 1987 1154 2014 Caussarum
1182 1987 1281 2014 divisio
1308 1988 1335 2014 in
1363 1988 1430 2014 duas
1455 1994 1542 2023 partes
1564 1989 1655 2015 distri-

865 2024 930 2050 buta
944 2029 993 2051 est.
1021 2025 1140 2051 Primum
1156 2030 1274 2059 perorata
1289 2026 1436 2052 narratione
1449 2026 1579 2052 debemus
1593 2035 1655 2061 ape-

866 2063 926 2093 rire,
943 2062 1008 2097 quid
1024 2062 1100 2088 nobis
1114 2063 1253 2089 conveniat
1267 2071 1328 2089 cum
1347 2063 1521 2094 adversariis,
1541 2068 1566 2090 et
1583 2065 1606 2090 si
1626 2072 1654 2090 ea

842 2117 844 2122 ·
865 2108 934 2134 quae
953 2099 1030 2126 nobis
1049 2099 1124 2125 utilia
1143 2104 1221 2126 erunt
1238 2100 1405 2130 convenient,
1421 2100 1488 2135 quid
1506 2101 1534 2127 in
1551 2106 1655 2128 contro-

867 2137 952 2163 versia
967 2137 1141 2172 relinquatur,
1158 2137 1207 2163 hoc
1221 2137 1312 2163 modo:
1330 2137 1494 2163 intersectum
1505 2146 1563 2164 esse
1577 2138 1610 2164 ab
1620 2138 1655 2164 O—

866 2179 934 2200 reste
949 2179 1068 2205 matrem,
1084 2175 1208 2200 convenit
1222 2175 1288 2200 mihi
1302 2184 1363 2200 cum
1375 2174 1547 2201 adversariis:
1564 2176 1655 2201 iureno

867 2211 957 2237 fecerit
979 2216 1004 2237 et
1027 2211 1165 2238 licueritne
1188 2211 1281 2242 faeere,
1306 2212 1333 2238 id
1355 2216 1395 2237 cst
1417 2212 1443 2238 iu
1466 2213 1653 2239 controversia.

867 2249 930 2275 ltem
945 2258 958 2274 e
972 2249 1111 2279 contrario,
1128 2249 1354 2284 Agamemnonem
1374 2258 1432 2275 csse
1455 2258 1468 2275 n
1488 2249 1655 2285 Clytaemut*

866 2290 918 2312 stra
932 2286 1050 2312 occisum
1068 2286 1239 2317 confitentum
1259 2295 1344 2321 quum
1360 2286 1385 2312 id
1401 2287 1435 2312 ita
1449 2287 1492 2316 sit,
1506 2295 1547 2312 me
1562 2286 1654 2313 ulcisci

866 2328 1000 2357 parentem
1016 2328 1110 2357 negant
1125 2324 1283 2358 oportuisse.
1311 2323 1410 2349 Deinde
1423 2332 1508 2357 quum
1524 2323 1572 2349 hot=
1587 2323 1655 2350 secth

836 2361 845 2378 ¹*
867 2361 960 2390 rinms,
976 2360 1163 2387 distributione
1178 2361 1215 2386 uti
1226 2360 1365 2386 debemus.
1382 2361 1417 2386 Ea
1427 2360 1557 2387 dividitur
1567 2362 1593 2387 in
1604 2361 1654 2387 ‹lu-

866 2406 894 2423 as
909 2402 1005 2431 partes,
1022 2398 1247 2424 enumerationem
1267 2402 1291 2423 et
1306 2398 1508 2431 expositionem.
1537 2398 1655 2425 Enume-

866 2435 964 2460 ratione.
988 2439 1106 2464 utemur,
1135 2443 1220 2469 quum
1243 2435 1364 2460 dicemus
1387 2443 1510 2465 uumero,
1535 2440 1599 2470 quot
1621 2436 1655 2462 do

866 2472 946 2497 rebus
960 2471 1057 2497 dicturi
1075 2472 1170 2497 simus.
1206 2472 1270 2497 Eam
1287 2471 1348 2506 plus
1363 2480 1443 2506 quam
1451 2472 1531 2498 trium
1539 2474 1653 2507 partium

842 2506 844 2544 J
866 2517 976 2535 numero
989 2517 1048 2534 esse
1063 2518 1113 2535 nou
1128 2513 1238 2543 oportet.
1256 2509 1320 2534 Nam
1335 2514 1359 2534 et
1371 2509 1549 2543 periculosum
1561 2515 1609 2541 est,
1623 2519 1655 2536 no

865 2545 972 2580 quando
985 2545 1046 2580 plus
1061 2547 1185 2572 minusve
1198 2546 1328 2575 dicamus,
1349 2551 1373 2572 et
1387 2547 1567 2581 suspicionem
1581 2547 1655 2574 all‘ert

865 2583 978 2609 auditori
998 2582 1177 2609 meditationis
1195 2588 1220 2609 et
1234 2583 1351 2615 artiticii;
1375 2593 1443 2618 quae
1458 2593 1499 2610 res
1514 2584 1592 2611 tidem
1607 2585 1654 2611 ab·

865 2625 938 2655 rogat
955 2621 1076 2646 orationi.
1104 2621 1243 2655 Expoeitio
1260 2625 1312 2650 est,
1333 2629 1418 2655 quum
1438 2630 1488 2652 res,
1505 2622 1606 2657 quibus
1620 2622 1654 2648 (le

865 2658 945 2684 rebus
959 2657 1055 2684 dicturi
1070 2666 1175 2688 sumus,
1191 2658 1352 2692 exponimus
1363 2658 1477 2684 breviter
1486 2664 1511 2685 et
1521 2659 1651 2685 absolute.

920 2695 966 2722 xt.
996 2697 1036 2721 18.
1062 2695 1137 2722 Nunc
1155 2695 1188 2722 ud
1205 2695 1434 2723 confirmationem
1453 2700 1477 2722 et
1495 2695 1654 2723 confutatio-
