1941 3052
421 140 607 169 ORATIO
639 140 731 168 PRO
763 141 793 167 L.
828 139 1043 167 MURENA.
1079 139 1176 167 CAP.
1211 140 1362 166 35—41.
1660 141 1704 167 451

66 212 200 250 praesidio
214 216 239 240 et
253 211 287 239 de
297 210 417 238 custodia
428 212 544 239 civitatis
556 212 653 239 vestris
663 212 804 238 sententiis
815 211 863 238 de-

66 251 168 278 turbari
182 249 285 277 volunt.
307 249 426 281 Quorum
437 257 486 285 ego
497 249 596 276 ferrum
609 254 634 276 et
644 249 784 276 audaciam
795 249 863 276 reie-

66 289 90 316 ci
100 289 128 315 in
138 296 245 323 campo,
261 286 400 313 debilitavi
411 287 438 313 in
454 287 523 318 foro,
540 287 688 322 compressi
699 287 778 313 etiam
789 286 863 313 domi

66 334 141 352 meae
153 333 241 360 saepe,
254 324 371 356 iudices;
389 323 432 350 his
442 333 489 351 vos
501 325 524 351 si
535 324 647 351 alterum
659 323 798 351 consulem
810 328 864 350 tra-

66 362 202 393 dideritis,
224 361 287 397 plus
302 360 388 388 multo
402 366 481 388 erunt
495 363 592 389 vestris
607 362 760 393 sententiis,
782 369 863 396 quam

66 401 124 427 suis
144 399 243 436 gladiis
263 399 409 426 consecuti.
442 399 532 435 Magni
552 399 673 431 interest,
696 399 813 430 iudices,
836 398 864 424 id

65 437 140 473 quod
150 446 199 473 ego
209 436 303 463 multis
313 437 527 472 repugnantibus
539 437 581 473 egi
593 441 672 472 atque
683 435 791 472 perfeci,
805 444 864 462 esse

67 474 195 502 Kalendis
210 475 264 501 Ian.
282 474 310 500 in
325 473 463 509 republica
474 474 528 501 duo
538 473 671 500 consules⁴
713 475 755 500 80.
777 473 864 499 Nolite

66 512 197 543 arbitrari,
210 511 391 538 mediocribus
401 511 521 538 consiliis
533 516 578 538 aut
588 511 693 538 usitatis
704 511 755 537 viis
771 510 862 537 aut**.

67 550 125 577 Non
141 549 184 576 lex
198 549 333 584 improba,
350 557 403 576 non
418 549 568 584 perniciosa
584 548 700 584 largitio,
719 556 771 574 non
787 547 865 574 audi-

67 592 124 615 tum
141 586 285 622 aliquando
299 586 410 622 aliquod
425 586 526 613 malum
541 586 704 621 reipublicae
715 586 862 620 quaeritur.

66 625 133 652 Inita
145 625 246 651 suntin
262 624 311 650 hac
325 624 431 650 civitate
445 623 570 655 consilia,
587 623 704 653 iudices,
722 622 801 649 Urbis
817 622 865 649 de-

68 661 174 693 lendae,
194 662 296 688 civium
311 661 545 693 trucidandorum,
563 660 679 687 nominis
690 660 802 687 Romani
817 668 865 686 ex-

67 699 233 736 stinguendi.
264 698 352 734 Atque
363 699 428 725 haec
438 699 524 729 cives,
537 698 623 729 cives,
637 698 761 733 inquam,
774 697 808 733 (si
819 705 864 723 eos

69 737 117 764 1100
127 737 235 764 nomine
245 736 374 772 appellari
386 735 424 762 fas
435 735 496 771 est,)
511 736 544 762 de
559 735 642 770 patria
653 743 701 761 sua
713 739 738 761 et
748 735 865 771 cogitant

66 779 92 802 et
107 774 300 810 cogitaverunt.
330 773 431 800 Horum
447 782 496 809 ego
510 773 630 808 quotidie
640 772 760 799 consiliis
771 780 865 799 occur-

66 820 104 844 ro,
117 811 256 838 audaciam
267 810 388 843 debilito,
401 811 496 837 sceleri
507 811 612 837 resisto.
634 809 687 836 Sed
698 818 746 837 vos
757 818 861 841 moneo,

65 849 183 876 iudices:
201 849 228 875 in
240 848 314 875 exitu
324 852 365 875 est
374 849 427 875 iam
439 857 516 875 meus
527 847 697 874 consulatus:
721 847 801 874 nolite
813 847 865 874 mi-

68 886 94 913 lii
115 886 272 913 subtrahere
292 885 423 913 vicarium
439 894 514 912 meae
528 885 697 922 diligentiae:
719 885 801 912 nolite
817 885 864 911 ad-

68 924 149 951 imere
169 932 245 955 eum,
267 923 312 950 cui
332 923 528 958 rempublicam
547 923 628 958 cupio
642 922 745 949 tradere
760 922 864 949 incolu-

67 970 146 992 mem,
159 961 192 988 ab
203 961 246 988 his
258 961 338 987 tantis
348 960 476 996 periculis
487 959 693 987 defendendam.

120 999 268 1025 XXXVIII.
281 1000 323 1025 8t.
339 998 428 1033 Atque
439 998 472 1025 ad
483 998 547 1024 haec
562 997 645 1029 mala,
662 997 780 1029 iudices,
797 996 863 1032 quid

66 1036 173 1064 accedat
182 1036 265 1067 aliud,
279 1044 331 1063 non
341 1035 459 1063 videtis?
469 1036 513 1068 Te,
527 1040 552 1062 te
563 1035 677 1070 appello,
686 1035 763 1062 Cato:
776 1043 864 1061 nonne

67 1074 197 1110 prospicis
213 1077 399 1109 tempestatem
415 1073 477 1100 anni
498 1073 555 1100 tui‘?
573 1074 626 1100 Iam
648 1073 720 1099 enim
740 1072 863 1099 hesterna

66 1112 192 1139 concione
212 1112 327 1138 intonuit
346 1119 399 1138 vox
419 1111 566 1146 perniciosa
593 1109 727 1146 designati
751 1109 861 1141 tribuni,

66 1148 182 1185 collegae
193 1149 246 1176 tui:
268 1153 357 1175 contra
369 1157 450 1184 quem
462 1148 578 1175 multum
590 1152 635 1174 tua
648 1156 732 1179 mens,
747 1147 863 1173 multum

66 1195 159 1213 omnes
170 1186 233 1213 boni
245 1186 432 1222 providerunt⁷
450 1186 499 1221 qui
515 1190 539 1212 te
550 1185 582 1212 ad
593 1185 746 1212 tribunatus
757 1185 865 1220 petitio-

67 1232 128 1251 nem
139 1228 310 1251 vocaverunt.
342 1225 384 1251 82.
402 1223 506 1255 01111113,
520 1231 589 1258 quae
600 1231 647 1258 per
658 1223 707 1250 hoc
717 1223 863 1249 triennium

66 1262 163 1297 agitata
178 1266 254 1292 sunt,
271 1262 324 1287 iam
339 1261 372 1288 ab
387 1269 418 1288 eo
433 1266 565 1296 tempore,
583 1269 637 1296 quo
648 1269 662 1286 a
673 1261 703 1287 L.
716 1260 828 1287 Catilina
839 1264 865 1287 et

67 1298 115 1325 Cn.
127 1299 223 1326 Pisone
238 1299 335 1325 initum
347 1298 491 1325 consilium
503 1302 612 1324 senatus
623 1297 799 1324 interficiendi
811 1297 865 1324 sci-

66 1337 101 1363 tis
117 1344 190 1367 esse,
211 1336 239 1363 in
255 1335 304 1362 hos
320 1335 392 1367 dies,
415 1336 442 1362 in
453 1335 501 1362 hos
514 1344 634 1367 11103505,
657 1336 685 1362 111
696 1335 745 1362 hoc
756 1340 864 1370 tempus

66 1377 222 1409 erumpunt.
263 1372 314 1405 Qui
326 1373 400 1399 locus
411 1377 463 1404 est,
476 1372 589 1404 iudices,
603 1372 676 1408 quod
687 1377 802 1407 tempus,
817 1373 864 1408 qui

65 1411 138 1443 dies,
155 1419 224 1446 quae
240 1419 304 1442 nox,
323 1419 408 1446 quum
424 1419 473 1446 ego
484 1419 536 1437 non
547 1418 580 1437 ex
592 1410 703 1437 istorum
715 1410 823 1436 insidiis
835 1418 865 1436 ac

66 1448 242 1475 mucronibus
257 1457 309 1475 non
324 1447 412 1474 solum
428 1456 500 1479 meo,
519 1447 566 1474 sed
582 1447 668 1474 multo
683 1448 762 1474 etiam
778 1448 864 1483 magis

65 1485 158 1513 divino
178 1485 290 1512 consilio
311 1486 408 1520 eripiar
422 1489 502 1520 atque
517 1484 640 1512 evolem?
660 1485 753 1520 Neque
766 1485 811 1512 isti
822 1493 865 1511 me

65 1532 126 1550 mco
137 1523 244 1550 nomine
256 1523 378 1554 interfici,
391 1522 439 1549 sed
451 1522 606 1559 vigilantem
617 1522 756 1550 consulem
767 1522 800 1549 de
813 1522 865 1549 rei-

65 1560 190 1596 publicae
206 1560 339 1596 praesidio
353 1560 494 1587 demovere
510 1560 616 1587 volunt:
639 1569 688 1587 nec
702 1560 793 1586 minus
808 1559 865 1586 vel-

67 1598 133 1630 lent,
149 1598 225 1630 Cato,
238 1603 262 1625 te
273 1597 483 1633 quoque‘aliqua
495 1598 607 1629 ratione,
621 1598 644 1624 si
656 1602 775 1633 possent,
788 1597 865 1624 tolle-

65 1644 107 1663 re:
125 1635 153 1663 id
163 1635 249 1671 quod,
267 1635 437 1667 mihicrede,
456 1639 481 1662 et
491 1639 573 1671 agunt
585 1639 610 1662 et
622 1635 779 1662 moliuntur.
818 1635 864 1662 Vi-

65 1673 137 1705 dent,
150 1677 282 1709 quantum
293 1674 321 1700 in
332 1677 357 1699 te
368 1673 403 1700 sit
413 1673 504 1704 animi,
514 1677 645 1708 quantum
657 1673 768 1708 ingenii.
778 1681 865 1708 quan-

65 1715 123 1738 tum
134 1711 311 1742 auctoritatis,
329 1714 460 1746 quantum
476 1710 640 1745 reipublicae
652 1710 793 1745 praesidii:
816 1709 863 1736 sed

65 1756 151 1784 quum
171 1747 305 1775 consulari
325 1749 479 1775 auctoritate
494 1753 519 1775 et
534 1747 635 1775 auxilio
651 1747 792 1783 spoliatam
808 1748 863 1774 vim

65 1785 237 1813 tribuniciam
253 1785 383 1817 viderint,
400 1790 458 1812 tum
474 1794 503 1812 se
519 1785 624 1812 facilius
641 1785 770 1812 inermem
781 1789 807 1812 et
818 1785 865 1812 dc-

65 1822 200 1851 bilitatum
216 1827 241 1850 te
255 1831 433 1858 oppressuros
448 1823 618 1850 arbitrantur.
659 1823 727 1849 Nam
744 1831 777 1850 ne
787 1822 865 1849 suffi—

65 1860 151 1888 ciatur
161 1860 265 1892 consul,
279 1869 331 1887 non
343 1861 446 1887 timent.
469 1860 575 1892 Vident,
588 1861 616 1887 in
628 1864 735 1887 tuorum
747 1865 864 1896 potesta-

65 1902 91 1925 te
100 1897 262 1934 collegarum
273 1897 342 1925 fore:
365 1902 473 1933 sperant
486 1898 538 1924 sibi
550 1898 686 1929 Silanum,
704 1898 806 1925 clarum
823 1898 864 1924 vi-

65 1943 138 1967 rum,
152 1936 210 1962 sine
221 1935 335 1971 collega,
353 1939 378 1962 te
389 1936 447 1962 sine
456 1935 580 1967 consule.
598 1935 793 1970 rempublicam
805 1936 863 1962 sine

64 1972 199 2008 praesidio
212 1973 292 1999 obiici
304 1981 393 2008 posse.
424 1974 465 1999 83.
487 1973 534 1999 llis
545 1973 625 1999 tantis
637 1973 664 1999 111
676 1973 757 1999 rebus
769 1973 864 2000 tantis-

64 2018 118 2046 que
129 2010 155 2036 in
167 2009 294 2045 periculis
306 2014 346 2037 est
357 2014 448 2041 tuum,
462 2010 497 2036 M.
510 2010 586 2041 Cato,
598 2011 647 2045 qui
659 2019 710 2036 non
721 2011 797 2042 1111111,
811 2019 862 2037 11011

64 2048 127 2079 tibi.
145 2047 192 2074 sed
203 2047 302 2082 patriae
314 2051 392 2074 natus
403 2055 462 2073 csse
474 2047 587 2078 videris,
606 2047 704 2078 videre,
722 2048 788 2083 quid
800 2057 864 2083 aga-

65 2089 121 2116 tur,
140 2085 253 2111 retinere
265 2084 426 2116 adiutorem,
440 2084 616 2116 defensorem,
629 2085 732 2111 socium
744 2086 772 2112 in
784 2094 864 2120 repu-

64 2122 148 2154 blica,
160 2121 299 2149 consulem
311 2130 363 2149 non
374 2121 518 2157 cupidum,
535 2121 673 2149 consulem
685 2122 767 2158 (quod
778 2123 864 2149 maxi-

65 2167 108 2187 me
119 2164 226 2194 tempus
241 2159 291 2186 hoc
306 2158 433 2194 postulat)
448 2158 552 2186 fortuna
567 2161 742 2186 constitutum
759 2160 791 2186 ad
808 2169 864 2186 am-

66 2196 231 2233 plexandum
256 2197 339 2224 otium
349 2217 355 2228 ,
382 2197 492 2223 scicntia
517 2196 550 2223 ad
576 2196 677 2224 bellum
703 2197 861 2234 gerendum=

65 2234 154 2262 animo
165 2239 190 2261 et
201 2243 254 2261 usu
266 2234 297 2260 ad
309 2234 380 2270 quod
394 2234 460 2260 velis
472 2234 620 2270 negotium.

119 2272 248 2299 XXXIX.
256 2272 425 2307 Quamquam
437 2271 550 2298 huiusce
561 2272 598 2298 rei
610 2276 726 2306 potestas
737 2273 825 2299 omnis
836 2272 863 2299 in

65 2309 141 2337 vobis
152 2309 202 2336 sita
214 2313 268 2340 cst,
281 2309 397 2335 iudices:
420 2313 498 2336 totam
511 2309 706 2344 rempublicam
717 2318 765 2336 vos
777 2310 803 2336 in
816 2310 864 2336 bac

65 2354 160 2374 caussa
172 2347 276 2378 tenetis,
291 2355 338 2373 vos
348 2346 515 2383 gubernatis.
537 2346 566 2373 Si
578 2347 607 2373 L.
616 2347 728 2373 Catilina
739 2355 801 2374 cum
814 2356 864 2373 suo

65 2384 176 2411 consilio
195 2383 356 2412 nefariorum
379 2384 532 2414 hominum,
555 2392 625 2419 quos
646 2393 738 2411 secum
759 2384 861 2415 eduxit,

65 2419 115 2449 hac
129 2421 162 2449 de
177 2430 204 2449 re
218 2426 310 2458 posset
320 2421 450 2452 iudicare,
467 2421 656 2448 comlemnaret
667 2422 695 2447 L.
709 2422 861 2448 Murenam:

65 2458 88 2485 ei
99 2458 246 2486 interlicere
257 2463 356 2495 posset,
369 2459 509 2486 occideret.
549 2459 646 2485 Petunt
661 2459 732 2485 enim
749 2459 863 2485 rationes

65 2494 149 2528 illius,
163 2500 194 2524 ut
204 2496 312 2524 orbetur
323 2496 424 2523 33111110
435 2496 601 2531 respublica:
615 2500 643 2522 ut
654 2497 790 2522 minuatur
800 2505 864 2522 con-

66 2536 104 2560 tra
114 2542 195 2561 suum
208 2534 325 2561 furorem
336 2535 526 2570 imperatorum
538 2534 627 2569 copia:
644 2538 673 2560 ut
684 2534 768 2560 maior
779 2533 864 2560 facul-

66 2573 105 2597 tas
116 2571 231 2598 tribunis
244 2571 331 2607 plebis
343 2571 433 2603 detur,
451 2571 565 2606 depulso
576 2570 737 2602 adversario,
754 2571 864 2597 seditio-

67 2607 108 2635 nis
119 2616 148 2636 30
161 2608 310 2636 discordiae
325 2608 506 2636 concitandae.
547 2608 655 2635 ldcmno
670 2608 754 2644 igitur
768 2608 863 2635 delecti

66 2645 242 2681 amplissimis
257 2655 290 2674 ex
304 2646 445 2673 ordinibus
461 2645 645 2673 honestissimi
661 2651 740 2681 atquo
755 2646 863 2681 snpien-

67 2681 164 2711 tissimi
184 2683 234 2711 viri
254 2683 426 2716 iudicabunt,
452 2683 525 2720 quod
545 2683 591 2711 ille
613 2683 863 2720 importunissimus

913 210 1052 247 gladiator,
1071 210 1155 237 hostis
1167 209 1341 246 reipublicae,
1352 209 1496 237 iudicarit?
1524 211 1564 236 84.
1576 209 1711 236 1111ιί010-

914 248 978 279 dite,
990 248 1108 275 iudices:
1123 248 1149 274 in
1162 248 1210 274 hac
1221 256 1316 274 caussa
1329 256 1380 274 non
1392 247 1480 274 solum
1492 246 1524 273 de
1536 247 1565 274 L.
1574 248 1708 277 Murenae,

914 294 1008 312 verum
1024 286 1104 312 etiam
1120 285 1153 311 de
1168 289 1255 311 vestra
1269 285 1355 311 salute
1370 285 1528 311 sententiam
1541 284 1640 311 feretis.
1681 285 1710 311 ln

914 323 1058 349 discrimen
1076 327 1224 349 extremum
1242 323 1379 349 venimus:
1401 322 1468 348 nihil
1490 326 1530 349 est
1551 322 1616 353 iam,
1639 321 1712 348 unde

915 370 963 387 nos
975 360 1135 391 reficiamus,
1153 364 1198 386 aut
1209 360 1256 386 ubi
1268 359 1336 395 lapsi
1348 360 1513 386 resistamus.
1553 360 1610 386 Non
1622 359 1711 386 solum

915 397 1060 424 minuenda
1073 406 1124 424 non
1135 402 1199 424 sunt
1209 397 1308 424 auxilia
1317 418 1323 428 ,
1336 405 1405 432 quae
1416 397 1559 428 habemus,
1573 397 1620 423 sed
1631 397 1711 423 etiarn

916 444 992 466 nova,
1007 436 1029 461 si
1041 434 1096 461 fieri
1109 435 1203 470 possit,
1216 435 1402 470 comparanda.
1424 435 1513 461 Hostis
1525 439 1565 461 est
1575 434 1646 460 enim
1659 443 1711 460 non

915 472 987 507 apud
994 472 1132 503 Anienem,
1141 472 1213 507 quod
1223 472 1294 498 bello
1304 472 1406 498 Punico
1415 472 1608 508 gravissimum
1620 472 1711 498 visum

915 514 964 541 est,
978 510 1063 536 sedin
1076 510 1153 541 Urbe,
1167 510 1195 536 in
1207 509 1275 536 foro:
1289 509 1336 544 (dii
1347 509 1525 536 immortales!
1537 510 1596 536 sine
1607 510 1712 545 gemitu

916 547 965 573 hoc
976 547 1028 573 diei
1041 556 1092 573 non
1103 547 1216 582 potest:)
1237 555 1289 573 non
1306 555 1383 573 nemo
1398 547 1477 573 etiam
1492 548 1519 573 in
1535 546 1582 573 illo
1597 547 1712 573 sacrario

916 584 1092 619 reipublicae,
1111 585 1138 610 in
1154 585 1226 619 ipsa,
1244 584 1369 619 inquam,
1386 585 1459 611 curia
1472 593 1522 611 non
1535 593 1613 610 nemo
1627 584 1712 610 hostis

915 627 964 648 est.
1005 622 1046 648 Dii
1058 621 1156 652 faxint,
1171 626 1199 648 ut
1210 630 1286 648 meus
1298 621 1408 657 collega,
1422 622 1463 648 vir
1474 621 1647 653 fortissimus,
1662 621 1712 648 hoc

916 659 1043 686 Catilinae
1066 659 1198 686 nefarium
1222 659 1390 686 latrocinium
1418 664 1535 685 armatus
1563 659 1710 694 opprimat!

915 697 972 733 Ego
992 701 1111 732 togatus,
1134 697 1211 723 vobis
1231 696 1364 731 bonisque
1384 697 1510 723 omnibus
1531 696 1709 727 adiutoribus,

915 734 977 765 hoc,
995 734 1067 769 quod
1082 738 1241 769 conceptum
1257 733 1409 769 respublica
1424 733 1574 769 periculum
1586 734 1710 768 parturit,

915 771 1026 798 consilio
1038 771 1182 798 discutiam
1194 775 1219 798 et
1229 772 1419 806 comprimam!
1452 773 1493 797 85.
1512 771 1564 797 Sed
1575 771 1641 806 quid
1655 776 1713 797 tan-

915 808 976 835 dem
987 808 1044 840 fiet,
1062 809 1085 835 si
1100 809 1174 841 haec,
1191 808 1281 844 elapsa
1295 809 1328 835 de
1340 808 1464 835 manibus
1477 809 1587 840 nostris,
1610 809 1638 834 in
1649 816 1711 834 eum

915 855 1024 877 annum,
1041 847 1089 881 qui
1101 847 1283 881 consequitur,
1297 845 1489 873 redundarint?
1504 846 1578 872 Unus
1590 846 1639 872 erit
1649 854 1713 872 con-

915 884 972 915 sul,
986 888 1011 910 et
1021 884 1044 910 is
1055 884 1145 910 nonin
1157 884 1368 910 administrando
1379 883 1462 914 bello,
1477 883 1524 910 sed
1536 884 1563 909 in
1575 883 1713 909 sufficien-

915 921 949 948 do
959 920 1059 957 collega
1070 926 1226 956 occupatus.
1265 922 1342 948 Hunc
1357 922 1409 947 iam
1421 921 1467 956 qui
1480 921 1637 955 impedituri
1647 921 1710 951 sint,

915 958 997 985 ”illa
1014 959 1098 994 pestis
1115 959 1253 990 immanis,
1275 960 1427 994 importuna
1444 958 1572 985 Catilinae
1590 966 1714 993 perrum-

915 1000 972 1031 pet,
990 1005 1043 1031 qua
1059 997 1167 1031 poterit:
1190 1001 1216 1023 et
1230 997 1283 1023 iam
1294 996 1394 1031 populo
1404 996 1522 1022 Romano
1533 996 1663 1022 minatur:
1686 996 1713 1022 in

915 1042 991 1070 agros
1003 1034 1174 1060 suburbanos
1185 1039 1292 1069 repente
1304 1033 1452 1060 advolabit:
1470 1033 1622 1060 versabitur
1632 1034 1659 1059 in
1670 1042 1714 1059 ca-

915 1072 977 1097 stris
988 1070 1070 1102 furor,
1084 1072 1111 1098 in
1123 1072 1196 1098 curia
1209 1072 1295 1103 timor,
1308 1072 1335 1098 in
1347 1071 1403 1097 foro
1412 1071 1567 1101 coniuratio,
1580 1071 1608 1097 in
1620 1078 1714 1105 campo

915 1109 1061 1140 exercitus,
1076 1110 1102 1135 in
1114 1109 1184 1145 agris
1197 1110 1320 1136 vastitas:
1338 1109 1409 1135 omni
1422 1114 1510 1135 autem
1522 1109 1549 1134 in
1561 1108 1624 1134 sede
1635 1116 1663 1134 ac
1676 1108 1714 1134 lo-

914 1155 945 1173 co
956 1145 1055 1173 ferrum
1066 1145 1255 1182 flammamque
1265 1151 1426 1173 metuemus,
1444 1146 1516 1178 Quae
1527 1146 1629 1172 iamdiu
1640 1154 1714 1172 com-

915 1189 1054 1219 parantur,
1072 1184 1164 1210 eadem
1177 1185 1226 1211 ista
1238 1185 1340 1215 01111113,
1358 1185 1380 1210 51
1396 1188 1486 1211 0111313
1502 1184 1560 1210 suis
1571 1183 1714 1218 praesidiis

915 1222 964 1248 erit
975 1222 1136 1256 respublica,
1151 1221 1226 1248 facile
1238 1226 1263 1248 et
1275 1223 1479 1258 magistratuum
1491 1221 1610 1248 consiliis
1623 1225 1647 1247 et
1657 1221 1714 1256 pri-

916 1263 1035 1286 vatorum
1049 1259 1186 1295 diligentia
1198 1260 1416 1295 comprimentur.

970 1297 1028 1323 XL.
1041 1298 1082 1323 86.
1100 1298 1173 1328 Quae
1184 1306 1270 1332 quum
1282 1297 1317 1323 ita
1329 1297 1391 1327 sint,
1405 1295 1517 1327 iudices,
1531 1296 1650 1331 primum
1662 1295 1714 1322 rei—

917 1334 1039 1369 publicae
1054 1343 1162 1365 caussa,
1181 1343 1234 1369 qua
1251 1334 1323 1361 nulla
1340 1343 1381 1360 res
1395 1334 1521 1369 cuiquam
1540 1333 1624 1368 potior
1635 1333 1714 1359 debet

916 1380 988 1402 csse,
1002 1380 1062 1402 vos,
1081 1380 1128 1406 pro
1141 1380 1197 1398 mea
1208 1380 1313 1398 summa
1325 1376 1350 1398 et
1362 1371 1438 1398 vobis
1449 1371 1553 1407 cognita
1566 1371 1592 1397 in
1605 1379 1714 1404 rempu—

917 1409 1013 1435 blicam
1035 1409 1186 1445 diligentia,
1210 1418 1313 1440 moneo,
1338 1418 1385 1443 pro
1405 1409 1558 1435 auctoritate
1579 1408 1714 1434 consulari

917 1446 1018 1478 hortor,
1037 1455 1084 1481 pro
1096 1446 1280 1482 magnitudine
1292 1446 1403 1481 periculi
1415 1446 1544 1476 obtestor,
1563 1446 1668 1475 utotio,
1687 1450 1714 1471 ut

918 1485 989 1519 paci,
1009 1488 1038 1510 ut
1052 1483 1146 1515 saluti,
1165 1489 1191 1510 ut
1208 1485 1276 1510 vitae
1292 1489 1393 1510 vestrae
1409 1489 1433 1510 ct
1449 1488 1596 1509 ceterorum
1611 1483 1714 1508 civium

916 1521 1076 1548 consulatis:
1090 1521 1188 1548 deinde
1199 1530 1248 1557 ego
1259 1520 1349 1558 tide[m
1362 1525 1486 1551 vestram,
1501 1519 1552 1556 vel]
1566 1519 1714 1546 defensoris

916 1563 941 1585 et
953 1559 1030 1585 amici
1042 1558 1130 1585 officio
1141 1559 1287 1588 adductus,
1304 1568 1349 1585 oro
1363 1564 1442 1594 atque
1458 1558 1580 1588 obsecro,
1600 1558 1712 1587 iudices,

916 1601 945 1622 ut
966 1605 999 1623 110
1016 1596 1133 1623 hominis
1150 1597 1240 1623 miseri
1256 1601 1281 1623 et
1296 1605 1380 1631 quum
1397 1596 1515 1631 corporis
1532 1595 1638 1625 morbo,
1656 1599 1713 1621 tum

916 1634 997 1660 animi
1009 1633 1099 1660 dolore
1109 1634 1235 1665 confecti,
1252 1635 1280 1660 L.
1294 1635 1432 1664 Murenae,
1451 1638 1583 1660 recentem
1595 1631 1715 1669 gratula-

916 1671 1014 1698 tionem
1033 1680 1098 1697 nova
1116 1671 1302 1698 lamentatione
1318 1672 1446 1697 obruatis.
1488 1670 1578 1701 Modo,
1597 1670 1715 1696 maximo

917 1709 1044 1735 beneficio
1060 1709 1153 1744 populi
1171 1709 1279 1735 llomani
1296 1714 1419 1739 ornatus,
1439 1708 1588 1734 fortunatus
1604 1707 1715 1733 videba-

916 1751 967 1777 tur,
979 1746 1051 1781 quod
1065 1748 1168 1782 primus
1180 1747 1206 1773 in
1219 1746 1347 1773 familiam
1361 1751 1485 1775 veterem,
1500 1746 1603 1780 primus
1615 1745 1642 1771 in
1655 1753 1716 1771 mu—

916 1784 1289 1820 310111133131111113155111111111,
1302 1783 1471 1811 consulatum
1484 1783 1630 1814 attulisset,
1644 1791 1716 1809 nunc

917 1821 987 1848 idem
999 1822 1124 1856 squalore
1135 1822 1275 1853 sordidus,
1289 1821 1426 1848 confectus
1438 1821 1539 1852 morbo,
1557 1820 1674 1847 lacrimis
1686 1829 1715 1846 ac

916 1868 1033 1885 maerore
1045 1860 1176 1894 perditus,
1185 1864 1272 1886 vester
1284 1864 1323 1886 est
1335 1859 1460 1894 supplex,
1471 1859 1583 1889 iudices,
1598 1862 1714 1884 vestram

917 1896 995 1923 fidem
1008 1897 1165 1928 obtestatur,
1174 1897 1385 1923 misericordiam
1399 1896 1530 1931 implorat.
1541 1900 1655 1922 vestram
1669 1904 1716 1930 po-

916 1939 1035 1961 testatem
1048 1944 1077 1961 ac
1089 1939 1191 1961 vestras
1202 1943 1266 1970 opes
1277 1935 1405 1961 intuetur.
1428 1935 1470 1960 87.
1484 1933 1579 1963 Nolito.
1593 1942 1640 1968 per
1651 1933 1716 1959 deos

916 1972 1094 1998 immortales!
1116 1972 1234 2004 iudices,
1249 1972 1297 1998 hac
1308 1981 1369 1999 011111
1382 1980 1417 2003 10,
1430 1981 1483 2006 qua
1495 1980 1523 1997 sc
1536 1971 1714 1997 honestiorem

916 2009 971 2035 fore.
983 2010 1101 2044 putavit,
1118 2011 1197 2036 ctiam
1208 2010 1302 2036 ceteris
1314 2015 1373 2036 ante
1386 2010 1467 2044 partis
1480 2009 1664 2035 honestatibus
1677 2013 1716 2034 at-

915 2056 968 2082 que
978 2048 1051 2074 omni
1063 2047 1193 2083 dignitate
1206 2047 1364 2082 fortunaque
1377 2047 1490 2082 privare.
1523 2047 1609 2081 Atque
1621 2046 1655 2072 ita
1668 2054 1715 2071 vos

915 2085 938 2110 si
951 2085 980 2111 L.
995 2085 1118 2115 Murena,
1136 2085 1252 2115 iudices,
1271 2090 1326 2111 orat
1338 2090 1416 2119 atquc
1428 2084 1562 2110 obsecrat:
1580 2084 1603 2110 si
1615 2084 1715 2109 iniuste

916 2122 1051 2148 neminem
1070 2122 1158 2155 130511,
1181 2123 1204 2149 51
1217 2122 1319 2149 nullius
1332 2131 1409 2148 aures
1421 2122 1620 2147 voluntatemve
1632 2120 1715 2146 viola-

916 2159 967 2191 vit;
990 2160 1012 2186 si
1031 2160 1145 2191 tietuini,
1165 2164 1194 2186 ut
1207 2159 1343 2186 levissime
1355 2159 1455 2189 dicam,
1474 2159 1548 2190 odio,
1567 2167 1615 2184 nec
1630 2158 1712 2186 domi,

917 2205 964 2223 nec
975 2197 1095 2228 militiae.
1106 2197 1165 2223 fuit:
1180 2197 1291 2232 sitapud
1305 2206 1351 2222 vos
1364 2196 1509 2223 modestiae
1522 2196 1608 2227 locus;
1622 2195 1656 2221 sit
1668 2195 1715 2221 ‹lc-

916 2234 1007 2260 11115515
1028 2234 1184 2261 hominibus
1207 2234 1374 2269 perfugium,
1400 2234 1434 2259 sit
1455 2233 1586 2260 auxilium
1607 2232 1713 2268 pudori.

916 2271 1124 2298 Misericordiam
1146 2272 1271 2307 spoliatio
1289 2271 1446 2297 consulatus
1469 2279 1592 2305 magnam
1618 2270 1715 2296 habere

915 2309 1007 2339 debet,
1031 2309 1146 2335 indit-cs:
1172 2318 1222 2335 una
1241 2309 1312 2335 cuim
1329 2309 1480 2343 eripiuntur
1495 2317 1557 2333 cum
1573 2306 1714 2333 consulatu

893 2359 895 2364 ·
915 2346 1015 2372 onmia.
1047 2346 1177 2372 Invidiam
1198 2355 1259 2372 vcro
1276 2346 1317 2372 his
1333 2345 1498 2380 temporibus
1511 2345 1607 2371 babere
1617 2353 1715 2370 consu-

918 2383 986 2409 latus
1001 2383 1059 2418 ipse
1072 2383 1172 2409 nullam
1190 2388 1288 2418 potest:
1311 2383 1436 2409 obiit-itur
1451 2383 1522 2408 0111111
1539 2381 1714 2408 concionibus

916 2421 1118 2450 seditiosorum,
1137 2421 1244 2446 insidiis
1259 2421 1472 2449 coniuratorum,
1493 2419 1553 2445 telis
1569 2419 1711 2445 Catilinae:

915 2458 948 2484 ad
963 2467 1042 2484 0111113
1057 2458 1174 2493 denique
1191 2458 1354 2493 periculum,
1378 2463 1457 2492 atquc
1473 2457 1504 2482 nd
1520 2466 1627 2482 0111110111
1644 2457 1714 2482 111νί-

915 2495 987 2521 1113111
1003 2495 1077 2521 solus
1093 2496 1246 2530 opponitur.
1287 2498 1328 2520 ⁸⁸.
1351 2497 1437 2527 Quare
1452 2494 1518 2529 quid
1537 2493 1713 2520 invidendum

917 2533 1042 2559 Murenae
1062 2537 1107 2559 aut
1127 2533 1253 2568 cuiquam
1276 2538 1396 2558 nostrum
1418 2532 1495 2558 sitin
1513 2532 1561 2558 boc
1581 2531 1714 2567 praeclaro

915 2569 1065 2602 consulatu,
1083 2579 1134 2597 non
1147 2571 1232 2601 video,
1252 2570 1363 2596 iudices.
1404 2571 1477 2602 Quae
1490 2578 1552 2595 vero
1563 2569 1713 2596 miseranda

915 2612 988 2638 sunt.
1002 2617 1031 2634 011
1043 2612 1067 2634 ct
1080 2608 1145 2634 1111111
1160 2613 1220 2634 ante
1231 2607 1321 2634 oculos
1334 2612 1515 2638 versantur-,ct
1529 2616 1574 2633 vos
1587 2607 1677 2633 videre
1689 2612 1714 2633 et

916 2645 1066 2680 perspicere
1088 2646 1208 2681 potestis.
1250 2645 1317 2671 XLI.
1343 2645 1370 2671 Si
1392 2644 1472 2679 (quod
1496 2645 1614 2679 luppiter
1634 2652 1713 2670 0111011

916 2683 1026 2719 avertat)
1038 2682 1109 2710 113110
1122 2684 1218 2710 vestris
1230 2683 1370 2710 sententiis
1382 2681 1545 2709 afllixcritis:
1559 2691 1612 2718 quo
1623 2691 1651 2708 sc
1663 2682 1713 2708 mi-

1471 2731 1502 2756 56
