1941 3052
228 93 277 119 746
854 89 897 114 8⁴.

232 163 400 191 inimicitias.
433 160 479 187 ned
506 165 593 186 tamen
615 159 700 194 pluris
721 163 836 184 nostram
859 157 1016 187 libertatem,

230 209 311 235 quam
329 205 399 226 tuam
417 198 561 224 amicitiam
578 197 761 222 aestimemus.
789 195 827 220 'l'u
844 195 923 220 etiam
940 199 1020 229 atque

230 238 309 263 etiam
333 236 401 265 vide,
424 234 490 269 quid
512 234 654 268 suscipias,
676 232 742 267 quid
763 233 896 257 sustinere
916 232 1017 266 possim

232 283 327 309 neque,
345 281 426 307 quam
443 272 489 297 diu
508 271 605 297 vixerit
622 271 726 299 Caesar,
743 269 790 295 sed
806 278 887 303 quam
905 278 955 294 non
972 268 1019 294 diu

231 311 355 345 regnarit.
379 309 418 335 fui·v
439 308 549 340 cogites.
577 308 642 333 Deos
657 315 832 342 quaesumus,
849 306 960 332 consilia
977 311 1020 331 tua

232 347 394 382 reipublicae
405 345 531 371 salutaria
543 345 597 370 sint
607 353 636 370 ac
649 344 710 374 tibi;
734 344 757 370 si
773 344 872 373 minus,
897 348 933 373 ut,
947 342 1020 368 salva

231 390 308 420 atquo
331 384 439 409 honesta
456 381 602 416 republica,
621 381 670 407 tibi
685 390 766 416 quam
784 381 926 407 minimum
943 389 1022 406 noce-

230 427 282 452 ant,
296 426 429 456 optamus.
452 419 539 446 Pridie
552 420 639 445 Nonas
650 419 724 445 Sext.

283 524 320 544 lv.
340 523 416 543 Atto.
435 522 479 542 Re·
494 528 506 541 ι
522 528 546 541 ιο
559 525 633 546 uentu
649 521 749 548 exponit.
761 525 790 545 et,
806 524 830 541 ut
847 520 924 542 cicero
939 520 983 541 nim
1000 520 1023 541 in

230 557 431 586 supplicatiunihun
441 556 586 577 decernendi·
597 557 737 581 suffragetur,
749 559 817 579 runt.

358 595 386 611 (lu
396 594 458 611 Galli·
469 593 562 613 citeri-arc,
573 594 664 613 Antonin,
675 593 775 611 llnlnbcll·
786 600 832 610 con.
849 595 904 613 710.)

284 647 313 672 D.
335 645 488 672 BRUTUS
509 645 584 672 IMP.
607 643 688 671 COS.
710 643 866 671 DESIGN.
888 643 916 671 S.
938 644 968 671 D.

527 691 725 718 CICERONI.

287 738 310 763 ⁴.
332 731 365 763 Si
381 736 414 762 de
431 741 474 762 tua
491 736 517 762 in
531 745 572 762 me
584 736 719 763 voluntate
730 735 892 766 dubitarem,
906 735 999 762 multis
1010 744 1024 761 a

232 780 256 802 te
271 774 363 800 verbis
379 779 505 808 peterem,
524 778 552 800 ut
568 773 726 809 dignitatem
739 782 825 799 meam
838 778 953 805 tuerere¹
977 773 1025 799 sed

231 811 348 846 profecto
363 816 404 838 est
418 811 463 840 ita.
482 816 510 837 ut
521 811 588 837 mihi
601 811 733 845 persuasi.
748 819 790 836 nie
803 810 850 837 tibi
863 819 922 837 esse
933 819 1022 836 curae.

232 850 391 884 Progressus
406 857 466 874 sum
483 848 516 874 ad
533 848 668 883 Inalpinos
683 857 744 874 curn
760 849 889 877 exercitu.
907 853 1025 874 nontam

231 895 327 912 nomen
348 886 548 920 imperatorium
569 891 687 920 captans.
705 894 785 920 quam
802 886 914 920 cupiens
931 884 1025 911 militi-

232 923 283 949 bus
299 923 451 949 satisfacere
468 923 612 958 firmosquo
629 932 674 949 eos
690 923 722 948 ad
739 922 851 949 tuendas
868 927 972 949 nostras
984 931 1025 948 res

209 969 212 975 ·
232 960 347 987 efficere.
373 962 399 986 ⁶2.
413 960 490 992 Quod
502 960 570 986 mihi
583 960 675 987 videor
684 965 858 987 consecutus:
882 968 943 986 nam
954 965 979 986 et
993 959 1026 986 li-

232 997 397 1024 beralitatem
418 1002 544 1029 nostram,
561 1002 588 1024 et
602 999 722 1024 animum
739 1002 802 1024 sunt
816 998 931 1032 experti.
957 997 1025 1024 Cum

231 1035 353 1061 omnium
369 1034 586 1061 bellicosissimis
598 1035 700 1061 bellum
711 1035 797 1071 gessi,
822 1034 905 1060 multa
917 1034 1026 1060 castella

232 1073 301 1107 cepi,
325 1072 408 1098 multa
429 1073 543 1099 vastavi.
574 1073 632 1099 Non
653 1073 712 1098 sine
732 1080 829 1098 caussa
849 1071 882 1097 ad
902 1077 1025 1098 senatum

232 1109 332 1136 litteras
348 1110 421 1135 misi.
447 1109 552 1136 Adiuva
569 1119 616 1136 nos
632 1114 677 1136 tua
688 1109 833 1136 sententia:
856 1109 928 1144 quod
939 1118 1026 1144 quum

232 1146 323 1178 facies,
336 1155 370 1173 ex
379 1155 475 1183 magna
486 1152 560 1182 parte
567 1146 850 1173 communicommodo
858 1147 1024 1173 inservieris.

283 1241 311 1262 V.
327 1241 404 1262 ΑΚΘ.
421 1241 518 1261 Exeo-nt
534 1248 565 1265 ιε,
581 1241 637 1268 quud
654 1241 716 1261 Bruti
731 1241 814 1262 litteri-
825 1248 867 1261 non
879 1240 1025 1268 responderit.

231 1276 332 1296 hort-tm
349 1277 376 1296 nd
394 1276 520 1296 libertatem
538 1277 707 1303 recuperandam
726 1282 792 1303 atque
810 1276 907 1297 studium
925 1283 985 1296 suum
1005 1279 1026 1297 tt

231 1310 306 1331 „ffici-
317 1310 443 1337 polliretur.
459 1313 546 1333 (Romae,
556 1313 646 1333 Antonin,
656 1313 756 1331 Dnlvbcll-
768 1320 814 1331 ross.
830 1314 885 1334 710.)

251 1348 286 1374 M.
308 1347 451 1374 CICERO
472 1347 499 1374 S.
521 1347 552 1374 D.
573 1347 701 1374 BRUTO
721 1348 798 1374 lMP.
820 1347 902 1375 COS.
924 1347 1005 1375 DES.

289 1394 311 1419 l.
334 1388 433 1427 Lupus
449 1391 589 1419 familiaris
610 1397 707 1423 noster.
725 1401 811 1428 quum
826 1401 840 1419 a
856 1397 880 1419 te
896 1394 1023 1424 venisset,

231 1438 372 1465 quumque
391 1430 488 1456 Romae
509 1429 642 1464 quosdam
661 1430 721 1456 dies
737 1435 958 1462 commoraretur,
976 1440 1026 1467 ego

231 1476 302 1493 eram
319 1467 346 1493 in
363 1467 396 1493 iis
413 1466 487 1498 locis.
505 1468 534 1493 in
549 1467 651 1502 quibus
663 1467 780 1494 maxime
791 1472 848 1494 tuto
859 1476 901 1494 me
913 1477 972 1495 esse
983 1477 1026 1495 ar-

231 1504 359 1531 bitrabar.
390 1504 427 1530 Eo
448 1504 548 1530 factum
567 1509 617 1536 est,
640 1509 669 1531 ut
684 1504 717 1531 ad
733 1509 757 1531 te
773 1505 865 1539 Lupus
880 1506 939 1532 sine
957 1507 1025 1532 meis

232 1541 328 1568 litteris
343 1541 449 1571 rediret,
467 1550 553 1576 quum
564 1546 653 1568 tamen
664 1547 784 1568 curasset
794 1547 854 1568 tuas
865 1542 898 1569 ad
911 1551 952 1569 me
964 1552 1026 1578 per—

232 1578 365 1605 ferendas.
395 1579 507 1605 Romam
519 1583 607 1605 autem
619 1579 681 1605 veni
693 1588 716 1605 a.
729 1579 757 1605 d.
772 1579 968 1614 quintumldus
975 1581 1026 1607 De-

231 1616 357 1646 eembris,
381 1624 429 1642 nec
448 1616 533 1642 habui
552 1616 703 1652 quidquam
724 1617 872 1651 antiquius,
898 1626 980 1652 quam
996 1622 1026 1644 ut

232 1654 345 1680 Pansam
360 1653 450 1679 statim
468 1654 655 1680 convenirem:
681 1662 716 1680 ex
730 1662 784 1688 quo
799 1662 830 1680 ea
846 1653 880 1680 de
890 1658 914 1680 te
925 1663 1025 1690 cogno-

233 1691 269 1721 vi,
287 1699 356 1725 quae
371 1691 489 1717 maxime
503 1691 639 1726 optabam.
665 1690 752 1723 Quare
764 1691 911 1718 hortatione
922 1696 951 1718 tu
962 1693 1026 1727 qui-

232 1727 294 1754 dem
306 1736 358 1753 non
370 1736 441 1763 eges,
455 1728 479 1754 si
490 1736 523 1754 ne
534 1728 580 1754 illa
591 1727 702 1763 quidem
714 1729 741 1754 in
753 1736 790 1759 re,
806 1736 876 1763 quae
889 1737 903 1754 a
915 1733 939 1755 te
950 1734 1025 1765 gesta

232 1769 273 1791 est
293 1769 352 1799 post
373 1765 513 1791 hominum
533 1766 689 1792 memoriam
710 1765 842 1796 maxima,
864 1765 1024 1792 hortatorem

232 1802 402 1828 desiderasti.
422 1804 448 1828 2.
463 1801 533 1828 Illud
544 1807 632 1829 tamen
644 1802 976 1838 brevitersignificandum
983 1804 1026 1830 vi-

233 1839 320 1870 detur,
337 1838 468 1874 populum
484 1840 634 1866 Romanum
644 1840 734 1866 omnia
745 1848 759 1865 a
770 1844 794 1866 te
808 1845 972 1875 exspectare,
986 1846 1026 1867 at-

233 1884 286 1911 que
306 1877 334 1902 in
354 1880 378 1902 te
398 1875 544 1911 aliquando
558 1876 756 1912 recuperandae
773 1876 902 1903 libertatis
917 1887 1024 1904 omnem

233 1921 309 1948 spem
320 1921 429 1948 ponere.
451 1914 500 1944 Tu.
513 1914 538 1941 si
549 1914 607 1940 dies
619 1915 1025 1950 noctesquememineris,(quod

233 1956 258 1977 te
269 1949 355 1977 facere
365 1955 437 1977 certo
450 1951 527 1986 scio.)
537 1956 665 1986 quantam
677 1960 732 1978 rem
744 1952 874 1987 gesseris:
897 1961 949 1979 non
955 1952 1026 1979 obli—

233 1988 337 2014 viscere
356 1987 482 2022 profecto,
504 1993 620 2023 quantae
640 1989 690 2015 tibi
709 1989 790 2015 etiam
805 1997 877 2015 nunc
892 1990 1025 2025 gerendae
1047 2019 1048 2028 ἵ

233 2026 297 2052 sint.
319 2025 348 2051 Si
359 2026 432 2051 enim
443 2026 494 2052 iste
504 2027 670 2061 provinciam
683 2031 776 2052 nactus
787 2027 846 2057 erit,
859 2028 904 2053 cui
914 2027 1025 2062 quidem

233 2071 283 2099 ego
303 2070 410 2097 semper
429 2063 532 2090 amicus
552 2062 591 2089 fui
611 2069 680 2094 ante,
702 2072 784 2098 quam
800 2063 878 2090 illum
893 2064 1024 2096 intellexi,

234 2108 286 2126 non
307 2099 386 2126 modo
405 2104 504 2135 aperte,
522 2100 570 2127 sed
585 2101 665 2127 etiam
680 2100 794 2127 libenter
808 2109 871 2127 cum
886 2101 1026 2136 republica

233 2136 336 2164 bellum
351 2145 453 2173 gerere,
470 2146 546 2172 spem
563 2137 694 2173 reliquam
710 2137 812 2164 nullam
828 2138 908 2166 video
919 2139 1024 2166 salutis.

233 2176 259 2201 3.
289 2174 470 2207 Quamobrem
491 2179 515 2201 te
530 2174 641 2202 obsecro
656 2175 754 2202 iisdem
769 2176 906 2210 precibus,
923 2176 1026 2212 quibus

233 2211 262 2238 S.
277 2212 308 2238 P.
321 2211 355 2243 Q.
369 2212 402 2238 R.
417 2216 446 2238 ut
460 2212 487 2238 in
503 2216 663 2247 perpetuum
678 2212 875 2247 rempublicam
887 2213 1025 2240 dominatu

233 2249 308 2285 regio
322 2248 430 2279 liberes,
443 2254 473 2276 ut
484 2250 625 2284 principiis
636 2250 804 2277 consentiant
814 2251 915 2277 exitus.
937 2251 1025 2277 Tuum

234 2291 275 2312 est
289 2286 339 2312 hoc
353 2294 463 2317 munus,
481 2291 540 2313 tuae
556 2291 658 2322 partes:
685 2292 734 2314 ate
746 2287 796 2314 hoc
806 2288 902 2314 civitas
912 2288 956 2315 vel
967 2297 1027 2315 om-

234 2332 281 2349 nes
301 2323 391 2358 potius
411 2327 505 2359 gentes
524 2333 577 2351 non
596 2329 753 2359 exspectant
767 2324 865 2356 solum,
882 2325 929 2352 sed
945 2326 1025 2352 etiam

233 2360 380 2394 postulant.
409 2361 588 2397 Quamquam,
604 2370 690 2397 quum
705 2362 853 2389 hortatione
867 2371 921 2389 non
935 2371 1023 2398 egeas,

234 2401 264 2423 ut
277 2406 359 2432 supra
373 2399 480 2433 scripsi,
494 2407 546 2425 non
556 2403 616 2425 utar
624 2407 654 2425 ea
665 2399 791 2434 pluribus
802 2399 907 2426 verbis:
929 2399 1025 2426 faciam

234 2433 312 2465 illud,
330 2435 402 2469 quod
416 2444 507 2462 meum
522 2441 571 2467 est,
588 2441 618 2462 ut
628 2436 679 2462 tibi
688 2437 780 2462 omnia
790 2444 849 2462 mea
858 2436 955 2468 officia,
968 2442 1026 2463 stu-

235 2469 288 2500 dia,
306 2479 394 2502 curas,
410 2474 584 2508 cogitationes
599 2473 737 2508 pollicear,
752 2481 822 2507 quae
838 2473 871 2499 ad
882 2478 956 2500 tuam
967 2474 1026 2500 lau-

235 2506 297 2548 dem
311 2512 338 2533 et
351 2507 463 2543 gloriam
479 2510 662 2544 pertinebunt.
686 2510 866 2542 Quamobrem
882 2511 965 2537 velim
976 2511 1026 2537 tibi

235 2547 271 2585 ita
285 2545 457 2578 persuadeas,
475 2555 517 2572 me
532 2551 590 2574 tum
600 2547 766 2582 reipublicae
775 2555 880 2578 caussa,
893 2557 963 2583 quae
973 2549 1027 2574 mi-

235 2579 265 2606 hi
284 2581 339 2607 vita
359 2589 418 2608 mea
437 2587 478 2609 est
499 2584 593 2615 carior,
610 2589 668 2611 tum
683 2583 756 2620 quod
770 2584 821 2610 tibi
835 2585 894 2619 ipse
909 2585 1023 2616 faveam,

235 2620 363 2653 tuamque
382 2617 540 2655 dignitatem
559 2621 717 2656 amplificari
737 2621 829 2653 velim,
847 2622 902 2649 tuis
915 2623 1026 2658 optimis

931 87 965 113 Μ.
996 87 1026 113 Τ.
1061 86 1335 113 CttzssnoNtS

1071 157 1205 186 consiliis,
1233 156 1420 192 amplitudini,
1451 156 1551 192 gloriae
1579 157 1653 184 nullo
1679 158 1735 184 loco
1754 157 1862 184 defutu-

1073 203 1141 220 rum.
1166 193 1262 231 [Vale]

1128 269 1163 289 Vt.
1181 268 1256 288 Atto.
1276 267 1354 288 ctam
1371 268 1433 288 timii
1449 268 1577 292 diruti-te·-
1594 268 1637 288 uita}
1653 276 1717 289 eur-e
1732 269 1787 293 forr,
1798 269 1863 296 idque

1073 304 1115 324 inu
1135 303 1156 323 in
1177 307 1254 323 nen-tu
1273 303 1406 323 utut-nium
1426 310 1474 323 ene
1494 303 1602 323 rescribit.

1257 340 1342 359 {tt-,mm
1354 341 1441 359 Anium,
1452 339 1552 356 uui-inu·
1563 347 1608 356 (a...
1625 342 1678 361 τισι)

1099 384 1133 410 Μ,
1156 383 1277 409 (nemo
1298 383 1326 408 S.
1349 383 1378 408 l).
1401 383 1431 408 D.
1453 382 1563 408 BRUTO
1584 383 1650 408 lMl'.
1673 383 1745 409 eos,
1768 382 1840 409 DES.

1134 423 1156 446 t.
1178 416 1276 454 Lupus
1292 425 1380 446 noster
1395 428 1480 454 quum
1497 420 1604 445 llomam
1622 426 1696 446 sexto
1709 420 1752 446 die
1764 421 1864 446 Mutina

1076 458 1201 486 venisset,
1216 457 1344 492 {nisti-idio
1356 466 1397 483 me
1411 466 1486 482 mane
1499 458 1636 487 convenit,
1661 462 1704 483 tua
1716 457 1866 483 mihiman-

1075 495 1134 521 data
1146 495 1355 527 diligentissime
1366 495 1491 528 exposuit
1501 494 1634 520 etlittcras
1641 493 1766 520 reddidit.
1788 494 1865 526 Quod

1076 533 1143 559 inihi
1165 537 1236 558 tuam
1258 531 1415 566 dignitatem
1431 531 1617 559 commendas,
1639 531 1732 557 eodem
1749 536 1866 566 tempore

1075 570 1201 596 existimo
1226 574 1249 594 te
1277 569 1343 594 milii
1370 578 1455 594 meatu
1484 569 1641 603 dignitatem
1667 568 1864 598 cointiiendare,

1075 616 1156 642 quam
1173 606 1325 632 mehercule
1342 614 1393 631 non
1407 605 1491 631 habeo
1502 611 1545 632 tua
1557 606 1696 631 cariorem.
1717 605 1803 637 Quare
1815 607 1867 631 ini-

1077 645 1104 670 hi
1125 644 1309 678 gratissimum
1331 642 1421 673 facies,
1444 643 1467 669 si
1488 643 1656 677 exploratum
1674 642 1794 672 habebis,
1813 643 1866 669 tuis

1077 682 1203 708 laudibus
1215 680 1289 707 nullo
1301 680 1357 707 loco
1368 689 1416 706 nec
1429 680 1572 706 consilium
1586 689 1632 706 nec
1644 680 1764 706 studium
1777 688 1866 706 meum

1076 719 1243 745 defuturum.
1266 720 1290 744 2.
1305 719 1394 750 Quum
1407 717 1506 743 tribuni
1521 717 1608 752 plebis
1619 717 1776 745 edixissent.
1789 726 1867 743 sena-

1077 762 1119 782 tus
1136 756 1241 782 adesset
1259 764 1282 781 a.
1299 755 1326 781 (l.
1342 763 1414 780 aiii.
1431 755 1488 781 Kal.
1505 755 1559 781 lan.
1577 754 1759 790 haberentque
1772 755 1797 780 in
1809 755 1867 780 ani-

1077 802 1120 820 mo
1148 793 1181 819 de
1206 793 1340 827 praesidio
1363 792 1505 818 consulum
1527 791 1728 827 designatorum
1754 791 1864 820 referre:

1076 839 1240 866 quamquam
1259 835 1402 856 statueram
1420 830 1445 856 in
1462 834 1583 856 senatum
1596 834 1656 855 ante
1672 829 1730 855 Kal.
1747 829 1801 855 lan.
1815 837 1866 855 non

1078 869 1182 894 venire:
1211 873 1308 898 tamen.
1326 876 1411 901 quum
1422 875 1453 893 eo
1464 866 1507 893 die
1520 868 1579 901 ipso
1589 866 1706 892 edictum
1718 871 1793 892 tuum
1806 874 1868 901 pro-

1077 907 1195 940 positum
1207 910 1285 935 esset.
1299 904 1373 931 nefas
1384 913 1442 930 csse
1453 904 1529 933 duxi.
1542 905 1627 930 autita
1636 904 1867 934 haberisenatum,

1078 948 1106 970 ut
1126 943 1159 969 de
1176 943 1229 969 tuis
1243 942 1345 968 divinis
1362 943 1387 968 in
1404 941 1598 976 rempublicam
1615 942 1718 967 meritis
1733 940 1867 971 sileretur,

1077 980 1158 1015 (quod
1175 979 1275 1006 factum
1289 984 1368 1008 essct.
1387 979 1440 1005 nisi
1455 987 1504 1014 ego
1520 979 1676 1012 venissem„
1691 983 1745 1008 aut,
1762 978 1868 1004 etiamsi

1077 1017 1144 1052 quid
1155 1017 1188 1043 de
1201 1022 1224 1043 tc
1236 1017 1380 1043 honorilice
1391 1016 1533 1046 diceretur,
1547 1024 1588 1041 me
1601 1024 1652 1042 nou
1659 1015 1763 1041 adesse.
1785 1016 1870 1042 &lta-

1077 1063 1130 1089 que
1147 1055 1173 1081 in
1190 1059 1313 1080 senatum
1329 1054 1391 1079 veni
1408 1062 1495 1079 mane.
1535 1052 1613 1084 Quod
1629 1061 1714 1087 quum
1730 1057 1800 1079 esset
1810 1053 1871 1079 ani-

1078 1091 1264 1121 madversum,
1288 1091 1501 1125 frequentissimi
1521 1095 1656 1116 senatores
1675 1094 1868 1116 convenerunt.

1077 1130 1150 1161 Quae
1165 1129 1198 1155 de
1215 1134 1238 1155 te
1254 1129 1280 1155 in
1295 1133 1390 1154 senatu
1401 1129 1512 1163 egerim.
1525 1136 1594 1162 quae
1605 1128 1632 1153 in
1643 1127 1770 1153 concione
1782 1128 1871 1153 maxi-

1078 1176 1120 1193 ma
1134 1166 1259 1196 dixerim,
1273 1165 1386 1192 aliorum
1399 1170 1422 1191 te
1435 1164 1778 1200 litterismalocognoscere.
1799 1163 1870 1191 lllud

1078 1204 1127 1230 tibi
1143 1203 1306 1238 persuadeas
1323 1203 1414 1233 velim,
1433 1211 1474 1229 me
1489 1203 1588 1232 omnia.
1605 1210 1674 1237 quae
1689 1201 1723 1228 ad
1739 1207 1812 1228 tuam
1827 1201 1871 1228 di-

1077 1242 1206 1277 gnitatem
1221 1240 1372 1276 augendam
1388 1240 1570 1275 pertinebunt,
1587 1248 1656 1274 quae
1665 1244 1707 1265 est
1716 1247 1764 1274 per
1773 1248 1801 1266 se
1812 1247 1872 1265 am-

1077 1278 1210 1313 plissima,
1227 1286 1334 1305 summo
1349 1286 1457 1312 semper
1471 1277 1562 1304 studio
1576 1281 1767 1311 suscepturum
1782 1282 1808 1303 et
1822 1276 1872 1303 de-

1078 1316 1232 1348 fensurum,
1260 1315 1332 1350 quod
1347 1323 1513 1350 quamquam
1529 1313 1650 1350 intelligo
1666 1322 1708 1340 me
1721 1322 1783 1340 cum
1798 1313 1871 1340 mul-

1077 1354 1111 1380 tis
1131 1361 1195 1380 esse
1211 1352 1355 1384 facturum,
1371 1357 1460 1379 tamen
1475 1356 1599 1387 appetam
1614 1351 1698 1378 huius
1711 1352 1750 1378 rei
1768 1351 1872 1387 princi-

1077 1396 1181 1426 patum.

1130 1467 1180 1489 vu.
1199 1467 1275 1488 ΔΕΘ.
1294 1466 1384 1491 Suadet.
1399 1470 1425 1487 ut
1438 1466 1531 1487 nluten
1545 1465 1622 1494 populi
1637 1466 1664 1487 R.
1673 1468 1752 1493 suopte
1762 1465 1872 1486 urbita-nu:

1077 1506 1172 1528 tueatur,
1183 1507 1273 1523 sen-tun
1284 1502 1438 1523 auctoritatem
1448 1509 1492 1522 non
1502 1501 1628 1529 opperiens.

1261 1539 1348 1561 (Rom-e,
1356 1539 1448 1560 Antonio,
1458 1539 1559 1556 Dat-bett-
1570 1545 1616 1556 oen.
1631 1539 1687 1558 tto.)

1100 1583 1136 1609 M.
1157 1582 1279 1609 CICERO
1299 1581 1328 1609 S.
1349 1582 1380 1608 D.
1401 1582 1432 1608 D.
1453 1581 1564 1608 BRUTO
1584 1581 1653 1608 [MP.
1674 1579 1748 1608 COS.
1768 1579 1841 1606 DES.

1136 1621 1158 1646 t.
1182 1616 1279 1652 Quum
1299 1619 1470 1645 adhibuisset
1489 1618 1563 1645 domi
1582 1626 1656 1644 meae
1677 1618 1771 1652 Lupus
1786 1625 1829 1643 me
1845 1621 1872 1643 et

1077 1657 1207 1683 Libonem
1222 1661 1248 1683 et
1266 1656 1401 1687 Servium,
1418 1656 1611 1682 consobrinum
1623 1660 1709 1684 tuum,
1731 1662 1800 1688 quae
1812 1662 1870 1680 mea

1077 1694 1158 1721 fuerit
1172 1694 1311 1722 sententia.
1330 1701 1460 1729 cognosse
1476 1698 1500 1719 te
1511 1701 1545 1719 ex
1556 1693 1592 1719 M.
1613 1692 1677 1718 Seio
1687 1691 1809 1721 arbitror,
1821 1691 1871 1726 qui

1077 1736 1167 1758 nostro
1181 1732 1299 1757 sermoni
1314 1730 1446 1757 interfuit.
1467 1729 1590 1764 Reliqua,
1603 1737 1769 1764 quamquam
1780 1729 1871 1754 statim

1077 1769 1170 1795 Seium
1191 1768 1337 1795 Graeceius
1352 1773 1392 1794 est
1406 1767 1580 1797 subsecutus.
1598 1771 1685 1793 tamen
1698 1775 1732 1792 ex
1743 1766 1871 1793 Graeceio

1077 1807 1178 1841 poteris
1198 1813 1369 1841 cognoscere.
1394 1806 1420 1831 2.
1435 1805 1522 1840 Caput
1536 1809 1625 1830 autem
1641 1803 1750 1834 estimo,
1762 1802 1836 1838 quod
1847 1808 1871 1829 te

1077 1843 1286 1879 diligentissime
1302 1843 1440 1878 percipere
1451 1847 1477 1868 et
1486 1842 1644 1868 meminisse
1654 1841 1745 1870 velim.
1759 1845 1789 1866 ut
1799 1848 1831 1866 ne
1843 1841 1870 1866 in

1078 1880 1200 1907 libertate
1215 1885 1242 1907 et
1256 1879 1342 1906 salute
1357 1879 1452 1915 populi
1463 1879 1576 1906 Romani
1585 1877 1769 1905 conservanda
1780 1882 1873 1904 aucto-

1077 1919 1182 1944 ritatem
1196 1922 1306 1944 senatus
1317 1921 1466 1952 exspectes,
1479 1915 1600 1943 nondum
1612 1915 1700 1946 liberi,
1713 1923 1746 1941 ne
1757 1919 1783 1941 et
1793 1919 1871 1941 tuum

1077 1955 1177 1982 factum
1188 1954 1360 1985 condemnes.
1376 1953 1461 1989 (nullo
1472 1954 1544 1980 enim
1555 1952 1667 1988 publico
1676 1951 1790 1979 consilio
1799 1960 1872 1978 rem-

1077 1992 1216 2028 publicam
1231 1992 1395 2018 liberavisti:
1422 1999 1478 2026 quo
1491 1992 1573 2017 etiam
1588 1995 1630 2016 est
1639 1998 1682 2016 res
1693 1989 1740 2016 illa
1751 1989 1835 2015 maior
1845 1994 1872 2016 et

1077 2029 1199 2065 clariorz)
1222 2035 1248 2056 et
1258 2029 1464 2060 adolescentem,
1481 2028 1523 2055 vel
1535 2036 1650 2063 puerum
1660 2027 1760 2062 potius.
1774 2026 1872 2053 Caesa-

1078 2076 1144 2099 rem,
1161 2067 1267 2093 iudices
1282 2071 1381 2093 temere
1397 2065 1502 2096 fecisse.
1515 2066 1564 2100 qui
1574 2070 1674 2092 tantam
1684 2072 1807 2091 caussam
1819 2072 1872 2098 pu-

1078 2104 1178 2131 blicam
1192 2105 1297 2140 privato
1311 2103 1424 2131 consilio
1434 2103 1596 2137 susceperit:
1619 2102 1736 2137 denique
1747 2101 1872 2127 homines

1078 2143 1202 2172 rusticos,
1220 2141 1269 2168 sed
1284 2141 1444 2168 fortissimos
1457 2141 1530 2166 viros
1545 2141 1675 2174 civesque
1684 2139 1810 2173 optimos,
1822 2137 1872 2164 de·-

1078 2184 1181 2206 mentes
1204 2178 1288 2205 fuisse
1312 2178 1431 2208 iudices,
1456 2178 1576 2212 primum
1600 2176 1700 2203 milites
1720 2180 1868 2205 veteranos.

1077 2216 1274 2243 commilitones
1289 2221 1359 2247 tuos,
1377 2214 1476 2242 deinde
1492 2214 1625 2251 legionem
1640 2213 1772 2243 Martiam.
1786 2212 1872 2248 legio-

1077 2262 1139 2280 nem
1148 2253 1284 2286 Quartam,
1297 2261 1368 2288 quae
1377 2261 1459 2279 suum
1468 2251 1606 2279 consulem
1618 2251 1722 2277 hostem
1731 2249 1871 2276 iudicave-

1077 2295 1140 2317 runt
1154 2299 1238 2326 seque
1252 2290 1286 2317 ad
1296 2290 1412 2317 salutem
1422 2288 1588 2324 reipublicae
1598 2287 1795 2314 defendendam
1805 2295 1872 2313 oon-

1077 2327 1206 2354 tulerunt.
1227 2327 1356 2354 Voluntas
1372 2331 1484 2353 senatus
1495 2335 1543 2361 pro
1553 2326 1706 2352 auctoritate
1718 2324 1812 2350 haberi
1821 2323 1872 2350 de-

1076 2365 1130 2396 bet,
1153 2373 1239 2400 quum
1258 2365 1400 2391 auctoritas
1414 2363 1562 2398 impeditur
1576 2367 1659 2388 metu.
1690 2363 1715 2388 3.
1733 2362 1870 2388 Postremo

1077 2407 1202 2437 suscepta
1217 2402 1267 2428 tibi
1283 2410 1378 2428 caussa
1388 2402 1442 2427 iam
1453 2401 1496 2427 bis
1507 2404 1555 2430 est,
1568 2404 1597 2425 ut
1608 2407 1661 2425 non
1672 2399 1708 2425 sit
1717 2399 1867 2434 integrum:

1076 2440 1197 2474 primum
1216 2439 1311 2466 Idibus
1330 2439 1445 2471 Martiis3
1478 2436 1576 2464 deinde
1595 2436 1727 2471 proxime,
1749 2435 1869 2462 exercitu

1076 2485 1146 2503 novo
1160 2481 1187 2503 et
1200 2477 1286 2511 copiis
1301 2475 1472 2511 comparatis.
1497 2473 1678 2506 Quamobrem
1688 2473 1722 2499 ad
1731 2473 1822 2499 omnia
1832 2473 1869 2498 ita

1075 2518 1193 2548 paratus,
1211 2514 1247 2540 ita
1264 2514 1398 2540 animatus
1413 2511 1496 2538 debes
1510 2519 1579 2541 esse,
1592 2519 1645 2537 non
1656 2514 1686 2536 ut
1696 2509 1765 2536 nihil
1775 2508 1866 2540 facias.

1076 2552 1129 2577 nisi
1145 2551 1250 2577 iussus:
1277 2550 1325 2577 sed
1338 2554 1368 2576 ut
1382 2557 1413 2575 ea
1427 2556 1513 2585 geraS,
1530 2556 1600 2583 quae
1611 2547 1644 2574 ab
1655 2547 1783 2574 omnibus
1793 2555 1869 2573 sum-

1076 2596 1119 2614 ma
1129 2596 1193 2616 cum
1203 2587 1379 2615 admiratione
1390 2585 1542 2612 laudentur.
