1941 3052
749 159 1067 187 FRAGMENTA.

84 236 123 262 te,
141 230 214 266 quod
224 234 279 257 erat
290 230 317 257 in
328 230 425 266 poculo
437 229 586 266 reliquum,
603 230 701 257 Critiae
716 231 880 266 propinavit.

87 270 144 296 ΗΞ.
165 269 235 305 Ergo
246 267 292 294 ille
304 269 331 294 in
343 277 391 294 sua
403 273 486 294 morte
498 269 540 294 vir
549 267 638 294 clarus
649 273 675 295 et
685 269 793 303 sapiens
806 268 883 295 lude-

84 306 144 334 hat:
161 315 209 332 nos
221 307 248 332 in
261 305 377 332 filiorum
389 310 434 332 aut
445 305 568 332 affinium
579 310 662 332 morte
673 305 847 341 lugebimus?
857 310 883 332 et

84 348 206 370 veterum
227 343 297 369 dicta
321 342 441 378 quotidie
463 342 582 378 legentes
603 347 682 377 atque
700 343 879 373 addiscentes,

83 380 220 416 praeclara
231 380 363 406 ducemus
371 401 377 411 ,
395 380 519 415 exempla
530 380 754 415 repudiabimus?
768 386 813 407 aut
823 389 881 407 eam

86 419 182 448 vitam,
200 426 269 453 quae
285 422 397 444 mortem
413 418 480 444 hanc
491 422 666 444 consecutura
677 422 729 449 est,
745 419 883 444 immorta-

85 454 152 487 lem,
170 455 290 487 beatam,
308 464 322 481 a
339 455 457 481 miseriis
472 455 599 481 omnibus
616 464 741 485 vacuam,
760 455 883 490 neglige-

84 492 165 519 mus?
184 492 316 524 Quamvis
331 493 404 518 enim
419 492 524 518 nudum
539 501 637 527 eorpus
652 498 678 519 et
691 494 815 519 exanime
825 493 883 518 dis-

83 530 183 557 cedens
193 529 329 565 relinquat
339 530 460 561 animus,
478 538 526 556 nec
542 529 659 565 amplius
676 530 753 556 liceat
768 530 880 561 homini,

83 568 132 602 qui
144 576 158 594 e
171 568 226 595 vita
236 567 369 599 discedat,
392 568 450 594 suis
461 567 573 602 opibus,
592 568 683 599 bonis,
705 567 810 594 divitiis
822 576 883 602 per-

85 604 151 632 frui:

158 657 195 662 —
205 657 242 662 -—
252 645 379 673 adstante,
393 646 422 668 ut
433 641 479 668 ille
490 642 535 674 ait,
549 651 593 675 ope
605 644 752 673 barbarica,

159 682 230 707 tectis
241 681 354 708 caelatis,
368 681 510 713 laqueatis:

84 722 173 744 tamen
185 717 269 744 multo
281 717 429 743 maioribus
440 717 555 743 ethonis
566 721 592 743 et
601 717 714 751 opibus,
728 725 796 752 quae
808 716 881 742 nulla

84 759 203 782 vetustas
215 755 348 785 absumet,
358 754 431 780 nulla
442 755 484 780 vis
496 755 600 789 eripiet,
609 755 715 789 piorum
727 759 830 780 mentes
840 762 884 780 as-

83 792 317 827 siduepotiuntur.
328 792 452 818 XXXIII.
465 794 519 818 113.
527 792 578 818 Sed
586 792 754 818 dimittamus
761 796 883 818 etexem-

84 829 127 864 pla
139 829 272 856 clarorum
286 830 470 860 hominum,et
482 829 588 855 illorum
602 830 710 855 virtutis
722 830 881 864 impressam

84 867 204 894 historiis
217 868 387 894 memoriam:
402 867 544 893 veniamus
555 867 587 893 ad
600 866 636 898 id,
645 867 794 901 quodunus
806 867 883 901 quis—

83 913 137 940 que
148 914 230 931 sensu
242 905 370 940 percipit,
387 909 573 939 quantumque
590 912 624 930 ex
638 909 721 930 morte
733 912 883 938 consequa-

84 951 146 968 mur
157 942 331 969 emolumenti
344 951 373 969 ac
384 941 532 972 commodi,
555 950 583 967 re
599 942 657 976 ipsa
673 941 804 976 factisque
820 950 883 976 pro—

84 979 191 1006 bemus.
230 980 272 1006 Ex
288 988 341 1015 qua
358 979 472 1006 docendi
487 988 517 1005 ac
533 979 690 1013 disputandi
706 979 806 1005 ratione
821 987 882 1013 per-

84 1017 178 1052 spicue
189 1018 287 1044 veritas
299 1017 436 1047 elucescit,
449 1016 571 1052 quidque
584 1016 633 1043 boc
645 1016 723 1043 modo
733 1025 761 1043 se
774 1016 879 1048 habeat,

84 1054 126 1081 vel
139 1054 194 1086 illo,
208 1054 285 1081 facile
294 1060 382 1089 potest
392 1055 520 1089 perspici.
555 1055 610 1080 itt.
633 1054 661 1080 Si
673 1055 819 1089 quisquam
831 1059 879 1085 est,

83 1093 132 1127 qui
152 1092 285 1118 secundos
307 1093 334 1118 in
355 1092 428 1118 omni
448 1093 501 1118 vita
516 1100 604 1118 rerum
621 1092 710 1118 exitus
726 1092 841 1126 adipisci
857 1096 883 1118 et

83 1130 213 1165 consequi
225 1130 318 1164 possit,
333 1129 456 1164 nihilque
468 1130 559 1155 timeat
573 1129 693 1160 adversi,
717 1129 789 1156 hunc
804 1137 882 1156 nemo

83 1166 193 1193 infitiari
211 1167 308 1202 poterit
329 1168 386 1193 iure
411 1166 558 1198 dicturum,
580 1167 604 1192 si
625 1167 707 1193 vitam
723 1167 777 1193 sibi
799 1171 881 1193 morte

84 1204 177 1231 multis
189 1205 311 1239 partibus
323 1204 460 1231 meliorem
473 1204 596 1230 affirmet.
637 1205 720 1239 Atqui
737 1213 815 1231 nemo
831 1209 879 1235 est,

82 1242 131 1276 qui
147 1251 200 1268 non
217 1242 295 1268 modo
313 1243 436 1268 miserias
451 1246 530 1276 atque
547 1250 689 1267 aerumnas
710 1242 743 1268 ab
764 1242 881 1268 humana

83 1280 138 1306 vita
149 1288 300 1315 segregare,
309 1279 356 1305 sed
367 1288 400 1306 ne
412 1279 574 1306 semihoram
586 1279 698 1314 quidem
710 1279 816 1306 felicem
828 1279 882 1306 sibi

83 1325 113 1344 ac
129 1316 234 1343 beatam
254 1317 377 1352 polliceri
394 1317 490 1352 possit.
534 1318 589 1343 ⁴15.
612 1316 711 1343 Metelli
727 1317 781 1343 sihi
799 1317 882 1345 fortu—

83 1363 145 1381 nam
161 1359 270 1390 sperant
284 1363 390 1381 omnes:
414 1354 513 1381 Priami
529 1353 648 1380 sobolem
664 1363 694 1381 ac
710 1363 823 1390 regnum
835 1363 882 1381 ex-

82 1396 175 1427 optant
186 1392 246 1419 alii:
268 1393 347 1427 quasi
360 1401 411 1418 non
421 1397 447 1418 et
457 1391 594 1423 Metellus,
612 1396 665 1418 tam
678 1392 777 1419 multos
788 1397 881 1419 nactus

83 1429 152 1456 filios
163 1438 193 1455 ac
205 1435 324 1465 nepotes,
333 1430 543 1464 quummaxime
555 1429 649 1456 beatus
661 1438 720 1456 esse
732 1435 830 1465 posset,
840 1431 882 1456 in-

82 1468 156 1494 vitus
167 1467 276 1498 obierit,
295 1472 320 1494 et
333 1468 467 1494 Priamum
480 1476 546 1498 non,
564 1468 637 1494 omni
648 1467 772 1494 orbatum
785 1476 882 1503 proge-

82 1505 126 1530 nie
141 1513 301 1540 summoque
313 1504 403 1531 dolore
420 1504 585 1535 confectum,
605 1505 710 1531 hostilis
727 1514 823 1532 manus
840 1507 882 1531 in-

82 1543 226 1569 teremerit.
268 1543 313 1568 llis
329 1543 411 1569 vitam
426 1543 449 1568 si
461 1551 532 1568 mors
544 1541 645 1577 aliquot
657 1547 716 1569 ante
728 1543 805 1569 annis
817 1542 882 1569 ade-

82 1580 188 1610 misset,
212 1588 226 1606 e
247 1579 340 1606 multis
355 1589 400 1606 eos
418 1580 535 1606 miseriis
551 1588 581 1605 ae
597 1579 716 1606 luctibus
730 1580 813 1606 simul
829 1581 882 1606 eri·
910 1605 911 1611 ,

81 1617 199 1651 puisset:
213 1626 281 1652 quos
292 1617 392 1644 ideirco
404 1618 506 1652 experti
517 1622 588 1648 sunt,
597 1618 660 1652 quia
673 1619 755 1644 vitam
766 1618 879 1648 diutius,

81 1662 163 1688 quam
176 1655 296 1689 ipsorum
309 1655 461 1689 requirebat
473 1654 596 1687 felicitas,
610 1655 805 1690 produxerunt.
823 1657 879 1681 ΗΟ.

80 1691 150 1718 ltine
160 1691 206 1718 illa
218 1692 408 1718 miserabiliter
419 1692 570 1719 decantata:

155 1729 225 1756 Haec
236 1732 320 1756 ὀηιηὶιι
333 1732 386 1756 ridi
397 1732 562 1762 inflammari,

158 1767 258 1793 Priamo
269 1770 295 1793 vi
306 1770 384 1793 vitam
397 1765 516 1803 [auferri]

156 1804 224 1830 Iovis
237 1807 313 1831 tirum
323 1807 447 1838 sanquine
458 1807 561 1838 turpari
567 1814 574 1830 :

81 1849 150 1876 quae
167 1850 219 1868 non
236 1841 315 1868 modo
331 1843 407 1871 visu.
430 1841 477 1868 sed
497 1843 578 1868 etiam
595 1840 690 1868 auditu
706 1841 880 1868 acerbissima

81 1883 157 1911 sunt;
171 1879 238 1914 quid
250 1883 377 1914 putamus
388 1880 486 1906 misero
497 1880 568 1915 regi,
586 1880 634 1914 qui
650 1880 739 1905 omnia
750 1884 776 1905 et
790 1878 881 1905 videre

81 1921 108 1943 et
123 1916 216 1943 audire
232 1921 257 1943 et
272 1917 388 1951 experiri
404 1922 512 1943 coaetus
527 1916 585 1943 est‘?
605 1917 676 1943 Num
690 1917 715 1943 ei
728 1916 813 1943 multo
825 1925 882 1942 me-

82 1953 136 1980 lius
156 1954 305 1984 evenisset,
331 1954 354 1980 si
376 1954 457 1981 vitam
478 1955 588 1981 omnino
608 1953 701 1980 multis
717 1959 776 1981 ante
793 1954 879 1984 annis,

81 2000 163 2026 quam
176 1991 240 2018 haec
252 1990 416 2022 acciderent,
440 1991 593 2018 amisisset?
607 1992 728 2018 Forsitan
743 1992 881 2026 quispiam

82 2028 194 2056 dixerit:
219 2028 311 2061 multa,
325 2037 394 2064 quae
407 2029 502 2056 vivens
515 2034 608 2055 nactus
618 2033 667 2059 est.
684 2029 752 2055 bona
771 2029 823 2055 cito
834 2028 882 2055 de-

81 2066 180 2093 cedens
196 2067 304 2101 penitus
320 2066 484 2101 reliquisset.

80 2104 267 2140 gravioribus,
280 2103 371 2139 qualia
384 2104 466 2130 multa
478 2103 584 2130 saecula
597 2112 648 2130 non
661 2103 800 2134 viderunt,
821 2102 881 2129 feli-

81 2141 190 2169 cissime
212 2141 341 2168 liberatus
362 2146 441 2168 esset.
482 2141 606 2167 XXXIV.
636 2142 692 2167 ⁴17.
717 2141 759 2167 Ex
779 2140 880 2175 quibus

80 2179 208 2206 omnibus
224 2178 372 2214 multisque
387 2178 448 2205 aliis
464 2179 638 2214 perspicuum
654 2183 707 2209 cst,
730 2183 880 2213 pervertere

82 2216 205 2243 homines
217 2224 261 2247 ea,
277 2225 346 2252 quae
358 2221 422 2243 sunt
433 2216 566 2242 humanae
581 2215 754 2242 fundamenta
767 2214 881 2242 felicita-

81 2254 129 2285 tis,
143 2262 229 2289 quum
241 2253 383 2280 utilitatem
395 2262 408 2279 a
421 2258 503 2280 morte
515 2254 663 2288 seiungunt
674 2257 719 2279 aut
730 2261 816 2288 quum
829 2254 881 2279 mi-

80 2291 179 2318 seriam
191 2299 254 2317 eum
266 2295 349 2318 morte
360 2295 531 2317 connectunt.
575 2292 630 2316 118.
653 2290 682 2316 L.
694 2290 831 2321 Crassum,
848 2299 881 2317 ex

81 2333 169 2356 nostra
186 2328 293 2354 civitate
313 2327 494 2354 clarissimum
515 2332 541 2354 et
561 2327 815 2362 cloquentissimmu
839 2328 880 2353 vi-

80 2374 155 2397 rum,
173 2370 275 2392 matura
292 2374 363 2391 mors
373 2366 482 2400 (plantis
493 2374 507 2391 e
519 2364 651 2391 molestiis
662 2365 826 2400 quantisque
839 2365 881 2391 in-

80 2402 230 2430 commodis
243 2402 354 2437 eripuit!
378 2403 460 2433 Nam,
477 2411 530 2437 qua
545 2403 572 2428 in
585 2403 697 2437 patriam
709 2403 805 2437 pietate
819 2401 878 2433 suit,

80 2441 159 2467 exiis
171 2440 258 2471 matis,
271 2448 340 2475 quae
353 2444 464 2466 mortem
476 2441 536 2466 eius
547 2445 690 2466 consecuta
701 2445 777 2471 sunt,
792 2441 880 2466 inere-

79 2477 208 2509 dibilem,
226 2478 249 2504 si
267 2478 393 2508 vixisset,
411 2476 528 2503 dolorem
541 2477 697 2512 accepisset.
742 2479 796 2504 ΗΕ).
821 2477 880 2503 1³11·-

80 2515 168 2550 gravit
179 2515 251 2542 enim
264 2514 334 2541 bello
346 2514 432 2545 ltalia,
446 2514 547 2541 exarsit
557 2518 666 2540 senatus
679 2514 795 2545 invidia,
810 2513 878 2540 nihil

79 2552 198 2588 deniquo
210 2552 236 2579 in
248 2553 356 2579 civitate
369 2551 432 2582 suit,
450 2551 522 2586 quod
535 2560 586 2578 non
598 2552 657 2578 eius
669 2552 797 2586 temporis
808 2551 879 2578 cala-

80 2589 201 2616 mitatem
223 2589 381 2624 luctumque
402 2589 573 2623 persenserit.
614 2589 681 2614 Nam
702 2588 768 2624 quid
787 2588 878 2625 fugam

79 2627 166 2657 Marii,
180 2626 247 2662 quid
259 2631 354 2657 cetera,
371 2635 439 2661 quae
452 2627 478 2652 in
491 2625 565 2652 illius
577 2624 699 2652 discessu
711 2625 876 2655 aeciderunt,

80 2665 198 2690 maxime
219 2663 338 2691 luctuosa
359 2672 519 2698 summeque
544 2662 695 2689 miseranda
716 2672 879 2690 commemo-

80 2700 154 2728 rem‘?
172 2701 239 2737 quid
251 2701 366 2728 reditum
380 2701 456 2728 illum
468 2701 688 2737 sanguinarium,
702 2701 781 2728 cuius
791 2710 825 2728 ex
836 2710 878 2728 re-

526 2066 578 2093 Sed
590 2076 602 2092 a
616 2066 694 2092 malis
706 2066 785 2092 etiam
797 2065 882 2092 multo
910 2070 911 2079 ¹

1665 165 1728 190 ⁴355

934 230 1087 257 cordatione
1101 240 1180 258 nemo
1195 236 1235 258 est
1250 232 1298 267 qui
1314 241 1366 258 non
1378 232 1482 259 intimis
1493 233 1620 259 sensibus
1631 234 1730 260 exhor-

934 273 1028 295 rescat.
1071 270 1127 295 ⁴20.
1152 269 1286 295 Tenemus
1301 270 1373 295 enim
1390 271 1519 297 memoria
1534 276 1579 297 aut
1590 270 1683 297 saltem
1696 280 1729 299 ex

934 310 1039 340 patrum
1055 307 1163 341 scriptis
1178 307 1345 341 accepimus,
1367 307 1584 334 crudelissimam
1607 309 1729 335 omnium

933 343 1042 369 caedem
1055 343 1101 370 illo
1113 349 1230 378 tempore
1242 353 1300 370 esse
1313 344 1418 375 factam,
1435 345 1580 372 trucidatos
1592 345 1676 372 bonos
1687 347 1730 373 vi-

934 389 975 406 ros
992 385 1017 406 et
1031 381 1118 411 cives,
1137 381 1236 407 incisas
1250 390 1342 408 eorum
1354 382 1473 408 cervices
1485 383 1512 409 in
1523 384 1670 418 rostrisque
1682 392 1731 418 po-

933 418 1012 448 sitas,
1035 419 1083 452 qui
1104 418 1250 445 multorum
1270 419 1373 445 civium
1388 419 1502 446 salutem
1521 429 1551 446 ac
1570 420 1728 455 dignitatem

934 454 1085 489 eloquentia
1097 456 1273 490 peperissent.
1314 456 1398 488 Quam
1415 457 1513 483 multos
1529 466 1563 484 ex
1577 457 1622 484 illa
1639 459 1725 493 reipu-

934 491 1020 518 blicae
1032 497 1187 527 tempestate
1201 502 1410 520 commemorare
1425 503 1584 529 possumus,
1603 497 1732 522 innoeen—

934 530 1054 556 tissimos
1066 530 1188 557 homines
1199 536 1278 566 atque
1289 532 1418 566 optimos,
1432 537 1461 558 ut
1471 532 1673 558 acerbissimam
1686 542 1728 559 ca—

935 566 1080 593 lamitatem
1092 568 1247 604 effugerent,
1257 568 1405 595 libertatem
1413 574 1496 595 morte
1508 571 1657 604 quaesisse!
1673 572 1728 596 ⁴2⁴.

934 604 955 630 Ο
971 604 1096 631 acerbum
1118 614 1148 631 ac
1169 607 1272 632 nemini
1287 615 1339 632 non
1356 606 1547 640 poenitendum
1565 607 1730 641 reipublicae

934 646 1032 668 statum
1044 642 1278 678 conditionemque
1291 644 1413 670 vivendi!
1434 653 1519 679 quum
1530 653 1575 670 eos
1588 645 1668 678 ipsos,
1682 646 1729 679 qui

934 679 1129 714 rempublicam
1151 689 1200 706 suo
1217 680 1305 706 labore
1321 690 1424 716 suoque
1443 682 1573 716 sanguine
1594 683 1727 713 auxerint,

934 717 1065 747 iuverint,
1088 719 1233 748 servarint,
1255 727 1389 753 nusquam
1406 723 1474 748 tuto,
1493 719 1615 753 nihilque
1632 720 1728 755 magis,

934 763 1015 788 quam
1032 755 1245 790 propinquorum
1262 764 1358 781 manus
1374 765 1403 782 ac
1417 756 1521 791 gladios
1534 757 1657 782 timentes
1669 757 1730 783 bor-

934 796 1122 827 rescentesque
1137 792 1243 819 videas:
1260 792 1367 819 illorum
1379 798 1481 823 antem,
1497 802 1612 828 (piorum
1629 803 1678 828 ope
1690 799 1730 820 at-

934 837 987 863 que
999 829 1100 856 auxilio
1112 835 1234 856 servatus
1245 831 1297 861 sis,
1311 839 1396 865 quum
1409 830 1551 857 horribiles
1563 832 1730 866 miserosque

935 875 1013 893 casus
1029 872 1147 901 spectes,
1169 867 1242 894 nulla
1257 873 1345 894 tamen
1358 869 1457 894 ratione
1469 868 1594 902 opitulari
1607 868 1730 903 nihilque

935 904 1026 930 afferre
1045 904 1193 931 adiumenti
1213 914 1307 940 queas.
1348 905 1461 931 XXXV.
1489 907 1541 931 122.
1564 906 1630 938 Quis
1652 911 1730 941 neget

935 942 968 967 iis
980 942 1060 976 ipsis,
1078 943 1125 976 qui
1138 942 1202 968 baec
1213 943 1311 969 intueri
1325 947 1467 978 cogantur,
1485 948 1595 969 mortem
1608 952 1666 969 esse
1679 952 1729 969 non

935 979 1013 1005 modo
1025 979 1232 1011 detrectandam,
1246 980 1293 1006 sed
1305 981 1384 1007 etiam
1395 979 1556 1015 optandam?
1567 982 1617 1012 Qui
1630 986 1728 1010 autem,

936 1025 967 1042 ne
980 1017 1007 1042 in
1020 1016 1115 1043 horum
1128 1022 1278 1052 temporum
1290 1017 1425 1044 flammam
1438 1017 1564 1044 incidant.
1579 1019 1671 1044 mortis
1684 1018 1731 1043 be-

934 1053 1028 1080 neficio
1040 1055 1175 1081 consecuti
1187 1056 1249 1085 sint,
1258 1064 1302 1081 eos
1315 1064 1377 1081 vero
1389 1055 1558 1081 beatissimos
1571 1057 1626 1081 iure
1638 1064 1730 1081 onmes

934 1091 1141 1118 existimabunt:
1164 1092 1272 1127 qualem
1294 1092 1378 1119 fuisse
1400 1093 1429 1118 L.
1453 1092 1593 1118 Crassum.
1618 1093 1669 1118 nisi
1690 1101 1731 1118 res

934 1129 991 1163 ipsa
1004 1129 1186 1164 probavisset,
1203 1129 1270 1156 nihil
1283 1134 1366 1161 esset,
1380 1138 1428 1156 cur
1438 1130 1555 1156 oratione
1566 1130 1732 1164 persuaden-

935 1166 999 1192 dum
1012 1166 1159 1193 videretur.
1191 1167 1243 1193 Sed
1257 1167 1321 1193 haec
1334 1167 1424 1201 paullo
1435 1168 1594 1202 antiquiora,
1609 1175 1690 1202 qnam
1705 1174 1731 1193 ut

934 1204 1062 1230 omnibus
1077 1205 1103 1230 in
1121 1205 1277 1231 memoriam
1294 1205 1379 1240 redigi
1400 1214 1429 1231 ac
1441 1205 1599 1239 cogitatione
1610 1214 1732 1239 eoiupre-

935 1241 1016 1268 hendi
1029 1243 1142 1276 possint.
1186 1244 1241 1268 1213.
1264 1243 1383 1277 Pompeii
1395 1247 1498 1272 antem,
1522 1243 1603 1268 nostri
1618 1242 1733 1269 familia-

935 1280 984 1310 ris,
1001 1288 1064 1305 casu
1080 1279 1148 1314 quid
1164 1280 1310 1306 incivitate
1323 1280 1425 1309 notius,
1443 1279 1509 1314 quid
1523 1279 1674 1305 illustrius?
1688 1286 1733 1306 ant

934 1316 1000 1351 quid
1017 1317 1138 1343 omnium
1155 1316 1240 1343 oculis
1256 1326 1285 1343 ae
1302 1317 1438 1343 mentibus
1455 1317 1622 1351 perspectius
1637 1323 1663 1343 et
1677 1317 1733 1343 ela-

934 1354 1009 1380 rius‘?
1030 1355 1105 1381 llunc
1114 1375 1120 1385 ,
1133 1355 1156 1380 si
1169 1359 1271 1381 mature
1283 1355 1431 1381 exstinctus
1443 1360 1526 1384 essct,
1541 1354 1608 1380 nihil
1620 1354 1730 1385 doloris,

934 1391 1001 1418 nihil
1020 1393 1165 1418 invasisset
1181 1392 1255 1418 mali.
1295 1392 1372 1424 Quod
1390 1397 1442 1418 tam
1457 1392 1502 1417 diu
1518 1392 1543 1418 in
1557 1392 1610 1417 vita
1623 1393 1730 1422 mansit,

934 1429 1034 1456 idcirco
1048 1429 1146 1456 factum
1157 1434 1204 1460 est,
1214 1429 1562 1465 utsingulariscalamitatis
1577 1429 1731 1464 exemplum

933 1467 1061 1493 omnibus
1073 1467 1236 1502 praebuerit.
1262 1468 1312 1493 Cui
1327 1476 1357 1493 eo
1371 1467 1516 1493 luctuosior
1528 1466 1647 1493 fortunae
1659 1476 1732 1493 acer-

933 1504 1003 1531 bitas
1016 1505 1073 1531 visa
1089 1510 1141 1535 est,
1164 1514 1217 1539 quo
1235 1504 1352 1531 felieiore
1368 1513 1397 1530 ae
1413 1504 1571 1530 secundiore
1588 1504 1692 1530 fortuna
1706 1505 1731 1530 in

932 1543 1005 1568 omni
1029 1542 1083 1568 vita
1105 1551 1171 1568 usus
1192 1547 1256 1568 crat.
1297 1543 1364 1573 Quis
1379 1542 1450 1567 enim
1469 1543 1604 1567 universis
1624 1542 1732 1567 civibus

933 1579 1079 1614 aliquando
1094 1579 1197 1606 carior?
1217 1580 1279 1614 quis
1297 1580 1322 1605 in
1338 1585 1395 1614 toga
1413 1578 1454 1605 vel
1475 1579 1555 1605 rebus
1571 1580 1668 1613 gestis.
1691 1579 1731 1604 xel

910 1617 911 1620 ’
934 1617 1081 1643 honoribus
1093 1622 1166 1643 extra
1178 1617 1299 1643 ordinem
1312 1617 1408 1642 delatis
1426 1616 1539 1642 clarior?
1548 1618 1610 1651 quis
1622 1616 1730 1650 opibus.

933 1655 1192 1690 propinquitatibus,
1209 1655 1336 1681 amicitiis
1348 1653 1499 1680 florentior?
1519 1655 1563 1680 eui
1576 1654 1642 1680 nihil
1658 1663 1733 1688 pror-

933 1701 980 1718 sus
991 1692 1025 1718 ad
1036 1701 1169 1718 summam
1183 1692 1388 1726 absolutamque
1404 1691 1556 1717 felicitatem
1570 1697 1672 1726 praeter
1686 1691 1733 1717 ho-

934 1735 1041 1756 nestum
1054 1739 1083 1756 ac
1095 1729 1244 1756 iucundum
1258 1730 1326 1755 vitae
1338 1730 1441 1755 exitum
1454 1729 1566 1754 deesset.
1611 1730 1664 1755 tit.
1680 1729 1731 1754 Sed

934 1767 1089 1798 videamus,
1111 1772 1242 1802 quantum
1261 1768 1286 1793 in
1300 1767 1381 1793 rebus
1394 1766 1519 1792 humanis
1535 1766 1654 1792 fortunae
1671 1775 1732 1800 pos-

933 1806 968 1831 sit
985 1805 1092 1832 iniuria.
1134 1805 1192 1831 Nisi
1209 1804 1336 1830 malimus
1352 1804 1384 1830 ad
1405 1805 1539 1838 propriam
1556 1803 1674 1829 mortalis
1693 1813 1733 1829 vi-

934 1847 973 1869 tae
995 1843 1078 1869 nimis
1098 1851 1219 1877 asperam
1241 1843 1421 1876 miseramque
1442 1841 1622 1867 conditionem
1643 1842 1732 1867 ‹minia

934 1879 1003 1906 mala
1020 1888 1153 1906 revocare.
1195 1880 1246 1911 Qui
1263 1880 1334 1906 enim
1352 1879 1529 1914 amplissimis
1541 1879 1654 1905 fortunis
1668 1887 1732 1904 usus

933 1922 1001 1947 erat;
1025 1918 1072 1952 qui
1085 1917 1167 1948 nihil,
1182 1918 1234 1943 nisi
1246 1917 1364 1943 sublime
1376 1926 1405 1943 ae
1418 1917 1539 1946 beatum,
1559 1926 1605 1942 net·
1617 1917 1733 1949 cogitare

935 1964 982 1981 nec
994 1960 1084 1989 optare
1096 1959 1285 1984 consueveram
1300 1955 1344 1980 vui
1356 1955 1444 1980 munia
1459 1953 1500 1979 vel
1513 1953 1544 1979 ad
1559 1962 1637 1979 nsum
1652 1953 1732 1979 xelad

935 1992 1098 2027 voluptatem
1110 1997 1280 2027 supererant:
1306 1992 1407 2018 bellmn
1424 2001 1486 2017 eum
1503 2000 1592 2017 sot-ero
1603 1991 1730 2024 suscepit,

933 2030 1053 2056 deseruit
1069 2030 1194 2061 donnini,
1218 2029 1336 2065 profugit
1352 2038 1385 2055 ex
1402 2030 1487 2056 ltalia:
1511 2035 1535 2055 et
1556 2037 1639 2063 quum
1658 2033 1732 2053 antea

935 2067 1002 2093 nihil
1016 2068 1042 2093 in
1053 2068 1148 2094 ceteris
1161 2067 1249 2097 bellis,
1269 2067 1320 2093 nisi
1332 2076 1439 2093 summo
1453 2066 1566 2092 consilio
1578 2065 1733 2100 prudentia-

934 2113 986 2140 que
997 2105 1141 2139 gessisset,
1164 2113 1249 2139 qumn
1267 2104 1308 2130 vel
1325 2105 1441 2131 maxime
1457 2105 1564 2139 ingenio
1578 2103 1732 2136 iudicioque

933 2142 1228 2171 excelleredebuisset,
1246 2142 1288 2167 sui
1305 2151 1388 2177 paene
1399 2142 1500 2167 oblitus
1511 2147 1560 2166 est.
1606 2142 1658 2165 ¹2:2⁴.
1683 2141 1732 2165 lta—

933 2188 986 2214 que
1000 2179 1123 2205 imbelles
1139 2184 1163 2205 et
1181 2180 1301 2205 intirmas
1316 2180 1420 2213 copias.
1446 2180 1544 2204 tirones
1561 2177 1731 2203 collectitios-

933 2226 985 2251 que
998 2216 1097 2243 milites
1109 2225 1170 2242 eum
1183 2216 1381 2242 robustissimis
1395 2214 1730 2251 legionibusconferi-enon

910 2255 911 2273 ἶ
933 2254 1082 2280 dubitavit:
1106 2259 1129 2280 ot
1140 2274 1145 2284 ,
1163 2254 1263 2279 amisso
1274 2255 1392 2280 exercitu
1405 2255 1558 2287 ereptisque
1569 2252 1663 2277 eastris
1676 2257 1728 2277 tm·—

909 2304 910 2307 ¹
934 2292 1045 2326 pissime
1059 2291 1156 2320 vietus.
1167 2292 1191 2317 in
1204 2300 1343 2317 servorum
1356 2300 1451 2316 manus
1465 2292 1634 2315 vii-summus
1646 2288 1730 2314 elela—

933 2329 1058 2355 rissimus
1075 2328 1178 2355 incidit.
1221 2329 1278 2354 Vita
1295 2337 1356 2354 vero
1369 2333 1396 2354 ut
1409 2327 1598 2353 miserabiliter
1610 2327 1730 2359 primm>

932 2367 980 2396 sit,
1001 2374 1210 2392 commemorare
1227 2365 1293 2391 nihil
1310 2371 1349 2391 est
1365 2374 1485 2390 neeesse:
1510 2373 1593 2398 quum
1614 2373 1644 2388 eo
1661 2363 1727 2397 ipso,

933 2403 1003 2438 quod
1027 2404 1052 2429 in
1070 2409 1121 2429 tam
1140 2404 1264 2429 miseram
1283 2402 1414 2428 fortunam
1432 2401 1558 2435 delapsus
1576 2402 1656 2426 vitam
1677 2401 1730 2426 citu

932 2441 1065 2472 alluserit,
1089 2441 1179 2467 minus
1196 2439 1305 2466 fortasse
1323 2440 1403 2465 miser
1416 2439 1518 2464 censeri
1532 2439 1623 2472 possit.
1666 2438 1730 2463 Ben-

933 2479 1054 2504 tissitnus
1066 2483 1154 2504 autem
1166 2477 1292 2506 obiisset,
1310 2477 1345 2504 si.
1364 2485 1448 2510 quum
1465 2477 1490 2501 in
1504 2475 1640 2509 republira
1654 2473 1730 2501 flore—

933 2515 990 2545 but,
1008 2524 1092 2550 quum
1111 2515 1215 2541 valebat
1231 2515 1385 2540 auctoritato
1396 2518 1420 2538 et
1432 2514 1529 2545 gratia,
1547 2521 1632 2547 «ptum
1644 2513 1729 2546 copiis

930 2553 1083 2587 opibusque
1096 2552 1230 2582 affluebat,
1243 2560 1256 2577 e
1270 2553 1321 2577 vita
1333 2551 1504 2576 decessisset.
1535 2551 1620 2576 Citius
1633 2558 1729 2584 pmpa-

931 2591 1002 2623 gatio
1017 2595 1149 2625 quantum
1166 2589 1205 2615 illi
1223 2589 1350 2614 maeroris
1367 2597 1396 2613 ae
1416 2587 1503 2613 luetus
1524 2587 1654 2615 attulerit.
1677 2596 1728 2613 mm

932 2627 1009 2653 modo
1029 2626 1186 2656 scribendo.
1210 2626 1257 2652 sed
1279 2627 1323 2652 vix
1345 2627 1424 2651 etiam
1441 2625 1582 2658 cogitando
1598 2625 1728 2658 consequi

930 2665 1075 2699 quisquam
1088 2665 1180 2699 possit.
1222 2663 1346 2689 xxxi't.
1372 2664 1426 2689 tati.
1450 2663 1549 2696 ltaque,
1565 2661 1729 2687 hoestnbili-

931 2706 955 2728 (υ
966 2706 991 2729 et
1003 2703 1068 2733 lixo,
1093 2706 1204 2728 mortem
1220 2701 1380 2735 saepissime
1393 2699 1497 2726 beatam
1510 2699 1611 2726 homini
1624 2699 1727 2726 eontin-

1376 2745 1422 2767 170
1437 2744 1447 2756 ¹¹
