1941 3052
217 148 264 173 {III}
783 146 824 173 25.
861 146 895 172 M.

214 226 356 251 gri-asurim
371 222 414 243 unt
429 217 556 252 quidnam
572 222 678 242 nrturm
693 221 774 241 esset:
798 225 883 250 quum
899 220 1005 250 repente
1027 218 1029 249 ,¹

216 254 349 281 hominem
366 256 462 290 proripi
479 260 555 288 atqu·-
571 255 595 279 in
613 253 666 279 Iuro
681 253 768 279 niu-‹Iin
783 253 876 279 nudari
891 262 921 278 ac
939 252 1006 278 deli·
1027 257 1029 281 ἱ

214 292 270 326 gari
285 297 309 318 et
326 293 412 325 virgas
427 292 544 325 expe-«liri
561 291 642 316 iulii-t.
673 290 809 315 Clamabat
825 290 868 315 ille
883 291 964 316 miser
977 298 1006 316 ae
1027 307 1029 313 ι

214 329 300 355 civem
312 339 370 354 esse
382 330 536 357 ltumannm,
555 327 716 361 nnumin-ipen}
728 328 875 352 Cosanum:
892 327 1007 353 meruio-
1027 321 1029 359 ff

215 375 244 392 ae
258 375 317 391 cum
332 367 358 391 l..
373 366 464 394 Preti-1,
481 364 700 399 splendidissimo
713 365 802 398 equite
818 364 943 392 ttonmno.
958 364 1006 398 qui
1028 364 1029 373 ¹

215 403 335 429 Panormi
353 404 541 436 negotiaretur.
562 410 594 427 ex
608 410 662 435 quo
677 401 740 427 luico
755 401 847 427 Verres
862 401 930 426 scire
945 410 1007 435 poa-
1027 395 1029 451 ἱ

215 445 264 465 net.
305 440 370 465 'I'um
392 440 440 464 inu·
458 448 486 464 se
504 439 666 472 corripi-risse
690 438 738 467 uit,
764 447 824 464 eum
849 438 1006 472 speculandi
1028 459 1029 467 ,

215 486 307 502 caussa
325 477 349 502 in
365 476 482 501 Siciliam
497 475 529 501 ab
543 475 658 500 «lucibus
674 475 846 509 fugitivorum
862 484 920 501 ease
942 476 1007 502 mis-

214 522 288 539 sum:
305 514 381 538 cirins·
397 513 432 538 rei
448 521 534 547 neque
549 512 628 538 index
643 521 728 547 neque
744 513 886 546 vestigium
898 512 1006 548 aliquod
1027 533 1030 572 Ι

216 558 301 585 neque
315 550 433 584 suspicio
446 551 571 584 cuiquam
587 554 657 575 esset
671 549 738 576 ulla:
758 550 854 576 deinde
870 550 942 576 iubet
957 559 1006 576 un-

214 624 326 650 dcbutur
345 625 427 657 virgis
446 625 471 650 in
492 624 579 650 medio
597 624 652 651 soro
671 625 807 651 Messanae
825 625 892 651 civis
913 625 1007 651 noma-

215 670 274 691 nus,
288 661 402 687 iudices:
419 670 503 696 (pium
516 662 612 687 interea
626 661 717 688 nullus
727 663 854 698 geniitus,
871 662 943 688 nulla
956 670 1007 688 vox

214 698 263 724 ulia
284 698 357 724 illius
378 699 482 729 miseri,
503 699 571 725 inter
583 698 700 725 dolorem
715 701 900 735 crepitumque
915 699 1007 734 plaga-

213 744 272 762 rum
285 735 450 765 audiebatur,
469 737 519 763 nisi
534 736 610 762 llaec:
626 745 704 763 civis
719 747 852 763 nonanus
865 746 928 763 svn.
955 737 1006 763 Ilac

213 781 242 798 se
259 774 508 800 commemoratione
521 774 637 800 civitatis
649 775 738 800 omnia
754 775 862 800 verbera
876 774 1007 809 depulsu-

214 819 273 836 rum
291 811 494 845 cruciatumque
512 820 525 837 a
544 820 652 846 corpore
669 811 835 838 deiecturum
859 811 1006 838 arbitraba-

214 852 265 874 tur.
298 848 321 873 Is
336 856 387 874 non
403 848 480 874 modo
495 848 543 875 hoc
557 858 608 875 non
624 848 741 883 perfecit.
758 854 787 875 ut
803 850 935 885 virgarum
952 850 1005 875 vim

213 884 413 919 deprecaretur:
439 885 498 916 sed.
518 895 603 921 quum
618 886 771 921 imploraret
784 887 906 921 saepius,
926 895 1007 913 usur-

214 926 341 957 paretque
356 931 451 949 nomen
466 923 595 950 civitatis:
615 932 695 954 crux,
711 933 785 955 crux,
803 924 922 959 inquam,
938 923 1007 950 inse-

215 959 258 986 Iici
273 964 298 986 et
311 968 482 991 aerumnoso,
498 961 545 996 qui
561 970 707 996 numquam
722 961 799 987 istam
815 966 916 996 pestem
932 961 1006 987 vide-

214 1001 265 1027 rat.
285 997 496 1031 comparabatur.
538 998 628 1024 LXIII.
648 1000 702 1025 «63.
723 998 745 1025 Ο
764 1008 859 1025 nomen
877 998 955 1025 dulce
975 998 1007 1024 li-

213 1033 337 1060 bertatis!
357 1043 372 1060 o
387 1035 428 1060 ius
443 1035 572 1061 eximium
588 1040 690 1062 nostrae
704 1036 834 1062 civitatis!
857 1045 873 1063 o
888 1035 930 1063 lex
944 1036 1007 1062 Por-

205 1071 253 1097 ·cia
269 1071 395 1106 legesque
410 1072 595 1107 Semproniae!
611 1081 626 1099 o
639 1074 755 1109 graviter
765 1073 912 1100 desiderata
923 1078 947 1099 et
958 1073 1006 1099 ali-

213 1109 320 1143 quando
344 1109 444 1135 reddita
468 1109 539 1145 plebi
559 1111 690 1136 Romanae
708 1111 849 1137 tribunicia
875 1110 1005 1145 potcstasl

212 1146 330 1172 Haecine
345 1146 449 1173 tandem
464 1147 552 1173 onmia
567 1147 730 1179 reciderunt,
747 1153 776 1174 ut
789 1149 856 1175 civis
871 1149 1006 1175 Romanus

212 1183 240 1210 in
255 1183 390 1218 provincia
405 1184 497 1219 populi
513 1185 631 1216 Romani,
647 1185 674 1212 in
689 1185 788 1220 oppido
802 1185 1004 1216 foederatorum,

213 1220 246 1247 ab
260 1228 304 1251 co.
324 1222 370 1256 qui
390 1221 516 1248 beneficio
531 1221 623 1256 populi
638 1222 748 1249 Romani
763 1222 847 1249 fasces
861 1227 886 1249 et
900 1231 1007 1249 secures

212 1257 334 1289 haberet,
354 1258 487 1294 deligatus
507 1259 533 1285 in
553 1259 608 1285 soro
626 1259 709 1295 virgis
723 1259 894 1287 caederetur?
919 1259 1008 1292 Quid?

212 1303 297 1330 quum
317 1295 392 1331 ignes
411 1296 608 1331 candentesque
628 1296 740 1324 laminae
758 1299 892 1332 ceterique
905 1298 1008 1324 crucia-
1028 1299 1029 1312 ³

212 1337 256 1359 tus
275 1332 497 1366 admovebantur,
522 1334 543 1359 si
563 1338 587 1360 te
605 1333 680 1360 illius
698 1335 791 1361 acerba
815 1334 965 1369 imploratio
983 1339 1008 1360 et

212 1378 264 1396 vox
279 1370 438 1396 miserabilis
453 1379 504 1397 non
519 1370 665 1402 inhibebat,
682 1380 715 1397 ne
725 1373 825 1398 civium
836 1372 946 1407 quidem
957 1372 1009 1398 Ro-

212 1415 366 1437 manorum,
386 1408 433 1442 qui
448 1412 504 1434 tum
519 1407 638 1439 aderant,
659 1407 722 1435 fletu
736 1413 762 1436 et
773 1410 876 1445 gemitu
891 1410 1008 1436 maximo

212 1444 431 1471 commovebare‘?
455 1446 483 1472 In
502 1454 608 1472 crucem
628 1450 655 1472 tu
674 1455 752 1482 agere
769 1456 852 1473 ausus
869 1455 898 1473 es
912 1455 1008 1482 quem-

211 1490 306 1517 quam,
327 1482 374 1517 qui
392 1490 421 1508 se
439 1483 525 1509 civem
540 1483 689 1510 Romanum
708 1492 767 1510 esse
785 1483 902 1511 diceret?
928 1484 1007 1511 Nolui

212 1523 265 1545 tam
286 1519 457 1546 veliementer
475 1528 552 1555 agere
571 1520 620 1547 hoc
638 1521 724 1556 prima
746 1522 861 1553 actione,
887 1521 1005 1548 iudices:
1028 1545 1029 1550 ,

212 1555 296 1582 nolui.
322 1556 434 1583 Vidistis
448 1558 529 1589 enim,
546 1562 575 1584 ut
588 1558 670 1584 animi
685 1558 868 1586 multitudinis
882 1559 910 1586 in
924 1559 1007 1586 istum
1028 1558 1030 1568 '

211 1635 264 1657 tur.
305 1630 390 1657 Statui
409 1636 513 1668 egomet
531 1633 597 1659 mihi
612 1637 668 1659 tum
683 1633 793 1659 modum
807 1634 919 1660 orationi
933 1642 1007 1660 meae

211 1672 238 1694 et
256 1667 284 1694 C.
305 1668 466 1700 Numitorio,
491 1670 574 1704 equiti
592 1670 723 1701 Romano,
749 1671 875 1705 primario
893 1670 1005 1702 homini,

212 1705 273 1731 testi
290 1714 363 1732 meo:
383 1711 409 1732 et
423 1706 606 1738 Glabrionem,
627 1707 654 1733 id
668 1707 740 1742 quod
755 1708 954 1743 sapientissime
969 1707 1008 1734 fe-

211 1742 261 1773 cit,
277 1741 362 1769 facere
378 1742 488 1770 laetatus
502 1752 573 1775 sum,
589 1749 618 1770 ut
632 1749 739 1779 repente
753 1745 865 1771 consilio
878 1745 905 1771 in
920 1745 1008 1772 medio

212 1783 306 1805 testem
321 1779 474 1807 dimitteret.
496 1781 601 1807 Etenim
615 1782 765 1813 verebatur,
781 1790 814 1809 ne
829 1782 945 1817 populus
956 1783 1008 1809 Ro-

212 1825 309 1843 manus
322 1817 356 1843 ab
371 1817 421 1843 isto
434 1826 478 1844 eas
493 1826 590 1852 poenas
601 1819 628 1845 vi
640 1820 768 1854 repetisse
780 1819 923 1850 videretur,
939 1828 1007 1854 quas

213 1855 315 1880 veritus
329 1858 399 1880 esset
414 1863 446 1881 ne
459 1855 509 1881 iste
524 1855 629 1891 legibus
643 1861 668 1882 et
683 1861 771 1883 vestro
783 1857 884 1883 iudicio
898 1865 949 1883 non
964 1865 1008 1883 es-

212 1895 252 1917 set
266 1891 462 1926 persoluturus.
504 1894 561 1919 ⁴64.
577 1893 662 1924 Nunc,
678 1894 805 1928 quoniam
819 1894 872 1920 iam
886 1893 1008 1929 explora-

213 1932 270 1954 tum
284 1932 325 1954 est
338 1929 478 1960 omnibus,
497 1938 552 1965 quo
566 1929 623 1957 loco
635 1939 730 1957 caussa
745 1936 788 1957 tua
803 1932 839 1957 sit
855 1936 881 1957 et
894 1931 961 1965 quid
975 1931 1008 1958 de

213 1969 239 1992 te
263 1964 382 1992 futurum
406 1967 454 1998 sit,
479 1967 518 1993 sic
541 1971 627 1994 tecum
651 1976 738 2003 agam.
778 1968 895 1995 Gavium
913 1969 1005 1999 istum,

211 2010 292 2037 quem
312 2003 480 2038 repentinum
499 2004 691 2039 speculatorem
711 2005 794 2032 fuisse
812 2005 894 2037 dicis,
919 2010 1009 2032 osten-

212 2039 274 2066 dam
287 2040 315 2066 in
331 2040 473 2067 lautumias
488 2041 628 2077 Syracusis
642 2051 656 2068 a
671 2047 695 2069 te
709 2051 768 2069 esse
781 2043 945 2070 coniectum:
961 2051 1008 2070 ne-

212 2085 266 2112 que
278 2077 306 2103 id
321 2077 408 2104 solum
422 2086 455 2104 ex
470 2078 564 2105 litteris
574 2079 712 2106 ostendam
722 2079 958 2115 Syracusanorum,
975 2089 1008 2107 ne
1028 2087 1029 2097 ¹

213 2115 301 2149 possis
316 2114 416 2145 dicere,
433 2124 488 2147 me,
504 2117 567 2151 quia
581 2117 616 2143 sit
629 2116 728 2152 aliquis
741 2118 768 2143 in
785 2117 878 2144 litteris
893 2118 1005 2149 Gavius.

212 2151 263 2178 hoe
277 2151 375 2187 lingere
389 2157 414 2178 et
427 2152 526 2189 eligere
541 2162 645 2185 nomen,
662 2159 691 2181 ut
702 2154 773 2180 hune
787 2154 864 2181 illum
876 2163 935 2181 esse
946 2163 1009 2190 pos—

213 2189 264 2214 sim
278 2188 379 2215 dicere:
395 2190 442 2216 sed
456 2191 606 2217 secundum
620 2191 759 2218 arbitrium
774 2196 852 2218 tuum
866 2196 947 2219 testes
961 2192 1009 2218 da-

212 2225 260 2257 bo,
280 2226 328 2261 qui
346 2227 427 2253 istum
448 2227 536 2262 ipsum
551 2228 691 2264 Syracusis
710 2229 758 2256 abs
775 2234 802 2256 te
819 2230 848 2256 in
862 2229 1007 2256 lautumias

212 2263 362 2290 coniectum
388 2273 447 2291 esse
472 2265 570 2292 dicant.
611 2266 758 2293 Producam
785 2267 864 2293 etiam
890 2267 1007 2294 Cosanos

213 2300 364 2335 municipes
378 2301 452 2328 illius
466 2311 495 2328 ac
509 2304 686 2335 necessarios,
702 2304 750 2339 qui
764 2308 789 2330 te
803 2313 875 2331 nunc
888 2312 947 2331 sero
959 2304 1008 2331 do-

213 2342 300 2369 ceant,
317 2338 420 2365 iudices
435 2348 487 2366 non
501 2348 573 2371 sero,
593 2340 672 2367 illum
686 2341 715 2367 Ρ.
731 2341 862 2372 Gavium,
882 2350 964 2377 quem
978 2346 1008 2368 tu

213 2374 241 2400 in
254 2383 360 2402 crucem
374 2377 462 2412 egisti,
478 2377 565 2403 civem
579 2378 729 2404 Romanum
743 2383 768 2405 et
782 2380 947 2414 municipem
957 2379 1009 2406 Co-

215 2420 319 2443 sanum,
336 2422 387 2439 non
402 2413 594 2448 speculatorem
609 2414 784 2451 fugitivorum
799 2415 894 2442 fuisse.

268 2449 358 2476 LXIV.
372 2452 428 2476 ⁴65.
443 2450 532 2483 Quum
543 2451 715 2483 haecomnia,
731 2462 800 2488 quae
810 2453 944 2488 polliceor,
959 2461 1008 2480 cu-

214 2484 313 2512 mulate
331 2487 384 2512 tuis
400 2489 528 2522 proximis
542 2488 620 2524 plana
635 2489 734 2516 secero:
760 2495 816 2517 tum
831 2491 902 2517 istuc
915 2491 1006 2526 ipsum

215 2522 318 2553 tenebo.
333 2524 404 2558 quod
418 2525 465 2551 abs
480 2529 505 2551 te
519 2526 586 2552 mihi
599 2526 690 2553 datur:
706 2536 737 2554 eo
745 2532 898 2554 contentum
912 2536 954 2555 me
964 2537 1008 2554 es-

215 2567 244 2584 se
261 2558 358 2586 dicam.
398 2561 468 2593 Quid
485 2563 557 2589 enim
575 2571 661 2598 nuper
679 2569 708 2590 tu
726 2565 793 2599 ipse,
813 2573 899 2599 quum
913 2564 1007 2600 populi

215 2595 326 2623 Romani
340 2597 452 2624 clamore
466 2603 545 2634 atque
559 2601 661 2635 impetu
675 2602 845 2636 perturbatus
859 2602 1004 2633 exsiluisfi,

215 2633 290 2674 quid,
306 2634 426 2668 inquam,
443 2635 546 2663 locutus
561 2637 608 2663 es‘?
632 2637 725 2670 Illum,
739 2638 814 2673 quod
826 2647 926 2666 moram
940 2648 1008 2674 sup-

216 2669 296 2704 plicio
309 2677 459 2706 quaereret,
480 2673 540 2700 ideo
552 2674 716 2707 clamitasse,
736 2684 766 2702 se
783 2684 843 2702 esse
856 2677 943 2703 civem
954 2677 1007 2704 Ro-

211 1593 301 1620 dolore
315 1598 340 1620 et
354 1594 413 1621 odio
427 1599 452 1621 et
465 1595 616 1622 communis
631 1595 742 1630 periculi
757 1601 830 1623 metu
844 1597 1008 1623 concitaren-

1035 571 1037 583 Ι

214 587 295 622 «lique
311 587 443 613 hominem
460 587 693 613 vehementissime
706 587 845 614 verberari.
873 589 928 613 162.
943 588 1007 614 Cae·
1028 586 1037 599 '¹

1034 622 1037 659 Ι

929 145 960 172 Τ.
994 144 1269 172 CICERONIS

1058 225 1180 242 mmmm:
1209 215 1254 242 sed
1275 214 1466 250 speculatorem
1486 215 1579 242 tuis-e.
1621 217 1674 243 Iam
1693 218 1743 244 mei
1768 222 1849 244 teste·

1059 254 1112 278 veri
1136 257 1208 278 mint.
1248 252 1319 285 Quid
1342 253 1412 279 enim
1435 253 1500 280 dicit
1521 253 1594 280 aliud
1617 254 1646 280 C.
1667 254 1850 282 Numitorius?

1057 289 1123 324 quid
1143 290 1176 315 M.
1193 294 1219 316 et
1234 290 1260 316 Ρ.
1277 290 1368 320 Cottii,
1393 289 1555 317 munitissimi
1576 291 1711 321 homines,
1736 300 1769 318 ex
1786 301 1850 325 agro

1058 326 1292 353 Taurominitano‘?
1316 327 1382 362 quid
1400 327 1431 359 Q.
1452 327 1578 357 Luceius,
1602 329 1650 363 qui
1673 330 1848 364 argentariam

1059 364 1152 398 luit-gii
1169 365 1311 390 maximam
1327 363 1406 391 fecit?
1422 364 1488 400 quid
1502 364 1600 392 ceu-ri?
1617 365 1712 392 Adbuc
1725 367 1796 392 enim
1811 371 1851 392 te-

1059 406 1113 426 ntes
1132 410 1165 427 ex
1182 410 1214 427 eo
1230 410 1326 437 genere
1345 410 1358 427 a
1378 410 1419 428 me
1437 406 1500 428 aunt
1517 402 1584 433 dati.
1607 412 1658 429 non
1677 403 1724 438 qui
1744 403 1851 430 novisse

1059 438 1188 468 (invium,
1209 438 1256 464 sed
1274 447 1303 464 ae
1322 438 1423 464 vidisse
1440 439 1572 468 dicerent.
1595 448 1680 474 quum
1700 440 1736 470 ia,
1756 441 1803 475 qui
1821 448 1851 467 ae

1058 476 1144 501 civem
1160 476 1306 502 Romanum
1321 484 1380 501 esee
1393 475 1532 506 clamaret,
1553 477 1579 503 in
1597 486 1703 503 crucem
1718 483 1850 512 ageretur.

1060 513 1111 539 Iloc
1131 517 1171 543 tu,
1193 513 1297 542 Verres,
1319 513 1388 540 idem
1407 512 1489 540 dicia:
1518 513 1566 540 hoc
1584 519 1612 540 tu
1625 515 1758 541 confiteris
1773 514 1850 541 illum

1059 550 1222 580 clamitasse,
1239 559 1267 576 se
1280 550 1366 577 civem
1380 559 1439 576 esse
1454 551 1615 577 Romanum:
1631 551 1702 586 apud
1717 556 1741 578 te
1755 560 1850 579 nomen

1059 588 1175 613 civitatis
1189 596 1221 614 ne
1236 592 1337 614 tanturn
1351 588 1461 623 quidem
1477 587 1603 617 valuisse,
1621 593 1648 614 ut
1658 588 1851 616 dubitationem

1059 624 1190 659 aliquam.
1210 630 1239 651 ut
1256 624 1436 652 crudelissimi
1452 625 1648 660 taeterrimique
1661 625 1788 661 supplicii
1802 626 1853 652 ali-

1058 671 1139 696 quam
1154 670 1262 697 parvam
1277 671 1377 688 moram
1392 662 1485 688 saltem
1501 667 1591 697 posset
1604 663 1705 689 afferre.
1729 665 1786 689 ⁴66.
1799 663 1852 690 Iloc

1060 704 1148 729 teneo,
1169 699 1212 726 hic
1227 699 1333 730 haereo,
1353 699 1469 730 iudices,
1490 699 1539 726 hoc
1553 709 1613 726 aum
1627 705 1768 727 contentus
1783 709 1849 727 uno:

1058 737 1150 763 omitto
1163 745 1192 763 ac
1207 736 1314 772 negligo
1327 742 1425 763 cetera:
1442 746 1490 763 sua
1504 736 1671 764 consessione
1686 737 1852 764 induaturac

1058 774 1195 809 iuguletur
1209 782 1317 801 necesse
1331 779 1380 800 est.
1420 774 1471 807 Qui
1485 779 1565 805 esset,
1581 774 1735 810 ignorabas:
1755 783 1853 810 specu-

1059 811 1165 838 latorem
1181 820 1240 837 esse
1253 811 1438 846 suspicabare:
1459 820 1511 839 non
1525 820 1637 847 quaero,
1652 820 1705 847 qua
1719 812 1852 847 suspicio-

1059 857 1104 881 ne:
1129 853 1173 875 tua
1189 854 1212 875 te
1226 857 1322 875 accuso
1335 849 1464 876 oratione:
1487 850 1574 876 civem
1588 850 1736 876 Romanum
1750 858 1779 876 se
1792 857 1853 876 esse

1059 885 1172 913 dicebat.
1207 886 1235 913 Si
1251 891 1278 912 tu
1293 886 1364 921 apud
1379 887 1472 913 Persas
1486 891 1532 913 aut
1545 887 1571 913 in
1585 891 1703 913 extrema
1718 886 1791 914 India
1804 886 1853 913 de-

1059 923 1222 958 prehensus,
1248 924 1355 954 Verres,
1379 923 1411 950 ad
1433 923 1598 959 supplicium
1622 924 1761 951 ducerere:
1785 923 1851 959 quid

1036 966 1037 969 ’
1059 961 1132 987 aliud
1145 961 1304 991 clamitares.
1320 961 1371 987 nisi
1387 966 1412 987 te
1425 961 1511 987 civem
1525 969 1584 987 esse
1598 960 1766 988 Romanum?
1778 966 1812 991 et.
1828 961 1852 987 si

1035 1013 1037 1020 ι
1060 998 1107 1024 tibi
1123 999 1213 1034 ignoto
1226 998 1297 1033 apud
1313 998 1425 1033 ignotos.
1441 998 1512 1033 apud
1528 998 1663 1029 barbaros.
1679 998 1751 1033 apud
1765 998 1852 1025 bomi—

1060 1044 1106 1062 nes
1121 1036 1147 1062 in
1161 1036 1287 1062 extremis
1301 1041 1381 1070 atque
1395 1036 1498 1062 ultimis
1511 1036 1639 1072 gentibus
1651 1036 1760 1071 positos,
1776 1035 1853 1062 nobi-

1061 1072 1084 1099 le
1102 1077 1127 1099 et
1145 1072 1249 1099 illustre
1268 1073 1339 1108 apu'd
1357 1082 1450 1099 omnes
1469 1082 1564 1100 nomen
1584 1078 1644 1099 tuae
1661 1073 1778 1099 civitatis
1791 1081 1853 1108 pro-

1060 1109 1168 1136 fuisset:
1185 1110 1239 1141 ille,
1255 1111 1381 1146 quisquis
1395 1115 1458 1141 erat,
1473 1119 1555 1146 quem
1571 1115 1598 1137 tu
1613 1111 1639 1137 in
1649 1119 1755 1137 crucem
1766 1118 1853 1145 rapu.h

1059 1147 1116 1179 bas,
1131 1148 1179 1183 qui
1194 1148 1242 1174 tibi
1257 1153 1326 1174 esset
1337 1149 1454 1183 ignotus,
1470 1156 1555 1183 quum
1567 1148 1652 1174 civem
1663 1156 1692 1174 se
1703 1148 1851 1174 Romanum

1059 1193 1118 1212 esse
1132 1185 1243 1216 diceret,
1260 1185 1330 1220 apud
1346 1190 1370 1211 te
1384 1190 1544 1220 praetorem,
1560 1186 1583 1212 si
1599 1194 1650 1212 non
1664 1185 1803 1221 effugium.
1820 1192 1853 1211 ne

1060 1231 1160 1249 moram
1184 1223 1293 1258 quidem
1318 1223 1408 1249 mortis
1431 1223 1564 1249 mentione
1582 1227 1661 1257 atque
1680 1222 1853 1257 usurpatione

1059 1261 1174 1286 civitatis
1188 1261 1296 1295 assequi
1311 1259 1416 1295 potuit‘.>
1439 1260 1518 1286 va.
1535 1261 1592 1286 ⁴67.
1608 1260 1734 1286 Homines
1749 1264 1851 1290 tenues,

1059 1297 1173 1324 obscuro
1187 1297 1243 1324 loco
1257 1297 1324 1328 nati,
1341 1297 1480 1333 navigant:
1496 1297 1596 1324 adeunt
1609 1296 1642 1323 ad
1656 1305 1685 1323 ea
1700 1296 1768 1327 loca,
1783 1303 1854 1332 quae

1060 1343 1209 1369 numquam
1227 1339 1302 1361 antea
1321 1334 1459 1365 viderunt,
1483 1334 1530 1361 ubi
1549 1343 1636 1370 neque
1654 1334 1708 1360 noti
1726 1342 1786 1360 esee
1807 1333 1851 1364 iis.

1059 1381 1114 1407 quo
1127 1376 1271 1402 venerunt,
1292 1380 1378 1406 neque
1396 1380 1502 1407 semper
1519 1380 1581 1398 curn
1598 1371 1781 1407 cognitoribus
1794 1378 1854 1397 esse

1061 1414 1184 1445 possunt.
1223 1409 1276 1435 Hac
1295 1417 1348 1436 una
1367 1414 1454 1436 tamen
1468 1409 1565 1436 fiducia
1579 1409 1694 1435 civitatis
1709 1417 1760 1435 non
1774 1407 1854 1435 modo

1060 1447 1132 1482 apud
1146 1450 1250 1473 nostros
1268 1447 1453 1483 magistratus.
1472 1447 1521 1482 qui
1534 1451 1560 1473 et
1574 1446 1663 1482 legum
1678 1451 1704 1472 et
1716 1445 1854 1472 existima·

1038 1484 1039 1488 ’
1060 1485 1139 1511 tionis
1154 1483 1273 1519 periculo
1285 1485 1468 1515 continentur,
1492 1492 1580 1519 neque
1593 1483 1665 1518 apud
1677 1484 1751 1510 cives
1765 1482 1853 1510 sotum

1061 1522 1206 1550 Romanos,
1226 1522 1274 1557 qui
1288 1526 1314 1548 et
1326 1522 1457 1548 sermonis
1475 1526 1501 1548 et
1519 1522 1586 1548 iuris
1605 1525 1630 1548 et
1648 1520 1794 1547 multarum
1811 1528 1855 1547 re-

1060 1568 1120 1585 rum
1134 1559 1258 1586 societate
1271 1559 1355 1585 iuncti
1372 1563 1448 1590 sunt,
1470 1558 1524 1586 sore
1541 1567 1571 1585 se
1589 1563 1660 1585 tutos
1676 1558 1852 1585 arbitrantur:

1060 1596 1120 1627 sed,
1145 1604 1317 1631 quocumque
1335 1597 1470 1627 venerint,
1494 1596 1563 1623 hanc
1580 1596 1634 1622 sihi
1651 1604 1708 1622 rem
1721 1594 1854 1630 praesidio

1060 1638 1168 1668 sperant
1187 1633 1313 1659 futuram.
1354 1635 1412 1659 ⁴68.
1437 1632 1510 1660 Tolle
1529 1633 1596 1659 hanc
1613 1641 1704 1668 spem,
1724 1631 1786 1659 tolle
1804 1631 1854 1659 hoc

1061 1670 1225 1705 praesidium
1251 1670 1358 1696 civibus
1375 1671 1516 1697 Romanis:
1542 1671 1674 1697 constitue
1700 1668 1768 1696 nihil
1794 1677 1854 1696 esse

1059 1709 1119 1743 opis
1133 1708 1160 1733 in
1175 1707 1224 1734 hac
1237 1715 1310 1738 voce,
1326 1716 1405 1734 civis
1418 1716 1553 1734 nonnus
1565 1716 1636 1734 stu:
1653 1715 1731 1742 posse
1742 1707 1854 1741 impune

1037 1756 1038 1760 ¹
1060 1752 1221 1780 praetorem,
1241 1744 1383 1771 eutalium
1400 1744 1561 1780 quemlibet,
1581 1744 1761 1779 supplicium,
1780 1743 1854 1779 quod

1060 1782 1132 1813 velit,
1149 1782 1176 1808 in
1190 1790 1251 1808 eum
1265 1783 1434 1813 constituere,
1450 1782 1499 1817 qui
1512 1790 1540 1808 se
1550 1782 1636 1808 civem
1648 1782 1796 1808 Romanum
1810 1789 1854 1808 es-

1060 1828 1089 1846 se
1103 1819 1187 1851 dicat;
1202 1818 1275 1854 quod
1289 1827 1351 1846 eum
1365 1819 1428 1854 quis
1442 1820 1558 1855 ignoret:
1575 1819 1627 1845 iam
1641 1827 1734 1845 omnes
1744 1819 1854 1853 provin-

1060 1857 1128 1888 cias,
1148 1857 1200 1883 iam
1215 1857 1303 1883 omnia
1318 1865 1411 1892 regna,
1431 1857 1484 1883 iam
1502 1865 1596 1883 omnes
1610 1855 1707 1883 liberas
1720 1856 1851 1886 civitates,

1059 1895 1112 1921 iam
1125 1902 1232 1921 omnem
1246 1894 1337 1921 orbern
1352 1899 1494 1924 terrarum.
1513 1894 1561 1929 qui
1575 1901 1681 1928 semper
1694 1893 1792 1920 nostris
1805 1892 1854 1920 ho-

1060 1931 1180 1958 minibus
1202 1931 1319 1958 maxime
1340 1931 1439 1966 patuit,
1463 1931 1570 1958 civibus
1587 1931 1714 1957 Romanis
1735 1931 1788 1957 ista
1806 1929 1854 1956 ds

1060 1968 1180 1995 fensione
1193 1968 1380 2004 praecluseriS.
1414 1968 1494 2001 Quid,
1509 1969 1533 1995 si
1547 1968 1576 1995 L.
1591 1968 1719 1998 Pretium,
1734 1967 1852 2003 equitem

1059 2007 1222 2037 Romanum,
1238 2006 1286 2041 qui
1301 2011 1358 2032 tum
1372 2006 1402 2035 in
1414 2005 1505 2033 Sicilia
1518 2005 1716 2042 negotiabatur,
1731 2005 1854 2031 nomina-

1059 2043 1122 2070 bat?
1147 2044 1262 2070 etiamne
1283 2043 1312 2070 id
1335 2052 1462 2079 magnum
1485 2042 1548 2074 suit,
1573 2043 1734 2069 Panormum
1753 2041 1853 2068 litteras

1060 2080 1181 2107 mittere?
1193 2089 1362 2107 asservasses
1375 2081 1524 2111 hominem,
1539 2079 1670 2107 custodiis
1683 2079 1854 2106 Mamertino-

1060 2127 1120 2145 rum
1135 2123 1242 2145 tuorum
1256 2118 1376 2144 vinctum
1386 2138 1392 2149 ,
1411 2117 1534 2144 clausum
1547 2117 1705 2147 habuisses,
1724 2115 1790 2143 dum
1803 2116 1853 2142 Pa-

1060 2164 1152 2182 normo
1162 2155 1266 2182 Pretius
1276 2156 1392 2182 veniret:
1407 2159 1577 2191 cognosceret
1588 2154 1738 2181 hominem:
1749 2152 1853 2188 aliquid

1059 2193 1092 2220 de
1107 2201 1214 2220 summo
1226 2192 1362 2228 supplicio
1374 2193 1535 2219 remitteres:
1555 2192 1579 2218 si
1592 2192 1737 2227 ignoraret,
1757 2195 1815 2217 tum
1828 2190 1852 2216 si

1059 2231 1095 2257 ita
1109 2230 1157 2257 tibi
1171 2230 1316 2261 videretur,
1331 2230 1381 2256 hoc
1394 2230 1461 2256 iuris
1473 2229 1500 2256 in
1509 2237 1603 2256 omnes
1611 2228 1796 2259 constitueres,
1811 2231 1850 2259 ut,

1059 2268 1107 2303 qui
1121 2275 1208 2303 neque
1222 2267 1270 2294 tibi
1285 2272 1363 2294 notus
1377 2272 1447 2294 esset
1460 2275 1548 2302 neque
1560 2265 1722 2302 cognitorem
1734 2263 1853 2300 locuple-

1059 2309 1112 2332 tem
1125 2305 1213 2336 daret,
1233 2305 1359 2340 quamvis
1371 2305 1440 2331 civis
1452 2304 1588 2331 Romanus
1600 2307 1683 2333 esset,
1703 2303 1732 2328 in
1745 2309 1852 2328 erucem

1059 2342 1205 2369 tolleretur.

1114 2380 1206 2406 LXVI.
1223 2380 1280 2406 169.
1299 2377 1353 2406 Sed
1366 2378 1433 2414 quid
1447 2386 1496 2414 ego
1507 2377 1584 2412 plura
1597 2376 1631 2403 de
1644 2375 1748 2403 Gavio?
1771 2376 1852 2411 quasi

1059 2421 1087 2443 tu
1102 2417 1187 2444 Gavio
1201 2420 1258 2443 tum
1272 2416 1356 2443 fueris
1370 2415 1494 2446 infestus,
1509 2423 1540 2441 ac
1553 2422 1605 2440 non
1619 2414 1736 2445 nomini,
1747 2413 1849 2449 generi,

1059 2454 1111 2481 iuri
1125 2454 1226 2480 ciw‘um
1240 2453 1335 2481 hostis.
1375 2453 1433 2479 Non
1446 2451 1500 2483 illi,
1520 2452 1646 2486 inquam,
1666 2451 1782 2481 homini,
1802 2449 1851 2476 sed

1058 2499 1169 2518 caussae
1190 2491 1327 2518 communi
1350 2489 1480 2516 libertatis
1502 2489 1629 2515 inimicus
1653 2487 1739 2514 fuisti.
1778 2486 1850 2520 Quid

1058 2529 1129 2555 enim
1143 2528 1264 2559 attinuit,
1286 2535 1372 2563 quum
1385 2526 1536 2553 Mamertini
1549 2534 1622 2552 more
1634 2529 1714 2560 atque
1726 2524 1851 2552 instituto

1057 2574 1107 2592 suo
1115 2574 1223 2592 crucem
1233 2565 1356 2592 fixissent
1364 2568 1425 2599 post
1434 2563 1529 2590 urbem
1539 2563 1568 2590 in
1578 2562 1762 2597 viaPompeia,
1772 2566 1798 2588 te
1806 2561 1851 2588 iu·

1057 2603 1120 2629 bere
1132 2603 1160 2629 in
1174 2611 1204 2629 ea
1217 2606 1292 2637 parte
1305 2601 1399 2637 figere,
1418 2609 1487 2636 quae
1500 2600 1533 2627 ad
1547 2599 1644 2627 fretum
1657 2602 1800 2635 spectaret,
1823 2602 1851 2625 et

1058 2639 1108 2666 hoc
1128 2639 1238 2670 addere,
1262 2639 1336 2674 quod
1357 2646 1454 2674 negare
1475 2637 1550 2664 nullo
1567 2637 1646 2664 modo
1663 2641 1751 2672 potes,
1775 2635 1850 2671 quod

1057 2677 1184 2704 omnibus
1197 2676 1370 2703 audientibus
1383 2675 1477 2702 dixisti
1490 2674 1592 2710 palam,
1612 2679 1637 2701 te
1654 2674 1754 2701 idcireo
1769 2672 1848 2700 illum
