1941 3052
490 156 677 185 ORATIO
708 155 799 183 PRO
831 156 861 182 T.
894 154 1050 183 ANNIO
1082 153 1282 182 MILONE.

65 232 150 255 terant,
168 229 244 256 itaque
261 226 333 255 primo
348 228 429 248 factum
445 230 493 248 erat
507 227 530 248 S.
546 227 582 252 C.‚
596 229 621 247 ut
634 227 735 247 interrex
745 230 766 247 et
776 225 861 247 tribuni

63 265 136 294 plebis
147 267 170 285 et
179 265 220 285 Cn.
230 263 359 290 Pompeius,
370 262 409 290 qui
418 269 458 289 pro
465 262 556 283 consule
566 263 592 282 ad
599 262 679 283 Urbem
691 265 745 286 erat,
752 261 861 286 viderent,

63 307 91 321 ne
104 299 156 327 quid
166 298 294 319 detrimenti
304 297 432 325 respublica
441 300 537 324 caperet,
548 297 648 318 delectus
659 300 730 317 autem
740 296 861 323 Pompeius

64 337 111 356 tota
128 333 197 355 ltalia
215 332 313 354 haberet.
343 332 387 357 Qui
406 339 471 359 quum
492 339 576 353 summa
594 331 709 353 celeritate
726 331 862 359 praesidium

63 370 222 396 comparasset,
242 367 412 396 postulaverunt
429 368 487 394 apud
507 374 556 388 eum
570 366 678 387 familiam
692 366 798 391 Milonis,
808 366 861 386 item

64 405 161 425 Faustae
174 402 254 424 uxoris
270 403 318 423 eius
333 402 480 423 exhibendam
495 403 538 423 duo
553 401 729 424 adolescentuli.
745 401 783 427 qni
794 401 863 428 Appii

65 438 152 460 Claudii
162 438 224 459 ambo
235 437 416 465 appellabantur,
428 436 467 464 qui
477 439 540 457 erant
549 437 573 457 C.
584 436 675 457 Claudii
685 436 736 460 filii,
747 436 785 463 qui
795 436 864 456 frater

65 474 138 495 fuerat
147 472 230 497 Clodii,
243 475 265 493 et
275 474 301 493 ob
307 473 330 493 id
339 472 376 493 illi
384 472 458 499 patrui
468 471 503 493 sui
512 475 612 496 rnnrtem,
619 471 681 491 velut
690 475 780 491 auctore
786 471 862 496 fratre,

64 508 260 537 persequebantur.
289 508 382 528 Easdem
398 508 494 528 Faustae
508 509 530 527 et
544 506 636 527 Milonis
650 506 748 526 farinilias
764 506 864 533 postula-

65 547 144 565 verunt
158 543 201 564 duo
217 542 316 567 Valerii,
331 543 408 570 Nepos
422 545 444 563 et
454 543 506 566 Leo,
518 545 539 562 et
549 542 573 562 1..
585 541 711 562 Herennius
723 541 812 562 Balbus.
837 542 863 562 P.

66 578 141 601 Clodii
155 584 241 605 quoque
255 577 363 598 familiam
378 581 401 599 et
415 576 518 599 comitum
533 576 582 597 eius
592 575 864 603 pnsm1s=·iteo‹lemten1-

65 620 120 642 pore
130 612 236 638 Caelius;
255 613 363 634 familiam
374 612 482 639 Hypsaei,
493 613 548 636 etQ.
555 610 643 632 Metelli
652 610 761 631 Manilius
771 611 864 632 Canini-

66 655 122 670 anus
132 648 181 669 eius
195 647 288 674 collega.
317 647 444 668 Adfuerunt
453 646 534 668 Miloni
545 648 571 670 61.
583 645 725 670 Hortensius,
736 647 765 666 M.
777 646 865 671 Cicero,

66 685 96 705 M.
107 683 235 708 Marcellus,
246 684 275 704 M.
287 682 397 707 Calidius,
408 683 437 703 M.
449 682 512 706 Cato,
524 682 621 702 Faustus
632 680 703 701 Sulla.
728 681 801 702 Verba
811 688 865 708 pau-

65 725 92 740 ca
103 720 129 744 Q.
140 718 274 739 Hortensius
285 718 352 743 dixit,
360 723 416 744 quae
425 720 484 741 sunt,
491 716 575 737 liberos
585 723 635 736 esse
645 722 690 740 eos,
697 715 735 742 qui
745 723 784 743 pro
794 716 866 736 servis

65 754 248 782 pmtularentun
274 759 324 773 nam
347 755 399 780 post
418 754 526 773 recentem
546 751 633 772 caedem
652 757 717 771 manu
727 750 819 771 miserat
828 757 866 771 eos

67 788 161 810 Clodius
176 789 216 809 sub
231 787 272 809 hoe
281 787 356 812 vitulo,
367 787 425 814 quod
435 789 501 814 caput
512 793 574 807 suum
584 786 628 806 ulti
639 788 721 806 essent..
745 786 806 806 Haec
816 792 865 811 age-

68 824 148 844 bantur
161 829 237 844 mense
249 821 381 843 intercalari
394 824 446 849 post
459 821 516 842 diem
531 821 670 846 trigesimum
680 821 734 845 fere,
745 827 809 847 quam
820 823 867 841 erat

67 857 161 880 Clodius
175 857 270 878 occisus.
294 859 321 881 Q.
335 856 441 878 Metellus
455 856 532 884 Scipio
546 856 570 876 in
587 859 666 877 senatu
679 858 756 877 contra
769 857 800 877 Μ.
812 857 866 877 Cae-

67 893 155 921 pionem
169 894 304 919 conquestus
319 894 364 917 est,
376 898 401 912 ac
411 892 438 912 de
447 891 513 912 caede
522 892 549 912 P.
561 890 637 912 Clodii
648 891 728 912 falsum
739 898 788 912 esse
798 891 865 916 dixit,

67 928 125 955 quod
138 927 193 949 Milo
209 926 242 948 sic
252 934 276 948 se
285 927 421 952 defenderet,
433 929 455 947 et
464 926 567 948 Clodium
578 925 683 947 Aricinos
693 926 824 948 decuriones
835 926 867 947 al-

67 962 174 990 loquendi
191 962 264 988 grstia
282 962 379 987 abiisse,
394 961 519 989 profectum
535 969 582 982 cum
597 968 639 982 aex
653 968 678 982 ac
691 961 774 987 viginti
784 962 866 983 servis:

68 997 174 1020 Milonem
190 997 265 1018 subito
279 1000 331 1025 post
344 997 418 1018 horam
433 1000 545 1024 quartam,
562 1000 641 1017 senatu
651 996 728 1022 misso,
738 1004 786 1018 cum
797 997 867 1017 servis

70 1032 165 1060 amplius
175 1032 282 1054 trecentis
292 1032 384 1053 armat-is
394 1032 481 1053 obviam
492 1031 514 1052 ei
523 1031 674 1057 contendisse,
685 1035 707 1053 et
717 1039 785 1060 supra
792 1032 867 1053 novil-

69 1067 103 1089 las
121 1067 274 1095 inopinantem
291 1067 316 1088 in
334 1067 417 1088 itincre
431 1073 567 1093 aggressum:
586 1066 620 1087 ibi
634 1068 661 1088 P.
678 1067 779 1088 Clodium
795 1067 867 1088 tribus

69 1102 198 1124 vulneribus
209 1102 320 1130 acceptis,
332 1102 433 1123 Bovillas
444 1101 565 1130 perlatnn1;
577 1103 698 1127 tabernam,
708 1102 733 1123 in
743 1109 805 1130 quam
817 1110 867 1130 pro-

69 1138 164 1164 fugerat.
175 1141 323 1166 expugnatam
334 1144 347 1158 a
356 1137 454 1163 Milone;
470 1137 620 1159 semianimem
630 1137 733 1159 Clodium
745 1140 868 1158 extractum

68 1173 94 1194 in
106 1173 143 1194 via
157 1173 232 1201 Appia
245 1173 341 1194 occisum
355 1179 416 1198 esse,
429 1172 578 1200 annulumque
588 1173 637 1193 eius
648 1173 669 1193 si
678 1172 783 1194 morienti
794 1176 868 1193 estra-

69 1215 160 1235 rnmque
174 1215 218 1229 non
229 1207 289 1229 domi
303 1215 368 1233 suae,
384 1208 423 1229 sed
437 1208 461 1228 in
471 1208 543 1229 bortis
554 1209 668 1233 manebat3
686 1207 753 1235 idque
763 1208 835 1235 ipsum
845 1207 869 1228 in

71 1243 233 1271 superioribus,
245 1243 305 1265 circa
314 1251 369 1270 quoa
378 1243 445 1265 etiam
454 1251 532 1270 mag-na
542 1251 619 1265 manus
629 1243 725 1265 militum
736 1244 867 1264 excubabat.

71 1279 175 1300 Senatum
190 1285 277 1305 qnoque
293 1278 362 1300 semel
374 1279 398 1299 in
408 1279 497 1306 porticu
507 1286 548 1300 sua
557 1280 665 1301 habuerat
673 1278 801 1306 Pompeius,
811 1279 869 1305 quod

70 1313 155 1335 diceret
168 1313 247 1335 timere
261 1321 285 1334 se
298 1315 414 1335 adventum
428 1314 529 1335 Milonis.
560 1315 617 1335 Dein
631 1314 733 1342 proximo
748 1316 827 1334 senatu
840 1314 868 1334 P.

71 1348 204 1370 Cornificius
218 1349 299 1370 ferrum
315 1349 420 1370 Milonem
431 1349 491 1370 iutra
501 1349 597 1370 tunicam
609 1350 689 1371 habere
700 1349 725 1369 ad
737 1349 808 1369 femur
817 1348 869 1368 alli-

70 1386 143 1410 gatum
163 1384 258 1405 dixerat.
288 1384 458 1409 Postulaverat,
476 1387 502 1405 ut
520 1384 591 1405 femur
604 1385 710 1408 nudaret,
730 1386 752 1404 et
765 1383 806 1404 ille
821 1383 870 1404 sine

71 1426 132 1440 mora
143 1419 239 1440 tunicam
254 1419 373 1440 levaverat.
397 1420 455 1441 Tum
470 1420 500 1440 M.
516 1419 594 1440 Cicero
610 1419 784 1443 exclamaverat,
797 1419 871 1440 omnia

71 1453 109 1474 illi
119 1453 203 1475 similia
210 1453 303 1475 crimina
313 1462 370 1480 esse,
377 1462 432 1482 quae
442 1455 465 1475 in
476 1453 713 1475 Milonemdicerentur
719 1453 771 1474 alia.
784 1453 871 1474 Deinde

71 1489 188 1510 Munatius
201 1488 299 1510 Plancus
312 1490 415 1510 tribunus
425 1489 456 1517 pl.
467 1489 603 1517 produxerat
613 1489 637 1509 in
648 1489 775 1510 concionem
786 1489 815 1509 M.
828 1490 870 1509 Ae—

73 1523 158 1545 milium
169 1524 328 1549 Philemonem,
339 1528 414 1545 notum
426 1524 542 1549 bominem,
553 1523 657 1544 libertum
667 1525 697 1545 M.
710 1524 797 1551 Lepidi.
814 1524 836 1544 ls
848 1531 872 1544 se

72 1559 160 1580 (licebat
170 1559 297 1587 pariterque
307 1566 379 1580 secum
390 1562 495 1586 quattuor
504 1559 588 1580 liberos
599 1559 699 1580 homines
709 1559 753 1580 iter
763 1559 871 1580 facientes

73 1594 242 1622 supervenisse,
257 1601 322 1621 quum
337 1593 430 1615 Clodius
446 1594 596 1619 occideretur,
608 1597 630 1615 et
639 1595 666 1615 ob
677 1594 699 1615 id
709 1601 773 1621 quum
785 1594 871 1621 procla-

73 1632 177 1654 massent,
188 1630 291 1657 abreptos
301 1631 323 1650 et
332 1629 449 1656 perductos
459 1629 483 1650 in
493 1629 570 1650 villam
576 1629 677 1654 Milonis,
684 1629 761 1656 ibique
772 1636 810 1656 per
816 1630 871 1649 duos

73 1671 158 1685 menses
172 1664 301 1692 praeclusos
315 1664 398 1685 fuisse:
416 1670 486 1691 eaque
499 1671 535 1685 res
546 1671 585 1685 seu
595 1671 646 1685 vera
657 1671 697 1685 sen
706 1664 764 1685 falsa
773 1671 871 1690 inagnum

73 1698 178 1720 invidiam
194 1699 275 1721 Miloni
290 1701 440 1720 contraxerat.
463 1699 577 1726 iidemque
590 1699 705 1721 Munatius
720 1702 742 1720 et
752 1699 871 1727 Pompeius

74 1734 158 1755 tribuni
168 1734 199 1762 pl.
206 1734 229 1755 in
249 1737 322 1755 rostra
330 1735 482 1762 produxerant
492 1735 630 1756 triumvirum
642 1734 768 1763 capitalem,
781 1742 872 1762 eumque

73 1769 275 1795 interrogaverant,
291 1775 318 1790 an
329 1769 443 1795 Galatam,
455 1770 548 1791 Milonis
559 1777 653 1795 servum,
665 1771 743 1792 caedes
755 1771 871 1792 facientem

74 1804 263 1832 deprehendisset.
292 1803 334 1826 llle
348 1805 491 1826 dormientem
503 1805 526 1826 in
537 1806 628 1827 taberna
639 1813 678 1834 pro
689 1806 783 1832 fugitivo
794 1807 872 1834 depre-

75 1838 176 1865 bensum,
192 1842 214 1860 et
228 1840 255 1860 ad
269 1846 293 1860 se
307 1840 434 1867 perductum
451 1847 500 1861 esse
512 1842 669 1868 responderat,
687 1841 873 1862 denuntiaverant

74 1876 146 1895 tamen
161 1874 276 1895 triumviro
284 1890 289 1900 ,
305 1881 332 1896 ne
347 1882 432 1896 servum
443 1876 574 1901 remitteret,
585 1877 623 1897 sed
634 1879 725 1904 postera
733 1876 770 1897 die
779 1876 872 1897 Caelius

74 1908 176 1929 tribunus
186 1908 216 1936 pl.
228 1911 252 1930 et
259 1909 366 1931 Manilius
377 1910 514 1932 Caninianus
524 1910 609 1936 collega
620 1911 668 1932 eins
678 1915 776 1939 ereptum
787 1918 799 1932 e
808 1912 871 1932 domo

75 1943 186 1964 triumviri
196 1950 281 1964 servum
292 1944 373 1965 Miloni
383 1946 532 1967 reddiderunt.
563 1946 611 1967 Etsi
621 1946 704 1967 nullam
715 1947 741 1967 de
752 1947 787 1968 his
798 1947 872 1967 crimi-

73 1978 141 1999 nibus
157 1978 290 1999 mentionem
308 1979 362 2000 ferit
371 1979 458 2005 Cicero,
470 1984 551 2005 tamen,
562 1981 615 2008 quin
625 1981 658 2002 ita
668 1989 822 2009 compereram,
833 1989 872 2009 pu-

74 2013 121 2034 tavi
136 2013 273 2040 exponenda.
297 2013 358 2034 inter
372 2015 455 2042 primos
470 2019 492 2036 et
502 2018 529 2040 Q.
541 2015 669 2043 Pompeius,
680 2019 701 2037 et
711 2018 736 2037 C.
749 2016 873 2037 Sallustius

75 2051 97 2069 et
107 2047 136 2068 T.
152 2047 266 2069 Munatius
282 2048 379 2070 Plancus
395 2050 479 2070 tribuni
495 2050 524 2077 pl.
538 2050 708 2071 inimicissimas
719 2051 838 2072 concinnes
847 2052 874 2072 de

74 2083 160 2104 Milone
179 2083 296 2108 habebant,
316 2083 440 2105 invidiosas
459 2084 525 2105 etiam
544 2085 571 2106 de
586 2085 704 2111 Cicerone,
719 2086 756 2113 qui
767 2086 874 2107 Milonem

75 2121 136 2139 tanto
151 2118 225 2139 studio
236 2118 372 2139 defenderet.
402 2120 498 2146 Eratque
509 2120 605 2140 maxima
614 2127 665 2147 pars
675 2121 828 2142 multitudiuis
839 2121 873 2142 in-

75 2153 139 2174 fensa
153 2160 196 2174 nnn
211 2152 282 2174 solum
292 2152 381 2178 Miloni.
392 2154 430 2174 sed
441 2153 486 2181 ipsi
497 2154 562 2175 etiam
573 2155 766 2182 propterinrisum
777 2156 873 2183 patroci-

75 2188 135 2210 nium
154 2188 266 2210 Ciceroni.
294 2189 378 2209 Postea
395 2189 516 2216 Pompeius
535 2193 557 2210 et
571 2190 694 2211 Sallustius
708 2191 731 2211 in
746 2191 874 2218 suspicione

76 2223 178 2248 fuerunt,
197 2223 221 2244 in
234 2223 328 2249 gratiam
344 2223 430 2244 redisse
445 2231 491 2245 enm
504 2224 588 2246 Milone
598 2232 622 2246 ac
633 2225 747 2247 Cicerone.
777 2226 873 2248 Plancus

78 2261 148 2279 autem
163 2258 313 2280 infestissime
325 2259 438 2286 perstitit,
450 2262 515 2287 atque
529 2259 552 2280 in
562 2260 691 2282 Ciceronem
702 2268 788 2288 quoque
799 2261 873 2282 unulti-

77 2292 175 2314 tudiaem
192 2293 323 2319 instigavit:
343 2294 448 2322 Pompeio
469 2298 540 2315 antem
555 2299 681 2322 suspectum
696 2297 792 2317 faciebat
808 2297 874 2318 Milo-

78 2334 138 2354 nem,
153 2329 180 2350 ad
194 2329 314 2357 perniciem
330 2329 378 2350 eius
388 2329 512 2356 comparari
521 2330 564 2350 vim
574 2330 724 2356 vociferatus,
742 2332 874 2359 Pompeius-

79 2369 120 2390 que
129 2364 156 2385 ol»
166 2370 192 2385 ea
202 2363 292 2392 saepius
303 2365 443 2391 querebatur,
451 2364 499 2386 nuri
509 2365 555 2385 sibi
565 2372 651 2392 quoquo
660 2365 764 2390 insidias.
773 2369 795 2386 st
805 2366 827 2386 id
836 2373 874 2393 pa-

78 2396 121 2419 lam
129 2413 134 2423 ,
149 2405 175 2420 ac
188 2398 273 2420 maiora
282 2400 346 2420 manu
357 2407 381 2420 ae
391 2401 496 2421 armabat.
521 2400 636 2421 uicturum
647 2408 734 2427 quoque
743 2401 801 2422 diem
811 2401 874 2422 (fice-

79 2435 146 2454 etum
164 2434 244 2455 deinde
261 2434 366 2456 Milonem
374 2451 379 2459 ,
390 2443 454 2462 quum
471 2435 539 2456 scirot
548 2435 570 2455 in
582 2435 668 2456 Albano
680 2437 795 2463 parvulum
805 2436 874 2457 alium

80 2466 155 2489 cludit
168 2468 257 2490 venisse
272 2470 299 2490 ad
309 2470 393 2495 villam,
404 2474 426 2491 et
435 2478 500 2498 quum
509 2478 564 2498 puer
573 2474 623 2491 aute
634 2471 761 2491 subtractus
771 2475 838 2495 esact,
849 2471 876 2491 de

80 2509 143 2524 servo
157 2503 248 2525 Alicore
257 2505 409 2532 quaestionem
419 2505 452 2526 ita
462 2506 575 2530 babuisse,
585 2508 609 2526 nt
619 2512 667 2526 eum
678 2505 812 2527 articulatim
824 2513 875 2526 con-

81 2540 178 2559 sec-rot:
195 2538 295 2560 villicum
310 2542 331 2560 et
344 2541 399 2561 duos
415 2544 529 2568 praeterea
542 2548 618 2561 servos
628 2540 755 2566 iugulas-m
766 2548 793 2561 ex
804 2540 875 2561 servis

81 2571 168 2598 clodii,
190 2573 228 2601 qui
244 2574 354 2596 dominum
373 2575 525 2600 defenderint,
548 2575 649 2596 undecim
667 2582 717 2596 esse
737 2575 875 2599 interfectos.

81 2606 162 2628 Miloni
170 2607 226 2629 duos
235 2608 296 2630 solos
306 2609 394 2631 sancios
405 2611 476 2632 factos
486 2618 546 2632 esse:
567 2612 594 2631 ol»
605 2618 660 2638 quae
671 2610 774 2631 Milonem
787 2613 876 2637 postero

81 2641 118 2662 die
136 2642 249 2664 duodecim
268 2651 356 2670 servos,
371 2645 409 2672 qui
423 2645 444 2666 ei
458 2646 555 2667 maxime
568 2653 655 2673 operam
671 2649 801 2669 navant-nt,
813 2652 876 2665 ιιιιιιιιι

82 2674 183 2701 millu&
195 2677 319 2706 pupulo-{ue
329 2680 429 2701 tributim
440 2680 528 2706 singola
539 2681 611 2701 millia
621 2681 679 2701 aeris
690 2681 715 2700 ad
727 2681 876 2700 defenrdcndos

83 2710 111 2732 de
120 2717 144 2732 se
154 2718 251 2734 rumores
261 2713 356 2736 dedisse.
371 2715 426 2736 Milo
437 2716 527 2737 misisse
537 2717 609 2737 aan.
617 2715 875 2743 Pompeiamdiecbntur,

1660 154 1710 180 575

913 226 970 252 quod
985 226 1088 252 Hypsaeo
1105 231 1187 245 summe
1197 225 1307 249 studebat,
1319 223 1376 251 quod
1387 222 1460 244 fuerat
1470 222 1518 243 eius
1528 225 1640 249 quaestor,
1650 222 1710 243 desi-

914 264 973 281 stere
988 267 1012 281 ae
1026 260 1053 280 de
1063 259 1174 287 petitione
1184 259 1321 283 consulatus,
1333 259 1353 279 si
1362 258 1395 279 ita
1405 258 1427 279 ei
1436 258 1561 282 videretur,
1579 257 1709 285 Pompeium

913 295 1064 323 respondisse,
1075 295 1158 315 nemini
1169 302 1193 315 se
1202 301 1272 321 neque
1282 293 1379 322 petendi,
1389 292 1590 320 nequedesistendi
1600 295 1710 313 auctorem

914 338 971 355 esse,
982 337 1052 357 neque
1062 330 1139 358 populi
1146 330 1240 351 Romani
1250 332 1389 357 potestatem,
1396 332 1435 349 aut
1443 327 1563 349 eonsilium
1574 332 1612 348 aut
1622 330 1710 348 senten-

914 366 967 386 tiam
982 365 1184 392 interpellaturnm.
1216 365 1303 386 Deinde
1317 371 1357 392 per
1366 365 1391 385 C.
1403 363 1520 387 Lucilium,
1532 362 1570 389 qui
1580 366 1670 390 propter
1680 363 1710 383 M.

915 401 1030 422 Ciceronis
1046 400 1222 421 familiaritatem
1236 400 1319 420 amicus
1334 402 1382 419 erat
1395 398 1487 422 Miloni,
1498 397 1572 423 egisse
1581 404 1668 425 quoque
1677 397 1711 418 di-

915 438 1012 460 cebatur,
1024 443 1051 456 ne
1061 442 1085 456 se
1095 436 1122 456 de
1131 436 1171 456 hac
1181 442 1205 456 re
1214 435 1348 456 consulendo
1358 434 1444 454 invidia
1454 436 1563 454 oneraret.
1589 433 1649 453 luter
1658 432 1713 454 haec

915 478 979 497 quum
989 472 1138 491 crebresceret
1148 478 1228 495 rumor,
1235 471 1275 491 Cn.
1282 469 1411 496 Pompeium
1421 468 1491 490 creari
1497 468 1635 491 dictatorem,
1642 473 1713 494 neque

916 510 1039 533 opportune
1054 506 1120 526 aliter
1133 506 1191 526 mala
1200 505 1301 526 ciuitatis
1312 504 1386 525 sedari
1395 510 1471 531 posse:
1490 503 1561 523 visum
1572 505 1607 523 est
1617 502 1712 529 optima-

916 541 988 566 tibus,
1004 540 1075 561 tutius
1090 546 1150 564 esse,
1167 545 1215 559 eum
1229 539 1341 560 consulem
1351 539 1400 560 siae
1410 539 1494 564 collega
1504 537 1583 559 creari.
1608 538 1638 558 Et
1647 544 1712 564 quum

917 579 1012 597 tractata
1025 583 1052 596 ea
1063 582 1099 596 res
1114 577 1174 596 esset
1182 574 1207 595 in
1217 578 1304 599 senatu,
1315 574 1373 595 facto
1383 574 1407 594 in
1417 575 1446 594 M.
1460 573 1535 594 Bibali
1545 572 1677 594 sententiam
1687 574 1711 593 S.

916 612 950 635 C..
965 610 1087 638 Pompeius
1101 611 1128 631 ab
1142 609 1253 635 interrege
1269 610 1316 630 Ser.
1332 608 1433 636 Sulpicio
1448 609 1476 629 V.
1490 607 1543 628 Kal.
1558 609 1624 629 Mart.
1638 613 1713 628 mense

916 645 1061 667 intercalario
1084 644 1164 666 consul
1186 648 1274 666 creatus
1293 647 1338 668 est.
1356 644 1475 670 statimque
1493 642 1633 664 consulatum
1650 642 1712 663 iniit.

918 681 1004 702 Deinde
1014 687 1065 708 post
1074 680 1131 701 diem
1141 680 1231 700 tertium
1241 680 1268 700 de
1277 679 1365 705 legibus
1373 679 1436 699 novis
1448 678 1546 699 ferendis
1557 678 1648 703 retulit,
1658 678 1713 698 duas

918 724 947 737 ex
961 717 984 738 S.
1001 717 1026 737 C.
1038 715 1198 744 promulgavit:
1221 714 1312 735 alteram
1322 715 1349 735 de
1358 714 1388 738 vi,
1399 720 1442 740 qua
1452 713 1582 734 nominatim
1592 713 1678 734 caedem
1690 713 1714 734 in

917 751 955 772 via
968 751 1042 778 Appia
1057 751 1149 775 factam,
1160 752 1182 770 et
1191 750 1318 771 incendium
1328 749 1410 773 curiae,
1422 751 1444 769 et
1453 749 1538 769 domum
1550 749 1579 769 M.
1590 748 1669 775 Lepidi
1679 748 1714 768 in-

918 786 1012 811 terregis
1020 788 1167 812 oppugnatam
1177 784 1355 812 comprehendit3
1376 783 1468 804 alteram
1477 784 1504 804 de
1515 783 1598 804 ambitu
1605 799 1611 808 ‚
1622 790 1715 810 poenam

918 821 1040 846 graviorem
1055 823 1077 841 et
1090 820 1182 841 formam
1195 820 1329 841 iudiciorum
1343 818 1474 840 breviorem.
1498 819 1596 844 Utraque
1610 818 1666 839 enim
1677 818 1716 839 lex

918 856 981 884 prius
997 858 1066 876 testes
1079 855 1128 876 dari
1143 862 1182 882 per
1191 855 1295 879 triduum,
1307 854 1386 875 deinde
1395 861 1440 874 uno
1449 854 1486 874 die
1496 857 1562 880 atque
1572 853 1646 873 eodem
1657 856 1678 873 et
1688 854 1715 873 ab

919 894 1047 913 accusatore
1057 894 1079 911 et
1088 891 1114 911 ab
1125 897 1162 910 reo
1172 890 1272 917 perorari
1281 889 1379 914 iubebat,
1390 889 1423 909 ita
1432 889 1518 909 utduae
1524 888 1591 909 horae
1601 892 1715 909 accusato-

918 927 946 952 ri,
957 930 1003 948 tres
1012 933 1049 947 rea
1060 927 1173 947 darentur.
1198 924 1240 945 uis
1250 924 1338 949 legibus
1348 925 1458 945 obsistere
1467 925 1497 945 M.
1510 923 1601 945 Caelius
1611 923 1716 944 tribunus

919 962 958 990 pl..
969 961 1149 983 studiosissimus
1160 959 1261 984 Milonis,
1273 962 1365 980 conatus
1376 962 1417 983 est,
1429 959 1487 985 quod
1498 962 1520 979 et
1529 958 1671 986 privilegium
1682 958 1715 978 di-

919 1001 978 1019 ceret
988 997 1011 1018 in
1021 996 1127 1018 Milonem
1138 995 1201 1020 ferri,
1212 998 1233 1015 et
1242 994 1328 1015 iudicia
1336 994 1489 1022 praecipitari.
1505 994 1533 1014 Et
1542 1001 1607 1021 quum
1618 993 1716 1020 pertina-

918 1032 967 1053 cius
981 1032 1051 1057 legem
1067 1031 1159 1052 Caelius
1173 1030 1324 1057 vituperaret,
1340 1036 1366 1050 eo
1376 1029 1487 1057 processit
1495 1029 1544 1050 irae
1552 1028 1681 1056 Pompeius.
1692 1032 1718 1049 ut

918 1067 1010 1092 diceret,
1021 1067 1041 1088 si
1051 1070 1142 1088 coactus
1152 1069 1218 1090 esset,
1230 1065 1298 1086 armis
1308 1071 1332 1086 se
1341 1064 1497 1092 rempublicam
1508 1064 1655 1085 defensurum.
1675 1063 1717 1084 Ti-

919 1102 993 1122 mebat
1002 1104 1074 1122 autem
1084 1101 1206 1128 Pompeius
1215 1100 1328 1125 Milonem,
1340 1107 1380 1121 seu
1389 1100 1468 1120 timere
1478 1106 1502 1120 se
1512 1098 1640 1120 simulabat.
1665 1098 1718 1119 Ple-

919 1136 969 1157 roni
983 1136 1081 1158 Plancus
1096 1137 1234 1161 ostendebat,
1246 1139 1326 1163 postea
1335 1139 1406 1156 autem
1417 1136 1444 1159 Q.
1455 1134 1575 1162 Pompeius
1584 1134 1642 1154 idem
1653 1133 1718 1154 mini-

920 1175 980 1192 tatus
995 1175 1049 1193 erat.
1079 1172 1155 1192 Tanta
1169 1174 1241 1192 tamen
1255 1170 1382 1192 constantia
1397 1177 1422 1191 ac
1437 1170 1491 1191 fides
1506 1169 1550 1190 fuit
1560 1169 1685 1194 Ciceronis,
1695 1172 1720 1189 ut

920 1214 964 1227 non
974 1206 1053 1235 populi
1063 1214 1076 1228 a
1084 1214 1108 1228 se
1119 1207 1263 1231 alienatione,
1274 1214 1318 1227 non
1328 1207 1368 1227 Cn.
1380 1205 1483 1233 Pompeii
1493 1204 1720 1232 suspitionibus,uon

920 1241 1016 1270 periculi
1031 1242 1103 1263 futuri
1116 1246 1187 1267 metu,
1202 1242 1223 1263 si
1235 1242 1280 1263 sibi
1290 1241 1338 1262 dies
1349 1241 1376 1261 ad
1386 1240 1491 1268 populum
1501 1240 1620 1265 diceretur,
1631 1246 1675 1260 non
1685 1246 1718 1259 ar-

921 1278 974 1303 mis,
991 1285 1047 1305 quae
1060 1277 1132 1305 palam
1145 1277 1170 1298 in
1184 1277 1289 1298 Milonem
1305 1279 1393 1304 sumpta
1400 1278 1470 1301 eraut,
1481 1275 1589 1296 deterreri
1598 1274 1697 1302 potuerit
1708 1281 1721 1295 a

920 1313 1051 1334 defensione
1065 1313 1126 1337 eius,
1138 1320 1203 1339 quum
1217 1315 1294 1340 posset
1303 1318 1366 1332 omne
1375 1311 1497 1339 pericnlum
1508 1318 1570 1331 suum
1581 1313 1604 1331 et
1612 1309 1720 1330 offensio-

921 1355 970 1368 nem
985 1347 1090 1369 inimicae
1105 1347 1258 1368 multitudinis
1271 1347 1392 1371 declinare,
1407 1346 1515 1367 redimere
1526 1345 1592 1366 etiam
1603 1346 1643 1366 Cn.
1654 1345 1720 1365 Pom·

921 1383 968 1411 peii
978 1383 1082 1408 animum,
1094 1383 1114 1403 si
1124 1383 1222 1410 paullum
1233 1390 1261 1403 ex
1271 1382 1345 1403 studio
1355 1381 1495 1402 defensionis
1505 1380 1637 1401 remisisset.
1665 1380 1720 1400 Per-

921 1418 968 1439 lata
985 1418 1066 1439 deinde
1083 1417 1132 1443 lege
1151 1418 1261 1445 Pompeii,
1277 1417 1301 1438 in
1315 1424 1357 1444 qua
1370 1417 1394 1437 id
1409 1423 1495 1443 quoque
1509 1415 1615 1442 scripturn
1631 1418 1685 1439 erat,
1696 1418 1721 1435 ut

922 1453 1037 1480 quaesitor
1047 1453 1154 1478 suffragio
1164 1452 1242 1480 populi
1252 1459 1280 1473 ex
1289 1452 1328 1477 iis,
1339 1452 1378 1479 qui
1388 1452 1491 1473 consules
1498 1451 1594 1475 fuerant,
1600 1454 1720 1473 crearetur,

922 1488 998 1509 statim
1008 1488 1099 1508 comitia
1108 1487 1194 1512 habuit,
1203 1490 1335 1514 creatusque
1343 1491 1390 1507 erat
1401 1487 1425 1507 L.
1437 1486 1549 1507 Domitius
1561 1485 1721 1506 Ahenobarbus

922 1523 1044 1550 quaesitor.
1075 1523 1176 1543 Aliorum
1192 1529 1279 1549 quoqne
1293 1522 1404 1547 iudicum,
1420 1521 1458 1548 qui
1471 1522 1499 1542 de
1513 1527 1540 1541 ea
1553 1527 1577 1541 re
1586 1520 1720 1543 iudicarent,

923 1558 1044 1586 Pompeius
1063 1558 1120 1578 tales
1139 1558 1263 1585 proposuit,
1283 1561 1309 1578 ut
1322 1564 1436 1584 numquam
1454 1563 1523 1583 neque
1537 1556 1644 1577 clariores
1660 1555 1722 1575 viros

923 1600 993 1620 neque
1008 1593 1132 1614 sanctiores
1146 1593 1274 1620 propositos
1289 1599 1339 1613 esse
1353 1595 1473 1613 constaret.
1503 1593 1559 1612 Post
1573 1591 1630 1617 quod
1646 1590 1721 1611 statim

924 1636 980 1649 nova
990 1629 1038 1654 lege
1049 1628 1103 1650 Milo
1111 1628 1238 1655 postulatus
1249 1635 1261 1648 a
1267 1628 1353 1648 duobus
1360 1627 1441 1655 Appiis
1448 1627 1535 1648 clodii·
1542 1625 1722 1647 adolescentibus

923 1664 1015 1688 iisdem,
1027 1671 1039 1684 a
1049 1663 1130 1690 quibus
1141 1667 1207 1684 antea
1217 1662 1303 1683 familia
1314 1663 1363 1683 eius
1375 1663 1447 1683 fuerat
1457 1662 1579 1689 postulata.
1589 1661 1686 1687 itemque
1695 1661 1723 1680 da

924 1699 1008 1720 ambitu
1024 1699 1050 1719 ab
1061 1699 1141 1719 iisdem
1152 1698 1246 1725 Appiis,
1265 1701 1286 1718 ot
1297 1702 1412 1725 praeterea
1422 1697 1448 1718 de
1458 1697 1480 1717 vi
1490 1704 1502 1717 a
1513 1699 1540 1721 Q.
1551 1696 1654 1718 Petulciu
1665 1700 1686 1716 et
1697 1696 1722 1715 L.

924 1734 1057 1759 Cor-uiritim
1073 1734 1100 1754 de
1114 1733 1229 1754 sodalitiis
1244 1740 1256 1754 a
1270 1734 1296 1754 P.
1308 1732 1387 1754 Fulvio
1398 1733 1496 1757 Neratu;
1512 1731 1639 1759 postulatus
1650 1735 1723 1751 autem

924 1774 971 1791 crat
985 1773 1007 1791 et
1020 1770 1047 1790 de
1058 1769 1172 1790 sodalitiis
1183 1769 1241 1789 etde
1251 1768 1336 1789 ambitu
1346 1775 1372 1789 ea
1382 1775 1433 1795 spe,
1444 1768 1501 1794 quod
1512 1767 1604 1794 primum
1615 1765 1724 1786 iudicium

924 1806 950 1826 de
960 1805 982 1825 vi
993 1805 1090 1826 futurum
1101 1805 1229 1832 apparebat,
1241 1811 1282 1831 quo
1294 1811 1342 1824 eum
1352 1803 1477 1823 damnatum
1488 1802 1517 1822 iri
1528 1802 1673 1825 confidebant,
1685 1807 1725 1821 nee

924 1844 1002 1868 postea
1012 1847 1176 1868 responsurum.
1199 1839 1316 1860 Divinatio
1326 1839 1353 1858 de
1363 1837 1446 1858 ambitu
1457 1841 1609 1858 accusatorum
1622 1837 1679 1857 facta
1691 1839 1725 1856 cst

924 1875 1051 1903 quaesitore
1066 1876 1092 1896 Δ.
1108 1875 1234 1901 Torquato:
1251 1877 1315 1901 atque
1330 1874 1393 1894 ambo
1404 1872 1551 1900 quaesitores.
1562 1871 1692 1898 Torquatus
1703 1875 1725 1891 ct

925 1910 1050 1935 Domitius,
1066 1910 1140 1938 pridie
1155 1911 1232 1931 Nonas
1247 1910 1300 1937 Apr.
1316 1916 1376 1930 reum
1392 1909 1470 1929 adesse
1480 1910 1603 1928 iusserunt.
1629 1908 1677 1930 Quo
1687 1905 1724 1926 die

925 1945 980 1966 ,uilo
995 1946 1022 1966 ad
1038 1945 1134 1966 Domitii
1150 1944 1248 1965 tribunal
1259 1944 1327 1969 venit,
1338 1945 1364 1964 ad
1375 1943 1487 1970 Torquati
1499 1942 1581 1963 amieos
1591 1941 1661 1962 misit.
1691 1940 1724 1962 lbi

925 1980 1053 2008 postulante
1072 1988 1111 2008 pro
1131 1987 1156 2001 co
1175 1981 1205 2001 M.
1222 1979 1336 2003 Marcello,
1355 1978 1465 2002 obtinuit,
1478 1977 1578 2005 ueprius
1588 1983 1687 1997 caussam
1698 1976 1725 1996 dc

925 2015 1008 2036 ambitu
1019 2016 1110 2040 diceret,
1121 2023 1184 2042 quam
1196 2016 1223 2036 de
1232 2015 1254 2035 vi
1266 2015 1372 2035 iudicium
1384 2017 1443 2034 csset
1454 2013 1582 2041 perfectum.
1605 2012 1668 2039 ¹&pud
1680 2012 1724 2032 llu-

925 2050 1010 2072 mitium
1031 2054 1102 2071 autem
1120 2050 1268 2077 quaesitorem
1289 2050 1359 2070 maior
1373 2049 1460 2076 Appius
1476 2047 1599 2075 postulavit
1613 2054 1626 2067 a
1640 2046 1726 2067 Milon«-

925 2093 1002 2106 scrvos
1017 2085 1120 2106 exbiberi
1135 2093 1224 2106 numeru
1241 2088 1273 2106 lv.
1289 2089 1311 2106 et
1322 2085 1354 2109 1...
1366 2088 1387 2105 et
1397 2091 1462 2111 quum
1473 2083 1513 2103 ille
1524 2086 1620 2107 negaret,
1632 2089 1677 2105 eos,
1687 2081 1724 2107 qui

926 2121 1107 2145 nominabantur,
1124 2121 1147 2141 in
1163 2127 1203 2141 sua
1217 2122 1328 2147 potestate
1338 2126 1395 2144 esse,
1407 2118 1520 2139 Domitius
1532 2125 1559 2138 ex
1570 2116 1682 2138 sententia
1691 2116 1725 2136 iu-

925 2156 997 2177 dicum
1014 2155 1178 2184 pronuntiavit,
1199 2159 1223 2175 ut
1237 2161 1264 2175 ex
1280 2161 1392 2175 servorum
1407 2160 1480 2175 eorum
1497 2159 1586 2173 urinis-ru
1602 2156 1725 2174 accusator,

925 2195 979 2218 quot
989 2191 1064 2215 vellet,
1076 2191 1158 2211 ederet.
1183 2189 1254 2211 Citati
1264 2190 1344 2210 deinde
1354 2192 1432 2213 testes,
1443 2189 1561 2209 ser-undum
1573 2187 1649 2212 legem,
1661 2193 1724 2213 quae.

925 2229 949 2246 ut
959 2233 1026 2253 supra
1036 2225 1134 2246 diximus
1145 2225 1243 2249 lubebat,
1255 2228 1299 2249 „nt
1310 2224 1372 2251 prius
1378 2230 1441 2250 quam
1452 2229 1530 2244 caussa
1541 2225 1726 2248 agen-eiurante·

926 2268 965 2288 per
974 2261 1070 2281 triduum
1082 2260 1219 2284 audirentur.
1226 2259 1286 2280 dicta
1296 2266 1369 2279 eorum
1377 2258 1462 2279 iudices
1473 2257 1636 2282 connisi-arent,
1648 2260 1726 2283 quarta

926 2296 962 2317 die
973 2297 1052 2316 adesse
1062 2302 1137 2316 omnes
1148 2294 1171 2315 in
1181 2294 1238 2315 ditm
1250 2297 1362 2321 posterum
1373 2293 1510 2317 iuberentur,
1518 2299 1542 2313 ac
1553 2299 1625 2313 coram
1636 2297 1726 2311 amusa-

927 2334 975 2352 ειη-ι
990 2338 1014 2351 ac
1031 2338 1068 2351 reo
1083 2330 1154 2357 pilae,
1170 2329 1193 2350 ln
1209 2329 1290 2356 quibus
1304 2328 1393 2349 nomina
1406 2327 1503 2348 iudicum
1520 2326 1629 2353 inscripta
1643 2329 1725 2348 essent.

927 2368 1086 2392 aequarentur,
1097 2365 1149 2385 dein
1160 2371 1237 2385 rursus
1244 2367 1334 2391 postera
1341 2363 1377 2384 dic
1383 2362 1473 2383 sortitio
1483 2362 1649 2382 iudicumtierct
1659 2360 1726 2381 unius

927 2405 949 2422 et
959 2403 1048 2425 Lxxx,
1059 2399 1097 2426 qui
1107 2406 1210 2420 numerus
1221 2406 1284 2426 quum
1297 2402 1357 2419 sorte
1368 2397 1495 2423 obtigisset,
1507 2396 1551 2424 ipsi
1563 2395 1664 2423 protinus
1676 2402 1723 2416 ses-

927 2443 974 2456 sum
985 2435 1055 2457 irentz
1074 2438 1118 2455 tum
1130 2435 1156 2455 ad
1167 2434 1283 2455 dicendum
1294 2437 1410 2454 aecusator
1419 2433 1475 2453 duas
1486 2431 1560 2455 lmraa.
1571 2438 1622 2451 rcus
1631 2434 1677 2450 tres
1687 2429 1725 2450 lna—

928 2471 1001 2493 bcret,
1017 2477 1111 2496 reusque
1126 2471 1200 2491 eodem
1215 2470 1251 2490 dia
1266 2469 1306 2489 illo
1321 2468 1471 2492 indicaretur,
1491 2466 1554 2494 prius
1565 2470 1650 2489 autem,
1662 2472 1726 2492 quam

928 2505 1052 2525 sententiae
1072 2505 1190 2529 ferrentur,
1210 2505 1291 2531 quinos
1310 2511 1338 2524 ex
1357 2502 1454 2528 singuli·
1469 2501 1586 2522 ordinibus
1601 2505 1725 2524 accusator,

928 2540 1018 2560 totidem
1037 2546 1089 2560 reus
1104 2540 1219 2563 reficerer.
1238 2539 1270 2560 ita
1285 2543 1308 2559 ut
1324 2545 1426 2558 nunu-rua
1441 2537 1538 2558 indicum
1553 2536 1724 2563 relinqueretur.

927 2575 965 2602 qui
980 2574 1106 2595 sententiaa
1116 2575 1207 2599 ferrent,
1218 2573 1379 2601 quinquaginta
1389 2576 1410 2593 ct
1420 2580 1484 2594 unus.
1493 2576 1507 2584 ““
1527 2572 1602 2593 Primo
1612 2571 1649 2592 dic
1659 2571 1724 2591 datus

927 2614 972 2630 erat
988 2610 1011 2630 ln
1026 2609 1130 2631 Milonem
1145 2610 1211 2631 testis
1225 2609 1343 2630 Caninius
1358 2607 1451 2632 Sclnula.
1467 2607 1538 2634 quise
1549 2613 1595 2628 eum
1607 2607 1632 2627 P.
1645 2605 1724 2627 clodio

928 2644 1011 2669 fuisse,
1031 2651 1095 2672 quum
1109 2645 1130 2665 is
1144 2644 1231 2666 occisus
1247 2648 1293 2668 est,
1308 2643 1380 2667 disin
1400 2643 1582 2669 atrocitatemque
1596 2641 1628 2662 rei
1644 2641 1724 2664 fas-tar.

927 2687 990 2706 quam
1001 2679 1095 2700 maxime
1106 2679 1187 2707 potuit,
1200 2679 1270 2700 ausit.
1287 2681 1356 2703 ‘hiem
1367 2686 1431 2705 quum
1442 2677 1579 2703 interrogare
1590 2677 1618 2697 M.
1631 2675 1723 2697 Marcel·

928 2715 962 2736 lus
977 2714 1101 2743 coepisset,
1111 2718 1172 2737 tanto
1183 2714 1279 2736 tumultu
1289 2714 1411 2735 Clodianae
1421 2713 1572 2734 multitudiuis
1580 2712 1723 2734 circumstan-
