1941 3052
430 148 615 177 ORATIO
646 148 736 175 PRO
767 147 799 174 A.
833 146 1062 174 CAECINA.
1093 146 1330 173 CAP.4—3.

56 222 129 245 ciebat
137 223 264 250 praeterea,
276 219 392 241 Caecinam
399 235 405 244 ,
420 220 478 246 quod
489 218 644 240 Volaterranis
654 221 714 239 esset
724 225 738 239 ι
747 217 812 238 Sulla
821 217 852 238 01-

55 258 115 279 vitas
128 257 241 284 adempta,
255 263 299 276 nen
312 262 378 282 posse
392 255 491 275 heredem
502 261 552 275 esse
562 253 706 275 Caesenniae.
733 253 777 274 Sed
787 260 852 280 quum

57 295 117 313 esset
126 291 270 313 constitutum
277 306 283 315 ,
299 296 342 317 qua
351 289 388 310 die
398 289 420 309 in
431 296 475 309 rem
486 292 623 317 praesentem
633 289 747 313 venirent,
763 291 788 308 ut
797 289 852 309 Cae-

56 327 107 348 cina
116 326 229 351 moribus,
240 325 277 351 vi,
287 325 325 345 sed
337 324 410 350 civili,
421 325 557 352 quotidiana
564 340 572 350 ‚
587 325 613 345 de
623 324 691 344 fundo
702 324 808 344 deductus
817 323 852 344 in-

57 362 174 383 terdictum
184 368 198 382 ι
206 363 310 389 praetore
319 359 457 388 postularet3
469 359 579 380 Aebutius
590 359 706 380 Caecinam
717 359 808 379 fundum
818 358 853 379 in-

56 397 118 424 gredi
137 399 251 418 conantem
258 411 264 420 ‚
283 395 374 416 armatis
393 394 520 415 hominibus
539 401 578 422 per
595 394 639 415 vim
653 394 716 414 aditu
729 393 852 421 prohibuit.

57 432 153 454 Caecina
167 430 310 452 interdictum
324 437 337 451 a
351 433 454 458 praetore
465 429 583 451 Dolabella
596 429 725 457 impetravit
738 430 764 450 de
779 429 803 450 υἱ
815 437 854 450 nr-

57 468 127 489 mutis
136 466 275 491 huminibus,
285 469 318 490 ut,
327 466 386 486 unde
396 465 496 486 deiectus
506 468 573 489 esset,
585 472 610 485 oo
622 464 785 485 restitueretur.
809 465 853 485 Ae—

57 503 133 523 butius
149 509 171 523 ne
185 501 243 528 (vim
252 500 361 529 factum)
375 500 516 526 restituisse,
531 500 552 521 11.
564 507 582 521 e.
598 507 641 520 nun
650 500 674 520 vi
683 499 793 520 deiecisse
801 507 853 520 eon-

57 538 136 559 tendit.
158 537 185 558 In
195 544 220 558 eo
232 536 323 564 sponsio
335 536 393 557 faeta
403 540 448 561 est,
459 539 524 562 atque
534 536 561 556 de
571 542 596 556 en
606 537 630 555 ut
639 537 805 560 cognoscerent,
820 542 854 555 re-

58 577 204 601 cuperator-ee
219 579 232 592 a
246 574 348 600 praetore
357 571 411 592 dati.
440 571 533 592 Omnino
546 570 617 596 igitur
627 570 704 591 Cicero
714 569 853 597 propositum

58 608 124 629 lubet
133 608 260 629 ostendere:
279 607 362 634 primo,
377 613 430 627 vere
439 606 547 627 deiectum
557 612 605 625 esse
615 604 744 629 Caecinam.
765 604 854 625 etiamsi

58 643 122 664 aditu
131 643 181 671 ipso
195 642 324 671 prohibitus
338 645 398 662 esset
413 648 484 668 noque
497 641 570 668 ipsum
586 641 677 661 fundum
691 640 819 665 ingressus,
835 647 852 660 0.

57 681 139 702 9-14.
154 678 258 705 quocirca
272 678 366 703 negabat
379 676 490 697 Aebutius
505 683 552 696 euin
570 682 619 696 esse
633 675 755 700 deiectum
775 675 854 696 deinde

58 714 102 735 vim
112 713 222 735 Caecinae
232 713 311 733 factam
321 719 382 735 esse.
398 719 416 732 e.
428 714 460 732 14.
472 718 518 738 sqq.
530 711 571 732 11οο
580 711 628 731 loco
640 710 753 736 eleganter
761 711 788 731 de
798 710 853 736 legi-

59 750 100 770 bus
115 756 126 770 e
139 748 235 770 consilio
250 747 326 775 potius
336 753 400 773 quam
409 747 475 767 verbo
485 746 660 773 interpretandis
670 746 796 773 disputans.
820 746 854 766 Ad

58 784 122 805 illam
135 791 187 805 vero
201 784 229 804 de
243 782 336 804 Sullana
350 781 399 807 lege
409 781 555 802 abiectionem
566 788 584 802 c.
594 783 626 802 ³³.
639 788 686 807 sqq.
696 781 826 808 respondet,
843 787 854 800 e

58 818 160 840 clausula
170 825 235 845 quum
243 817 309 838 illius
319 819 364 837 turn
375 816 470 837 omniurn
481 816 563 841 legum:
583 815 611 837 St*
625 816 680 844 quid
694 816 731 837 ius
745 822 790 836 non
799 819 855 836 esset

58 853 145 882 rogari,
155 853 203 874 eius
212 859 238 873 ea
247 853 294 879 Iege
303 851 403 872 nihilum
412 855 531 879 rogatum:
546 851 615 872 multa
625 858 675 872 esse
682 867 687 876 ,
699 858 754 878 quae
764 851 800 871 ius
811 858 855 871 non

59 889 90 910 sit
99 888 184 914 rogari:
199 887 327 908 huiusmodi
341 886 407 907 etiarn
422 886 494 907 fuisse
503 887 530 907 de
540 887 632 907 civitate
642 886 796 908 Volaterranis
807 886 854 907 adi-

58 924 146 946 menda:
160 922 283 944 11011-1110110
292 922 320 943 de
330 921 421 943 civitate
432 921 513 942 tulisse
522 922 620 947 Sullam,
634 925 659 943 ut
669 929 737 947 nexa,
748 922 769 943 11.
780 929 799 943 e.
811 929 854 942 ern-

57 959 147 987 ptiones
158 965 197 986 per
205 965 243 978 aes
253 960 276 978 et
284 957 372 982 libram,
383 960 405 978 et
414 957 549 978 hereditates
559 964 602 978 non
614 957 740 978 sustulerit.

113 1004 133 1030 1.
151 1006 174 1030 1.
200 998 246 1035 Si,
267 1006 398 1038 quantum
417 1003 445 1029 in
463 1011 528 1039 agro
545 1002 666 1038 locisque
679 1003 792 1030 desertis
806 1012 856 1030 au-

58 1042 132 1069 dacia
146 1045 245 1077 potest,
267 1045 370 1067 tantum
389 1041 417 1067 in
436 1040 492 1067 foro
505 1045 585 1076 atque
599 1041 626 1067 in
640 1041 749 1067 iudiciis
763 1042 856 1076 impu-

58 1079 148 1106 dentia
162 1078 275 1105 valeret:
295 1087 348 1105 non
362 1078 453 1104 minus
468 1087 539 1105 nunc
552 1079 580 1105 in
594 1087 689 1105 caussa
703 1079 809 1105 cederet
821 1079 853 1106 A.

59 1117 171 1144 Caecina
185 1115 247 1143 Sex.
262 1115 372 1142 Aebutii
386 1115 582 1151 impudentiae.
603 1125 685 1151 quam
705 1121 762 1143 tum
781 1117 810 1143 in
829 1117 855 1143 vi

59 1154 180 1181 facienda
194 1154 276 1180 cessit
288 1153 424 1180 audaciae.
457 1153 557 1180 Verum
572 1157 598 1180 et
611 1153 680 1180 illud
694 1154 856 1181 considerati

58 1192 177 1219 hominis
191 1199 251 1218 esse
264 1191 382 1227 putavit,
402 1199 456 1226 qua
474 1191 507 1217 de
521 1200 548 1217 re
563 1192 621 1218 iure
635 1191 763 1218 decertari
777 1200 856 1227 opor-

59 1233 138 1261 teret,
154 1229 236 1255 armis
250 1237 303 1255 non
317 1228 489 1255 contendere:
514 1233 540 1255 et
553 1229 603 1256 hoe
616 1230 777 1261 constantis,
793 1230 855 1265 qui-

59 1275 121 1294 cum
135 1267 163 1293 vi
177 1270 203 1293 et
215 1266 297 1293 armis
311 1270 411 1293 certare
429 1265 573 1299 noluisset,
593 1276 656 1294 eum
670 1268 728 1294 iure
741 1267 857 1294 iudicio-

58 1312 112 1340 que
126 1312 262 1339 superare.
283 1305 308 1331 2.
324 1304 361 1330 Ac
374 1304 441 1330 mihi
455 1304 565 1339 quidem
580 1313 666 1340 quum
681 1305 769 1332 audax
780 1314 857 1340 prae·
886 1309 887 1312 ’

59 1342 139 1377 cipue
156 1341 241 1368 fuisse
260 1341 367 1368 videtur
380 1342 511 1368 Aebutius
530 1343 558 1369 in
576 1342 754 1369 convocandis
769 1343 857 1369 homi-

59 1380 141 1406 nibus
155 1383 181 1406 et
194 1379 339 1410 armandis,
355 1383 413 1405 tum
425 1379 570 1414 impudens
581 1380 608 1406 in
620 1380 734 1413 iudicio3
750 1389 802 1407 non
814 1389 858 1407 so-

60 1417 117 1444 lum
130 1416 204 1452 quod
217 1417 245 1443 in
259 1416 390 1443 iudicium
403 1417 495 1443 venire
508 1425 591 1443 ausus
606 1422 653 1449 est,
670 1417 742 1453 (113111
756 1418 784 1444 111
795 1419 858 1453 qui-

58 1454 134 1485 dem,
155 1454 262 1481 tametsi
276 1454 397 1489 improbe
412 1454 440 1480 fit
454 1455 481 1481 in
496 1459 586 1489 aperta
600 1463 636 1486 re,
653 1459 741 1481 tamen
755 1455 858 1482 malitia

59 1496 100 1519 est
114 1492 167 1518 iam
182 1491 333 1526 usitatum,)
351 1491 398 1518 sed
411 1491 484 1527 quod
498 1501 550 1518 non
564 1492 700 1519 dubitavit
712 1492 741 1519 id
755 1493 855 1528 ipsum,

59 1529 132 1564 quod
145 1530 279 1565 arguitur,
297 1528 424 1555 confiteri.
464 1529 523 1556 Nisi
543 1529 609 1556 forte
623 1530 673 1556 hoc
685 1530 796 1557 rationis
811 1531 860 1557 ha-

60 1567 127 1598 buit,
143 1567 281 1602 quoniam,
297 1567 320 1592 si
335 1566 400 1592 facta
416 1567 457 1592 vis
468 1571 539 1593 esset
550 1567 679 1599 moribus,
696 1568 819 1603 superior
830 1569 857 1594 in

60 1605 230 1639 possessione
248 1603 385 1630 retinenda
408 1612 460 1631 non
486 1603 595 1638 fuisset,
619 1606 684 1640 quia
705 1610 796 1632 contra
814 1606 857 1632 ius

59 1650 216 1676 moremque
234 1640 301 1667 facta
319 1641 367 1672 sit,
388 1640 419 1667 A.
436 1641 576 1668 Caecinam
594 1651 656 1668 cum
675 1643 769 1669 amicis
784 1647 858 1669 metu

60 1679 231 1714 perterritum
249 1678 416 1714 profugisse:
437 1688 509 1706 nunc
526 1688 634 1714 quoque
653 1680 681 1706 in
699 1680 813 1711 iudicio,
834 1680 857 1706 si

59 1725 154 1743 caussa
168 1724 241 1743 more
251 1716 429 1751 institutoque
439 1717 561 1744 omnium
571 1717 739 1749 defendatur,
756 1727 804 1744 nos
816 1718 859 1744 in-

60 1753 170 1781 feriores
187 1754 216 1780 in
234 1753 337 1789 agendo
355 1763 407 1780 non
426 1754 544 1781 futuros:
569 1755 611 1781 sin
629 1763 644 1782 a
662 1755 858 1782 consuetudine

60 1791 210 1822 recedatur,
227 1800 269 1823 se,
285 1799 339 1826 quo
352 1792 539 1826 impudentius
554 1793 651 1828 egerit,
672 1792 722 1820 1100
735 1793 859 1828 superio-

61 1837 116 1856 rem
130 1828 325 1855 discessurum.
359 1829 441 1861 Quasi
457 1838 519 1856 vero
533 1834 579 1856 aut
592 1830 663 1857 idem
677 1831 764 1865 possit
776 1832 804 1857 in
815 1831 859 1857 iu—

60 1866 130 1893 dicio
144 1866 314 1901 improbitas,
329 1866 402 1901 quod
416 1867 444 1893 in
459 1867 485 1893 vi
499 1867 668 1900 confidentia,
684 1872 730 1895 aut
743 1877 791 1895 nos
805 1877 858 1895 non

60 1912 91 1931 eo
105 1903 234 1930 libentius
249 1908 306 1930 tum
321 1904 447 1931 audaciae
460 1905 636 1937 cesserimus,
652 1914 707 1941 quo
720 1914 793 1932 nunc
806 1906 859 1932 im-

61 1941 205 1976 pudentiae
219 1941 324 1968 facilius
337 1941 541 1969 obsisteremus.
568 1944 592 1969 3.
608 1943 700 1978 Itaque
715 1942 793 1979 longe
806 1943 858 1969 alia

62 1979 176 2010 ratione,
205 1983 417 2013 recuperatores,
445 1979 479 2006 ad
504 1979 635 2016 agendam
661 1989 785 2007 caussam
809 1981 859 2007 hac

61 2017 164 2043 actione
180 2016 266 2048 venio,
281 2021 361 2051 atque
375 2017 452 2043 initio
466 2025 602 2044 veneram.
640 2018 709 2044 Tum
724 2019 796 2044 euim
811 2027 860 2045 no-

61 2058 131 2080 strae
153 2061 264 2079 caussae
286 2062 348 2088 spes
371 2058 426 2080 erat
450 2055 535 2089 posita
558 2055 586 2081 in
608 2054 765 2082 defensione
788 2064 857 2086 mea,

62 2099 133 2118 nunc
147 2091 174 2116 in
188 2090 356 2117 confessione
370 2091 528 2118 adversarii:
550 2096 607 2119 tum
622 2093 649 2119 in
663 2093 771 2123 nostris
787 2102 860 2120 nunc

61 2136 125 2155 vero
139 2128 166 2154 in
180 2127 287 2154 illorum
303 2128 430 2155 testibus:
455 2129 488 2155 de
505 2130 607 2164 quibus
627 2138 677 2166 ego
694 2134 770 2156 antea
785 2130 860 2158 labo—

62 2165 167 2196 rabam,
184 2174 229 2196 ne.
247 2166 269 2191 si
285 2165 400 2200 improbi
415 2171 516 2198 essent,
534 2167 594 2194 falsi
608 2167 712 2202 3111111111
725 2167 857 2201 dicerent3

62 2203 86 2230 si
100 2202 176 2238 probi
191 2203 422 2234 existimarentur
444 2188 516 2239 (1110(1
534 2204 680 2236 dixissent,
701 2205 856 2248 probarent:

62 2249 135 2268 nunc
148 2248 209 2267 sum
223 2240 313 2267 animo
326 2241 502 2275 aequissimo.
540 2241 569 2268 Si
583 2243 655 2269 enim
669 2247 734 2269 sunt
748 2243 797 2269 viri
812 2243 861 2270 bo-

63 2278 103 2309 ni,
128 2286 171 2304 me
189 2277 329 2309 adiuvant,
354 2287 438 2313 quum
458 2279 485 2305 id
500 2279 578 2306 iurati
592 2279 699 2311 dicunt,
725 2279 797 2315 quod
811 2289 861 2316 ego

62 2315 195 2342 iniuratus
209 2315 348 2342 lnSlmlllO
371 2315 417 2342 Sin
432 2320 521 2342 autem
533 2325 624 2343 nllnllS
636 2317 738 2346 idonei'
755 2326 797 2344 me
808 2327 860 2344 non
882 2328 884 2336 ⁸

65 2352 185 2379 laedunt:
201 2361 297 2395 quum,
314 2353 348 2379 iis
359 2354 416 2379 sive
427 2353 553 2385 creditur,
569 2354 686 2381 creditur
699 2355 763 2381 1100
757 2364 858 2389 ipsum,

63 2390 134 2433 quod
149 2399 197 2417 nos
207 2390 355 2426 arguimus,
372 2391 430 2417 sive
442 2391 507 2417 fides
520 2400 570 2418 non
583 2391 705 2423 liabetur,
721 2392 754 2418 de
766 2392 861 2418 311101--

63 2427 125 2454 sarii
136 2428 245 2454 testium
257 2427 308 2454 fide
318 2427 469 2464 derogatur.
493 2429 522 2454 ll.
537 2430 560 2455 4.
574 2429 762 2456 Verumtamen
774 2438 859 2464 quum

63 2463 170 2491 illorum
185 2473 295 2491 caussae
309 2466 439 2492 30110111111
454 2466 607 2497 ‹ousiam-0,
624 2475 675 2493 non
692 2466 778 2498 video,
793 2466 861 2508 quid

64 2501 250 2537 impudentius
262 2502 314 2529 dici
330 2504 427 2538 possit,
443 2512 529 2538 quum
544 2508 632 2530 autem
648 2508 762 2530 vestram
777 2504 804 2530 in
820 2504 861 2530 iu-

64 2539 177 2566 dicando
189 2539 398 2572 dubitationem,
415 2549 519 2572 vereor,
541 2541 628 2572 110111,
648 2541 720 2576 quod
736 2540 861 2567 videntur

66 2576 234 2612 impudenter
249 2577 357 2609 fecisse,
373 2582 460 2604 astuto
474 2578 607 2604 0103111110
622 2578 741 2605 fecerint.
783 2579 858 2610 Nam,

65 2613 87 2640 si
102 2619 245 2650 negassent
259 2615 313 2641 vim
329 2615 484 2642 hominibus
499 2616 608 2642 armatis
622 2624 680 2641 esse
696 2615 804 2647 factam,
822 2615 861 2642 fa-

64 2650 115 2677 cile
133 2651 330 2678 honestissimis
350 2653 463 2679 testibus
482 2653 509 2679 in
529 2661 556 2679 rc
575 2654 715 2688 perspicua
738 2657 861 2679 teneren-

66 2691 122 2721 tur;
147 2689 188 2715 sin
206 2689 320 2716 confessi
339 2694 429 2716 essent
447 2694 472 2716 et
490 2690 531 2722 id,
556 2690 629 2726 quod
648 2690 723 2717 nullo
741 2695 860 2725 tempore
881 2708 883 2712 .

1649 147 1698 172 355

904 218 962 243 iure
976 216 1031 243 fieri
1045 220 1140 252 potest,
1157 221 1214 243 tum
1228 216 1262 243 ab
1276 225 1305 243 se
1318 217 1376 243 iure
1390 215 1489 242 factum
1504 224 1562 242 esse
1572 215 1700 243 defende-

904 259 975 281 rent:
996 259 1149 289 sperarunt,
1165 254 1192 280 id
1208 253 1280 289 quod
1294 254 1410 280 assecuti
1424 258 1495 283 sunt.
1512 262 1541 279 se
1555 254 1700 280 iniecturos

904 292 981 318 vobis
1000 300 1122 318 caussam
1141 291 1307 318 deliberandi
1327 296 1352 317 et
1369 291 1507 317 iudicandi
1526 291 1624 317 iustam
1644 300 1701 318 mo·

904 338 960 355 ram
972 338 1001 355 ac
1012 329 1180 364 religionem.
1202 328 1289 355 Simul
1301 328 1377 360 illud,
1393 328 1466 363 quod
1477 328 1700 364 indignissimum

905 371 953 397 est,
971 366 1091 392 futurum
1107 366 1224 392 arbitrati
1240 370 1316 397 sunt,
1339 370 1368 392 ut
1385 367 1413 392 in
1432 366 1481 392 1130
1494 374 1588 392 caussa
1602 375 1654 393 non
1669 366 1702 392 de

905 404 1075 438 improbitate
1090 403 1152 430 Sex.
1168 404 1284 434 Aebutii,
1301 403 1348 430 sed
1363 403 1396 430 de
1409 404 1467 430 iure
1481 403 1555 430 civili
1570 403 1701 430 iudicium

905 441 961 467 fieri
981 441 1125 467 videretur.
1166 442 1191 467 5.
1212 440 1269 473 Qua
1288 442 1315 467 in
1334 450 1375 473 re,
1400 442 1423 467 si
1446 441 1513 467 mihi
1531 445 1602 467 esset
1620 442 1703 467 unius

905 479 936 504 A.
953 478 1080 504 Caecinae
1093 487 1188 504 caussa
1202 478 1316 514 agenda,
1337 478 1474 513 profiterer
1492 479 1557 504 satis
1575 478 1703 505 idoneum

905 524 964 541 esse
979 525 1021 542 me
1035 515 1211 546 defensorem,
1227 520 1366 550 propterea
1380 516 1452 551 quod
1466 515 1545 542 fidem
1560 524 1647 542 meam
1661 516 1704 542 di-

907 552 1097 588 ligentiamque
1116 558 1290 587 praestarem,
1311 562 1380 588 quae
1398 562 1484 588 quum
1499 558 1562 580 sunt
1576 554 1603 580 in
1618 558 1705 580 actore

905 599 1024 621 caussae,
1041 590 1107 616 nihil
1122 595 1171 621 est,
1187 591 1215 616 in
1230 599 1256 616 re
1268 592 1423 625 praesertim
1434 595 1523 626 aperta
1534 600 1563 617 ac
1573 590 1701 626 simplici,

905 627 978 662 quod
992 627 1125 654 excellens
1139 628 1279 663 ingenium
1293 628 1453 663 requiratur.
1495 628 1548 654 Sed
1567 637 1652 663 quum
1671 627 1704 654 de

905 673 936 691 eo
950 666 1007 691 iure
1022 665 1089 691 mihi
1102 664 1246 691 dicendum
1261 665 1308 696 sit,
1325 665 1397 700 quod
1412 666 1541 700 pertineat
1553 665 1586 692 ad
1600 674 1702 696 omnes,

905 702 978 737 quod
988 702 1163 728 constitutum
1174 702 1208 728 sit
1218 711 1232 728 a
1243 703 1399 733 maioribus,
1416 707 1602 730 conservatum
1617 711 1705 738 usque

905 739 938 765 ad
954 740 1002 766 hoc
1016 744 1137 774 tempus;
1165 748 1219 774 quo
1237 739 1343 766 sublato
1361 749 1413 766 non
1432 740 1520 766 solum
1539 749 1600 775 pars
1615 741 1704 775 aliqua

906 777 972 803 iuris
987 776 1137 808 deminuta,
1159 777 1207 803 sed
1221 778 1300 803 etiam
1315 778 1357 803 vis
1372 786 1414 808 ea,
1434 786 1503 812 quae
1521 778 1573 804 iuri
1588 778 1705 804 maxime

906 818 947 840 est
957 814 1117 842 adversaria.
1130 814 1231 841 iudicio
1240 814 1393 841 confirmata
1404 823 1463 841 esse
1474 815 1609 841 videatur:
1627 815 1705 841 video

906 852 1007 878 summi
1022 852 1123 887 ingenii
1137 860 1260 878 caussam
1274 861 1345 883 esse,
1363 861 1427 883 non,
1445 852 1483 878 uti
1497 852 1703 883 demonstretur,

905 889 978 924 quod
993 894 1052 915 ante
1067 888 1159 916 oculos
1173 893 1225 921 est,
1246 889 1293 916 sed
1312 898 1358 921 ne,
1379 890 1401 916 si
1421 890 1483 925 quis
1501 889 1578 916 vobis
1593 898 1664 916 error
1678 890 1705 916 in

907 931 978 952 tanta
997 935 1024 952 re
1042 927 1077 953 sit
1096 927 1229 958 obiectus,
1253 935 1347 953 omnes
1370 928 1459 962 potius
1483 935 1525 953 me
1545 927 1706 953 arbitrentur

906 973 1031 995 caussae,
1060 973 1142 999 quam
1166 973 1213 991 vos
1236 964 1359 1000 religioni
1383 970 1486 991 vestrae
1508 964 1638 991 defuisse.
1679 966 1704 990 6.

906 1001 1075 1036 Quamquam
1098 1010 1148 1037 ego
1166 1002 1233 1028 mihi
1251 1002 1291 1028 sic
1311 1002 1472 1037 persuadeo,
1497 1007 1704 1037 recuperatores,

908 1048 960 1066 non
978 1048 1026 1066 vos
1045 1044 1098 1065 tam
1117 1044 1225 1074 propter
1244 1040 1312 1066 iuris
1331 1039 1472 1066 obscuram
1486 1039 1652 1075 dubiamque
1665 1048 1707 1066 ra-

907 1077 1005 1103 tionem
1025 1077 1067 1103 bis
1086 1077 1138 1103 iam
1158 1077 1192 1103 de
1215 1077 1308 1103 eadem
1330 1086 1425 1103 caussa
1447 1077 1599 1108 dubitasse,
1624 1085 1706 1112 quam

907 1114 980 1149 quod
999 1114 1105 1140 videtur
1122 1114 1155 1140 ad
1176 1123 1310 1141 summam
1329 1114 1404 1141 illius
1419 1115 1643 1141 existimationem
1658 1114 1708 1141 hoc

907 1151 1039 1178 iudicium
1054 1152 1195 1186 pertinere,
1212 1161 1313 1179 moram
1328 1152 1360 1178 ad
1371 1152 1604 1179 condemnandum
1616 1152 1708 1187 acqui-

908 1190 990 1220 sisse,
1013 1189 1095 1216 simul
1115 1194 1140 1215 et
1159 1189 1198 1216 illi
1212 1190 1329 1225 spatium
1345 1190 1377 1216 ad
1392 1199 1450 1216 sese
1464 1189 1647 1225 colligendum
1661 1189 1709 1215 de-

908 1227 991 1253 disse.
1031 1226 1108 1259 Quod
1126 1227 1254 1262 quoniam
1272 1227 1326 1254 iam
1344 1228 1372 1254 in
1386 1227 1609 1254 consuetudinem
1623 1228 1706 1258 venit,

908 1268 933 1290 et
947 1264 974 1290 id
989 1265 1039 1290 viri
1053 1264 1129 1296 boni,
1151 1265 1233 1291 vestri
1252 1265 1369 1297 similes,
1391 1265 1419 1292 in
1437 1265 1581 1292 iudicando
1596 1264 1706 1295 faciunt,

908 1302 1160 1338 reprehendendum
1183 1301 1295 1329 fortasse
1318 1303 1421 1334 minus,
1450 1302 1619 1338 querendum
1645 1311 1709 1329 vero

909 1340 994 1376 magis
1013 1341 1093 1367 etiam
1112 1339 1233 1367 videtur:
1257 1340 1317 1367 ideo
1338 1340 1411 1375 quod
1434 1341 1523 1367 onmia
1541 1340 1640 1366 iudicia
1663 1344 1710 1366 aut

909 1377 1143 1404 distrahendarum
1161 1378 1416 1410 controversiarum,
1441 1382 1487 1404 aut
1509 1377 1708 1412 puniendorum

909 1414 1101 1442 maleficiorum
1120 1424 1214 1442 caussa
1233 1421 1334 1451 reperta
1356 1420 1432 1448 sunt,
1457 1424 1572 1451 quorum
1595 1415 1708 1441 alterum

910 1452 997 1479 levius
1008 1457 1056 1483 est,
1073 1457 1210 1488 propterea
1221 1453 1294 1488 quod
1304 1458 1329 1480 et
1339 1454 1430 1480 minus
1441 1453 1530 1484 laedit,
1547 1458 1572 1479 et
1582 1460 1709 1488 persaepe

909 1490 1086 1525 disceptatore
1100 1491 1247 1517 domestico
1260 1491 1437 1524 diiudicatur;
1453 1491 1566 1517 alterum
1577 1495 1618 1516 est
1627 1490 1710 1516 vehe—

910 1528 1125 1559 mentissimum,
1145 1528 1218 1563 quod
1237 1533 1262 1554 et
1280 1528 1312 1554 ad
1326 1529 1463 1563 graviores
1478 1537 1520 1554 res
1534 1528 1661 1563 pertinet.
1684 1532 1710 1554 et

910 1574 962 1592 non
973 1565 1140 1592 honorariam
1151 1574 1258 1600 operam
1269 1566 1357 1596 amici,
1374 1566 1421 1592 sed
1431 1566 1599 1592 severitatem
1610 1565 1709 1591 iudicis

909 1611 939 1629 ac
954 1603 1008 1628 vim
1024 1603 1145 1638 requirit.
1186 1604 1211 1629 7.
1234 1603 1311 1635 Quod
1329 1608 1369 1629 est
1386 1604 1511 1639 gravius,
1531 1607 1558 1629 et
1575 1603 1653 1629 cuius
1672 1603 1709 1629 rei

909 1648 1003 1666 caussa
1018 1640 1136 1667 maxime
1150 1640 1249 1667 iudicia
1263 1642 1405 1667 constituta
1424 1645 1500 1672 sunt,
1523 1640 1550 1667 id
1568 1641 1622 1667 iam
1640 1639 1710 1666 mala

909 1677 1105 1704 consuetudine
1123 1677 1287 1704 dissolutum
1306 1683 1357 1704 est.
1398 1679 1464 1705 Nam
1483 1683 1513 1704 ut
1530 1686 1653 1713 quaeque
1668 1686 1710 1704 res

909 1719 950 1742 est
960 1715 1130 1750 turpissima,
1144 1717 1182 1742 sic
1194 1716 1310 1742 maxime
1321 1721 1346 1742 et
1356 1716 1538 1742 maturissime
1550 1715 1710 1742 vindicanda

909 1757 962 1779 est:
991 1757 1017 1778 at
1030 1752 1063 1778 de
1077 1752 1169 1779 eadem
1184 1753 1246 1785 hac,
1261 1754 1324 1788 quia
1339 1754 1545 1780 existimationis
1560 1752 1710 1788 periculum

909 1794 963 1821 est,
984 1790 1137 1816 tardissime
1156 1790 1298 1817 iudicatur.
1340 1791 1382 1817 111.
1404 1790 1456 1823 Qui
1476 1791 1558 1827 igitur
1575 1791 1708 1820 convenit,

909 1836 978 1864 quae
991 1836 1087 1854 caussa
1102 1828 1182 1855 fuerit
1196 1828 1228 1855 ad
1242 1828 1461 1855 constituendum
1476 1828 1618 1858 iudicium.
1639 1836 1712 1854 eam—

909 1866 970 1893 dem
986 1874 1087 1892 moram
1101 1874 1162 1893 esse
1175 1866 1207 1893 ad
1222 1866 1416 1893 iudicandum?
1430 1866 1458 1892 Si
1472 1866 1544 1901 (11115,
1561 1865 1635 1901 quod
1649 1873 1712 1900 spo-

910 1903 1012 1939 pondit,
1028 1912 1082 1939 (1113
1096 1904 1123 1930 111
1138 1912 1165 1930 re
1179 1904 1262 1930 verbo
1275 1912 1303 1930 se
1318 1912 1372 1930 uno
1382 1903 1520 1939 obligavit.
1537 1903 1564 1930 id
1575 1902 1709 1933 1101113011,

910 1946 1015 1968 maturo
1028 1941 1137 1973 iudicio,
1153 1942 1212 1968 sine
1226 1941 1280 1967 11113
1295 1941 1424 1977 religione
1438 1941 1536 1967 iudicis
1550 1940 1712 1967 condemna-

911 1983 967 2006 tur:
995 1979 1042 2014 qui
1058 1987 1105 2014 per
1119 1978 1230 2006 tutelam
1244 1984 1291 2005 aut
1304 1979 1457 2005 societatem
1472 1983 1518 2005 aut
1531 1987 1586 2005 rem
1601 1977 1712 2005 manda-

911 2021 964 2043 tam
978 2021 1024 2042 aut
1038 2016 1151 2043 fiduciae
1163 2017 1291 2043 rationem
1304 2016 1438 2043 fraudavit
1448 2016 1614 2051 quempiam,
1631 2016 1658 2042 in
1670 2024 1709 2046 co.

910 2062 965 2089 quo
983 2053 1111 2080 delictum
1130 2055 1218 2080 maius
1237 2058 1290 2086 est,
1310 2063 1342 2081 eo
1360 2062 1444 2089 poena
1462 2058 1503 2080 est
1516 2053 1624 2080 tardior.
1665 2053 1712 2079 Est

911 2092 982 2118 enim
998 2096 1075 2126 turpe
1090 2091 1235 2123 iudicium,
1252 2097 1277 2118 et
1296 2091 1363 2118 facto
1377 2091 1488 2127 quidem
1503 2096 1589 2126 turpe.
1625 2092 1649 2117 8.
1667 2091 1711 2116 Yi—

911 2129 971 2156 dete
985 2129 1068 2165 igitur
1081 2138 1163 2164 quam
1179 2130 1271 2164 inique
1285 2129 1395 2160 accidat,
1411 2129 1474 2164 quia
1489 2137 1531 2155 res
1543 2128 1653 2164 indigna
1665 2129 1709 2157 sit,

911 2166 972 2193 ideo
985 2171 1091 2201 turpem
1106 2167 1331 2193 existimationem
1346 2167 1438 2201 sequi:
1467 2167 1530 2202 quia
1549 2167 1636 2200 turpis
1654 2166 1712 2191 exi-

911 2204 1029 2230 stimatio
1043 2208 1184 2239 sequatur,
1205 2203 1265 2230 ideo
1279 2213 1334 2230 rem
1349 2205 1487 2239 indignam
1503 2212 1554 2230 non
1570 2203 1710 2229 vindicari.

912 2241 945 2268 At
958 2242 981 2267 si
996 2241 1058 2276 quis
1073 2241 1139 2268 1111111
1155 2241 1203 2268 1100
1217 2241 1300 2268 iudex
1318 2246 1520 2276 recuperatorve
1538 2240 1621 2267 dicat:
1650 2240 1710 2266 »Po-

913 2280 984 2304 misti·
998 2281 1064 2305 enim
1079 2281 1172 2305 leviore
1184 2281 1285 2305 actione
1300 2281 1447 2312 corifliyerr:
1472 2281 1580 2312 potuisti
1592 2280 1627 2304 ud
1641 2282 1711 2303 tuum

912 2318 953 2342 ius
969 2317 1088 2349 faciliore
1106 2321 1128 2342 οι
1151 2318 1318 2342 commodiore
1340 2318 1436 2343 iudicio
1457 2318 1605 2349 pervenire:
1631 2323 1712 2348 quare·

911 2358 957 2379 aut
971 2358 1041 2379 mulo
1054 2356 1192 2383 actionem.
1208 2358 1254 2379 aut
1268 2355 1321 2379 noli
1334 2355 1395 2379 mihi
1410 2356 1517 2380 instare.
1534 2357 1561 2378 ut
1575 2354 1710 2384 iudicem;‹·

913 2395 1000 2417 tamen
1015 2391 1038 2416 is
1052 2394 1098 2416 11111,
1111 2390 1230 2417 11111111101·
1241 2390 1372 2421 videatur,
1388 2398 1469 2425 quam
1485 2389 1589 2419 fortem.
1605 2394 1650 2415 aut
1663 2397 1712 2415 cu-

913 2428 1009 2463 pidior,
1025 2436 1106 2462 (11111111
1121 2428 1268 2462 sapientem
1285 2427 1400 2454 iudicem
1415 2436 1474 2453 esse
1487 2435 1603 2462 aequum
1618 2432 1671 2457 est,
1688 2427 1711 2453 51

912 2470 958 2492 aut
972 2464 1038 2492 milii
1054 2465 1226 2499 praescribat=
1243 2464 1472 2500 quemadmodum
1487 2473 1578 2490 meum
1593 2465 1636 2490 ius
1650 2473 1711 2499 per-

913 2512 1022 2538 sequar,
1040 2507 1084 2528 aut
1098 2503 1156 2537 ipsc
1171 2503 1212 2533 111,
1228 2502 1299 2537 quod
1314 2502 1347 2529 311
1361 2511 1389 2529 sc
1403 2502 1521 2528 delatum
1536 2503 1579 2531 sit.
1597 2511 1647 2528 non
1663 2511 1710 2528 au-

912 2540 973 2567 deat
987 2539 1115 2566 iudicare.
1156 2540 1261 2566 Etenim
1276 2540 1298 2566 si
1314 2545 1417 2574 praetor
1431 2540 1463 2570 is,
1479 2540 1526 2574 qui
1542 2539 1640 2566 iudicia
1655 2539 1708 2567 1131.

913 2586 1061 2613 numquam
1080 2578 1185 2612 petitori
1205 2578 1368 2612 praestituit,
1391 2586 1442 2612 (1113
1462 2578 1563 2603 30110110
1579 2576 1655 2603 11111111
1671 2578 1709 2602 uti

913 2615 990 2642 velit:
1020 2614 1107 2640 videte
1125 2623 1206 2649 quam
1227 2615 1351 2650 iniquum
1370 2616 1417 2642 sit,
1437 2615 1580 2641 constituta
1600 2615 1651 2640 111111
1672 2623 1707 2641 re.

913 2653 1038 2683 iudicem=
1055 2652 1122 2687 quid
1135 2653 1177 2687 agi
1193 2653 1315 2687 potuerit.
1332 2657 1377 2678 aut
1391 2652 1456 2687 quid
1469 2652 1562 2687 possit.
1580 2660 1631 2678 non
1643 2651 1709 2686 quid

912 2695 999 2717 actum
1014 2690 1057 2721 sit,
1073 2698 1210 2725 (1111101010.
1252 2692 1276 2715 9.
1293 2690 1478 2716 Verumtamen
1494 2690 1592 2716 nimiae
1607 2694 1709 2715 vestrae

1445 2740 1476 2762 »tsi
1492 2737 1501 2747 “
