1941 3052
218 148 266 173 335
788 144 827 169 26.
864 143 897 168 M.
933 142 961 168 T.
998 143 1017 169 C

215 222 266 246 ent.
285 216 390 251 publici·
404 216 500 241 coactis
517 215 596 241 fabris
607 214 748 248 operisque
759 213 904 247 imperatis.
920 214 1002 248 gratis
1024 216 1025 227 ¹

214 254 378 280 exaedificari
398 258 476 286 utque
494 252 561 277 vilic-i
582 256 678 285 potuit:
700 265 735 270 --
753 250 848 276 deinde
872 250 1003 284 perspicio

213 291 250 325 (id
265 292 335 325 quod
351 295 374 315 vt
388 289 537 318 ‹as-tetidem,
558 297 641 322 (μιιιιιι
659 293 721 312 istos
740 287 913 321 produxero.)
932 287 1003 321 ipso-

215 337 273 354 rum
289 337 319 353 vx
337 327 436 355 litteris.
454 326 550 351 multas
566 325 690 359 pecunias
706 325 747 350 isti
759 329 885 358 erogatas.
902 324 928 350 in
940 332 1003 358 ope-
1025 343 1026 360 ἶ

215 373 272 391 rum
294 364 432 390 locationi-s
453 363 530 388 cutm
549 367 628 396 atquc
647 362 738 387 inanes
756 370 814 386 esse
833 361 1001 395 perscriptas.
1025 368 1027 380 '

215 402 279 428 Nam
300 401 365 427 illud
386 400 493 425 minime
514 400 610 424 mirum
629 403 681 428 est.
707 399 887 428 Mamertinos,
914 407 928 423 a
949 406 1003 432 quo

214 446 350 464 summum
366 437 522 463 lieni-licium
538 440 703 469 acceperant.
725 444 805 469 quem
825 436 876 461 sibi
895 435 1004 461 amicio-
1025 436 1027 460 l

214 484 282 503 rem.
305 483 384 508 titiam
404 472 503 507 populo
522 474 638 498 llomano
655 481 714 498 esse
731 477 920 506 cognoverant.
945 473 1003 498 eius
1026 477 1027 490 ¹

213 512 291 546 capiti
308 511 400 536 litteris
414 511 471 535 suis
486 510 644 544 pepercisse.
679 509 731 535 Sed
746 510 768 535 si
783 515 940 543 argumento
953 514 1000 540 est.
1025 524 1027 543 2

214 549 381 574 Mamertinos
397 548 522 581 pecunias
537 547 583 573 tibi
599 556 650 573 non
665 546 779 577 dedisse,
796 547 858 582 quia
873 547 1002 581 scriptum
1025 553 1027 568 ¹

213 594 263 612 non
280 585 388 610 babent:
405 585 439 610 sit
450 589 606 619 argumento
617 584 663 610 tibi
675 585 756 619 gratis
767 589 886 610 constare
898 592 1001 615 navem.
1025 592 1027 611 ι

212 623 287 657 quia.
307 621 374 656 quid
388 622 484 647 emeris
498 626 543 648 aut
556 621 622 657 quid
638 622 777 652 locaveris.
798 622 927 656 scriptum
943 630 1004 656 pro·
1026 631 1027 650 1

213 659 278 686 ferre
293 667 343 684 non
359 664 442 693 potes.
1025 659 1027 694 l

267 697 308 722 49.
330 696 363 722 At
380 696 451 722 enim
471 695 569 721 idcirco
587 704 682 722 navem
701 696 864 722 Mamertinis
884 705 934 722 non
953 696 1004 722 im-
1026 718 1027 721 ,

212 734 316 769 perusti,
332 732 404 768 quod
419 738 481 759 sunt
497 732 632 759 foederati.
673 733 712 759 Dii
727 733 884 768 approbent.
918 733 1004 759 llabe-
1025 726 1027 738 ⁴

212 779 272 797 mus
287 770 420 796 hominem
432 771 458 796 in
471 770 599 796 fetialium
612 771 735 796 manibus
747 770 902 801 educatum;
919 779 1002 796 unum
1025 774 1027 786 ¹

212 812 313 843 praeter
339 812 438 834 ceteros
464 808 491 834 in
519 807 634 842 publicis
661 807 836 843 religionibus
868 807 1002 834 foederum

211 849 332 871 sanctum
347 850 372 871 et
385 845 550 881 diligentem.
591 847 702 875 Omnes.
723 845 770 879 qui
789 850 848 871 ante
863 850 886 871 te
901 850 1004 880 praeto—

212 891 253 908 res
273 881 394 912 fuerunt.
414 882 545 908 dedantur
563 882 740 912 Mamertinis,
766 882 837 917 quod
857 883 889 908 iis
909 891 1002 908 navem

211 924 299 946 contra
324 920 470 954 pat-tionem
497 919 608 945 foederis
632 920 796 954 imperarint.
837 919 890 946 Sed
917 925 1003 946 tamen

211 961 249 987 tu.
266 961 354 983 sancte
370 957 447 983 homo
462 966 490 983 ac
501 957 631 993 religiose.
647 966 695 983 cur
706 957 929 983 Taurominitanis
940 958 1003 983 item

213 993 352 1020 foederatis
367 1003 460 1020 navem
474 994 628 1029 imperasti?
654 1003 686 1021 an
703 995 750 1020 hoc
765 994 903 1029 probabis.
920 995 946 1020 in
961 1003 1005 1021 ae-

211 1040 263 1066 qua
277 1040 371 1058 caussa
387 1031 545 1066 populorum
560 1032 617 1057 sine
632 1033 716 1066 pretio
730 1033 833 1058 varium
848 1032 890 1058 ius
905 1036 930 1058 et
948 1032 1004 1058 dis-

201 1077 301 1103 ,parem
319 1069 497 1095 conditionem
518 1068 618 1095 fuisse?
656 1070 696 1095 50.
719 1068 808 1101 Quid‘!
827 1069 850 1095 si
872 1069 1003 1095 eiusmodi

211 1114 269 1132 csse
287 1105 352 1132 haec
369 1106 422 1132 duo
441 1105 544 1132 foedera
562 1106 677 1132 duorum
695 1106 870 1140 populorum.
891 1106 1002 1136 iudices,

211 1142 305 1174 doceo.
326 1148 355 1170 ut
373 1144 596 1170 Taurominitanis
614 1144 769 1170 nominatim
788 1148 896 1170 cautum
915 1149 940 1170 et
958 1152 1005 1170 ex-

210 1184 318 1215 ceptum
333 1181 368 1207 sit
382 1180 498 1211 foedere.
523 1190 556 1207 πε
576 1190 672 1208 mvn
687 1190 762 1206 ntiae
778 1190 923 1207 numm:
950 1181 1004 1207 Ma-

213 1218 333 1244 mertinis
352 1219 378 1244 in
399 1218 457 1253 ipso
475 1217 578 1244 foedere
597 1223 717 1244 sanctum
732 1223 811 1252 atque
826 1219 1003 1253 perscriptum

211 1256 255 1285 sit,
271 1264 316 1282 uri
331 1264 428 1281 iuven
443 1264 518 1281 mma
533 1264 661 1282 necesse
676 1265 732 1281 Sir:
748 1256 830 1282 istum
842 1261 930 1282 autem
941 1264 1004 1282 con·-

212 1296 249 1319 tra
265 1292 358 1318 foedus
372 1297 397 1318 et
408 1293 631 1319 Taurominitanis
645 1293 790 1327 imperasse
804 1297 829 1319 et
840 1293 1004 1319 Mamertinis

212 1330 361 1361 remisisse;
388 1338 451 1356 num
466 1331 509 1356 cui
523 1330 637 1356 dubium
653 1330 746 1364 poterit
761 1338 828 1359 esse.
844 1331 910 1364 quin
926 1330 1004 1356 Verre

212 1371 330 1402 praetore
345 1366 406 1401 plus
421 1367 583 1393 Mamertinis
598 1367 693 1403 cybea.
713 1375 794 1401 quam
809 1367 1005 1393 Taurominita-

212 1405 253 1430 nis
268 1403 361 1430 foedus
375 1404 534 1439 opitulatum
549 1404 602 1431 sit‘?
624 1405 775 1430 Recitentur
794 1404 909 1431 foedera.
950 1414 1005 1431 uA-

212 1450 402 1468 nsnriuonuu
430 1451 463 1468 ετ
488 1451 791 1469 nunonis-insonus
817 1451 874 1468 cuii
897 1451 1005 1468 porci-o

212 1487 328 1504 nonus-o
353 1488 497 1505 romnus.
538 1479 600 1505 XX.
623 1480 674 1505 Isto
693 1480 774 1515 igitur
792 1483 850 1510 tuo.
875 1479 1005 1515 quemad-

212 1515 321 1543 modum
336 1516 393 1551 ipse
407 1516 553 1552 praedicas,
568 1517 709 1547 beneficio.
727 1521 755 1542 ut
767 1525 807 1543 res
821 1516 928 1549 indicat,
946 1526 1006 1553 pre-

212 1555 248 1580 tio
261 1558 340 1588 atque
355 1554 487 1586 mercede,
509 1556 630 1581 minuisti
649 1555 812 1582 maiestatem
831 1556 1003 1590 reipublicae.

213 1591 335 1617 minuisti
349 1592 448 1618 auxilia
459 1592 552 1627 populi
563 1593 683 1624 Romani,
700 1593 821 1619 minuisti
832 1594 931 1627 copias,
949 1601 1006 1619 ma-

211 1629 298 1655 iorum
313 1629 411 1655 virtute
424 1638 453 1655 ac
467 1630 595 1664 sapientia
609 1635 786 1665 comparatas:
814 1630 949 1656 sustulisti
963 1631 1005 1656 ius

213 1665 331 1700 imperii,
352 1666 530 1693 conditionem
544 1668 690 1698 sociorum,
711 1667 865 1694 memoriam
880 1667 1003 1694 foederis.

212 1702 263 1734 Qui
282 1711 316 1729 ex
333 1702 437 1730 foedere
455 1705 514 1738 ipso
532 1712 626 1730 navem
645 1704 687 1730 vel
705 1713 792 1739 usque
809 1704 843 1730 ad
866 1713 1003 1735 oceanum.

213 1741 236 1766 si
250 1740 471 1774 imperassemus,
491 1746 602 1776 sumptu
622 1741 794 1776 periculoque
812 1750 860 1768 suo
879 1746 1005 1768 armatam

213 1781 293 1812 atque
305 1782 423 1804 ornatam
438 1779 541 1804 mittere
554 1778 718 1805 debuerunt:
734 1779 770 1809 hi.
787 1787 819 1805 ne
834 1779 860 1805 in
872 1778 938 1805 freto
947 1784 1006 1805 ante

213 1822 262 1840 sua
276 1819 342 1841 tecta
356 1819 380 1841 et
394 1815 486 1841 domos
500 1816 667 1851 navigarent.
684 1824 716 1842 ne
727 1824 774 1842 sua
787 1816 890 1842 moenia
900 1821 1007 1850 portus-

213 1859 266 1886 que
279 1851 464 1883 defenderent.
480 1853 564 1887 pretio
578 1853 626 1879 abs
640 1857 664 1879 te
677 1853 720 1879 ius
735 1852 848 1879 foederis
862 1857 887 1879 et
900 1854 1006 1887 imperii

213 1888 390 1915 conditionem
409 1889 587 1916 redemerunt.
628 1891 670 1916 54.
691 1889 761 1922 Quid
778 1891 892 1916 censetis
911 1891 939 1916 in
957 1890 1007 1917 hoc

214 1925 319 1952 foedere
337 1925 461 1953 faciundo
478 1927 596 1953 voluisse
609 1927 778 1953 Mamertinos
796 1927 950 1962 impendere
970 1927 1007 1954 la-

213 1963 297 1994 boris.
317 1972 423 1998 operae,
445 1965 586 1999 pecuniae,
607 1973 640 1991 ne
658 1964 722 1990 haec
740 1964 849 1991 biremis
863 1965 1007 1991 ascribere-

212 2004 268 2031 tur.
291 2001 314 2026 si
333 2000 360 2027 id
375 2000 430 2028 ullo
444 2001 522 2028 modo
536 2006 643 2036 possent
656 2010 670 2027 a
685 2002 781 2027 nostris
796 2002 942 2028 maioribus
956 2003 1007 2028 im—

212 2036 333 2072 petrare?
358 2038 438 2069 Nam,
460 2047 546 2074 quum
564 2039 613 2065 hoc
632 2047 730 2065 munus
748 2039 936 2074 imponebatur
954 2044 1005 2066 tam

213 2083 295 2110 grave
309 2075 418 2106 civitati,
435 2076 527 2107 inerat,
544 2077 632 2102 nescio
642 2085 696 2111 quo
706 2075 792 2107 modo,
808 2077 836 2103 in
846 2076 892 2103 illo
902 2076 1006 2103 foedere

212 2113 347 2139 societatis
359 2113 437 2147 quasi
451 2113 582 2148 quaedam
597 2118 656 2139 nota
670 2114 818 2140 servitutis.
858 2113 935 2146 Quod
950 2119 1005 2140 tum

213 2149 364 2176 recentibus
378 2151 436 2176 suis
450 2150 558 2182 officiis,
575 2151 677 2185 integra
691 2158 731 2181 re.
752 2150 834 2177 nullis
849 2151 941 2186 populi
955 2151 1007 2177 Ro-

213 2187 284 2213 mani
298 2186 502 2214 difficultatibus
516 2196 530 2214 a
544 2188 690 2214 maioribus
705 2188 802 2214 nostris
816 2187 920 2215 foedere
934 2197 1007 2214 asse—

212 2225 260 2259 qui
278 2232 330 2250 non
348 2228 504 2259 potuerunt.
528 2225 556 2251 id
574 2234 646 2252 nunc
663 2225 738 2252 nullo
756 2233 824 2252 novo
840 2225 929 2252 officio
945 2234 1003 2256 suo,

212 2265 250 2289 tot
263 2262 340 2287 annis
354 2266 426 2296 post.
445 2263 504 2289 iure
517 2263 623 2297 imperii
638 2263 721 2289 nostri
734 2263 877 2297 quotannis
891 2271 1007 2298 usurpa—

212 2303 270 2324 tum
289 2307 318 2324 ac
336 2307 441 2333 semper
459 2304 603 2330 retentum.
624 2308 729 2326 summa
748 2300 776 2326 in
790 2299 945 2326 difficultate
959 2308 1006 2327 na-

212 2335 288 2362 vium
302 2344 316 2361 a
330 2336 359 2362 C.
375 2336 455 2363 Verre
469 2338 553 2371 pretio
566 2337 681 2363 assecuti
694 2341 767 2363 sunt.

269 2374 310 2400 52.
326 2373 359 2399 At
373 2373 421 2400 boc
435 2374 523 2400 solum
533 2379 596 2400 sunt
607 2375 730 2405 assecuti,
747 2382 780 2400 ne
790 2382 887 2401 navem
896 2373 1007 2400 darent?

213 2409 331 2444 Ecquem
345 2415 466 2442 nautam,
486 2420 598 2446 ecquem
613 2411 738 2442 militem,
760 2412 808 2446 qui
821 2415 867 2438 aut
880 2412 908 2438 in
921 2410 1006 2438 classe

214 2451 258 2472 aut
272 2447 299 2473 in
313 2448 446 2481 praesidio
460 2454 543 2479 esset.
559 2454 584 2475 te
598 2453 717 2483 praetore
731 2457 778 2483 per
791 2449 936 2475 triennium
949 2448 1007 2475 Ma-

214 2484 319 2510 mertini
334 2484 481 2512 dederunt‘?
519 2486 592 2512 XXI.
614 2487 734 2520 Denique
747 2494 832 2520 quum
846 2494 881 2512 ex
897 2490 1005 2512 senatus

214 2520 336 2546 consulto
348 2521 465 2556 itemque
479 2531 512 2549 ex
526 2523 584 2558 lege
598 2523 719 2549 Terentia
737 2527 763 2549 e:
775 2523 866 2550 Cassia
886 2522 1006 2549 frumen-

215 2561 271 2582 tum
286 2558 459 2592 aequabiliter
472 2561 524 2586 emi
539 2560 572 2586 ab
585 2560 712 2586 omnibus
726 2559 832 2586 Siciliae
848 2560 1005 2586 civitatibus

214 2598 356 2627 oporteret:
383 2595 412 2621 id
433 2605 540 2631 quoque
563 2606 662 2623 munus
685 2597 742 2623 leve
765 2602 844 2631 atque
863 2605 1005 2623 commune

215 2630 378 2694 Mamgrgnis
392 2634 527 2659 remisisti.
568 2634 644 2660 Dices
658 2633 823 2660 frumentum
835 2634 1005 2660 Mamertinos
1027 2626 1029 2676 Ξ

215 2675 266 2693 non
299 2676 313 2694 e
333 2676 384 2694 ere.

424 2669 562 2702 Quomodo
577 2680 627 2697 non
641 2670 755 2697 debere?
776 2679 822 2701 an,
841 2675 872 2697 ut
889 2679 922 2697 ne
941 2679 1006 2697 ven·
1026 2689 1035 2698 ..

1032 141 1271 169 telinoxts

1053 212 1162 238 derentfi’
1185 221 1235 238 non
1249 213 1319 238 enim
1335 218 1388 239 erat
1403 213 1450 240 hoc
1463 222 1550 247 genus
1564 213 1689 240 frumenti
1703 223 1736 241 ex
1749 222 1781 241 eo
1797 223 1844 250 ge-

1055 259 1128 278 nere.
1153 249 1224 283 quod
1243 250 1405 284 exigeretur.
1430 251 1476 277 sed
1494 260 1527 277 ex
1545 260 1588 281 eo.
1612 252 1684 286 quod
1702 257 1844 279 emeretur.

1032 286 1033 315 Ῐ
1054 287 1089 312 Te
1101 287 1181 319 igitur
1191 291 1296 312 auctore
1307 291 1332 312 et
1343 287 1491 322 interprete.
1508 297 1540 314 ne
1550 288 1605 314 foro
1615 289 1725 323 quidem
1736 294 1762 315 et
1771 297 1843 316 oom-

1055 328 1141 349 meatu
1156 323 1304 350 Mamertini
1324 324 1453 358 populum
1468 325 1615 352 Romanurn
1635 326 1725 352 iuvare
1743 326 1845 353 debue—

1055 365 1125 386 runt.
1166 361 1207 386 53.
1229 360 1301 392 Quae
1315 361 1420 388 taudem
1439 363 1532 389 civitas
1552 362 1615 392 fuit.
1634 371 1702 398 quae
1720 362 1845 390 deberet?

1054 397 1104 428 Qui
1124 397 1246 432 publicos
1264 407 1277 423 a
1298 407 1340 424 ros
1358 403 1444 429 arant.
1464 404 1565 426 certum
1583 405 1636 430 est,
1655 399 1721 434 quid
1739 399 1844 435 exlege

1054 435 1171 461 censoria
1193 434 1255 461 dare
1293 435 1400 461 ebeant:
1428 444 1477 462 cur
1495 436 1528 462 iis
1544 437 1693 471 quidquam
1713 441 1845 471 praeterea

1055 480 1087 498 ex
1111 471 1163 497 alio
1185 480 1281 507 genere
1300 473 1482 507 imperavisti?
1506 473 1596 505 Quid?
1620 474 1761 500 decumani
1780 482 1844 501 num

1054 509 1119 543 quid
1136 514 1237 543 praeter
1250 509 1372 544 singulas
1385 509 1512 536 decumas
1525 519 1559 537 ex
1579 510 1635 546 lege
1649 511 1785 538 Hieronica
1798 511 1846 537 de·

1055 545 1135 572 bent‘?
1159 555 1207 572 cur
1221 546 1254 572 iis
1267 555 1375 581 quoque
1392 548 1522 578 statuisti.
1541 553 1672 582 quantum
1690 556 1723 574 ex
1737 548 1785 575 hoc
1798 556 1846 583 gc-

1055 592 1116 609 nere
1132 583 1257 610 frumenti
1271 585 1353 618 empti
1367 584 1477 611 darent?
1489 584 1558 617 Quid
1574 584 1726 611 immunes?
1739 585 1766 612 hi
1775 590 1846 612 certe

1055 620 1121 647 nihil
1144 620 1255 647 debent:
1283 626 1308 647 at
1331 621 1372 648 his
1397 630 1447 648 non
1471 621 1549 648 modo
1574 622 1723 656 imperasti.
1753 630 1844 649 verum

1054 659 1142 687 etiam.
1158 666 1212 692 quo
1223 657 1284 692 plus
1295 658 1395 689 darent.
1411 667 1491 693 quam
1503 664 1629 694 poterant.
1642 659 1705 686 haec
1715 667 1777 686 sexa
1787 668 1846 694 ,ena

1056 695 1138 721 millia
1150 695 1278 726 modium.
1293 704 1362 730 quae
1373 696 1537 723 Mamertinis
1547 697 1695 727 remiseras.
1707 696 1769 723 addi
1791 697 1796 701 '
1815 697 1844 723 ti.

1056 733 1146 767 Neque
1166 733 1214 759 lioc
1232 732 1304 763 dico.
1328 734 1422 759 ceteris
1441 742 1492 760 non
1512 738 1581 760 recte
1599 734 1757 768 imperatum
1776 742 1845 760 esse.

1054 770 1106 796 Sed
1120 770 1296 800 Mamertinis.
1316 771 1364 805 qui
1378 775 1451 797 erant
1464 771 1491 797 in
1506 771 1598 797 eadem
1615 779 1722 801 caussa.
1745 771 1846 806 quibus

1054 807 1204 842 superiores
1222 816 1314 833 omnes
1333 808 1394 834 item
1415 812 1444 834 ut
1460 809 1554 834 ceteris
1572 809 1745 843 imperarant,
1765 816 1847 843 pecu-

1056 845 1180 879 niamque
1194 853 1227 871 ex
1240 849 1349 871 senatus
1362 845 1483 872 consulto
1497 850 1522 871 et
1535 854 1569 872 ex
1583 845 1640 881 lege
1658 844 1844 876 dissolverant.

1056 882 1097 908 bis
1111 881 1171 908 dico
1185 891 1235 908 non
1251 887 1319 908 recte
1333 882 1486 908 remissum.
1512 883 1553 913 Et.
1570 887 1599 908 ut
1613 883 1661 908 boc
1675 882 1844 913 beneficium.

1055 919 1282 954 quemadmodum
1306 919 1416 950 dicitur.
1441 919 1535 946 trabali
1557 919 1632 946 clavo
1656 920 1759 955 figeret.
1783 928 1846 946 cum

1054 956 1166 983 consilio
1178 965 1300 982 caussam
1315 956 1530 983 Mamertinorum
1544 957 1679 992 cognoscit
1696 962 1721 982 et
1738 956 1771 983 de
1784 965 1847 984 oon-

1055 993 1108 1020 silii
1120 994 1249 1020 sententia
1259 994 1423 1020 Mamertinis
1434 1002 1462 1020 se
1475 993 1637 1020 frumentum
1652 1002 1702 1020 non
1718 995 1847 1028 imperare

1057 1032 1217 1065 pronuntiat.
1257 1031 1299 1058 54.
1320 1031 1417 1058 Audite
1435 1031 1570 1058 decretum
1595 1032 1748 1058 mercenarii
1772 1039 1847 1066 prae-

1057 1069 1119 1095 toris
1134 1077 1166 1094 ex
1182 1068 1267 1103 ipsius
1281 1069 1478 1098 commentario.
1495 1073 1520 1094 et
1533 1069 1691 1104 cognoscite.
1707 1073 1805 1103 quanta
1819 1069 1847 1095 in

1055 1105 1195 1132 scribendo
1213 1106 1342 1141 gravitas.
1367 1111 1465 1140 quanta
1484 1106 1511 1132 in
1530 1105 1715 1132 constituendo
1733 1106 1790 1132 iure
1813 1106 1848 1132 sit

1055 1143 1206 1169 auctoritas.
1248 1143 1334 1169 Recita
1357 1144 1588 1169 commentarium.
1629 1143 1790 1170 chnnc-
1813 1151 1848 1169 u

1056 1189 1275 1206 couussnnio.
1317 1181 1434 1206 Libenter
1454 1181 1491 1207 ait
1512 1183 1653 1213 sefacere:
1679 1180 1769 1215 itaque
1788 1188 1848 1215 per-

1055 1217 1158 1244 scribit.
1198 1216 1282 1249 Quid.
1304 1218 1327 1243 si
1342 1217 1391 1244 hoc
1407 1217 1487 1244 verbo
1506 1226 1556 1244 non
1576 1226 1649 1243 esses
1669 1226 1748 1248 usus.
1769 1219 1848 1244 liben-

1057 1253 1114 1280 ter?
1140 1262 1187 1281 nos
1206 1254 1330 1281 videlicet
1347 1255 1462 1281 invitum
1478 1260 1502 1281 te
1515 1260 1658 1290 quaestum
1673 1254 1757 1280 facere
1771 1259 1849 1289 puta-

1057 1291 1165 1318 remus‘?
1189 1292 1224 1319 Ac
1237 1294 1268 1317 de
1281 1293 1382 1318 consilii
1394 1295 1526 1318 seniorum.
1566 1291 1731 1318 Praeclarum
1745 1292 1848 1318 recitari

1055 1328 1207 1360 consilium.
1224 1328 1335 1359 iudices.
1351 1329 1474 1355 audistis.
1508 1329 1601 1355 Utrum
1616 1329 1693 1356 vobis
1705 1328 1848 1356 consilium

1056 1367 1159 1392 recitari
1173 1365 1279 1392 tandem
1294 1366 1421 1401 praetoris
1437 1366 1586 1397 videbatur,
1602 1375 1687 1401 quum
1701 1366 1849 1394 audiebatis

1057 1404 1176 1434 nomina,
1201 1412 1234 1430 an
1258 1403 1398 1438 praedonis
1420 1403 1615 1438 improbissimi
1637 1406 1748 1431 societas
1769 1409 1848 1439 atque

1055 1440 1215 1468 comitatus?
1252 1443 1294 1467 55.
1316 1441 1355 1467 En
1375 1440 1512 1469 foederum
1526 1443 1695 1477 interpretes,
1717 1442 1849 1468 societatis

1057 1483 1188 1513 pactores.
1212 1478 1350 1516 religionis
1373 1481 1506 1507 auctores!
1534 1481 1687 1515 Numquam
1709 1480 1737 1506 in
1759 1478 1848 1506 Sicilia

1055 1516 1219 1544 frumentum
1236 1517 1344 1552 publice
1357 1522 1397 1544 est
1407 1522 1537 1552 emptum,
1552 1518 1618 1552 quin
1629 1517 1793 1543 Mamertinis
1803 1524 1850 1551 pro

1057 1556 1175 1589 portione
1193 1555 1380 1589 imperaretur.
1401 1560 1543 1590 antequam
1562 1555 1611 1581 hoc
1627 1553 1760 1580 delectum
1774 1561 1850 1588 prae-

1056 1591 1212 1626 clarumque
1229 1591 1372 1618 consilium
1391 1592 1441 1618 iste
1458 1591 1544 1622 dedit.
1565 1596 1594 1618 ut
1611 1592 1645 1617 ab
1663 1591 1706 1617 his
1725 1598 1850 1618 nummos

1057 1629 1185 1663 acciperet
1202 1637 1232 1655 ac
1249 1629 1292 1655 sui
1310 1628 1408 1655 similis
1425 1633 1504 1655 esset.
1545 1629 1635 1663 [taque
1649 1633 1750 1654 tantum
1766 1627 1850 1654 valuit

1057 1666 1135 1692 istius
1149 1665 1247 1692 decreti
1261 1666 1418 1696 auctoritas.
1439 1670 1569 1701 quantum
1584 1665 1678 1692 debuit
1690 1666 1749 1692 eius
1764 1664 1850 1692 homi-

1058 1704 1113 1734 nis.
1133 1703 1194 1738 qui.
1214 1711 1228 1729 a
1246 1703 1347 1738 quibus
1365 1702 1531 1729 frumentum
1545 1711 1631 1729 emere
1645 1702 1795 1733 debuisset.
1816 1702 1850 1728 iis

1057 1740 1192 1766 decretum
1211 1740 1386 1766 vendidisset.
1426 1741 1492 1766 Nam
1510 1740 1599 1766 statim
1619 1740 1649 1766 L.
1664 1739 1800 1770 Metellus.
1821 1744 1851 1766 ut

1057 1778 1100 1804 isti
1114 1778 1251 1808 successit.
1268 1786 1301 1803 ex
1311 1777 1339 1804 C.
1352 1777 1500 1804 Sacerdotis
1514 1782 1540 1803 et
1553 1776 1615 1804 Sex.
1631 1776 1760 1803 Peducaei
1773 1776 1851 1803 insti-

1058 1819 1114 1841 tuto
1139 1823 1169 1841 ac
1195 1814 1290 1841 litteris
1315 1813 1481 1841 frumentum
1507 1815 1672 1841 Mamertinis
1698 1814 1849 1848 imperavit.

1057 1852 1142 1878 XXII.
1159 1853 1200 1878 56.
1223 1852 1291 1878 Tum
1305 1851 1345 1878 illi
1358 1851 1556 1883 intellexerunt.
1571 1860 1600 1878 se
1614 1851 1650 1882 id.
1667 1851 1740 1886 quod
1753 1859 1768 1877 a
1781 1849 1851 1878 malo

1057 1894 1162 1916 auctore
1180 1889 1320 1920 emissent.
1340 1888 1442 1915 diutius
1461 1889 1579 1916 obtinere
1597 1897 1649 1915 non
1667 1896 1755 1923 posse.
1794 1888 1851 1924 Age

1058 1935 1147 1961 porro,
1168 1931 1211 1958 tu,
1230 1927 1278 1961 qui
1297 1931 1322 1952 te
1339 1931 1393 1952 tam
1411 1926 1567 1962 religiosum
1581 1925 1728 1952 existimari
1740 1924 1850 1952 voluisti

1058 1965 1228 1998 interpretem
1246 1963 1396 1994 foederum.
1419 1972 1467 1989 cur
1484 1963 1708 1990 Taurominitanis
1732 1961 1851 1989 frumen-

1058 2006 1125 2031 tum.
1141 2009 1189 2027 cur
1201 2001 1305 2027 Netinis
1318 2000 1473 2035 imperasti?
1497 2009 1613 2036 quarum
1626 2000 1765 2026 civitatum
1778 2004 1852 2026 utra-

1057 2047 1110 2073 que
1124 2037 1254 2064 soederata
1267 2042 1318 2065 est.
1350 2039 1388 2064 Ac
1402 2038 1490 2064 Netini
1502 2037 1613 2072 quidem
1626 2037 1679 2063 sibi
1693 2045 1744 2063 non
1757 2035 1851 2063 defue—

1059 2080 1129 2102 runt.
1171 2076 1237 2101 Nam
1255 2074 1337 2102 simul
1360 2083 1390 2101 ac
1413 2075 1588 2109 pronuntiasti
1612 2074 1724 2101 libenter
1746 2078 1773 2100 te
1794 2074 1851 2100 Ma-

1059 2113 1180 2139 mertinis
1193 2112 1324 2147 quiddam
1337 2112 1485 2143 remittere.
1513 2117 1538 2138 te
1555 2111 1678 2138 adierunt
1691 2115 1717 2138 et
1729 2111 1850 2137 eamdem

1058 2158 1135 2176 suam
1157 2158 1280 2176 caussam
1302 2149 1416 2176 foederis
1438 2157 1498 2175 esse
1519 2148 1677 2175 docuerunt.
1717 2147 1759 2174 Tu
1775 2147 1851 2174 aliter

1058 2187 1199 2213 decernere
1212 2187 1304 2213 eadem
1318 2187 1345 2213 in
1359 2194 1453 2213 caussa
1467 2194 1519 2213 non
1533 2186 1653 2221 potuisti.
1692 2185 1851 2212 Pronuntias

1058 2225 1167 2250 Netinos
1181 2223 1346 2250 frumentum
1359 2223 1423 2250 dare
1436 2231 1488 2250 non
1505 2228 1638 2258 oportere:
1666 2226 1692 2248 et
1708 2222 1742 2248 ab
1755 2221 1798 2248 his
1811 2226 1851 2248 ta-

1058 2270 1119 2288 men
1133 2261 1230 2296 exigis.
1270 2261 1341 2288 Cedo
1354 2261 1421 2287 mihi
1434 2259 1556 2287 eiusdem
1570 2259 1698 2295 praetoris
1712 2258 1812 2285 litteras
1825 2264 1851 2285 et

1057 2307 1147 2325 rerum
1165 2298 1330 2325 decretarum
1348 2302 1374 2324 et
1395 2297 1522 2324 frumenti
1544 2297 1666 2332 imperati
1685 2295 1708 2332 [,
1727 2301 1753 2322 et
1771 2295 1850 2322 tritici

1057 2336 1150 2370 empti.
1185 2336 1337 2362 Lingua
1352 2344 1514 2362 PRAETORIS
1526 2341 1625 2361 neuun
1638 2341 1849 2362 oscannum.

1057 2381 1206 2400 rnuussn
1228 2381 1382 2404 rupeas-rt,
1406 2381 1441 2399 n·
1462 2380 1611 2398 saunas-ri
1633 2368 1740 2406 enen}
1779 2369 1851 2402 Quid

1057 2411 1146 2445 potius
1165 2410 1193 2437 in
1210 2410 1260 2436 hac
1277 2414 1347 2437 tanta
1366 2418 1396 2436 ac
1412 2413 1466 2436 tam
1485 2409 1556 2443 turpi
1570 2408 1746 2434 inconstantia
1759 2407 1852 2442 suspi-

1057 2448 1110 2474 cari
1124 2455 1283 2482 possumus,
1302 2447 1419 2477 iudices.
1438 2454 1519 2481 quam
1533 2445 1575 2476 id,
1591 2444 1664 2480 quod
1677 2452 1785 2471 necesse
1798 2447 1848 2474 est,

1057 2489 1103 2511 aut
1116 2485 1160 2510 isti
1174 2493 1188 2510 a
1201 2484 1305 2511 Netinis
1319 2484 1472 2519 pecuniam.
1488 2491 1574 2517 quum
1589 2486 1720 2517 posceret,
1737 2489 1789 2508 non
1802 2479 1852 2507 da-

1057 2527 1124 2553 tam,
1152 2526 1198 2548 aut
1214 2521 1243 2548 id
1260 2529 1319 2547 esse
1332 2525 1434 2551 actum.
1454 2524 1484 2546 ut
1496 2519 1675 2555 intelligerent
1687 2518 1846 2548 Mamertini.

1034 2571 1037 2583 t
1056 2559 1124 2585 bene
1137 2567 1166 2585 se
1179 2558 1252 2593 apud
1265 2559 1348 2585 istum
1361 2562 1415 2584 tam
1427 2556 1512 2583 multa
1525 2557 1610 2592 pretia
1623 2564 1652 2582 ac
1665 2563 1777 2582 munera
1793 2554 1850 2581 col-

1034 2607 1036 2626 ,ι
1057 2595 1170 2627 locasse,
1190 2604 1276 2630 quum
1294 2594 1365 2621 idem
1383 2593 1429 2620 alii
1446 2594 1514 2620 iuris
1531 2602 1566 2620 ex
1582 2593 1674 2620 eadem
1687 2600 1783 2619 caussa
1794 2599 1848 2618 non

1034 2648 1035 2662 l
1056 2632 1222 2660 obtinerent?

1112 2670 1154 2695 57.
1176 2670 1223 2696 Hic
1249 2669 1314 2695 mihi
1341 2669 1419 2695 etiam
1445 2667 1554 2694 audebit
1579 2667 1741 2694 mentionem
1762 2664 1849 2692 faeere
