1941 3052
241 128 289 154 983¹.

240 200 288 233 qui
310 198 443 224 nuntiaret
464 197 581 230 legiones
598 195 792 221 Alexandrinas
814 196 839 222 in
861 197 942 221 armis
963 204 1030 225 csse,

241 236 351 262 nassum
364 235 476 262 arcessi,
493 234 615 258 Cassium
627 233 785 267 exspectari.
825 232 897 265 Quid
908 233 1034 267 quaeris?

242 272 352 298 Videtur
372 270 523 305 respublica
547 270 588 295 ius
608 278 687 295 suum
705 270 892 303 reciperatura.
932 269 983 295 Sed
1001 278 1032 295 nc

239 309 306 344 quid
318 313 387 335 ante.
429 307 502 332 Nosti
520 306 613 332 borum
627 306 843 333 exercitationem
857 307 883 333 in
896 305 1033 333 latrocinio

239 351 265 372 et
276 350 428 371 uincntiam.

295 413 345 433 xm
359 414 378 432 1..

336 447 404 472 (Hine
415 447 508 466 Gratti-r
521 451 529 466 t
539 451 565 470 ΙΙ,
576 450 607 467 lm.
621 454 695 466 nutum
707 447 822 473 epistulam
834 447 911 474 inripit
926 449 932 472 )

424 491 592 518 CICERO
622 492 786 518 ATTICO
815 492 842 519 S.
1054 521 1055 525 Ἰ

297 531 320 556 l.
344 524 486 555 Dolabella
504 529 545 554 vir
563 529 691 563 optimus.
731 529 802 559 Etsi,
824 538 908 564 quum
930 529 1032 556 scribe-
1054 531 1055 535 ’

240 568 315 597 bam,
332 565 450 593 secunda
467 574 558 592 mensa
569 567 703 601 apposita,
722 567 827 592 venisse
839 575 900 593 eum
913 566 945 592 ad
957 567 1032 593 Baias

239 603 394 634 audiebanu
414 608 502 630 tamen
518 603 550 629 ad
568 612 609 629 me
620 612 653 630 ex
666 604 805 630 Formiano
816 604 938 638 scripsit,
955 605 1032 639 (quas

410 414 504 434 'tut-min,
515 414 614 431 nul-lmll.
625 421 670 432 ..μ-ι.
684 416 736 433 Τιιι)

240 641 353 672 litteras,
369 649 454 675 quum
467 649 480 666 e
492 639 598 667 balineo
609 641 740 671 exissem.
756 641 868 676 accepi.)
879 649 938 667 sese
949 640 982 667 de
993 646 1033 668 at·
1054 628 1062 665 l.-

239 678 383 705 tributione
395 678 484 704 omnia
495 686 601 703 summa
613 677 722 711 fecisse;
741 678 893 704 Vettienum
910 683 1029 711 accusat3
1053 687 1062 725 λ,

239 716 348 742 tricatur
362 714 478 745 scilicet,
496 719 525 741 ut
540 714 619 741 homo
634 715 705 741 talis.
744 714 796 741 Sed
807 716 844 741 ait
855 720 939 742 totum
951 724 1033 751 nego·
1053 731 1055 764 1

238 753 306 779 tium
321 752 439 778 Sestium
453 756 572 778 nostrum
589 753 756 787 suscepisse.
773 753 905 787 optimum
921 753 1031 787 quidem
1053 765 1055 787 l

238 789 316 816 illum
336 790 425 815 virum
443 789 580 823 nostrique
598 790 824 816 amantissimum.
865 789 968 822 Quaero
984 799 1032 816 au·
1053 796 1055 828 ξ

239 831 300 857 tem,
313 826 380 861 quid
392 826 498 852 tandem
510 826 614 852 Sestius
626 827 652 853 in
666 827 714 853 hac
725 836 752 853 re
765 826 849 853 facere
857 827 950 862 possit,
959 827 1031 862 quod

239 873 290 890 non
302 864 394 898 quivis
406 862 544 890 nostrum‘?
564 863 631 894 Sed.
650 864 672 890 si
684 864 750 899 quid
767 869 870 899 praeter
883 873 958 899 spem
971 864 1029 895 erit,

239 901 320 928 facies
334 905 362 926 ut
373 901 466 926 sciam.
500 900 546 926 Sin
558 905 606 931 est,
618 905 647 927 ut
657 901 779 932 arbitror,
793 902 929 936 negotium
941 901 1032 936 perdi-

239 943 310 968 tum,
327 937 430 964 scribes
442 942 542 970 tamen3
562 946 648 972 neque
661 939 709 964 ista
722 947 764 964 res
775 939 964 965 commovebit.
1004 940 1029 965 2.
1053 935 1055 942 '

234 976 292 1002 ‘Nos
308 975 351 1001 bic
367 975 577 1009 φιλοσοφσῦμεν,
594 975 670 1010 (quid
685 976 756 1002 enim
774 975 874 1011 aliud?)
888 980 914 1002 et
928 976 960 1002 τὰ
971 975 1031 1011 περὶ

236 1015 283 1040 τοῦ
295 1011 458 1046 καθήκοντος
473 1012 614 1047 magnifice
630 1012 798 1047 explicamus
812 1016 1032 1048 προςφωνοῡμεν-
1053 1015 1054 1018 ’

237 1058 290 1084 que
301 1049 433 1076 Ciceroni.
453 1048 510 1081 Qua
522 1049 554 1075 de
567 1058 594 1075 re
605 1049 677 1076 enim
690 1050 777 1084 potius
789 1055 863 1084 pater
870 1049 942 1076 t'ilio‘?
952 1050 1032 1076 Dein-

237 1087 270 1113 de
281 1086 343 1113 alia.
374 1085 445 1118 Quid
456 1086 582 1121 quaeris‘?
592 1087 707 1113 exstabit
718 1096 796 1122 opera
809 1087 1032 1123 peregrinationis
1053 1091 1055 1110 ἱ

238 1123 330 1150 buius.
362 1123 506 1149 Varronem
519 1123 598 1150 hodie
609 1129 654 1150 aut
665 1132 723 1150 cras
735 1129 879 1150 venturum
891 1124 1030 1159 putabant.
1053 1137 1055 1146 ι

237 1161 293 1196 Ego
304 1165 393 1187 autem
406 1161 432 1186 in
444 1161 636 1195 Pompeianum
647 1161 836 1196 propcrabam;
854 1170 905 1188 non
917 1170 970 1196 quo
983 1161 1031 1188 boc
1053 1155 1055 1215 ι

239 1197 449 1232 locoquidquam
463 1197 616 1232 pulchrius,
631 1198 678 1224 sed
690 1198 901 1233 interpellatores
913 1198 969 1224 illic
980 1199 1032 1224 mi-

238 1244 289 1261 nus
301 1234 415 1261 molesti.
456 1234 507 1260 Sed
522 1235 667 1269 perscribe,
681 1244 794 1270 quaeso,
811 1244 880 1270 quae
891 1244 986 1262 caussa
997 1236 1032 1262 sit

237 1271 355 1307 Myrtilo:
373 1271 482 1306 (poenas
494 1271 604 1306 quidem
617 1272 694 1298 illum
706 1272 867 1307 pependisse
878 1272 993 1308 audivi,)
1006 1277 1032 1299 et

237 1309 336 1335 satisne
349 1313 447 1343 pateat,
467 1308 537 1335 unde
549 1314 700 1344 corruptus.
742 1312 766 1336 3.
789 1310 857 1336 Ilaec
868 1319 953 1345 quum
965 1310 1032 1336 scri-

238 1346 341 1375 berem,
356 1350 458 1371 tantum
469 1345 542 1380 quod
553 1346 741 1373 existimabam
753 1347 786 1374 ad
797 1352 821 1373 te
831 1348 977 1374 orationem
989 1356 1032 1373 es-

236 1391 264 1409 se
276 1382 415 1417 perlatam.
455 1383 520 1413 Hui,
534 1391 615 1418 quam
626 1384 719 1413 timeo,
733 1384 799 1419 quid
811 1385 962 1411 existimes!
985 1385 1032 1411 Et-

236 1421 259 1445 si
272 1420 337 1455 quid
350 1419 383 1446 ad
395 1428 447 1450 me,
460 1428 529 1454 quae
540 1429 592 1447 non
604 1421 639 1447 sit
650 1420 719 1447 foras
731 1421 876 1456 proditura,
887 1423 939 1448 nisi
951 1430 1032 1456 repu-

237 1457 306 1483 blica
323 1456 486 1492 reciperata‘?
504 1458 540 1483 De
555 1466 609 1493 quo
643 1458 710 1493 quid
730 1467 849 1493 sperem,
873 1467 925 1485 non
946 1459 1031 1486 audeo

236 1494 363 1521 scribere.

291 1564 351 1584 XIV.
381 1566 411 1586 (ln
421 1565 536 1586 Tusculano,
545 1565 636 1586 Antonio,
647 1566 716 1583 Dolnb-
725 1567 747 1583 lla
759 1573 804 1583 coss.

418 1608 584 1635 CICERO
616 1609 784 1635 ATTICO
813 1609 842 1636 S.

295 1647 317 1672 l.
339 1640 425 1672 Sexto
436 1645 495 1671 Kal.
508 1645 599 1680 accepi
610 1654 624 1671 a
636 1645 770 1673 Dolabella
783 1646 896 1677 litteras,
913 1655 1029 1681 quarum

236 1682 391 1717 exemplum
403 1682 454 1709 tibi
464 1683 541 1709 misi:
555 1683 582 1709 in
593 1683 695 1718 quibus
707 1689 770 1714 erat,
783 1685 872 1710 omnia
882 1692 910 1710 se
922 1684 1026 1714 secisse,

236 1728 305 1754 quae
319 1724 347 1746 tu
359 1719 452 1746 velles.
493 1719 588 1746 Statim
599 1721 625 1746 ei
635 1721 776 1755 rescripsi,
794 1725 821 1747 et
831 1721 924 1748 multis
939 1721 1030 1747 verbis

235 1757 335 1792 gratias
346 1757 400 1792 egi.
441 1756 493 1783 Sed
505 1761 607 1787 tamen,
623 1766 656 1784 ne
668 1758 822 1788 miraretur,
838 1767 886 1784 cur
897 1758 968 1784 idem
981 1759 1030 1784 ite-

236 1802 296 1820 rum
308 1793 431 1824 facerem,
446 1793 495 1820 hoc
506 1802 616 1820 caussae
627 1796 742 1829 sumpsi,
751 1795 822 1830 quod
834 1804 868 1822 ex
879 1800 903 1822 te
915 1796 974 1830 ipso
984 1804 1029 1822 co-

236 1839 293 1857 ram
313 1835 389 1857 antea
416 1830 485 1857 nihil
510 1831 657 1865 potuissem
681 1840 850 1866 cognoscere.
890 1832 941 1858 Sed
962 1833 1028 1867 quid

236 1867 337 1894 multa?
356 1868 468 1895 Litteras
480 1868 530 1894 hoc
540 1867 664 1903 exemplo
674 1868 746 1894 dedi.

817 1569 870 1587 710.,

313 1974 456 2001 CICERO
476 1975 734 2003 DOLABELLAE
756 1977 838 2004 COS.
861 1978 942 2004 SUO.

1058 1748 1060 1764 l

1058 1815 1060 1831 l

1058 1839 1059 1847 l

1051 1857 1059 1872 Ι,

1050 1874 1059 1890 ll

1058 1984 1059 1992 l

291 2017 316 2041 2.
330 2014 418 2043 Antea
430 2025 507 2049 quum
517 2026 563 2049 pet·
574 2020 673 2044 litteras
682 2020 760 2044 Attici
772 2022 853 2045 nostri
863 2021 894 2045 de
904 2025 947 2046 tua
958 2029 1028 2046 sum-
1058 2020 1059 2043 l

1058 2073 1059 2076 η
1079 2054 1112 2081 de
1124 2063 1154 2082 eo
1166 2054 1312 2084 videbitur,
1325 2053 1438 2079 scribes.

235 2062 276 2078 ma
288 2054 448 2084 liberalitate,
456 2062 667 2088 summoqueerqa
677 2064 703 2082 se
714 2057 831 2089 beneficio
841 2059 935 2083 certior
944 2060 1028 2091 sactus

235 2098 312 2115 essem
319 2099 326 2121 ,¹
336 2098 462 2123 quumque
473 2095 498 2116 tu
513 2093 564 2124 ipse
575 2095 695 2118 etiamad
705 2102 742 2118 me
752 2097 906 2126 scripsisses,
920 2099 943 2121 te
952 2097 1028 2128 sects-
1058 2093 1059 2097 ¹

235 2136 261 2152 se
271 2136 313 2157 ea,
330 2135 395 2160 quae
410 2136 455 2153 nos
464 2129 644 2155 voluissemus:
658 2132 697 2163 ‘¹9¹‘
708 2132 754 2156 tibi
763 2134 863 2164 qratias
871 2140 918 2164 per
930 2134 1029 2159 litteras
1050 2133 1059 2151 ’Ὺ

235 2166 267 2190 iis
281 2166 373 2194 verbis,
386 2169 413 2190 ut
424 2166 587 2198 iutelligeres,
602 2168 665 2192 nihil
676 2172 699 2193 te
709 2169 771 2193 mihi
780 2171 1029 2202 91·atiussacerepo—
1051 2179 1052 2184 ¹

359 2201 447 2228 Postea
465 2211 525 2228 vero
545 2212 621 2237 quam
640 2207 693 2237 ipse
707 2205 805 2231 Atticus
819 2208 854 2232 ad
868 2215 906 2231 me
919 2209 986 2233 venit
1002 2210 1029 2232 in
1051 2215 1052 2218 ¹

235 2203 318 2227 luisse.

238 2238 409 2265 Tusculanum
418 2240 493 2265 huius
504 2243 580 2266 unius
590 2244 629 2267 rei
639 2250 739 2271 caussa,
747 2244 793 2268 tibi
803 2247 830 2269 ut
840 2245 909 2276 apud
919 2252 956 2269 me
965 2253 1028 2277 yra-

235 2277 285 2301 1ias
298 2280 396 2309 aym-ct.
414 2281 441 2301 ut
456 2279 528 2302 cuius
539 2281 661 2304 eximiam
671 2281 808 2312 quamdam
817 2285 840 2305 et
850 2282 1028 2307 admirabilem
1050 2293 1052 2315 ς

234 2315 261 2337 in
277 2321 367 2338 caussa
385 2313 520 2340 Buthrotia
535 2317 689 2341 voluntatem
703 2321 725 2341 et
745 2319 902 2350 singularem
921 2326 982 2351 crya
1001 2327 1028 2344 se
1050 2317 1051 2323 ¹

233 2358 345 2375 amorem
353 2353 536 2383 perspexisset:
549 2355 628 2378 teneri
638 2361 687 2378 non
696 2356 777 2386 potui,
785 2357 847 2387 quin
857 2357 903 2380 tibi
913 2358 1028 2388 apertius
1049 2341 1051 2395 i

234 2388 299 2412 illud
312 2389 378 2413 idem
391 2389 431 2414 his
446 2389 539 2415 titteris
552 2391 718 2416 declararem.
759 2391 800 2417 Em
818 2393 932 2418 omnibus
951 2395 1025 2423 enim,
1049 2398 1051 2401 ’

234 2426 269 2448 mi
281 2424 424 2455 Dolabella,
436 2428 528 2452 studiis
540 2429 566 2452 in
576 2435 614 2452 me
624 2432 647 2453 et
657 2429 761 2460 officiis,
773 2437 840 2461 quae
849 2437 948 2454 summa
957 2434 1025 2459 sunt,
1048 2450 1050 2470 l

234 2461 279 2485 hoc
288 2463 352 2487 scito
362 2463 423 2487 mihi
433 2467 456 2488 et
467 2465 651 2496 amplissimum
659 2466 754 2493 videri,
770 2470 793 2490 et
802 2468 976 2498 gratissimum
987 2475 1027 2492 es-
1048 2471 1050 2487 Ρ

234 2505 272 2525 se,
289 2500 354 2529 quod
366 2501 514 2532 perfeceris,
532 2506 559 2527 ut
569 2502 668 2527 Atticus
679 2503 837 2534 inteniyeret,
849 2507 972 2536 quantam
982 2511 1026 2537 eqo
1048 2499 1049 2512 ¹

235 2537 266 2563 te,
277 2542 353 2566 quam
364 2539 390 2561 tu
401 2544 438 2561 me
448 2546 558 2564 amares.
593 2541 616 2564 3.
641 2538 714 2570 Quod
722 2540 848 2572 reliquum
859 2544 902 2569 est,
914 2540 1026 2566 Buthro·
1047 2518 1050 2575 l

234 2571 296 2595 tiam
307 2575 329 2596 et
341 2579 455 2598 caussam
467 2579 490 2599 et
501 2577 640 2605 civitatem,
657 2584 811 2608 quamquam
823 2585 840 2602 a
855 2581 877 2602 te
888 2579 1025 2603 constituta
1047 2602 1049 2613 Ι

234 2610 282 2635 est,
300 2606 431 2640 (beneficia
444 2615 527 2636 autem
542 2616 630 2647 nostra
640 2615 707 2638 tueri
715 2614 844 2646 solemus.)
859 2617 942 2639 tamen
952 2615 1025 2640 velim

235 2649 359 2676 receptam
370 2646 478 2677 insident
489 2652 569 2677 tuam,
585 2658 600 2674 a
616 2657 702 2682 meque
717 2652 791 2674 etiam
807 2654 882 2682 atque
892 2653 967 2676 etiam
979 2652 1025 2676 tibi
1046 2674 1048 2676 .

1059 1707 1060 1712 ,
1081 1683 1253 1718 potissimum
1267 1681 1372 1708 debuit.

814 127 868 152 tot.
901 126 934 152 M.
967 126 996 152 T.
1027 125 1300 152 CICERONIS

1084 199 1290 224 comma-rutulam.
1301 200 1455 223 auctoritate
1465 203 1487 224 et
1498 200 1600 225 aua-itio
1609 204 1652 225 tuo
1662 204 1752 225 tectam
1764 201 1825 226 telis
1835 210 1874 227 ee-

1083 242 1116 258 ae.
1137 234 1208 258 81:11·-
1219 236 1266 259 ert't
1279 243 1304 258 m
1314 239 1460 267 perpetuum
1472 235 1752 269 ButhrouaeupraeM1t,
1769 246 1875 270 mayna-

1084 279 1131 303 que
1146 278 1208 295 cura
1224 276 1246 296 et
1261 272 1433 296 sollicitudine
1447 273 1557 298 Atticum
1567 277 1590 298 et
1601 282 1638 298 mn
1649 275 1780 303 liberaris,
1797 278 1818 300 σι’
1829 276 1875 301 hoe

1083 309 1186 332 honoris
1197 310 1244 332 mei
1255 316 1346 333 coma
1356 311 1509 341 nucepm'e,
1527 314 1554 335 ut
1567 318 1608 336 σοι
1621 319 1718 344 temper
1727 320 1743 337 ιι
1755 317 1777 337 te
1789 314 1875 344 desen-

1083 352 1124 369 aoe
1140 345 1209 370 cetu.
1251 345 1323 376 Quod
1341 350 1368 371 ut
1386 348 1482 378 lactas,
1503 350 1527 372 to
1541 348 1695 374 “hammer
1709 351 1785 374 etiam
1799 354 1876 382 atque

1083 383 1158 406 etiam
1170 390 1239 413 rmJo.

1140 419 1162 443 l.
1184 418 1230 443 llis
1243 418 1336 444 litteris
1346 419 1463 453 scriptis.
1477 428 1519 445 me
1529 419 1562 445 ad
1573 421 1708 451 συντάξεις
1717 421 1792 448 dedi:
1807 431 1875 457 quae

1084 455 1208 489 quidem,
1228 464 1332 485 vereor,
1350 464 1382 481 ne
1395 456 1504 483 miniata
1515 456 1605 482 cerula
1617 461 1661 483 tu·
1673 457 1797 492 pluribus
1810 458 1875 485 locis

1054 509 1055 517 η
1085 491 1212 518 notandae
1225 493 1290 518 sint:
1306 493 1339 518 ita
1352 501 1411 519 sum
1422 494 1551 529 pericope,-
1562 498 1586 520 et
1598 495 1875 532 maguiscogitationi-

1085 529 1136 555 bus
1149 528 1303 564 impeditus.

1138 598 1186 618 XV,
1221 601 1239 616 Ιιι
1251 601 1293 616 inl·
1306 601 1327 616 nl
1339 600 1446 620 tammum.
1459 601 1547 620 Λιιιιιηιο,
1557 602 1657 618 uui-bzu.
1667 608 1714 619 mu.
1726 604 1779 622 71⁰.)

1267 642 1434 670 CICERO
1463 643 1632 670 ATTICO
1660 644 1688 671 S.

1142 681 1164 705 l.
1187 674 1221 705 L.
1234 679 1349 706 Antonio
1360 679 1428 706 male
1439 681 1487 707 sit!
1508 681 1644 716 siquidem
1656 681 1802 708 Buthrotiis
1818 691 1875 709 mo-

1084 715 1167 742 lestus
1178 721 1227 742 cst.
1269 717 1288 743 E
1309 726 1324 743 o
1337 717 1518 744 testimonium
1529 719 1682 752 composui:
1695 719 1777 754 quod.
1790 728 1875 755 quum

1085 753 1166 783 voles,
1179 726 1346 788 obsignalbiS.
1387 755 1425 780 ‘I'u
1439 764 1563 781 nummos
1574 756 1741 790 Arpinatum.
1754 757 1777 782 si
1789 757 1818 783 L.
1827 757 1876 783 Fa-

1083 790 1146 816 dius
1157 790 1252 816 aedilis
1265 796 1348 826 petet,
1366 791 1406 817 vel
1419 801 1512 818 omnes
1524 792 1638 819 reddito.
1679 793 1734 829 Ego
1745 793 1778 819 ad
1790 798 1814 820 te
1825 793 1875 820 alia

1083 827 1193 862 epistola
1206 828 1302 863 scripsi
1316 828 1348 854 de
1360 829 1476 859 11—5cx,
1489 838 1558 864 quae
1569 829 1651 856 Statio
1659 836 1826 857 curarentur.
1847 831 1875 857 Si

1060 894 1061 900 1
1083 873 1148 907 ergo.
1157 869 1227 900 petet
1239 865 1352 895 Fadius,
1369 866 1393 892 ei
1407 866 1466 892 volo
1478 866 1566 896 reddi,
1585 872 1688 902 praeter
1700 867 1812 894 Fadium
1829 877 1876 894 ne-

1084 902 1160 928 mini.
1200 902 1278 937 Apud
1292 911 1333 929 me
1345 903 1407 929 item
1419 908 1484 938 puto
1494 903 1657 938 depositum.
1683 905 1721 934 ld.
1734 905 1830 940 scripsi
1843 905 1874 931 ad

1083 939 1202 969 Erotem,
1217 939 1387 966 utredderet.
1428 942 1452 966 2.
1476 941 1670 976 Reginamodi.
1711 942 1752 968 Me
1767 943 1825 968 iure
1837 942 1876 968 [ε-

1060 984 1061 990 ’
1083 985 1141 1002 cere
1156 977 1205 1003 scit
1220 985 1333 1011 sponsor
1343 978 1536 1012 promissorum
1548 979 1607 1004 eius
1620 979 1790 1011 Ammonius;
1807 988 1876 1014 quae

1083 1013 1193 1048 quidem
1215 1019 1288 1040 erant
1304 1015 1431 1050 φιλόλογα
1446 1019 1471 1041 et
1486 1015 1625 1051 dignitatis
1640 1025 1727 1047 meae,
1746 1021 1774 1043 ut
1790 1016 1832 1042 vel
1849 1017 1874 1043 in

1083 1051 1210 1077 concione
1221 1050 1310 1077 dicere
1321 1051 1458 1078 auderem.
1480 1052 1571 1078 Seram
1583 1058 1680 1082 autem.
1689 1058 1874 1088 praeterquam

1083 1087 1155 1123 quod
1176 1087 1308 1114 nefarium
1331 1089 1466 1115 bominem
1486 1090 1613 1125 cognovi,
1639 1095 1773 1124 praeterea
1790 1091 1816 1117 in
1834 1099 1875 1117 me

1083 1130 1277 1151 contumacem.
1317 1125 1404 1152 Semel
1420 1134 1481 1152 eum
1503 1127 1613 1153 omnino
1627 1127 1700 1153 domi
1717 1136 1790 1154 meae
1806 1128 1872 1154 vidi.

1082 1162 1171 1194 Quum
1183 1161 1350 1196 φιλοφρόνως
1359 1171 1393 1189 ex
1403 1171 1433 1189 eo
1443 1171 1612 1197 quaererem,
1630 1163 1697 1199 quid
1711 1173 1780 1199 opus
1790 1170 1872 1193 esset;

1083 1200 1199 1226 Atticum
1215 1207 1244 1225 se
1259 1198 1329 1225 dixit
1339 1208 1476 1234 quaerere.
1517 1199 1676 1235 Superbiam
1688 1206 1776 1227 autem
1789 1202 1875 1236 ipsius

1060 1236 1062 1264 ζ
1084 1237 1201 1272 reginae,
1217 1244 1301 1271 quum
1313 1241 1383 1263 esset
1395 1242 1466 1263 trans
1477 1237 1596 1263 Tiberim
1609 1239 1635 1264 in
1648 1238 1741 1269 hortis,
1757 1247 1875 1265 comme-

1060 1274 1062 1297 ἱ
1084 1282 1185 1300 morare
1201 1274 1259 1299 sine
1275 1282 1373 1309 magno
1382 1273 1472 1300 dolore
1484 1283 1535 1300 non
1547 1283 1668 1309 possum.
1709 1275 1782 1302 Nihil
1794 1277 1876 1311 igitur

1082 1320 1144 1337 cum
1156 1311 1228 1337 istis:
1243 1315 1355 1337 nectam
1366 1311 1487 1337 animum
1499 1320 1639 1346 me,quam
1651 1313 1697 1339 vix
1707 1313 1875 1339 stomachum

1084 1349 1181 1375 babere
1193 1348 1364 1374 arbitrantur.
1391 1349 1416 1374 3.
1432 1347 1623 1375 Profectionem
1635 1358 1730 1380 meam,
1745 1355 1773 1376 ut
1787 1350 1873 1380 video,

1083 1386 1170 1412 Erotis
1185 1385 1350 1420 dispensatio
1366 1385 1488 1420 impedit.
1528 1386 1595 1412 Nam
1611 1395 1696 1422 quum
1707 1395 1741 1413 ex
1752 1386 1873 1422 reliquis,

1082 1432 1151 1458 quae
1163 1423 1246 1449 Nonis
1257 1422 1343 1457 April.
1357 1421 1432 1453 lecit,
1450 1423 1492 1449 vel
1504 1423 1640 1450 abundare
1651 1423 1779 1455 debeam,
1796 1433 1876 1460 cogor

1083 1460 1214 1487 mutuari:
1236 1459 1363 1495 quodque
1375 1468 1409 1486 ex
1419 1460 1478 1486 istis
1490 1459 1635 1487 fructuosis
1646 1461 1727 1487 rebus
1739 1466 1874 1496 receptum

1082 1502 1135 1528 est,
1159 1497 1186 1523 id
1203 1505 1252 1532 ego
1268 1496 1301 1522 ad
1316 1496 1384 1523 illud
1400 1496 1491 1523 fanum
1507 1498 1654 1532 sepositum
1670 1497 1808 1532 putabam.
1849 1500 1873 1526 ⁴.

1082 1534 1133 1561 Sed
1145 1534 1210 1561 haec
1221 1534 1311 1560 Tironi
1323 1534 1462 1565 mandavi,
1480 1542 1561 1569 quem
1574 1535 1609 1561 ob
1620 1543 1677 1561 eam
1689 1543 1812 1561 caussam
1823 1536 1875 1562 Ro-

1082 1580 1153 1598 mam
1165 1572 1238 1598 misi.
1278 1571 1314 1597 Te
1325 1570 1399 1597 nolui
1412 1571 1571 1606 impeditum
1584 1571 1724 1607 impedire.
1746 1574 1771 1599 5.
1783 1572 1876 1600 Cicero

1060 1621 1061 1627 .
1083 1613 1172 1635 noster
1181 1616 1235 1643 quo
1247 1607 1392 1635 modestior
1401 1613 1449 1639 est,
1461 1617 1492 1635 eo
1503 1617 1545 1635 me
1557 1610 1643 1645 magis
1653 1614 1812 1636 commovet.
1834 1609 1874 1636 Ad

1082 1655 1124 1672 me
1140 1646 1212 1672 enim
1227 1645 1260 1671 de
1276 1644 1326 1671 hac
1343 1653 1370 1672 re
1384 1645 1452 1671 nihil
1463 1646 1585 1680 scripsit,
1603 1645 1636 1672 ad
1650 1654 1732 1681 quem
1744 1647 1873 1673 nimirum

1411 1681 1524 1717 Scripsit
1534 1682 1584 1710 hoc
1594 1687 1683 1709 autem
1693 1682 1726 1709 ad
1737 1683 1872 1711 Tironem.

1081 1720 1135 1746 sibi
1146 1725 1206 1754 post
1217 1718 1276 1745 Kal.
1287 1718 1373 1754 April.
1390 1718 1439 1754 (sic
1455 1720 1527 1746 enim
1543 1728 1662 1746 annuum
1675 1725 1780 1755 tempus
1791 1721 1875 1747 conli-

1081 1758 1115 1792 ci)
1131 1756 1199 1783 nibil
1215 1756 1306 1782 datum
1322 1764 1381 1782 esse
1396 1756 1408 1767 ⁸
1420 1756 1444 1782 ⁸:
1468 1756 1518 1783 tibi
1534 1765 1581 1791 pro
1599 1761 1643 1783 tua
1659 1762 1751 1783 natura
1767 1766 1875 1793 semper

1058 1799 1059 1803 ¹
1081 1794 1229 1829 placuisse,
1246 1798 1325 1828 teque
1341 1793 1510 1820 existimasse
1529 1793 1556 1820 id
1571 1794 1650 1820 etiam
1667 1793 1700 1820 ad
1715 1793 1872 1830 dignitatem

1081 1840 1168 1858 meam
1183 1831 1330 1865 pertinere,
1352 1838 1414 1856 eum
1431 1839 1482 1856 non
1499 1830 1577 1857 modo
1593 1830 1740 1857 liberaliter
1754 1840 1768 1857 a
1784 1832 1871 1859 nobis.

1080 1868 1127 1895 sed
1142 1869 1221 1895 etiam
1237 1872 1327 1894 ornate
1337 1867 1528 1902 cumulateque
1538 1868 1654 1894 tractari.
1694 1868 1780 1900 Quare
1791 1868 1872 1896 velim

1080 1914 1167 1935 cures,
1180 1904 1388 1940 (nectibiessem
1400 1905 1568 1932 molestus.si
1579 1913 1628 1940 per
1638 1904 1721 1931 alium
1734 1905 1783 1932 hoc
1795 1914 1873 1942 agere

1080 1943 1208 1978 possem,)
1220 1946 1248 1968 ut
1258 1946 1427 1976 permutetur
1437 1942 1564 1968 Athenas.
1581 1941 1658 1974 Quod
1669 1943 1703 1968 sit
1714 1943 1741 1969 in
1752 1951 1872 1970 annuum

1079 1984 1218 2015 sumptum
1230 1980 1265 2005 ei.
1282 1978 1460 2005 ScilicetEros
1471 1979 1632 2005 numerabit.
1652 1979 1719 2005 Eius
1730 1980 1768 2006 rei
1778 1988 1872 2007 caussa

1080 2018 1204 2044 Tironem
1217 2017 1290 2043 misi.
1330 2016 1444 2042 Curabis
1455 2017 1550 2052 igitur,
1563 2021 1588 2042 et
1598 2015 1630 2043 ad
1643 2024 1698 2045 me.
1711 2017 1735 2043 si
1745 2017 1812 2052 quid
1823 2017 1871 2044 tibi

1133 2123 1187 2144 XVI
1194 2130 1212 2143 a.
1230 2126 1261 2148 (In
1270 2125 1317 2142 vill·
1327 2125 1351 2142 aa
1361 2126 1422 2142 laeum
1432 2124 1640 2145 Lucrinum,Aniou50,
1648 2123 1750 2142 Dolabella
1759 2130 1806 2142 eut·-
1817 2126 1872 2145 710.)

1261 2167 1429 2195 CICERO
1459 2166 1628 2194 ATTICO
1657 2167 1684 2193 S.
1831 2164 1840 2177 “

1135 2200 1262 2231 Tandem
1274 2214 1288 2231 a
1299 2205 1426 2232 Cicerone
1437 2204 1605 2232 tabellarius:
1623 2208 1649 2230 et
1662 2203 1815 2230 mehercule
1827 2204 1871 2230 lit-

1080 2248 1149 2269 terae
1162 2243 1344 2277 πεπινωμένως
1354 2243 1482 2277 scriptae:
1495 2241 1567 2276 quod
1579 2242 1668 2276 ipsum
1680 2241 1871 2276 προκοπὴνεΙὶ-

1078 2279 1342 2314 quamsignificaret3
1361 2280 1480 2314 itemque
1495 2279 1577 2305 ceteri
1587 2277 1722 2313 praeclara
1736 2277 1867 2305 scribunt.

1079 2316 1209 2343 Leonides
1220 2321 1308 2343 tamen
1320 2318 1415 2343 retinet
1424 2325 1505 2342 suum
1519 2315 1587 2342 illud
1603 2323 1708 2341 annue.
1748 2314 1869 2342 Summis

1079 2362 1140 2380 vero
1152 2353 1279 2380 laudibus
1285 2354 1412 2380 Herodes.
1435 2353 1506 2386 Quid
1517 2351 1644 2388 quaeris?
1653 2350 1696 2377 vel
1708 2351 1788 2377 verba
1801 2352 1868 2378 mibi

1077 2390 1135 2417 dari
1146 2390 1223 2417 facile
1234 2392 1320 2425 patior
1330 2391 1358 2417 in
1370 2391 1419 2417 hoc
1427 2411 1433 2421 ,
1451 2398 1548 2425 meque
1562 2389 1676 2415 libenter
1686 2388 1800 2422 praebeo
1810 2397 1868 2415 cre-

1077 2427 1183 2454 dulum.
1218 2428 1268 2459 Tu,
1281 2428 1374 2459 velim,
1387 2428 1410 2454 si
1421 2427 1488 2462 quid
1500 2427 1549 2454 tibi
1560 2431 1600 2452 est
1610 2434 1624 2451 a
1634 2425 1716 2451 Statio
1725 2426 1865 2460 scriptum,

1077 2464 1149 2500 quod
1163 2465 1295 2500 pertineat
1305 2465 1339 2491 ad
1350 2473 1401 2491 me.
1415 2466 1553 2490 certiorem
1565 2471 1607 2488 me
1618 2461 1709 2488 facias.

1124 2537 1206 2558 xvn..
1235 2537 1289 2564 (Hic
1302 2536 1402 2559 Munatio
1418 2538 1506 2556 auctore
1519 2534 1604 2561 quidam
1621 2541 1690 2554 novae
1704 2533 1813 2561 epistotae
1821 2534 1863 2556 ini-

1076 2571 1130 2592 tium
1141 2572 1299 2598 constituunt.)

1129 2609 1219 2641 Narro
1239 2614 1302 2646 tibi;
1333 2613 1398 2639 haec
1422 2612 1477 2639 loca
1499 2618 1610 2639 venusta
1621 2617 1693 2643 sunt,
1707 2612 1796 2639 abdita
1807 2620 1866 2639 cer-

1075 2656 1100 2677 te
1127 2656 1160 2681 et,
1177 2652 1200 2677 si
1212 2651 1278 2686 quid
1292 2650 1409 2676 scribere
1421 2649 1497 2679 velis,
1515 2649 1548 2675 ab
1559 2650 1666 2676 arbitris
1679 2649 1770 2676 libera.
1811 2649 1864 2676 Sed
