1941 3052
223 150 268 173 tao
787 150 826 174 43.
862 148 895 173 Μ.
930 148 960 173 Τ.

217 220 311 249 menti,
337 224 362 245 ut
379 228 465 245 rerum
480 223 667 245 contentiones.
682 218 746 252 quid
763 219 858 246 innius,
877 218 943 252 quid
960 227 1006 252 par

216 256 281 290 quid
302 256 390 282 minui·
404 257 446 285 nit.
473 255 612 290 inquibus
626 259 670 279 aut
685 259 791 279 nntnrm·
807 263 893 280 rerum
909 259 953 280 ant
969 254 1007 280 [ει-

216 293 327 319 eultnten
341 297 535 327 coinpnrantur.
562 293 602 318 ΙΙΙ,
618 295 642 316 8.
657 292 684 316 C.
702 291 729 317 F.
746 291 913 317 Omnibusne
926 292 1007 326 igitur

216 339 246 356 vx
263 331 320 356 istis
337 330 399 356 loris
414 334 566 363 argumenta
581 328 739 354 sumemus?
759 329 787 353 C.
804 328 831 354 Ι).
848 329 930 354 immo
946 336 1007 355 vero
1027 351 1028 354 ,

216 367 394 393 scrutabimur
412 371 437 392 et
454 374 613 401 ‹piat-remus
627 374 659 391 ex
672 365 812 396 onmihus;
835 365 881 391 ned
896 365 1007 391 adbibe-

216 404 305 430 bimus
321 404 458 432 iudicium.
470 408 496 429 ut
509 403 574 428 levin
586 411 690 436 semper
701 402 860 432 reiiciamus,
874 410 1006 428 nonnum-

215 450 296 475 quam
331 442 408 466 etiam
444 440 594 465 romninniu
627 439 866 473 praetermittamus
898 444 923 466 et
954 448 1005 466 non

216 478 371 504 necessaria.

215 515 306 541 audire
324 515 356 540 do
376 518 457 540 motu.
492 514 520 539 C.
538 514 564 539 P.
582 514 649 539 Loro
663 518 689 539 tu
704 513 813 548 quidem
828 514 943 548 ‹piac-ris,
959 514 1028 540 sed

215 551 321 585 planius
343 551 414 586 quod
438 551 478 576 vis
501 550 690 584 explicabitur,
718 559 802 585 quum
827 550 859 576 ad
882 551 1006 578 orationis

216 590 300 622 ipsius
314 588 555 622 quaestionumque
571 588 695 613 rationem
708 596 812 613 venero.

269 628 293 651 9.
309 626 336 651 C.
353 626 381 651 F.
401 624 471 657 Quid
485 625 607 659 sequitur
621 624 718 658 igitur?
738 625 766 650 C.
783 625 811 650 P.
827 624 916 656 Quum
932 625 1007 651 inve-

215 663 296 692 neris,
322 662 462 694 collocare3
496 662 574 688 cuius
593 663 618 688 in
638 662 738 688 infinita
761 662 916 696 quaestione
941 661 1005 688 ordo
1026 689 1036 714 Ἰ,

853 700 879 725 in
898 699 1004 725 delinita
1026 697 1027 701 ¹

214 704 252 725 est
272 699 341 726 idem
365 699 430 730 sere,
451 708 531 734 quem
552 700 673 732 exposui,
692 699 822 727 loc-orumz

213 741 300 762 autem
324 736 474 763 adhibenda
494 741 557 762 sunt
580 736 623 762 illa
649 737 741 767 etiam,
770 745 838 771 quae
863 736 894 762 nd
918 741 1004 762 motus

213 774 362 800 :mimorum
378 775 518 809 pertinent.
559 773 587 800 C.
604 774 632 800 F.
649 773 786 805 Quomodo
800 774 881 807 igitur
895 774 943 799 ista
958 782 1004 800 ex-

214 811 314 845 plicas?
351 811 380 838 C.
401 812 427 837 P.
448 811 536 837 liabeo
553 811 703 837 communia
721 815 857 845 praecepta
873 811 950 837 tidem
967 810 1004 836 t'a-

212 848 299 874 ciendi
326 853 351 875 et
377 848 572 875 commovendi.
620 848 751 880 Quoniam
776 848 840 874 sides
864 853 903 874 est
930 849 1002 874 lirma

211 886 310 920 opinio,
337 890 424 912 motus
448 891 536 912 autem
559 886 641 912 animi
669 885 786 911 incitatio
812 885 907 911 autad
928 885 1003 911 volu-

213 928 308 957 ptatem
334 927 378 949 aut
396 923 428 949 ad
448 923 594 949 molestiam
613 927 657 948 aut
677 922 708 948 ad
729 927 827 949 metum
848 927 892 948 aut
910 922 942 948 ad
956 931 1004 948 cu-

212 960 363 994 piditatem:

212 1006 253 1023 res
270 1006 399 1033 generum
419 997 612 1033 singulorumz)
634 1006 739 1023 omnem
759 997 955 1023 collocationem
971 997 1002 1023 ad

212 1035 290 1061 tinem
309 1035 478 1061 accommodo
492 1035 666 1070 quaestionis.

198 1076 235 1097 =to
255 1072 314 1098 linis
341 1072 419 1104 fides3
450 1073 477 1098 in
503 1081 596 1098 caussa
616 1077 641 1098 et
663 1072 727 1098 [ides
741 1077 766 1097 et
780 1076 877 1098 motus.
917 1072 1003 1104 Quare

210 1117 295 1143 quum
318 1109 350 1135 de
372 1118 466 1136 caussa
492 1109 593 1140 dixero,
618 1110 645 1135 in
660 1118 711 1144 qua
726 1113 766 1135 est
780 1109 953 1144 propositum,
970 1109 1002 1135 de

211 1151 323 1181 utroque
337 1146 437 1173 dixero.
455 1148 494 1173 40.
507 1146 535 1174 C.
548 1147 577 1173 F.
589 1146 659 1179 Quid
674 1146 754 1172 habes
768 1147 850 1181 igitur
863 1146 895 1172 de
909 1155 1001 1172 caussa

410 479 439 503 (Ι.
460 477 488 503 Ι““.
504 477 633 507 Quoniam
649 476 681 502 de
697 476 747 501 lide
761 476 930 510 respondisti.
948 476 1007 503 volo
1026 505 1028 511 Ι

390 960 437 995 (tot
455 961 524 986 enim
541 965 604 986 sunt
619 964 705 986 motus
718 968 824 995 genera,
841 964 928 994 partes
942 959 1003 994 plu·
1024 984 1027 988 Α

707 1035 772 1060 Nam
792 1035 868 1060 estin
883 1035 1003 1069 proposi·
1025 1039 1026 1044 ¹

1035 398 1037 434 l

995 147 1272 174 (nonnosus

1059 218 1123 243 dum
1142 222 1182 243 est
1195 222 1283 243 contra
1298 216 1359 243 reo?
1382 217 1411 243 C.
1428 217 1456 243 P.
1471 217 1566 244 Omnia
1582 218 1657 253 longe
1671 227 1759 245 acus.
1798 220 1850 247 Su-

1060 254 1153 280 menda
1187 255 1316 289 principia
1347 254 1379 280 ad
1410 254 1620 282 benevolentiam
1646 256 1848 284 conciliandam.

1061 292 1226 317 Narrationes
1249 296 1294 317 aut
1316 291 1500 326 amputandae.
1520 301 1589 327 quae
1609 293 1730 323 laedunt,
1750 299 1795 320 aut
1809 302 1850 321 r&

1061 328 1229 363 linquendae,
1254 329 1276 354 si
1301 333 1368 355 totae
1386 333 1449 355 sunt
1467 329 1608 359 molestam
1635 330 1798 357 firmamenta
1816 331 1849 358 ad

1060 365 1138 391 tidem
1158 366 1241 400 posita
1259 370 1304 392 aut
1322 374 1367 400 per
1384 374 1413 392 ae
1429 365 1554 393 diluenda
1569 372 1614 393 aut
1626 367 1792 394 obscuranda
1805 373 1851 395 aut

1059 402 1278 435 demensionibus
1303 403 1452 431 obruenda:
1496 406 1673 438 perorationes
1703 410 1791 431 nutem
1817 405 1850 432 ad

1060 439 1268 466 misericordiam
1287 439 1362 466 confi
1365 440 1470 466 rendae
1509 441 1538 466 C.
1559 441 1587 467 F.
1607 442 1751 476 Semperne
1770 442 1851 476 igitur

1059 476 1178 503 ordinem
1201 477 1360 507 collocandi.
1384 486 1464 512 quem
1486 478 1623 509 volumus,
1648 484 1736 505 tenere
1754 487 1851 514 possu-

1060 513 1139 540 mus?
1163 515 1192 540 C.
1209 514 1236 540 P.
1255 514 1309 540 Non
1328 523 1404 545 sunm
1428 523 1487 540 nam
1502 499 1653 541 auditoriim
1667 525 1745 542 aures
1760 516 1849 542 mode—

1060 556 1150 577 rantur
1163 552 1256 577 oratori
1273 551 1396 586 prudenti
1410 556 1436 578 et
1449 552 1560 586 provido
1573 557 1606 582 et.
1622 552 1694 587 quod
1709 559 1847 588 respuunt.

1035 581 1037 589 ¹
1060 588 1255 615 immutandum
1271 594 1319 614 est.

210 1183 314 1210 dicere‘?
334 1184 362 1210 C.
379 1184 406 1210 P.
423 1184 582 1211 Auditorum
596 1192 653 1210 eam
667 1192 764 1219 genere
774 1184 913 1219 distingui.
936 1184 1000 1210 Nam
1032 1186 1034 1211 ἶ

210 1226 254 1247 aut
273 1221 434 1248 auscultator
452 1226 492 1248 est
513 1221 591 1248 modo
609 1222 655 1256 qui
670 1221 752 1251 audit,
773 1226 819 1247 aut
832 1221 999 1256 disceptator,

209 1258 237 1284 id
264 1263 303 1284 est
331 1259 368 1284 rei
386 1259 586 1293 sententiaeque
605 1258 765 1285 moderator:
796 1259 830 1284 ita
850 1263 879 1284 ut
897 1263 942 1284 aut
955 1258 1002 1284 de—

211 1295 320 1322 lectetur
342 1300 387 1322 aut
410 1301 507 1322 statuat
525 1296 637 1331 aliquid.
677 1296 772 1322 Statuit
798 1300 886 1322 autem
906 1301 951 1322 aut
969 1296 1001 1321 ‹le

209 1333 366 1367 praeteritis,
386 1337 415 1360 ut
429 1333 518 1364 iudex,
535 1338 580 1359 aut
593 1333 626 1359 de
641 1332 746 1363 tuturis,
764 1337 792 1359 ut
806 1337 923 1359 senatus.
958 1332 1002 1359 Sic

209 1370 257 1396 tria
276 1374 339 1396 sunt
361 1378 466 1406 genera,
487 1370 594 1401 iudicii,
622 1370 834 1401 deliberationis,
852 1371 1002 1397 exornatio-

209 1407 263 1439 nis;
295 1416 376 1442 quae,
401 1408 464 1442 quia
488 1408 514 1434 in
534 1408 698 1434 laudationes
722 1408 838 1433 maxime
855 1407 998 1438 confertur,

209 1445 346 1479 proprium
370 1445 448 1471 habet
470 1446 521 1471 iam
544 1454 577 1471 ex
599 1453 629 1471 eo
647 1453 752 1471 nomen.
794 1445 836 1471 tv.
858 1446 897 1471 44.
919 1445 947 1472 C.
969 1445 998 1471 F.

207 1481 279 1514 Quas
297 1490 339 1508 res
357 1482 409 1508 sibi
429 1486 556 1517 proponet
570 1482 597 1508 in
611 1483 670 1508 istis
685 1482 770 1508 tribus
784 1482 929 1517 generibus
943 1491 1001 1508 ora-

207 1518 264 1545 tor‘?
295 1519 324 1546 C.
349 1519 378 1545 P.
398 1519 601 1546 Delectationem
620 1520 647 1545 in
661 1519 839 1550 exornatione,
860 1520 887 1546 in
902 1519 1001 1546 iudicio

207 1561 252 1583 aut
274 1557 412 1583 saevitiam
435 1562 481 1583 aut
502 1557 669 1583 clementiam
692 1556 803 1588 iudicis,
826 1558 854 1583 in
876 1557 1001 1584 suasione

207 1598 295 1620 autem
317 1598 363 1620 aut
384 1602 460 1629 spem
482 1599 527 1620 aut
548 1593 790 1620 reformidationem
816 1593 999 1621 deliberantis.

207 1631 236 1658 C.
264 1631 294 1657 F.
317 1631 371 1658 Cur
389 1631 471 1667 igitur
492 1632 604 1666 exponis
623 1631 672 1657 hoc
700 1631 757 1657 loco
777 1639 874 1666 genera
891 1640 1001 1658 caussa—

207 1667 284 1695 rum‘?
313 1668 342 1695 C.
366 1669 394 1695 P.
420 1669 452 1695 Ut
473 1669 601 1695 rationem
624 1667 770 1694 collocandi
793 1668 826 1694 ad
850 1668 929 1695 finem
952 1677 1000 1695 cu-

206 1705 518 1740 iusqueaccommodem.
543 1707 584 1732 ⁴2.
600 1705 628 1732 C.
641 1705 670 1731 F.
686 1705 806 1737 Quonam
821 1706 927 1732 tandem
942 1714 1000 1732 mo-

206 1785 254 1811 est,
275 1780 343 1806 varii
360 1785 423 1807 sunt
440 1780 548 1807 ordines
561 1780 717 1807 collocandi.

205 1826 266 1844 rum
285 1822 425 1844 servantur
446 1817 546 1853 gradus
573 1822 619 1844 aut
634 1826 763 1852 generum
781 1817 996 1850 distributionesg

206 1859 252 1881 aut
270 1863 286 1880 a
307 1855 457 1881 minoribus
477 1855 509 1881 ad
528 1855 625 1881 maiora
643 1854 822 1885 ascendimus,
848 1859 893 1881 aut
914 1864 928 1881 a
942 1864 1000 1881 ma-

205 1891 308 1918 ioribus
329 1892 362 1918 ad
386 1893 486 1918 minora
517 1892 680 1923 delabimur,
714 1896 759 1918 aut
778 1892 841 1918 baec
864 1892 998 1927 inaequali

206 1929 330 1955 varietate
348 1929 550 1965 distinguimus,
571 1938 654 1964 quum
671 1937 750 1963 parva
767 1929 878 1965 magnis,
893 1929 1000 1964 simpli·

204 1967 244 1993 cia
259 1967 416 1997 coniunctis,
437 1967 548 1993 obscura
567 1966 707 1997 dilucidis,
729 1965 794 1992 laeta
814 1966 944 1997 tristibus,
957 1967 1000 1993 in·-

204 2003 343 2030 credibilia
357 2004 542 2038 probabilibus
556 2004 710 2034 inteximus,
727 2012 795 2038 quae
809 2004 836 2030 in
851 2004 999 2030 exornatio-

205 2049 266 2067 nem
279 2041 378 2068 cadunt
391 2042 489 2068 onmia.

204 2124 283 2150 saepe
301 2115 384 2142 nulla.
425 2115 493 2142 Sunt
511 2116 582 2142 enim
601 2115 634 2142 ad
653 2115 817 2142 audiendum
835 2116 882 2151 qui
896 2115 999 2142 delibe-

205 2157 262 2179 rant
288 2161 336 2179 sua
362 2161 456 2179 caussa
482 2153 574 2187 parati.

204 2190 365 2216 narrandum
389 2195 437 2216 est.
478 2190 525 2217 Est
551 2191 622 2216 enim
643 2191 757 2217 narratio
777 2195 822 2216 aut
845 2191 998 2225 praeterita-

204 2236 263 2253 rum
287 2236 376 2254 rerum
394 2233 440 2254 aut
457 2228 651 2262 praesentium3
678 2228 768 2254 suasio
786 2232 875 2254 autem
894 2227 998 2254 futura-

203 2273 273 2290 rum.
313 2263 400 2297 Quare
422 2264 455 2291 ad
478 2265 557 2291 fidem
576 2270 601 2291 et
617 2265 650 2291 ad
669 2270 770 2291 motum
789 2265 939 2292 adhibenda
958 2270 998 2292 est

202 2302 290 2328 omnis
309 2303 400 2329 oratio.
443 2303 480 2328 44,
501 2302 530 2329 C.
551 2303 579 2328 F.
603 2302 692 2334 Quid‘?
711 2303 739 2328 in
752 2302 861 2328 iudiciis
875 2310 943 2337 quae
957 2307 998 2329 est

202 2338 355 2365 collocatio?
393 2339 422 2366 C.
449 2339 479 2366 P.
507 2340 563 2366 Non
591 2339 683 2366 eadem
710 2340 870 2366 accusatoris
896 2344 922 2366 et
947 2340 994 2371 rei,

202 2376 275 2410 quod
297 2381 434 2403 accusator
455 2385 543 2403 rerum
565 2377 686 2403 ordinem
709 2377 880 2412 prosequitur
897 2382 922 2403 et
940 2377 998 2403 sin-

202 2412 265 2445 gula
288 2418 442 2449 argumenta
463 2414 542 2449 quasi
565 2414 638 2440 hasta
660 2414 688 2440 in
707 2422 788 2441 manu
806 2413 932 2441 collocata
950 2423 998 2441 ve-

203 2449 339 2476 liementer
361 2451 494 2485 proponit,
519 2451 655 2478 concludit
672 2452 779 2482 acriter,
803 2451 941 2478 confirmat
958 2456 998 2478 ta-

203 2486 284 2517 bulis,
300 2487 421 2519 decretis,
436 2489 604 2520 testimoniis,
621 2489 825 2523 accuratiusque
838 2489 865 2515 in
879 2488 996 2524 singulis

201 2529 391 2555 commoratur,
419 2526 647 2567 perorationisque
675 2525 835 2561 praeceptiS,
867 2534 938 2561 quae
963 2525 996 2552 ad

203 2560 350 2588 incitandos
383 2562 486 2588 animos
514 2562 614 2593 valent,
647 2568 673 2589 et
701 2563 730 2589 in
751 2562 854 2597 reliqua
879 2563 996 2589 oratione

203 2597 355 2631 paullulum
368 2597 525 2640 degrediens
539 2599 572 2626 de
586 2608 668 2626 cursu
682 2599 797 2642 dicendi,
814 2600 898 2626 utitur
910 2605 936 2626 et
949 2608 996 2626 ve-

202 2633 378 2661 hementius·
372 2644 399 2661 m
418 2636 572 2670 perorando.
612 2637 659 2663 Est
676 2637 748 2663 enim
766 2637 944 2670 propositum,
965 2641 996 2663 ut

202 2672 224 2697 ir
225 2676 298 2698 ¹itum
317 2672 414 2699 efficiat
432 2672 558 2699 iudicem.
599 2674 629 2699 V.
652 2675 693 2700 45.
713 2673 741 2700 t..
762 2674 791 2700 F.
807 2673 878 2705 Quid
895 2674 995 2700 facien-

616 2153 669 2179 Nec
695 2152 811 2179 multum
837 2161 901 2179 sane
919 2162 998 2188 saepe
1019 2163 1021 2168 ·

532 2043 571 2067 43.
592 2041 621 2067 C.
637 2041 666 2067 F.
681 2040 770 2073 Quid‘?
789 2041 816 2067 in
830 2040 1000 2068 deliberatio-
1027 2042 1029 2069 Ξ

204 2087 237 2104 ue
255 2078 322 2113 quid
341 2078 463 2113 spectas‘?
482 2079 511 2105 C.
530 2079 559 2104 P.
582 2079 712 2113 Principia
731 2078 773 2104 vel
793 2087 844 2105 non
864 2078 941 2114 longa
956 2078 997 2105 vel
1019 2096 1021 2111 ;

1032 1245 1033 1248 ,
1054 1221 1264 1256 quodammodo;

1116 627 1155 651 46.
1178 626 1206 651 C.
1224 626 1252 652 F.
1269 626 1377 660 Expone
1394 625 1529 661 deinceps.
1545 634 1613 661 quae
1628 627 1714 661 ipsius
1724 628 1849 655 untionis

1060 662 1255 698 verborumque
1270 667 1405 698 praecepta
1417 664 1479 689 sint.
1518 663 1546 689 C.
1563 664 1590 689 P.
1608 664 1694 690 Unum
1710 665 1791 700 igitur
1803 673 1850 700 ge-

1059 708 1109 725 nus
1128 705 1168 726 est
1186 700 1326 735 eloquendi
1346 709 1393 726 sua
1412 705 1505 735 sponte
1529 700 1632 727 susum:
1659 701 1771 728 alterum
1791 710 1850 728 ver-

1058 745 1118 763 sum
1141 742 1221 779 atque
1239 742 1380 763 imitatum.
1421 738 1506 763 Prima
1526 738 1566 763 vis
1585 743 1624 763 est
1639 739 1664 765 in
1679 738 1849 774 simplicibus

1059 774 1156 805 verbis,
1173 775 1199 801 in
1215 775 1363 801 coniunctis
1374 775 1499 801 secunda.
1540 775 1675 809 Simplicia
1691 776 1848 802 invenienda

1057 816 1135 842 sunt,
1169 812 1308 838 coniuncta
1340 811 1491 838 collocanda
1519 811 1612 848 [sunt].
1659 813 1690 839 Et
1715 813 1848 848 simplicia

1059 832 1136 874 verbzi
1161 849 1256 884 partim
1280 849 1366 874 nativa
1385 854 1460 878 sunt.
1487 850 1581 884 partim
1611 855 1725 884 reperta:
1761 851 1848 877 nativa

1057 894 1094 916 ea,
1115 894 1183 921 quae
1197 887 1228 912 si·
1222 886 1342 921 gnificata
1357 891 1419 912 sunt
1433 895 1528 913 sensu:
1551 892 1661 921 reperta
1676 896 1745 922 quae
1759 896 1793 914 ex
1807 888 1849 914 his

1058 922 1123 949 sacta
1146 928 1209 949 sunt
1231 928 1256 949 et
1272 928 1365 950 novata
1383 929 1427 949 aut
1445 923 1622 950 similitudine
1640 930 1685 950 aut
1702 925 1849 952 imitatione

1057 965 1102 986 aut
1127 959 1266 987 inflexione
1285 965 1330 987 aut
1352 961 1520 987 adiunctione
1544 961 1693 988 verborum.
1736 963 1775 988 47.
1802 963 1849 988 Αι-

1056 1006 1109 1033 que
1127 998 1205 1024 etiam
1224 1003 1264 1024 est
1281 997 1345 1024 haec
1363 997 1498 1024 distinctio
1512 999 1538 1024 in
1554 999 1655 1024 verbis:
1677 998 1757 1025 altera
1771 1004 1848 1026 natu-

1057 1044 1092 1065 ra,
1122 1035 1273 1061 tractatione
1296 1035 1389 1062 altera:
1425 1040 1531 1066 natura,
1561 1040 1590 1062 ut
1611 1037 1665 1062 sint
1683 1036 1733 1062 alia
1751 1045 1848 1063 sonan-

1057 1073 1129 1103 tiora,
1153 1072 1306 1108 grandiora,
1333 1072 1429 1099 leviora
1452 1078 1476 1099 et
1494 1073 1691 1107 quodammodo
1709 1073 1846 1100 nitidiora:

1055 1109 1105 1135 alia
1128 1115 1231 1142 contra;
1263 1110 1414 1136 tractatione
1440 1115 1538 1140 autem,
1563 1119 1648 1145 quum
1674 1115 1720 1137 aut
1742 1112 1847 1146 propria

1055 1152 1199 1174 sumuntur
1225 1155 1313 1173 rerum
1337 1147 1464 1174 voeabula
1482 1152 1527 1173 aut
1545 1147 1632 1174 addita
1646 1147 1678 1174 ad
1693 1157 1789 1175 nomen
1803 1153 1849 1174 aut

1055 1192 1121 1210 nova
1149 1189 1194 1210 aut
1216 1184 1301 1219 prisca
1320 1189 1365 1210 aut
1383 1184 1415 1210 ab
1433 1189 1532 1211 oratore
1551 1185 1698 1211 modificata
1713 1190 1738 1211 et
1752 1184 1846 1212 innexa

1298 1221 1387 1256 qualia
1411 1227 1474 1248 sunt
1495 1230 1537 1252 ea,
1561 1231 1630 1257 quae
1653 1222 1847 1249 transferuntur

1054 1263 1099 1285 aut
1113 1259 1296 1289 immutantur,
1313 1264 1359 1285 aut
1376 1268 1415 1290 ea,
1434 1259 1534 1294 quibus
1550 1264 1684 1294 tamquam
1700 1260 1844 1290 abutimur,

1054 1301 1098 1322 aut
1119 1305 1157 1327 ea,
1177 1305 1246 1331 quae
1269 1296 1457 1327 obscuramus,
1481 1305 1550 1331 quae
1567 1296 1760 1323 incredibiliter
1777 1297 1847 1324 tolli-

1055 1342 1130 1364 mus,
1147 1341 1270 1368 quaeque
1285 1333 1450 1363 mirabilius,
1465 1342 1546 1368 quam
1560 1334 1691 1360 sermonis
1704 1339 1847 1360 consuetu-

1053 1370 1086 1396 do
1109 1371 1215 1405 patitur,
1240 1379 1375 1397 ornamus.
1415 1371 1458 1397 Vt.
1481 1372 1520 1397 48.
1539 1370 1569 1397 C.
1590 1371 1618 1397 F.
1634 1371 1722 1398 Habeo
1735 1371 1768 1398 de
1781 1372 1848 1398 sim-

1030 1424 1031 1429 =
1053 1407 1170 1442 plicibus
1189 1408 1287 1438 verbis,
1309 1416 1380 1434 nunc
1397 1407 1430 1434 de
1444 1408 1628 1435 coniunctione
1642 1417 1749 1443 quaero.
1771 1408 1800 1435 C.
1815 1409 1844 1435 P.

1029 1571 1031 1577 .
1053 1558 1098 1588 ris,
1118 1562 1164 1584 aut
1177 1556 1320 1583 redundes.

206 1742 258 1769 do?
277 1742 308 1769 C.
322 1743 351 1769 P.
367 1742 443 1775 Quia,
459 1743 560 1778 quibus
571 1743 597 1769 in
611 1742 775 1769 orationibus
789 1742 928 1769 delectatio
938 1743 999 1769 finis
1020 1764 1021 1780 ἢ

757 1780 824 1806 Nam
838 1784 884 1806 aut
897 1785 1000 1815 tempo·
1020 1786 1022 1810 ζ

1020 1817 1029 1848 '1
1051 1817 1204 1844 Dilucidum
1219 1817 1248 1843 fit
1262 1818 1366 1843 usitatis
1381 1817 1479 1848 verbis,
1496 1819 1619 1852 propriis,
1635 1817 1783 1853 dispositis,
1799 1824 1845 1845 aut

1030 1452 1031 1461 ¹
1054 1446 1163 1471 Numeri
1181 1445 1291 1480 quidam
1310 1450 1373 1471 sunt
1391 1445 1418 1471 in
1435 1446 1620 1472 coniunctione
1638 1445 1762 1472 servandi
1783 1454 1847 1473 eon-

1053 1483 1209 1517 secutioque
1230 1482 1383 1509 verborum.
1432 1483 1561 1509 Numeros
1588 1491 1665 1509 aures
1690 1483 1765 1518 ipsae
1790 1491 1847 1510 me-

1053 1520 1165 1551 tiuntur,
1181 1528 1213 1546 ne
1226 1524 1272 1546 aut
1286 1528 1339 1546 non
1351 1519 1485 1554 compleas
1500 1520 1598 1551 verbis,
1614 1519 1686 1555 quod
1700 1529 1847 1556 proposue-

1360 1556 1518 1584 Consecutio
1530 1562 1628 1588 autem,
1645 1566 1678 1584 ne
1690 1558 1844 1593 generibus,

1053 1595 1181 1625 numeris,
1205 1594 1380 1629 temporibus,
1401 1594 1530 1629 personis,
1549 1595 1657 1620 casibus
1676 1595 1847 1630 perturbetur

1051 1632 1140 1658 oratio.
1193 1631 1259 1658 Nam
1274 1636 1302 1658 ut
1316 1632 1343 1657 in
1357 1631 1527 1666 simplicibus
1541 1631 1637 1662 verbis,
1653 1631 1726 1667 quod
1741 1641 1793 1659 non
1805 1637 1846 1659 aet

1052 1669 1185 1700 Latinum,
1198 1669 1237 1695 sic
1250 1669 1277 1695 in
1291 1669 1449 1699 coniunctis,
1465 1668 1537 1703 quod
1549 1677 1600 1695 non
1615 1674 1654 1695 est
1667 1677 1842 1705 consequens,

1052 1705 1259 1741 vituperandum
1283 1710 1332 1732 est.
1375 1707 1415 1732 49.
1447 1705 1604 1732 Communia
1628 1711 1717 1733 autem
1739 1707 1846 1742 simpli-

1051 1744 1123 1769 cium
1154 1744 1411 1778 coniunctorumque
1441 1748 1504 1769 sunt
1535 1743 1599 1769 haec
1620 1744 1742 1779 quinque
1766 1745 1844 1780 quasi

1052 1780 1162 1810 lumina,
1179 1780 1338 1811 dilucidum,
1356 1780 1444 1809 breve.
1461 1780 1607 1815 probabile,
1621 1780 1733 1812 illustre,
1749 1790 1842 1808 suave.

1050 1855 1295 1889 circumscriptione
1311 1854 1436 1881 conclusa
1455 1860 1501 1881 aut
1514 1855 1710 1882 intermissione
1723 1860 1769 1882 aut
1781 1864 1845 1882 con-

1026 1893 1029 1900 “
1050 1893 1149 1918 cisione
1168 1892 1323 1925 verborum;
1345 1892 1491 1918 obscurum
1504 1897 1594 1919 autem
1607 1897 1652 1918 aut
1667 1892 1841 1928 longitudine,

1050 1934 1096 1956 aut
1113 1929 1289 1956 contractione
1309 1930 1434 1956 orationis
1457 1934 1502 1956 aut
1519 1929 1692 1965 ambiguitate
1706 1934 1752 1956 aut
1768 1929 1845 1956 infle-

1050 1967 1128 1993 xione
1142 1971 1222 2001 atque
1235 1966 1419 1993 immutatione
1433 1966 1585 1993 verborum.
1623 1967 1742 1993 Brevitas
1755 1973 1843 1994 autem

1028 2019 1029 2035 ἢ
1049 2003 1189 2030 conficitur
1206 2003 1376 2039 simplicibus
1395 2004 1497 2034 verbis,
1518 2004 1600 2030 semel
1619 2012 1672 2030 una
1690 2012 1798 2039 quaque
1815 2013 1844 2032 re

1050 2041 1170 2072 dicenda,
1188 2040 1256 2067 nulli
1275 2041 1312 2067 rei
1336 2041 1397 2071 nisi,
1418 2046 1447 2067 ut
1462 2041 1580 2067 dilucide
1593 2041 1675 2072 dicas,
1691 2042 1841 2068 serviendo.

1050 2078 1190 2105 Probabile
1203 2082 1292 2104 autem
1305 2087 1392 2114 genus
1405 2083 1445 2104 est
1458 2079 1592 2109 orationis,
1605 2079 1628 2104 si
1643 2087 1695 2105 non
1709 2079 1790 2106 nimis
1802 2084 1843 2106 est

1049 2121 1187 2151 comptum
1201 2120 1280 2151 atque
1293 2115 1450 2150 expolitum,
1463 2115 1485 2141 si
1501 2120 1539 2142 est
1550 2116 1691 2142 auctoritas
1701 2121 1728 2142 et
1736 2116 1842 2151 pondus

1049 2154 1077 2180 in
1092 2153 1190 2184 verbis,
1206 2153 1229 2179 si
1243 2153 1389 2179 sententiae
1404 2153 1445 2178 vel
1458 2161 1554 2189 graves
1568 2153 1609 2179 vel
1623 2158 1700 2188 aptae
1708 2154 1843 2188 opinioni—

1049 2191 1101 2217 bus
1124 2191 1264 2217 hominum
1283 2195 1309 2216 et
1326 2190 1457 2216 moribus.
1498 2192 1539 2216 2⁰.
1563 2189 1678 2217 Illustris
1695 2194 1735 2216 est
1753 2195 1841 2217 autem

1048 2228 1139 2259 oratio,
1164 2228 1188 2254 si
1209 2232 1235 2254 et
1249 2227 1328 2253 verba
1345 2228 1475 2262 gravitate
1488 2227 1588 2254 delecta
1602 2231 1738 2262 ponuntur
1750 2231 1777 2253 et
1790 2233 1842 2254 tra-

1049 2265 1100 2291 lata
1121 2270 1147 2291 et
1164 2264 1298 2299 superlata
1316 2269 1342 2290 et
1345 2248 1392 2290 Dad
1411 2273 1506 2291 nomen
1525 2265 1647 2291 adiuncta
1665 2269 1690 2290 et
1707 2263 1842 2299 duplicata

1049 2307 1074 2328 et
1087 2301 1158 2328 idem
1171 2302 1348 2337 significantia
1362 2306 1441 2336 atque
1455 2301 1559 2336 abipsa
1573 2302 1674 2328 actione
1687 2306 1767 2336 atque
1780 2302 1842 2328 imi-

1024 2325 1146 2366 tatione
1163 2348 1253 2365 rerum
1269 2347 1322 2365 uon
1339 2338 1517 2365 abhorrentia.
1555 2338 1603 2364 Est
1616 2339 1688 2364 enim
1702 2338 1767 2365 haee
1780 2347 1841 2374 pars

1024 2377 1183 2441 'orationis
1203 2385 1272 2418 quae
1290 2385 1346 2402 rem
1364 2376 1507 2402 constituat
1519 2383 1602 2410 paene
1616 2380 1676 2401 ante
1689 2375 1794 2407 oculos;
1816 2377 1840 2402 is

1047 2414 1118 2440 enim
1142 2414 1260 2440 maxime
1277 2421 1374 2439 sensus
1391 2413 1538 2448 attingitur,
1558 2412 1606 2438 sed
1619 2413 1699 2439 ceteri
1713 2417 1801 2439 tamen
1814 2418 1841 2439 et

1049 2452 1165 2477 maxime
1187 2459 1264 2477 mens
1286 2451 1345 2485 ipsa
1363 2450 1463 2476 moveri
1481 2453 1576 2484 potest.
1617 2449 1670 2475 Sed
1687 2457 1757 2484 quae
1769 2449 1839 2476 dicta

1024 2483 1026 2491 '
1047 2493 1111 2515 sunt
1127 2488 1160 2515 de
1177 2488 1293 2514 oratione
1311 2487 1438 2517 dilucida,
1457 2486 1556 2513 cadunt
1573 2487 1601 2513 in
1620 2486 1689 2513 hanc
1704 2486 1838 2513 illustrem

1047 2526 1145 2552 omnia.
1185 2525 1233 2551 Est
1245 2525 1318 2551 enim
1331 2523 1394 2559 plus
1403 2523 1540 2558 aliquanto
1549 2523 1662 2555 illustre,
1674 2532 1757 2559 quam
1769 2523 1838 2550 illud

1046 2562 1208 2589 dilucidum.
1248 2561 1337 2588 Altero
1354 2560 1390 2592 fit,
1410 2565 1440 2587 ut
1457 2560 1648 2597 intelligamus,
1669 2560 1751 2587 altero
1763 2569 1835 2592 vero,

1046 2605 1076 2626 ut
1098 2600 1189 2626 videre
1209 2599 1358 2626 videamur.
1398 2599 1439 2624 24.
1461 2597 1550 2624 Suave
1571 2602 1658 2624 autem
1680 2607 1767 2634 genus
1788 2599 1839 2625 erit

1045 2637 1161 2668 dicendi,
1187 2637 1304 2671 primum
1327 2635 1458 2670 elegantia
1477 2640 1503 2661 et
1515 2635 1680 2662 iucunditate
1693 2635 1837 2662 verborum

1045 2674 1198 2700 sonantium
1224 2678 1250 2699 et
1276 2673 1390 2701 levium:
1424 2671 1522 2698 deinde
1546 2673 1744 2704 coniunctione,
1767 2681 1836 2708 quae
