1941 3052
326 140 414 167 PRO
446 140 478 173 Q.
512 139 723 166 LIGARIO
754 139 810 165 AD
843 138 1119 165 CAESAREM.

48 217 121 248 parte
140 211 233 242 fuisse,
254 220 306 246 qua
323 216 356 243 te,
375 211 487 242 Tubero,
504 219 557 246 qua
573 212 661 237 virum
677 211 750 237 omni
763 209 840 235 laude

48 251 169 286 dignum,
183 254 284 284 patrem
294 253 381 275 tuum.
412 250 503 284 ltaque
515 249 590 283 prius
602 248 633 274 de
646 252 733 274 vestro
743 246 840 273 delicto

47 286 226 314 confiteamini
245 294 354 313 necesse
368 290 416 316 est,
434 295 515 321 quam
527 286 626 321 Ligarii
638 285 720 311 ullam
733 284 839 318 culpam

49 323 258 359 reprehendatis.

101 360 133 393 Q.
146 362 217 387 enim
228 361 359 395 Ligarius,
373 369 458 395 quum
470 364 540 386 esset
551 359 624 386 nulla
636 358 699 385 belli
711 358 838 393 suspicio,

49 399 150 434 legatus
170 399 198 424 in
217 397 334 424 Africam
354 406 416 424 cum
437 398 466 424 C.
489 397 614 424 Considio
634 395 767 431 profectus
784 399 837 421 est:

47 444 100 471 qua
115 436 143 462 in
159 434 288 471 legatione
303 440 328 462 et
338 435 445 462 civibus
457 439 482 461 et
492 435 572 461 sociis
583 435 617 460 ita
629 442 658 460 se
669 433 798 468 probavit,
813 436 842 458 ut

48 472 178 500 decedens
194 472 337 500 Considius
352 473 502 507 provincia,
520 470 671 498 satisfacere
686 470 841 497 hominibus

48 519 100 537 non
116 514 214 544 posset,
231 510 254 536 si
265 518 430 545 quemquam
441 510 526 536 alium
537 508 688 544 provinciae
699 507 842 542 praefecis-

47 551 96 574 set.
112 548 204 582 Itaque
219 547 250 580 Q.
267 548 398 583 Ligarius,
411 556 497 582 quum
508 546 555 573 diu
566 554 691 572 recusans
703 544 769 571 nihil
781 552 842 578 pro-

47 584 163 615 fecisset,
177 585 340 619 provinciam
357 585 458 619 accepit
472 585 588 610 invitus:
615 583 658 609 cui
674 582 713 608 sic
728 581 842 616 praefuit

47 622 76 649 in
96 630 169 657 pace,
192 627 222 649 ut
238 627 263 648 et
277 623 383 649 civibus
399 627 424 648 et
438 622 518 648 sociis
533 621 686 656 gratissima
701 623 773 645 esset
783 619 841 644 eius

46 659 186 695 integritas
202 664 227 686 et
242 659 317 686 fides.
348 661 372 686 3.
389 659 493 686 Bellum
508 658 597 684 subito
612 657 724 683 exarsit:
756 655 838 690 quod,

47 697 96 731 qui
111 701 184 723 erant
199 697 226 723 in
237 696 333 728 Africa,
347 701 406 723 ante
417 696 559 722 audierunt
572 695 637 730 geri,
650 702 731 729 quam
743 693 839 727 parari.

47 734 106 766 Quo
112 734 210 765 audito,
219 735 314 769 partim
321 732 673 768 cupiditateinconsiderata,
682 731 843 766 partimcae-

47 780 78 798 co
98 771 214 806 quodam
235 772 336 802 timore,
360 771 446 806 primo
466 770 571 801 salutis,
589 773 648 804 post
663 769 742 795 etiam
758 767 841 794 studii

48 809 100 840 sui,
116 808 278 844 quaerebant
292 808 409 843 aliquem
420 808 530 834 ducem:
553 815 638 842 quum
650 805 781 842 Ligarius,
795 805 843 831 do-

48 854 123 872 mum
139 850 261 880 spectans
277 850 303 872 et
313 846 346 872 ad
357 854 420 872 suos
432 845 518 872 redire
528 845 650 879 cupiens,
665 843 739 870 nullo
750 851 779 869 se
790 842 842 868 im-

47 883 141 918 plicari
156 883 261 918 negotio
279 891 376 918 passus
391 887 440 910 est.
471 883 579 909 Interim
595 882 625 908 P.
641 881 729 907 Attius
745 881 839 910 Varus,

47 921 96 955 qui
119 924 222 955 praetor
242 920 359 947 Africam
379 920 537 951 obtinuerat,
560 919 662 946 Uticam
684 918 765 944 venit.
802 917 842 943 Ad

47 965 110 984 eum
130 958 219 984 statim
233 966 393 984 concursum
409 962 457 984 est.
483 957 571 992 Atque
585 956 631 983 ille
647 964 699 982 non
715 954 842 982 mediocri

47 994 193 1030 cupiditate
208 995 321 1030 arripuit
336 996 488 1030 imperium,
506 995 530 1021 si
548 993 617 1021 illud
628 993 772 1028 imperium
783 1000 843 1018 esse

47 1032 142 1067 potuit,
155 1032 228 1067 quod
239 1041 252 1059 a
263 1033 366 1068 privato
375 1033 489 1059 clamore
500 1031 682 1059 multitudinis
694 1030 841 1065 imperitae,

47 1069 123 1096 nullo
133 1069 242 1104 publico
252 1070 364 1097 consilio
374 1070 551 1097 deferebatur.
574 1070 598 1095 4.
611 1069 702 1104 ltaque
708 1068 840 1103 Ligarius,

47 1107 95 1142 qui
110 1115 187 1134 omne
198 1107 249 1134 tale
260 1108 396 1144 negotium
407 1112 516 1143 cuperet
526 1106 649 1142 effugere,
663 1105 785 1141 paullum
797 1104 844 1131 ad-

48 1148 130 1171 ventu
144 1145 206 1172 Vari
220 1146 383 1180 conquievit.
419 1146 450 1172 11.
467 1144 571 1176 Adhuc,
589 1144 618 1171 C.
636 1143 741 1174 Caesar,
754 1142 786 1175 Q.
799 1142 844 1168 Li-

48 1182 138 1218 garius
149 1183 222 1208 omni
233 1182 311 1218 culpa
323 1187 406 1210 vacat.
427 1183 510 1210 Domo
519 1187 559 1208 est
570 1189 695 1217 egressus
707 1189 758 1207 non
765 1179 843 1206 modo

48 1218 154 1246 nullum
166 1219 199 1246 ad
210 1220 321 1252 bellum,
335 1221 382 1247 sed
392 1229 425 1247 ne
435 1220 468 1247 ad
479 1220 618 1247 minimam
631 1218 741 1254 quidem
752 1217 844 1252 suspi-

48 1257 150 1283 cionem
167 1256 245 1289 belli3
273 1257 375 1294 legatus
391 1259 418 1285 in
433 1267 497 1293 pace
513 1257 647 1293 profectus
663 1257 690 1283 in
706 1255 843 1291 provincia

49 1294 218 1328 pacatissima
234 1295 269 1321 ita
283 1304 312 1322 se
327 1296 421 1331 gessit,
438 1300 468 1322 ut
482 1296 507 1322 ei
522 1303 613 1330 pacem
625 1302 683 1320 esse
695 1293 842 1328 expediret.

48 1330 178 1358 Profectio
201 1337 272 1358 certe
291 1333 411 1359 animum
432 1337 510 1359 tuum
530 1341 582 1359 non
601 1331 680 1358 debet
699 1330 842 1357 offendere.

12 1386 18 1393 .
48 1368 119 1395 Num
136 1369 218 1404 igitur
233 1370 384 1397 remansio?
408 1370 492 1397 Multo
507 1371 608 1396 minus.
634 1369 701 1395 Nam
716 1367 844 1403 profectio

49 1405 214 1432 voluntatem
233 1407 327 1434 habuit
347 1416 399 1434 non
417 1412 532 1443 turpem,
550 1406 683 1434 remansio
698 1405 844 1432 necessita-

49 1447 101 1469 tem
117 1444 197 1470 etiam
211 1443 359 1471 honestam.
390 1445 460 1481 Ergo
475 1445 540 1472 haec
554 1444 608 1471 duo
623 1448 741 1478 tempora
755 1446 845 1469 carent

48 1481 174 1507 crimine:
191 1489 287 1513 unum,
299 1491 385 1518 quum
397 1482 545 1519 estlegatus
553 1481 700 1517 profectus:
719 1480 841 1511 alterum,

48 1526 134 1552 quum
145 1517 304 1554 efflagitatus
316 1529 330 1546 a
342 1520 487 1555 provincia,
500 1519 668 1555 praepositus
679 1517 782 1545 Africae
793 1522 842 1544 est.

47 1556 74 1582 5.
96 1556 214 1582 Tertium
235 1561 276 1583 est
295 1562 411 1591 tempus,
433 1566 487 1592 quo
503 1561 563 1592 post
579 1556 723 1583 adventum
739 1555 800 1582 Vari
817 1555 844 1581 in

48 1591 137 1619 Africa
152 1593 261 1621 restitit:
287 1594 360 1630 quod
374 1595 398 1621 si
417 1599 457 1621 est
472 1595 660 1625 criminosum,
679 1592 844 1620 necessitatis

49 1630 148 1656 crimen
173 1635 221 1662 est,
248 1640 301 1658 non
322 1631 476 1659 voluntatis.
511 1632 552 1658 An
577 1631 636 1662 ille,
664 1631 687 1657 si
712 1630 845 1665 potuisset

49 1666 124 1694 illinc
145 1666 203 1694 ullo
225 1669 304 1696 modo
324 1669 444 1702 evadere,
467 1669 557 1696 Uticae
577 1669 676 1704 potiuS,
696 1677 777 1703 quam
793 1668 846 1693 Ro-

50 1713 116 1736 mae,
139 1713 201 1731 cum
216 1706 245 1732 P.
258 1706 336 1738 Attio,
345 1715 427 1742 quam
445 1716 508 1734 cum
525 1706 742 1733 concordissimis
758 1705 846 1731 fratri-

48 1741 110 1773 bus,
132 1750 195 1769 cum
218 1743 312 1770 alienis
332 1752 400 1775 esse,
422 1753 503 1780 quam
523 1753 585 1771 cum
610 1744 668 1770 suis
689 1741 846 1769 maluisset?

49 1815 159 1849 fuisset,
195 1823 303 1854 propter
335 1819 521 1846 incredibilem
555 1819 701 1855 quemdam
731 1817 844 1845 fratrum

49 1862 175 1886 amorem.
197 1856 242 1882 hic
261 1864 346 1891 aequo
361 1857 450 1885 animo
465 1865 524 1884 esse
538 1857 634 1892 potuit,
651 1855 716 1884 belli
730 1855 845 1883 discidio

49 1891 191 1919 distractus
203 1901 217 1920 a
229 1893 374 1920 fratribus?

106 1930 130 1956 6.
143 1929 255 1957 Nullum
267 1931 350 1967 igitur
361 1931 453 1963 babes,
467 1931 571 1963 Caesar,
585 1931 673 1958 adbuc
686 1931 714 1957 in
725 1929 846 1966 Q.Liga-

49 1966 90 1993 rio
100 1966 208 2002 signum
219 1967 320 1995 alienae
330 1976 345 1994 a
357 1973 381 1995 te
393 1968 550 1996 voluntatis:
572 1969 650 1995 cuius
656 1977 705 2004 ego
711 1976 843 1999 caussam,

50 2003 241 2036 animadverte,
254 2013 362 2040 quaeso,
374 2014 428 2041 qua
440 2006 491 2033 fide
502 2006 653 2037 defendam,
665 2014 752 2041 quum
764 2005 846 2040 prodo

50 2049 148 2067 meam.
174 2041 197 2068 ÎŸ
207 2041 374 2069 clementiam
385 2043 570 2070 admirabilem
582 2048 661 2078 atque
671 2043 744 2070 omni
757 2042 843 2074 laude,

50 2078 258 2113 praedicatione,
283 2079 376 2107 litteris
397 2081 634 2116 monumentisque
654 2080 844 2107 decorandam!

50 2115 87 2142 M.
105 2115 197 2143 Cicero
209 2117 281 2152 apud
295 2121 320 2144 te
331 2116 458 2149 defendit,
472 2118 554 2145 alium
566 2119 594 2145 in
605 2126 634 2144 ea
647 2117 782 2145 voluntate
794 2126 846 2144 non

51 2151 144 2185 fuisse,
161 2154 188 2180 in
204 2163 257 2189 qua
272 2154 393 2189 seipsum
408 2155 547 2182 confitetur
563 2154 656 2187 fuisse,
674 2163 722 2182 nec
739 2159 796 2181 tuas
808 2159 848 2181 ta-

51 2190 116 2217 citas
136 2191 310 2227 cogitationes
332 2192 492 2224 extimescit,
511 2200 568 2224 nec,
586 2192 653 2228 quid
670 2192 727 2223 tibi,
746 2192 779 2218 de
795 2192 847 2219 alio

52 2227 180 2260 audienti,
202 2229 235 2256 de
255 2229 359 2264 seipso
373 2234 500 2261 occurrat,
518 2229 681 2257 reformidat.
707 2230 750 2256 111.
769 2229 843 2261 Vide,

52 2272 133 2300 quam
148 2274 200 2293 non
216 2265 396 2298 reformidem,
415 2266 485 2297 vide,
501 2271 600 2302 quanta
617 2267 664 2294 lux
680 2266 846 2293 liberalitatis

52 2305 78 2329 et
101 2303 249 2338 sapientiae
273 2308 334 2331 tuae
357 2304 424 2331 mihi
443 2304 516 2339 apud
536 2308 561 2331 te
581 2304 680 2331 dicenti
699 2304 844 2331 oboriatur.

51 2337 186 2372 Quantum
213 2345 311 2376 potero.
338 2350 402 2369 voce
421 2341 588 2372 contendam,
611 2346 640 2368 ut
659 2341 777 2376 populus
797 2341 847 2368 hoo

52 2375 187 2405 Romanus
203 2379 335 2406 exaudiat.
372 2380 398 2405 7.
415 2378 547 2414 Suscepto
562 2378 641 2410 bello,
655 2379 760 2411 Caesar,
772 2383 848 2415 gesto

53 2413 133 2442 etiam
147 2423 181 2442 ex
195 2425 292 2452 magna
303 2421 385 2451 parte,
398 2416 472 2443 nulla
483 2417 510 2443 vi
519 2421 636 2447 coactus,
649 2415 749 2442 iudicio
759 2424 789 2442 ac
801 2424 848 2442 vo-

54 2449 154 2479 luntate
169 2453 202 2480 ad
218 2462 247 2480 ea
259 2462 330 2480 arma
342 2453 477 2489 profectus
488 2462 558 2484 sum,
571 2461 640 2488 quae
651 2457 725 2480 erant
739 2457 846 2487 sumpta

53 2492 142 2516 contra
157 2494 192 2517 te.
217 2490 297 2526 Apud
311 2499 393 2526 quem
408 2492 491 2527 igitur
506 2491 555 2518 hoc
566 2489 643 2517 dicoâ€˜?
663 2490 764 2525 Nempe
775 2490 847 2525 apud

54 2532 125 2558 eum,
137 2527 195 2562 qui,
207 2536 292 2564 quum
304 2528 354 2555 hoc
364 2529 452 2560 sciret,
466 2533 553 2555 tamen
560 2536 611 2558 me.
620 2532 761 2563 antequam
769 2527 844 2558 vidit,

54 2563 217 2598 reipublicae
236 2565 365 2599 reddiditÍ¾
391 2567 438 2602 qui
454 2566 487 2593 ad
504 2574 546 2592 me
561 2574 595 2593 ex
610 2566 731 2602 Aegypto
746 2564 847 2591 litteras

55 2600 139 2632 misit,
154 2605 185 2628 ut
198 2610 284 2629 essem
299 2603 380 2635 idem,
396 2604 444 2639 qui
461 2603 587 2630 fuissem:
614 2603 672 2637 qui,
688 2611 774 2637 quum
789 2602 848 2637 ipae

56 2637 198 2672 imperator
212 2640 240 2666 in
254 2644 307 2668 toto
321 2641 433 2676 imperio
447 2640 540 2676 populi
557 2640 667 2667 Romani
683 2648 755 2666 unus
766 2643 846 2671 esset,

56 2682 116 2702 esse
131 2683 173 2703 me
183 2675 295 2705 alterum
306 2686 402 2714 passus
413 2682 468 2712 est,
489 2687 503 2705 a
514 2686 577 2714 quo,
591 2677 640 2705 lioc
651 2678 709 2713 ipso
721 2677 750 2704 C.
762 2677 848 2704 Pansa

1168 138 1264 165 CAP.
1292 140 1403 165 1â€”5.
1631 141 1675 166 591

891 209 958 235 mihi
978 210 1103 236 nuntium
1119 209 1276 244 perferente,
1294 217 1435 236 concessos
1452 208 1535 236 fasces
1552 208 1683 236 laureatos

891 246 973 277 tenui,
990 246 1079 281 quoad
1095 247 1221 274 tenendos
1232 247 1337 282 putavi,
1359 248 1406 282 qui
1419 246 1485 273 mihi
1497 251 1552 273 tum
1567 247 1684 282 denique

891 292 920 309 se
935 283 1048 310 salutem
1060 285 1164 318 putavit
1173 284 1244 315 dare,
1261 285 1284 310 si
1295 293 1353 311 eam
1365 283 1447 311 nullis
1457 284 1597 318 spoliatam
1607 293 1685 310 ornaâ€”

891 321 988 347 mentis
1006 321 1133 348 dedisset.
1160 323 1185 348 8.
1202 322 1276 352 Vide,
1294 330 1402 357 quaeso,
1416 321 1529 352 Tubero,
1542 326 1580 352 ut,
1593 322 1641 356 qui
1652 321 1685 348 de

892 367 951 384 meo
966 358 1033 385 facto
1050 367 1102 385 non
1113 358 1234 385 dubitem
1245 359 1342 389 dicere,
1355 359 1387 385 de
1399 359 1497 394 Ligarii
1509 367 1560 385 non
1573 358 1686 385 audeam

892 395 1023 421 confiteri.
1054 396 1142 430 Atque
1158 396 1222 422 haec
1236 401 1373 431 propterea
1389 396 1423 423 de
1439 405 1480 422 me
1499 396 1565 426 dixi,
1579 401 1608 422 ut
1618 396 1686 422 mihi

892 432 1005 464 Tubero,
1023 442 1108 467 quum
1123 433 1157 459 de
1172 442 1200 460 se
1215 434 1306 460 eadem
1317 433 1441 464 dicerem,
1455 433 1615 469 ignosceret:
1639 441 1686 460 cu-

892 470 935 496 ius
946 478 996 505 ego
1006 470 1153 497 industriae
1163 470 1316 506 gloriaeque
1328 471 1403 498 faveo
1412 470 1453 497 vel
1466 475 1572 506 propter
1578 471 1688 505 propin-

892 515 973 542 quam
989 508 1181 543 cognationem,
1199 508 1240 534 vel
1257 508 1329 543 quod
1343 509 1401 535 eius
1417 509 1524 544 ingenio
1535 508 1688 543 studiisque

893 544 1016 575 delector,
1035 544 1075 571 vel
1088 545 1160 579 quod
1172 544 1277 572 laudem
1289 545 1463 572 adolescentis
1475 546 1619 580 propinqui
1631 545 1688 572 exi-

893 582 973 607 stimo
993 582 1071 608 etiam
1093 582 1126 608 ad
1146 590 1237 609 meum
1257 582 1375 617 aliquem
1395 582 1511 609 fructum
1528 582 1686 609 redundare.

894 620 918 644 9.
946 618 998 645 Sed
1023 619 1072 646 hoc
1095 628 1203 654 quaero,
1230 620 1292 654 quis
1309 625 1384 654 putet
1403 629 1461 646 esse
1475 621 1584 650 crimen,
1603 619 1688 646 fuisse

894 656 921 682 in
936 655 1023 682 Africa
1041 656 1195 692 Ligarium?
1219 657 1321 692 Nempe
1337 659 1369 688 is,
1387 658 1434 692 qui
1451 658 1544 692 etipse
1555 659 1582 683 in
1594 657 1688 684 eadem

895 693 982 719 Africa
997 702 1056 720 esse
1068 694 1153 720 voluit
1163 699 1189 721 et
1198 694 1364 729 prohibitum
1376 703 1405 721 se
1415 704 1429 721 a
1441 695 1545 730 Ligario
1555 695 1686 729 queritur,

893 735 919 757 et
935 735 1006 757 certe
1021 735 1111 757 contra
1128 732 1219 766 ipsum
1231 731 1370 758 Caesarem
1381 736 1422 758 est
1431 740 1591 767 congressus
1602 740 1690 758 armaÎ‡

894 773 947 793 tus.
973 768 1044 800 Quid
1060 769 1131 794 enim
1147 773 1210 795 tuus
1226 768 1280 800 ille,
1299 769 1414 800 Tubero,
1432 769 1575 795 destrictus
1590 770 1617 795 in
1633 770 1689 795 acie

893 805 1044 831 Pharsalica
1058 805 1165 841 gladius
1180 805 1292 842 agebat?
1312 807 1390 833 cuius
1403 806 1472 832 latus
1483 806 1527 832 ille
1540 815 1631 833 mucro
1642 815 1690 841 pe-

895 842 984 868 tebat?
1012 843 1059 878 qui
1075 851 1172 869 sensus
1187 848 1243 870 erat
1257 852 1392 870 armorum
1408 843 1533 870 tuorum?
1561 852 1629 878 quae
1644 848 1689 869 tua

894 879 989 906 mens?
1011 880 1101 907 oculiâ€˜?
1119 880 1234 907 manus?
1252 881 1330 908 ardor
1344 881 1445 908 animiâ€˜l
1464 881 1534 913 Quid
1545 880 1691 916 cupiebas?

893 917 960 952 quid
975 917 1103 952 optabas?
1122 918 1208 945 Nimis
1220 927 1316 954 urgeo3
1337 919 1500 945 commoveri
1510 918 1616 945 videtur
1627 918 1691 944 ado-

894 954 1011 988 lescensÍ¾
1055 955 1088 981 ad
1118 964 1160 982 me
1189 960 1315 983 revertar.
1356 956 1454 983 Iisdem
1479 956 1507 983 in
1531 957 1612 982 armis
1638 955 1690 982 fui.

949 992 992 1019 1v.
1018 994 1059 1018 40.
1080 992 1151 1025 Quid
1166 998 1256 1020 autem
1271 993 1345 1020 aliud
1360 995 1474 1029 egimus,
1492 994 1606 1024 Tubero,
1626 994 1690 1024 nisi.

894 1033 932 1060 ut,
945 1030 1018 1064 quod
1030 1030 1073 1056 hic
1084 1035 1179 1065 potest,
1193 1040 1241 1058 nos
1252 1031 1411 1066 possemus?
1425 1031 1544 1064 Quorum
1552 1031 1692 1067 igiturim-

895 1067 1011 1101 punitas,
1025 1067 1129 1099 Caesar,
1144 1073 1204 1095 tuae
1214 1068 1371 1095 clementiae
1384 1069 1441 1095 laus
1452 1073 1502 1100 est,
1515 1077 1607 1095 eorum
1618 1069 1692 1103 ipso-

894 1113 955 1131 rum
975 1105 1008 1132 ad
1028 1105 1211 1132 crudelitatem
1233 1111 1258 1132 te
1278 1107 1349 1133 acuit
1369 1106 1468 1134 oratioâ€˜?
1497 1106 1584 1141 Atque
1600 1107 1627 1133 in
1642 1106 1692 1132 hac

894 1150 990 1168 caussa
1009 1143 1131 1170 nonnihil
1153 1143 1289 1179 equidem,
1311 1144 1424 1175 Tubero,
1447 1145 1527 1170 etiam
1547 1148 1629 1174 tuam,
1643 1143 1691 1170 sed

895 1179 980 1206 multo
995 1181 1081 1216 magis
1093 1182 1176 1215 patris
1187 1182 1226 1207 tui
1238 1181 1408 1216 prudentiam
1420 1181 1551 1212 desidero,
1560 1181 1632 1216 quod
1645 1180 1692 1207 ho-

897 1225 940 1244 mo
950 1225 1036 1252 quum
1048 1218 1164 1254 ingenio,
1176 1224 1232 1245 tum
1244 1220 1322 1245 etiam
1330 1219 1692 1253 doctrinaexceltens,genus

895 1254 944 1281 hoc
957 1263 1068 1281 caussae
1079 1256 1151 1291 quod
1164 1261 1243 1288 esset,
1257 1265 1310 1283 non
1317 1257 1423 1283 viderit.
1458 1257 1524 1283 Nam
1532 1257 1556 1283 si
1567 1256 1689 1286 vidisset,

894 1293 993 1327 quovis
1009 1292 1135 1327 profecto,
1158 1302 1240 1329 quam
1258 1295 1310 1321 isto
1325 1294 1412 1325 modo,
1425 1302 1439 1320 a
1451 1298 1475 1321 te
1486 1294 1529 1330 agi
1541 1293 1690 1320 maluisset.

948 1330 1048 1366 Arguis
1068 1330 1204 1358 fatentem.
1235 1332 1293 1358 Non
1314 1336 1355 1358 est
1375 1332 1449 1359 satis.
1480 1331 1598 1358 Accusas
1618 1339 1690 1362 enm,

895 1367 942 1401 qui
962 1375 1086 1394 caussam
1102 1368 1182 1395 habet
1197 1373 1251 1400 aut,
1269 1373 1298 1395 ut
1308 1377 1358 1404 ego
1368 1369 1436 1400 dico,
1450 1368 1596 1399 meliorem,
1610 1377 1691 1402 quam

895 1409 933 1435 tu,
951 1409 1005 1435 aut,
1024 1409 1054 1431 ut
1068 1409 1096 1432 tu
1113 1407 1164 1437 vis,
1182 1414 1284 1441 parem.
1320 1408 1359 1432 Î—.
1376 1407 1445 1433 llaec
1456 1415 1507 1432 non
1523 1405 1602 1432 modo
1612 1406 1692 1431 mira-

894 1441 960 1468 bilia
974 1446 1046 1474 sunt,
1064 1442 1111 1469 sed
1128 1443 1243 1479 prodigii
1258 1443 1347 1470 simile
1361 1448 1411 1474 est,
1427 1443 1499 1478 quod
1515 1443 1612 1469 dicam.
1634 1443 1692 1470 Non

896 1479 977 1506 habet
991 1488 1050 1506 eam
1067 1481 1122 1507 vim
1138 1482 1187 1507 ista
1206 1482 1347 1512 accusatio,
1366 1485 1395 1507 ut
1409 1480 1441 1513 Q.
1458 1481 1580 1515 Ligarius
1595 1479 1693 1506 conde-

896 1521 1012 1548 mnetur,
1028 1517 1076 1544 sed
1091 1522 1121 1545 ut
1133 1523 1249 1545 necetur.
1281 1519 1333 1545 lloc
1345 1519 1398 1554 egit
1408 1518 1475 1545 civis
1487 1519 1622 1544 Romanus
1633 1523 1693 1544 ante

896 1558 921 1580 te
936 1563 1024 1581 nemo.
1056 1555 1165 1583 Externi
1178 1556 1220 1582 isti
1234 1560 1298 1582 sunt
1308 1564 1405 1582 Î Î¹ÏƒÏ„Î¿á¿¦.
1436 1556 1527 1590 Usque
1539 1555 1571 1581 ad
1582 1555 1694 1590 sangui-

896 1600 957 1618 nem
978 1593 1082 1619 incitari
1103 1593 1170 1620 solet
1184 1593 1277 1620 odium
1293 1598 1340 1620 aut
1355 1593 1455 1620 levium
1471 1593 1632 1620 Graecorum
1648 1597 1694 1619 aut

896 1630 1056 1656 immanium
1074 1631 1258 1657 barbarorum.
1303 1631 1369 1657 Nam
1385 1630 1451 1666 quid
1467 1630 1541 1657 aliud
1553 1630 1629 1665 agis?
1661 1630 1694 1656 Ut

896 1667 994 1694 Romae
1005 1676 1038 1694 ne
1049 1667 1101 1694 sitâ€˜?
1122 1673 1151 1694 ut
1161 1668 1241 1695 domo
1251 1667 1354 1695 careat?
1373 1676 1406 1695 ne
1416 1677 1478 1694 cum
1490 1668 1600 1703 optimis
1608 1667 1694 1693 fratri-

897 1705 957 1736 bus,
976 1713 1008 1732 ne
1023 1713 1085 1732 cum
1103 1705 1153 1732 hoc
1168 1706 1198 1732 T.
1215 1706 1340 1737 Broccho,
1358 1705 1492 1732 avunculo
1507 1713 1564 1736 suo,
1583 1714 1615 1732 ne
1631 1714 1693 1731 cum

873 1762 875 1773 ,
896 1743 955 1769 eius
972 1743 1036 1773 filio,
1053 1743 1213 1770 consobrino
1228 1752 1287 1774 suo,
1305 1752 1337 1770 ne
1349 1743 1488 1770 nobiscum
1502 1742 1591 1769 vivatâ€˜?
1611 1743 1648 1769 Ne
1659 1743 1695 1769 sit

49 1778 139 1812 Quum
163 1781 222 1815 ipsa
243 1781 339 1818 legatio
359 1781 437 1817 plena
457 1782 584 1809 desiderii
604 1790 634 1808 ac
654 1780 845 1807 sollicitudinis
873 1787 874 1792 Â¹

897 1780 924 1806 in
935 1779 1038 1815 patria?
1058 1789 1122 1807 num
1134 1780 1192 1807 estâ€˜?
1212 1789 1277 1807 num
1289 1785 1374 1815 potest
1386 1781 1471 1816 magis
1482 1788 1570 1806 carere
1582 1780 1624 1806 his
1636 1788 1695 1806 om-

897 1818 986 1849 nibus,
1003 1826 1086 1853 quam
1101 1817 1190 1845 caret?
1213 1818 1287 1845 ltalia
1303 1818 1472 1853 prohibetur:
1499 1817 1614 1844 exsulat.
1636 1818 1694 1843 Non

897 1859 926 1882 tu
940 1864 1002 1891 ergo
1018 1855 1092 1883 hunc
1106 1856 1189 1891 patria
1206 1856 1319 1890 privare,
1336 1864 1389 1890 qua
1405 1859 1484 1885 caret,
1501 1855 1548 1881 sed
1566 1856 1626 1885 vita,
1641 1855 1693 1881 vis.

898 1895 939 1921 â´2.
960 1893 994 1920 At
1013 1893 1086 1920 istud
1106 1902 1140 1920 ne
1160 1893 1232 1928 apud
1252 1902 1315 1920 eum
1331 1892 1441 1928 quidem
1457 1892 1626 1923 dictatorem,
1645 1893 1693 1927 qui

897 1939 998 1962 omnes,
1015 1939 1084 1966 quos
1100 1930 1199 1962 oderat,
1217 1935 1300 1957 morte
1318 1930 1471 1961 mulctabat,
1484 1930 1628 1965 quisquam
1641 1930 1696 1965 egit

897 1969 948 1995 isto
959 1968 1046 1995 modo.
1069 1969 1129 2003 Ipse
1139 1968 1249 1995 iubebat
1259 1968 1352 1999 occidi,
1366 1968 1441 1994 nullo
1451 1967 1610 2002 postulante,
1620 1975 1695 2002 prae-

898 2006 959 2032 miis
971 2006 1050 2032 etiam
1062 2006 1201 2033 invitabat.
1216 2006 1289 2038 Quae
1300 2010 1388 2033 tamen
1399 2004 1544 2032 crudelitas
1555 2005 1589 2032 ab
1601 2004 1694 2031 eodem

897 2043 1000 2078 aliquot
1018 2044 1095 2070 annis
1110 2048 1179 2078 post,
1197 2052 1278 2078 quem
1295 2048 1323 2070 tu
1342 2051 1413 2069 nunc
1423 2042 1560 2069 crudelem
1571 2050 1631 2069 esse
1642 2043 1692 2071 vis,

897 2080 1031 2107 vindicata
1051 2085 1102 2108 est.
1138 2081 1168 2108 V.
1189 2080 1246 2116 Ego
1267 2089 1329 2107 vero
1349 2080 1422 2107 istud
1443 2088 1495 2107 non
1516 2079 1630 2115 postulo,
1654 2080 1696 2105 in-

897 2118 985 2152 quies.
1016 2119 1052 2145 lta
1073 2117 1206 2145 mehercle
1225 2119 1358 2149 existimo,
1381 2117 1495 2144 Tubero.
1535 2118 1601 2143 Novi
1622 2117 1694 2143 enini

898 2160 936 2186 te,
958 2155 1021 2181 novi
1041 2159 1152 2190 patrem,
1173 2156 1236 2182 novi
1255 2155 1366 2182 domum
1388 2163 1539 2189 nomenque
1564 2159 1693 2184 vestrum,

897 2192 986 2219 studia
1006 2192 1123 2228 denique
1142 2193 1248 2228 generis
1269 2201 1299 2219 ac
1315 2192 1431 2219 familiae
1447 2196 1558 2222 vestrae,
1575 2192 1692 2220 virtutis.

898 2229 1082 2261 humanitatis,
1095 2229 1230 2256 doctrinae
1242 2229 1420 2264 plurimarum
1431 2230 1528 2255 artium
1540 2229 1695 2263 atqueoptiâ€”

898 2275 1013 2298 murum,
1030 2271 1090 2293 nota
1105 2271 1169 2293 sunt
1186 2267 1254 2293 mihi
1272 2267 1370 2293 omnia.
1404 2268 1443 2293 â´3.
1458 2267 1548 2300 tuique
1558 2270 1630 2292 certo
1639 2266 1695 2291 scio

899 2312 946 2331 vos
961 2312 1014 2330 non
1029 2308 1118 2338 petere
1129 2304 1297 2339 sanguinem,
1311 2303 1358 2330 sed
1369 2312 1463 2338 parum
1475 2303 1620 2329 attenditis.
1644 2303 1694 2328 Res

898 2341 970 2368 enim
990 2349 1022 2367 eo
1041 2345 1150 2375 spectat,
1168 2345 1197 2367 ut
1211 2349 1241 2367 ea
1257 2349 1348 2375 poena,
1367 2341 1393 2367 in
1409 2349 1462 2375 qua
1474 2340 1561 2366 adhuc
1572 2340 1603 2371 Q.
1617 2340 1696 2375 Liga-

899 2379 955 2405 rius
970 2379 1014 2409 sit,
1032 2387 1084 2405 non
1101 2377 1245 2404 videamini
1261 2386 1319 2404 esse
1334 2378 1457 2404 contenti.
1479 2376 1551 2409 Quae
1562 2381 1601 2403 est
1613 2377 1695 2411 igitur

899 2415 948 2442 alia
960 2420 1062 2450 praeter
1073 2414 1202 2441 mortemâ€˜?
1223 2414 1251 2441 Si
1263 2415 1333 2441 enim
1346 2415 1372 2441 in
1386 2415 1482 2441 exsilio
1493 2419 1542 2444 est,
1557 2415 1692 2444 sicutteâ€”si,

897 2453 965 2488 quid
985 2452 1102 2487 amptius
1124 2451 1283 2487 postulatis?
1311 2452 1366 2481 An.
1389 2461 1420 2478 nc
1441 2450 1612 2487 ignoscatur?
1641 2451 1694 2477 lloc

898 2498 962 2516 vero
976 2489 1062 2516 multo
1075 2490 1197 2516 acerbius
1213 2489 1352 2524 multoque
1367 2494 1407 2516 est
1419 2489 1524 2515 durius.
1557 2488 1634 2520 Quod
1646 2497 1694 2515 nos

899 2527 970 2554 domi
991 2528 1108 2562 petimus
1130 2526 1253 2562 precibus
1273 2531 1299 2553 et
1318 2526 1444 2557 lacrimis,
1461 2526 1535 2552 strati
1551 2525 1584 2552 ad
1600 2525 1691 2560 pedes,

899 2573 951 2591 non
963 2569 1016 2590 tam
1028 2569 1130 2591 nostrae
1141 2573 1252 2591 caussae
1264 2564 1383 2595 fidentes,
1391 2573 1472 2599 quam
1480 2563 1561 2590 liuius
1568 2563 1694 2590 humani-

899 2602 954 2633 tati,
972 2601 999 2628 id
1016 2610 1048 2628 ne
1065 2602 1247 2636 impetremus,
1266 2601 1420 2637 pugnabis?
1439 2601 1502 2628 etin
1515 2605 1635 2628 nostrum
1648 2599 1694 2627 ne-

899 2643 956 2665 tum
977 2638 1128 2674 irrumpes?
1155 2644 1181 2666 et
1196 2648 1244 2666 nos
1260 2638 1376 2666 iacentes
1391 2638 1423 2665 ad
1439 2637 1521 2674 pedes
1537 2637 1693 2674 supplicum

900 2684 962 2704 voce
978 2676 1152 2712 prohibebis?
1181 2677 1221 2704 Î—.
1239 2676 1276 2708 Si,
1293 2685 1378 2713 quum
1391 2676 1439 2704 hoc
1450 2675 1521 2704 domi
1534 2675 1691 2704 taceremus.
