1941 3052
335 157 665 184 EPISTOLARUM

59 233 108 259 est,
131 233 159 255 ut
177 227 284 254 Caesari
305 236 358 253 non
377 228 575 254 succederetur.
615 228 656 254 An
675 226 854 262 publicanos?

57 265 106 299 qui
133 273 282 299 numquam
299 264 382 295 firmi,
400 265 448 291 sed
464 274 535 291 nunc
545 265 651 291 Caesari
667 269 731 290 sunt
745 264 854 290 amicis-

59 303 136 334 simi3
153 310 186 328 an
200 301 394 328 foeneratores?
408 311 440 328 an
452 302 591 337 agricolas,
605 302 706 337 quibus
717 301 854 336 optatissi-

60 348 136 366 mum
147 343 188 365 est
202 338 305 365 otium?
325 339 379 365 nisi
394 347 439 365 eos
455 341 548 366 timere
559 344 647 374 putas,
666 347 698 364 ne
710 339 761 364 sub
773 346 854 373 regno

61 377 124 408 sint,
141 376 190 411 qui
205 376 233 402 id
245 385 403 410 numquam,
418 376 565 403 dummodo
575 377 654 403 otiosi
665 380 763 406 essent,
777 384 855 401 recu-

61 418 163 440 sarunt.
204 415 229 439 6.
250 413 322 445 Quid
332 412 413 449 ergo?
432 415 580 440 exercitum
596 413 748 443 retinentis,
769 421 854 447 quum

62 450 130 486 legis
151 450 210 476 dies
229 451 377 481 transierit,
400 451 530 477 rationem
551 451 645 477 haberi
665 449 769 484 placet‘?
788 450 855 475 Mihi

61 496 125 514 vero
140 496 173 514 ne
187 487 306 514 absentis
320 487 442 522 quidem.
482 487 543 518 Sed,
561 496 646 522 quum
662 487 690 513 id
701 487 793 513 datum
804 491 853 517 est,

63 524 132 552 illud
151 533 205 551 una
224 524 316 551 datum
332 529 381 551 est.
421 525 559 551 Annorum
575 526 647 551 enim
661 524 754 550 decem
769 525 857 558 impe-

63 563 135 589 rium
155 566 180 589 et
195 563 232 588 ita
247 561 330 588 latum
345 561 450 596 placet?
468 562 557 588 Placet
571 563 654 597 igitur
664 562 743 587 etiam
756 570 797 587 me
809 570 857 586 ex-

62 599 184 634 pulsum,
197 604 223 626 et
236 608 331 635 agrum
347 599 514 634 Campanum
530 600 653 634 periisse,
665 603 691 624 et
702 598 856 633 adoptatum

63 637 207 671 patricium
219 646 233 662 a
244 636 359 671 plebeio,
374 636 537 663 Gaditanum
549 646 562 662 a
575 636 747 671 Mitylenaeo:v
771 640 796 661 et
807 636 857 660 La-

62 674 138 700 bieni
159 673 270 700 divitiae
284 678 310 700 et
325 674 474 700 Mamurrae
490 673 608 708 placent,
626 678 652 700 et
664 672 741 699 Balbi
753 673 822 698 horti
832 676 858 698 et

63 711 258 738 Tusculanum.
297 710 350 737 Sed
372 711 468 737 horum
488 711 610 737 omnium
634 709 693 736 sons
713 718 784 736 unus
806 713 855 735 est.

64 748 204 775 Imbecillo
224 748 405 775 resistendum
421 747 484 780 fuit;
507 753 533 774 et
548 748 575 774 id
587 752 642 774 erat
652 746 739 773 facile.
780 747 858 772 Nunc

65 785 184 822 legiones
195 794 232 816 xi,
246 786 381 820 equitatus
393 790 491 816 tantus,
508 789 639 820 quantum
654 784 736 817 volet;
760 784 859 810 Trans-

64 823 173 858 padani,
186 822 280 857 plebes
294 822 405 853 urbana,
418 827 455 848 tot
465 822 568 849 tribuni
580 822 677 856 plebis,
690 826 744 847 tam
756 821 858 856 perdita

65 861 202 890 iuventus,
220 864 291 886 tanta
302 860 456 886 auctoritate
468 859 533 890 dux,
547 864 617 886 tanta
628 858 750 885 audacia.
790 858 858 885 Cum

65 897 115 924 hoc
135 901 182 923 aut
196 896 409 932 depugnandum
424 901 465 923 est
479 901 525 923 aut
540 896 664 922 habenda
679 904 693 922 e
709 895 767 931 lege
782 897 858 922 ratio.

65 936 90 961 7.
107 936 245 970 Depugna,
259 934 359 968 inquis,
373 934 472 968 potius,
486 943 568 968 quam
580 934 692 960 servias.
733 933 765 959 Ut
776 932 860 968 quid?

65 973 90 998 si
101 973 188 998 victus
199 971 262 1002 eris,
280 970 465 1006 proscribare‘?
479 972 502 997 si
513 971 625 1002 viceris,
639 975 728 997 tamen
740 969 861 996 servias?

65 1008 137 1041 Quid
152 1017 224 1044 ergo,
242 1009 343 1043 inquis,
361 1013 469 1035 acturus
483 1007 530 1034 es‘?
549 1008 632 1039 Idem,
645 1007 718 1043 quod
730 1007 857 1044 pecudes,

67 1055 136 1082 quae
152 1045 291 1081 dispulsae
306 1046 350 1072 sui
360 1046 467 1081 generis
478 1051 630 1081 sequuntur
640 1054 747 1082 greges.
769 1047 801 1073 Ut
812 1046 860 1072 bos

66 1088 194 1114 armenta,
211 1084 251 1109 sic
262 1092 311 1119 ego
322 1083 406 1110 bonos
417 1084 498 1115 viros,
517 1088 562 1110 aut
573 1092 626 1114 eos,
640 1084 806 1118 quicumque
819 1083 862 1109 di-

66 1125 161 1148 centur
171 1121 244 1152 boni,
257 1129 364 1155 sequar,
374 1122 480 1147 etiamsi
491 1126 579 1148 ruent.
600 1121 671 1153 Quid
683 1122 718 1147 sit
728 1122 861 1155 optimum

67 1158 136 1185 male
148 1158 289 1185 contractis
300 1158 391 1189 rebus,
404 1158 483 1192 plane
494 1159 583 1185 video.
619 1159 727 1184 Nemini
739 1163 779 1184 est
789 1159 862 1184 enim

67 1195 244 1231 exploratum,
253 1204 338 1230 quum
350 1195 382 1221 ad
394 1204 466 1222 arma
478 1200 588 1222 ventum
601 1200 648 1227 est,
662 1195 728 1230 quid
741 1195 862 1222 futurum

67 1234 115 1260 sit:
138 1237 164 1259 at
178 1232 247 1259 illud
260 1233 397 1264 omnihus,
410 1234 433 1259 si
448 1233 511 1260 boni
523 1234 588 1260 victi
599 1237 670 1264 sunt,
683 1242 731 1259 nec
743 1234 769 1259 in
781 1233 863 1259 caede

67 1271 222 1306 principum
238 1269 439 1296 clementiorem
450 1270 522 1297 hunc
534 1270 598 1302 fore,
615 1279 697 1305 quam
708 1270 792 1297 Cinna
804 1270 863 1296 fue-

67 1309 110 1339 rit,
129 1316 177 1334 nec
192 1307 406 1339 moderatiorem,
424 1316 506 1342 quam
517 1308 600 1339 Sulla,
614 1308 641 1334 in
652 1308 777 1342 pecuniis
789 1307 863 1334 locu—

67 1345 191 1380 pletium.
230 1345 446 1380 Ἐμπολιτεύομαὶ
457 1356 499 1372 σοι
515 1345 688 1372 iamdudum:
711 1349 736 1371 et
748 1344 863 1371 facerem

67 1383 181 1414 diutius,
199 1382 252 1408 nisi
267 1390 309 1408 me
321 1382 429 1408 lucerna
440 1382 583 1409 desereret.
604 1382 645 1408 Ad
657 1391 801 1413 summam,
816 1392 862 1409 nic

67 1430 94 1447 u.
110 1428 205 1447 τυιιι.
249 1420 387 1446 Assentior
406 1419 456 1446 Cn.
477 1420 617 1455 Pompeio,
640 1419 667 1446 id
683 1425 723 1446 est
738 1420 768 1446 T.
786 1420 864 1446 Pom—

67 1457 158 1492 ponio.
198 1456 313 1488 Alexim,
332 1457 560 1484 humanissimum
575 1465 700 1492 puerum,
717 1457 770 1483 nisi
786 1456 860 1489 forte,

68 1495 133 1521 dum
148 1503 197 1529 ego
211 1494 317 1525 absum,
335 1494 489 1521 adolescens
507 1495 593 1522 factus
604 1499 653 1525 est,
666 1494 704 1529 (id
716 1495 788 1521 enim
800 1504 864 1532 age-

69 1541 96 1559 re
107 1531 271 1567 videbatur,)
281 1531 385 1559 salvere
399 1532 493 1559 iubeas
505 1532 598 1559 velim.

120 1602 182 1623 ΠΙΙ,
205 1604 286 1628 (Paullo,
296 1604 387 1622 Mun-11„
398 1612 443 1622 ms.
455 1604 510 1627 τοι.)

125 1685 148 1709 l.
164 1677 242 1715 Quid
253 1692 321 1719 opus
332 1688 373 1711 est
383 1684 415 1711 de
427 1685 554 1721 Dionysio
567 1691 620 1713 tam
628 1686 706 1713 valde
713 1685 864 1712 affirmare?

68 1721 108 1747 An
125 1720 192 1746 mihi
209 1726 290 1748 nutus
302 1726 365 1748 tuus
381 1731 432 1749 non
446 1722 543 1750 faceret
555 1723 653 1750 sidem?
673 1724 863 1758 Suspicionem

68 1762 157 1784 autem
182 1766 213 1784 eo
238 1759 306 1785 mihi
328 1759 455 1786 maiorem
476 1765 521 1787 tua
542 1762 709 1787 taciturnitas
729 1761 861 1792 attulerat,

68 1795 140 1830 quod
161 1800 187 1822 et
206 1799 234 1821 tu
255 1795 324 1822 soles
345 1797 530 1832 conglutinare
549 1799 682 1825 amicitias
702 1799 864 1825 testimoniis

69 1833 132 1864 tuis,
146 1837 171 1859 et
182 1832 259 1859 illum
272 1833 348 1860 aliter
358 1843 420 1860 eum
431 1834 492 1861 aliis
503 1835 536 1861 de
549 1835 627 1862 nobis
639 1835 758 1862 locutum
770 1836 864 1862 audie-

68 1870 141 1896 bam.
182 1869 236 1896 Sed
250 1879 360 1905 prorsus
378 1872 414 1898 ita
426 1880 494 1903 esse,
512 1877 541 1899 ut
551 1873 658 1905 scribis,
673 1873 740 1899 mihi
752 1882 864 1908 persua-

68 1906 126 1933 des.
166 1907 258 1942 Itaque
278 1916 327 1943 ego
347 1909 370 1934 is
385 1909 412 1935 in
428 1909 506 1935 illum
521 1919 596 1941 sum,
614 1919 696 1945 quem
712 1915 739 1937 tu
752 1919 793 1936 me
805 1919 864 1936 esse

68 1944 121 1970 vis.
161 1945 187 1970 2.
209 1944 284 1970 Diem
300 1950 376 1971 tuum
392 1954 441 1981 ego
452 1955 560 1981 quoque
575 1956 610 1974 ex
623 1947 735 1982 epistola
746 1948 863 1983 quadam

68 1986 123 2012 tua,
140 1989 222 2016 quam
234 1982 378 2016 incipiente
392 1982 522 2010 febricula
536 1985 692 2018 scripseras,
711 1985 779 2010 mihi
790 1990 865 2012 nota-

69 2027 174 2050 veram;
206 2023 232 2045 et
247 2019 487 2046 animadverteram
505 2029 583 2055 posse
599 2030 647 2056 pro
662 2030 689 2047 re
705 2026 764 2048 nata
777 2026 801 2048 te
812 2031 863 2048 non

69 2055 239 2082 incommode
264 2056 296 2082 ad
322 2065 364 2082 me
390 2057 417 2083 in
441 2057 576 2084 Albanum
601 2059 693 2084 venire
715 2067 752 2085 111.
775 2060 863 2085 Nonas

69 2093 175 2120 Ianuar.
206 2092 269 2124 Sed,
283 2093 378 2120 amabo
389 2099 422 2125 te,
436 2094 504 2121 nihil
518 2095 687 2122 incommodo
699 2096 864 2123 valetudinis

69 2129 174 2157 feceris.
215 2130 286 2162 Quid
300 2132 371 2157 enim
384 2136 534 2158 esttantum
547 2133 573 2158 in
585 2141 638 2159 uno
649 2138 694 2159 aut
708 2133 789 2159 altero
801 2133 864 2159 die‘?

70 2169 94 2194 3.
116 2167 281 2194 Dolabellam
303 2168 381 2195 video
398 2169 489 2195 Liviae
505 2174 663 2196 testamento
677 2179 739 2196 cum
756 2170 863 2197 duobus

69 2205 248 2232 coheredibus
258 2214 317 2232 esse
330 2207 356 2232 in
368 2206 476 2239 triente;
489 2206 536 2233 scd
549 2207 635 2233 iuberi
646 2213 747 2234 mutare
755 2217 861 2235 nomen.

68 2242 117 2269 Est
131 2243 261 2270 πολιτικὸν
275 2245 384 2278 σκέμμα,
397 2249 534 2270 rectumne
546 2245 581 2270 sit
592 2244 676 2271 nobili
688 2245 861 2277 adolescenti,

69 2284 172 2306 mutare
184 2288 280 2307 nomen
293 2281 414 2307 mulieris
425 2286 591 2308 testamento.
607 2282 660 2308 Sed
672 2282 698 2308 id
710 2284 864 2317 φιλοσοφώ-

69 2327 144 2353 τερον
161 2317 378 2353 διευκριινήσομεν,
396 2327 481 2353 quum
497 2319 624 2349 sciemus,
642 2325 774 2354 quantum
785 2321 864 2355 quasi

69 2355 105 2381 sit
120 2355 148 2381 in
165 2355 267 2382 trientis
284 2356 388 2382 triente.
429 2357 453 2382 4.
470 2355 548 2388 Quod
563 2357 663 2390 putasti
675 2356 738 2387 sore,
753 2362 782 2383 ut
793 2362 862 2389 ante,

69 2400 152 2427 quam
164 2392 233 2418 istuc
245 2393 374 2424 venirem,
388 2393 545 2428 Pompeium
559 2393 687 2426 vidcrem;
712 2393 811 2420 suctum
825 2399 865 2421 est

70 2429 116 2455 ita.
157 2429 225 2455 Nam
242 2437 277 2456 vi.
295 2429 355 2456 Kal.
368 2430 401 2456 ad
413 2431 576 2457 Lavernium
589 2439 630 2456 me
641 2436 802 2457 consecutus
813 2437 862 2458 est.

69 2465 127 2493 Una
139 2466 257 2493 Formias
269 2467 403 2499 venimus,
416 2472 442 2494 ct
453 2468 486 2494 ab
498 2468 560 2494 hora
572 2473 664 2494 octava
675 2468 708 2494 ad
721 2477 864 2503 vesperum

69 2507 170 2529 secreto
185 2503 310 2531 collocuti
323 2513 430 2531 sumus.
471 2505 547 2537 Quod
559 2505 676 2540 quaeris,
691 2514 790 2540 ecquae
802 2514 864 2540 spes

70 2540 263 2575 pacificationis
274 2542 322 2568 sit:
339 2547 470 2577 quantum
483 2551 515 2569 ex
523 2543 642 2577 Pompeii
655 2542 738 2569 multo
749 2548 774 2569 et
785 2551 865 2569 accu-

71 2582 126 2604 rato
141 2586 264 2604 sermone
278 2580 414 2614 perspexi,
428 2589 461 2606 ne
473 2580 595 2606 voluntas
607 2580 718 2614 quidem
729 2585 779 2606 cst.
820 2580 865 2606 Sic

70 2614 143 2641 enim
163 2615 308 2648 existimat,
335 2617 360 2643 si
376 2617 430 2649 ille,
449 2617 490 2644 vel
502 2617 616 2643 dimisso
629 2617 758 2647 exercitu,
771 2617 864 2643 consul

72 2651 157 2678 sactus
177 2652 222 2683 sit,
239 2652 367 2689 σύγχυσιν
382 2657 425 2688 τῆς
440 2655 569 2684 πολιτείας
581 2653 645 2680 sore.
686 2654 773 2689 Atque
785 2655 864 2681 etiam

71 2693 146 2724 putat
166 2698 242 2721 cum,
260 2698 345 2725 quum
361 2691 485 2723 audierit,
507 2696 597 2718 contra
616 2700 645 2718 se
663 2691 866 2727 diligenter-pa-

695 157 748 183 AD
778 155 981 183 ATTICUM
1011 156 1092 182 LIB.
1123 156 1187 182 VII.

894 2570 895 2575 ¹
916 2542 1072 2569 Cedendum
1085 2547 1133 2571 est,
1146 2543 1169 2568 si
1183 2542 1209 2568 id
1225 2541 1304 2568 volet.

1220 155 1240 181 E
1253 155 1281 181 P.
1303 156 1318 181 5
1338 170 1374 174 —
1394 156 1419 180 9.
1646 156 1694 181 869

903 227 965 258 rari,
973 226 1142 253 consulatum
1154 226 1203 252 hoc
1209 234 1278 252 anno
1284 224 1480 261 neglecturum,
1489 233 1518 251 ac
1525 225 1614 259 potius
1620 233 1698 251 exer-

904 264 987 290 citum
1012 264 1235 299 provinciamque
1259 268 1435 289 retenturum.
1475 262 1522 288 Sin
1543 267 1632 288 autem
1652 262 1698 288 ille

905 300 1017 332 fureret;
1049 301 1223 327 vehementer
1238 300 1375 326 hominem
1390 299 1586 330 contemnebat,
1603 304 1629 326 et
1640 301 1698 325 suis

905 343 931 364 et
946 338 1110 373 reipublicae
1125 338 1211 372 copiis
1223 337 1382 364 confidebat.
1413 336 1484 369 Quid
1495 336 1622 372 quaeris?
1641 337 1698 363 Etsi

906 375 974 401 mihi
986 375 1078 401 crebro
1090 375 1166 406 ξυνὸς
1177 375 1292 405 ἐνυάλιος
1301 374 1469 406 occurrebat;
1491 379 1579 400 tamen
1591 374 1700 400 levabar

906 421 978 442 cura,
1002 413 1091 438 virum
1111 411 1205 438 fortem
1221 417 1247 438 et
1258 413 1373 447 peritum
1387 416 1413 438 et
1423 411 1573 446 plurimum
1584 412 1701 438 auctori-

907 454 958 476 tate
980 449 1113 475 valentem
1129 449 1251 480 audiens,
1269 451 1404 479 πολιτικῶς
1419 449 1452 474 de
1468 450 1542 483 pacis
1558 448 1700 475 simulatae

907 486 1035 521 periculis
1049 487 1236 512 disserentem.
1275 488 1301 513 5.
1323 486 1494 512 Habebamus
1505 491 1593 512 autem
1605 487 1632 512 in
1644 494 1701 512 ma-

907 524 989 550 nibus
1009 524 1117 550 Antonii
1133 524 1302 554 concionem,
1326 524 1445 549 habitam
1460 532 1488 550 x.
1507 523 1565 549 Kal.
1578 524 1698 555 lanuar.;

908 562 935 587 in
947 569 1000 595 qua
1011 566 1066 587 erat
1079 562 1213 587 accusatio
1223 561 1343 595 Pompeii
1356 570 1442 595 usque
1454 570 1467 586 a
1478 565 1537 596 toga
1549 569 1625 595 pura,
1634 569 1701 595 que——

908 598 963 624 rela
974 598 1006 624 de
1018 598 1160 629 damnatis,
1169 603 1252 624 terror
1263 607 1410 624 armorum:
1425 599 1452 624 in
1463 597 1626 633 quibusille,
1635 597 1700 632 quid

901 638 1011 666 censes,
1034 636 1130 666 aiebat,
1149 635 1281 661 facturum
1295 644 1353 661 esse
1365 636 1464 670 ipsum,
1478 636 1501 661 si
1514 636 1540 661 in
1552 636 1702 670 possessio—

909 681 970 698 nem
996 673 1160 707 reipublicae
1182 673 1297 703 venerit,
1323 681 1408 707 quum
1424 672 1489 698 haec
1504 677 1629 707 quaestor
1643 674 1702 699 eius

911 710 1034 736 infirmus
1057 715 1083 736 et
1097 710 1175 744 inops
1190 710 1286 736 audeat
1301 709 1408 736 dicere?
1436 709 1507 741 Quid
1524 709 1626 736 multa?
1649 718 1702 736 non

910 747 988 773 modo
1000 756 1051 773 non
1063 752 1187 781 expetere
1198 756 1291 781 pacem
1304 748 1391 777 istam,
1405 747 1453 772 sed
1465 748 1544 773 etiam
1556 748 1649 773 timere
1662 747 1704 773 vi-

909 793 956 810 sus
968 789 1017 810 est.
1060 783 1119 820 [Ex]
1135 784 1181 810 illa
1193 789 1281 810 autem
1293 784 1423 810 sententia
1430 785 1500 810 non*
1511 784 1703 818 relinquendae

910 821 990 848 Urbis
1011 826 1101 848 movet
1121 821 1271 852 hominem,
1285 826 1314 848 ut
1329 826 1402 856 puto.
1447 821 1514 847 Mihi
1530 826 1619 847 autem
1635 821 1703 847 illud

910 858 1134 885 molestissimum
1149 864 1197 889 est,
1216 859 1289 893 quod
1304 858 1428 885 solvendi
1443 863 1507 884 sunt
1522 859 1627 884 nummi
1639 858 1704 885 Cae-

911 897 973 927 sari,
987 901 1013 922 et
1024 896 1233 922 instrumentum
1245 895 1376 930 triumphi
1388 904 1418 922 eo
1429 895 1631 922 conferendum.
1658 896 1705 921 Est

911 934 984 960 euim
1004 934 1134 968 ἄμορφον,
1155 933 1415 968 ἀντιπολιτευομένου
1431 934 1620 969 χρεωφειλέιην
1634 941 1703 959 esse.

911 971 964 998 Sed
976 971 1040 997 haec
1050 975 1077 998 et
1088 970 1171 998 multa
1183 970 1233 997 alia
1247 979 1346 997 coram.

959 1040 1001 1061 [x.
1025 1043 1205 1067 (Paulluffllarccllo
1216 1049 1261 1059 coss.
1274 1044 1329 1063 70⁴.)

969 1126 992 1150 1.
1015 1118 1196 1155 Quotidiene,
1218 1124 1324 1158 inquis,
1346 1132 1361 1150 a
1377 1128 1401 1150 te
1417 1122 1589 1158 accipiendae
1606 1121 1707 1148 litterae

913 1161 994 1188 sunt‘?
1022 1161 1050 1187 Si
1066 1161 1184 1192 habebo,
1202 1162 1248 1187 cui
1263 1161 1339 1192 dem,
1357 1161 1489 1196 quotidie.
1529 1160 1563 1186 At
1582 1160 1633 1185 iam
1650 1160 1707 1194 ipse

914 1199 988 1225 ades.
1020 1199 1088 1225 Tum
1100 1199 1192 1234 igitur,
1205 1207 1291 1233 quum
1304 1207 1410 1229 venero,
1423 1198 1556 1224 desinam.
1583 1197 1654 1223 Unas
1667 1197 1708 1222 vi-

914 1236 964 1262 deo
984 1236 1053 1262 mihi
1074 1245 1088 1262 a
1103 1241 1128 1262 te
1142 1245 1195 1262 non
1213 1244 1271 1262 esse
1288 1235 1419 1268 redditas;
1442 1244 1510 1270 quas
1526 1236 1556 1261 L.
1569 1234 1706 1266 Quintius,

914 1273 1057 1300 famiiiaris
1077 1282 1163 1304 meus,
1180 1282 1265 1308 quum
1278 1273 1366 1303 ferret,
1383 1273 1417 1299 ad
1432 1273 1542 1299 bustum
1553 1271 1636 1298 Basili
1648 1271 1709 1297 vul-

914 1316 1022 1337 neratus
1038 1316 1064 1337 et
1081 1310 1247 1345 despoliatus
1261 1315 1310 1337 est.
1351 1312 1376 1337 ⁶2.
1398 1310 1510 1337 Videbis
1523 1310 1614 1345 igitur,
1629 1317 1709 1335 num-

914 1348 982 1383 quid
1003 1348 1084 1375 fuerit
1104 1349 1131 1374 in
1152 1349 1200 1379 iis,
1214 1348 1286 1383 quod
1302 1356 1344 1374 me
1356 1348 1425 1374 scire
1438 1356 1507 1382 opus
1518 1348 1566 1373 sit:
1589 1351 1615 1373 et
1625 1345 1708 1372 simul

914 1390 942 1412 tu
963 1386 1012 1412 hoc
1028 1385 1208 1421 διευκρινήσεις
1224 1385 1360 1420 πρόβλημα
1378 1394 1442 1411 sane
1457 1384 1600 1411 πυλιτικὸνε
1623 1391 1709 1418 quum

914 1424 950 1449 sit
969 1432 1078 1449 necesse
1102 1427 1148 1449 aut
1163 1422 1257 1449 haberi
1268 1423 1390 1449 Caesaris
1406 1423 1548 1453 rationem,
1569 1420 1614 1447 illo
1632 1429 1710 1446 exer-

914 1461 998 1487 citum
1019 1460 1061 1486 vel
1077 1469 1125 1495 per
1139 1465 1262 1486 senatum
1281 1460 1324 1486 vel
1340 1469 1388 1494 per
1403 1460 1526 1486 tribunos
1540 1458 1629 1493 plebis
1640 1458 1711 1483 obti-

914 1503 1002 1529 nente,
1025 1503 1071 1524 aut
1086 1497 1243 1532 persuaderi
1259 1497 1379 1527 Caesari,
1397 1502 1427 1523 ut
1442 1496 1527 1523 tradat
1542 1495 1709 1530 provinciam

915 1540 995 1571 atque
1006 1536 1164 1566 exercitum,
1173 1540 1199 1561 et
1211 1536 1244 1561 ita
1257 1534 1350 1561 consul
1363 1535 1420 1564 liat:
1444 1539 1498 1564 aut,
1511 1534 1535 1559 si
1548 1533 1574 1559 id
1587 1542 1637 1559 non
1650 1541 1710 1567 per-

915 1573 1073 1604 suadeatur,
1092 1572 1185 1598 haberi
1200 1573 1308 1599 comitia
1322 1572 1381 1598 sinc
1398 1571 1473 1597 illius
1483 1572 1592 1601 ratione,
1607 1570 1652 1596 illo
1663 1578 1711 1604 pa-

916 1611 996 1637 tiente
1012 1615 1091 1645 atque
1106 1610 1243 1636 obtinente
1259 1610 1441 1645 provinciam⁴,
1465 1614 1518 1637 aut,
1530 1609 1553 1634 si
1565 1617 1612 1643 per
1624 1607 1710 1634 tribu-

916 1657 964 1674 nos
985 1647 1073 1683 plebis
1086 1656 1137 1673 non
1149 1648 1274 1682 patiatur,
1289 1652 1375 1673 tamen
1387 1647 1522 1681 quiescat,
1545 1654 1600 1671 rem
1612 1644 1710 1671 adduci

916 1685 948 1712 ad
965 1686 1161 1720 interregnum,
1186 1689 1239 1715 aut,
1257 1685 1281 1711 si
1292 1684 1326 1710 ob
1337 1693 1396 1710 eam
1410 1692 1544 1715 caussam,
1561 1682 1634 1717 quod
1646 1682 1712 1708 ratio

915 1724 975 1749 eius
996 1732 1048 1749 non
1066 1722 1203 1753 habeatur,
1217 1722 1365 1748 exercitum
1378 1721 1501 1752 adducat,
1515 1721 1597 1746 armis
1608 1728 1669 1746 cum
1681 1727 1712 1745 eo

915 1760 1088 1789 contendere:
1117 1759 1194 1786 illum
1216 1765 1305 1786 antem
1327 1759 1436 1785 initium
1457 1758 1543 1785 facere
1564 1765 1709 1786 armorum,

916 1803 970 1829 aut,
980 1798 1069 1824 statim
1083 1797 1160 1824 nobis
1173 1798 1264 1823 minus
1276 1797 1384 1831 paratis,
1398 1801 1443 1822 aut
1454 1801 1520 1825 tum,
1530 1804 1616 1830 quum
1628 1794 1712 1820 comi-

916 1836 970 1866 tiis,
993 1835 1087 1861 amicis
1103 1835 1162 1861 cius
1174 1834 1384 1869 postulantibus,
1401 1839 1430 1860 ut
1440 1843 1453 1860 e
1467 1833 1524 1869 lege
1536 1833 1601 1859 ratio
1613 1832 1712 1858 habea-

916 1877 966 1903 tur,
982 1873 1154 1907 impetratnm
1167 1881 1218 1898 non
1231 1873 1278 1904 sit·‚
1299 1873 1336 1898 ire
1348 1876 1437 1898 autem
1452 1871 1484 1897 ad
1497 1879 1578 1899 arma,
1588 1875 1632 1896 aut
1645 1869 1712 1895 hanc

916 1919 997 1936 unam
1018 1910 1052 1936 ob
1068 1918 1202 1940 caussam,
1219 1909 1292 1944 quod
1309 1909 1374 1936 ratio
1390 1918 1442 1935 non
1459 1908 1598 1937 habeatur,
1612 1906 1712 1933 autad-

915 1947 969 1973 dita
990 1956 1094 1978 caussa,
1116 1948 1139 1973 si
1152 1947 1217 1973 forte
1234 1947 1359 1973 tribunus
1372 1946 1469 1981 plebis,
1488 1950 1610 1971 senatum
1627 1945 1713 1978 impc-

915 1985 994 2011 diens
1008 1989 1054 2010 aut
1069 1984 1200 2019 populum
1218 1985 1342 2015 incitans,
1356 1988 1462 2010 notatus
1473 1988 1519 2009 aut
1529 1987 1637 2009 senatus
1649 1990 1712 2007 con-

915 2022 986 2048 sulto
1005 2023 1229 2056 circumscriptus
1250 2026 1295 2047 aut
1316 2021 1440 2047 sublatus
1456 2025 1501 2047 aut
1519 2019 1652 2054 expulsus
1667 2019 1710 2045 sit.

915 2059 1043 2085 dicensve
1059 2068 1087 2085 se
1099 2059 1246 2094 expulsum
1261 2058 1294 2084 ad
1309 2058 1386 2084 illum
1401 2057 1565 2093 confugerim
1589 2061 1714 2090 suscepto

916 2101 1004 2122 autem
1024 2096 1103 2127 bello,
1122 2101 1167 2122 aut
1183 2096 1296 2122 tenenda
1307 2096 1342 2122 sit
1353 2096 1431 2126 Urbs,
1443 2100 1497 2124 aut,
1512 2103 1541 2120 ea
1554 2094 1654 2122 relicta,
1670 2092 1713 2118 ille

914 2138 1064 2159 commeatu
1090 2138 1115 2160 et
1139 2133 1252 2168 reliquis
1272 2133 1358 2167 copiis
1379 2131 1614 2158 interclmlendus:
1641 2130 1712 2164 quod

916 2171 1011 2197 horum
1032 2170 1174 2201 malorum,
1195 2179 1310 2205 quorum
1325 2169 1435 2204 aliquod
1453 2174 1523 2195 certe
1539 2167 1712 2194 subeundum

915 2213 968 2238 est,
992 2208 1136 2233 minimum
1153 2213 1240 2242 putes.
1282 2209 1306 2232 3.
1329 2207 1405 2232 Dices
1426 2205 1543 2240 profecto
1558 2205 1712 2240 persumleri

916 2245 966 2275 illi,
980 2250 1009 2271 ut
1021 2245 1105 2271 tradat
1115 2245 1263 2270 exereitum
1275 2244 1346 2270 etita
1361 2243 1454 2269 consul
1467 2244 1520 2269 lint.
1549 2243 1593 2268 Est
1604 2243 1714 2268 omnino

917 2282 944 2308 id
965 2282 1114 2310 eiusmodi,
1133 2287 1174 2311 ut,
1193 2282 1216 2307 si
1233 2281 1277 2307 ille
1289 2289 1320 2306 eo
1335 2280 1489 2309 descendat,
1503 2286 1593 2306 contra
1605 2279 1658 2304 dici
1672 2279 1713 2303 ni-

917 2319 954 2345 hil
972 2319 1069 2354 p‹›ssit;
1095 2319 1176 2353 idque
1187 2327 1259 2348 eum,
1273 2319 1296 2343 si
1309 2326 1360 2343 non
1372 2318 1483 2347 obtinet,
1499 2322 1526 2343 ut
1537 2318 1602 2342 ratio
1615 2316 1713 2342 halwa-

916 2362 959 2383 tur
978 2357 1116 2382 retinentis
1138 2356 1299 2385 exercituin,
1323 2364 1374 2381 non
1397 2354 1481 2380 furere
1498 2355 1589 2379 miror.
1631 2353 1714 2379 Nobis

916 2399 1014 2423 autem,
1039 2398 1067 2419 ut
1081 2393 1194 2427 quidam
1211 2397 1295 2427 putat,
1314 2391 1381 2418 nihil
1397 2397 1437 2417 est
1453 2391 1603 2417 timendum
1616 2390 1711 2424 magis,

916 2439 998 2466 quam
1019 2430 1064 2456 illc
1085 2430 1189 2456 consul.
1231 2431 1262 2456 At
1278 2431 1317 2455 sie
1330 2428 1408 2459 innlu,
1427 2429 1544 2463 inquies,
1557 2436 1712 2462 qil-'inicum

916 2469 1046 2494 exercitu.
1088 2468 1173 2494 Certe.
1209 2467 1260 2493 Sed
1274 2466 1344 2492 istud
1361 2467 1450 2500 ipsum
1463 2466 1501 2491 sic
1517 2474 1644 2499 :inagnum
1657 2473 1713 2490 ina-

918 2505 973 2531 lum
996 2509 1071 2539 putat
1089 2505 1203 2540 aliquis:
1237 2513 1324 2539 neque
1345 2504 1368 2529 ei
1391 2503 1541 2528 remedium
1559 2507 1599 2528 est
1614 2502 1711 2528 ullum.

1347 2540 1412 2566 vido
1424 2540 1561 2566 consulem
1575 2539 1651 2566 illum
1665 2540 1713 2565 ite—

917 2589 990 2609 rum,
1008 2588 1089 2614 quem
1106 2579 1199 2606 vidisti
1214 2579 1353 2605 consulatu
1371 2579 1468 2612 priore.
1510 2578 1541 2603 At
1558 2582 1614 2603 tum
1627 2577 1714 2603 imbe-

916 2617 996 2643 cillus
1009 2616 1080 2651 plus,
1095 2617 1191 2652 inquit,
1207 2616 1299 2646 valuit,
1314 2624 1396 2650 quam
1408 2620 1458 2641 tota
1466 2614 1629 2649 respublica.
1641 2613 1713 2646 Quid

917 2663 989 2680 nunc
1005 2654 1100 2688 putas?
1128 2655 1160 2681 Et
1174 2663 1205 2680 eu
1219 2652 1342 2683 consulo,
1362 2653 1486 2687 l’ompeio
1502 2657 1604 2678 certum
1620 2657 1659 2678 est
1670 2660 1713 2677 es-

917 2700 945 2718 sc
958 2692 984 2718 in
999 2692 1137 2726 Hispania.
1163 2692 1185 2718 Ο
1198 2700 1253 2718 reni
1265 2691 1404 2717 miseram!
1427 2690 1451 2716 si
1461 2689 1572 2725 quidem
1585 2689 1610 2715 id
1624 2689 1712 2724 ipsum
