1941 3052
430 133 513 161 PRO
541 133 637 161 SEX.
668 133 837 161 ROSCIO
867 134 1085 161 AMERINO.
1118 133 1207 161 CAP.
1233 136 1240 160 1
1267 150 1302 154 -
1323 136 1347 160 6,
1655 139 1704 163 215

65 203 201 231 beneficiis
223 208 249 231 et
270 204 399 240 dignitate
421 204 569 239 plurimum
591 210 716 240 possunt,
744 214 860 240 quorum

65 250 114 277 ego
132 250 220 276 neque
233 242 446 269 benevolentiam
462 251 525 278 erga
538 252 581 269 me
594 244 730 278 ignorare,
751 252 798 269 nec
813 251 861 269 au-

65 279 212 305 ctoritatem
231 280 378 314 aspernari,
404 288 452 305 nee
470 280 633 306 voluntatem
657 280 792 316 negligere
814 280 862 306 de-

65 316 152 342 beam.
193 317 224 342 11.
240 318 265 342 5.
286 317 333 343 His
347 316 380 343 de
394 318 497 343 caussis
511 326 560 353 ego
574 317 636 344 huic
649 326 759 344 caussae
773 322 861 352 patro-

65 362 117 379 nus
131 354 233 385 exstiti,
254 362 306 380 non
320 353 421 380 electus
435 363 520 385 unus,
541 355 587 389 qui
607 356 724 382 maximo
741 355 858 390 ingenio,

65 390 113 416 sed
131 390 240 417 relictus
259 400 293 417 ex
309 391 448 422 omnihus,
474 392 522 426 qui
540 392 652 419 minimo
666 392 785 427 periculo
799 401 861 427 pos-

66 436 122 454 sem
136 428 236 454 dicere:
259 437 346 463 neque
360 429 399 455 uti
413 430 478 455 satis
493 429 568 455 firmo
587 430 719 464 praesidio
733 429 860 456 defensus

66 465 128 491 Sex.
144 465 271 496 Roscius,
291 474 386 492 verum
405 467 443 492 uti
462 475 495 492 ne
513 467 621 493 omnino
639 467 761 493 desertus
780 471 859 493 esset.

66 502 186 528 Forsitan
204 504 351 537 quaeratis,
378 504 425 538 qui
444 504 494 530 iste
513 508 596 530 terror
613 505 647 530 sit
665 509 690 530 et
704 513 773 539 quae
791 509 861 530 tanta

67 539 188 570 formido,
205 549 274 575 quae
288 545 325 567 tot
338 549 368 566 ae
382 540 446 567 tales
461 542 532 567 viros
546 541 687 575 impediat,
703 550 757 576 quo
771 541 861 567 minus

65 585 113 612 pro
131 578 216 612 capite
235 582 260 604 et
278 577 392 604 fortunis
411 577 533 609 alterius,
553 578 781 613 quemadmodum
799 587 862 604 con-

66 619 190 645 suerunt,
214 623 336 641 caussam
361 615 444 641 velint
461 615 558 642 dicere.
598 615 675 648 Quod
701 615 788 642 adhuc
814 624 861 642 vos

65 652 186 687 ignorare
201 661 253 678 non
267 653 366 678 mirum
380 657 432 684 est,
457 656 595 687 propterea
608 653 681 687 quod
694 652 816 680 consulto
829 653 862 679 ab

66 690 266 716 accusatoribus
285 690 343 716 eius
361 690 412 721 rei,
432 698 501 724 quae
518 689 641 716 conflavit
655 690 705 717 hoc
718 690 859 721 iudicium,

67 727 167 753 mentio
183 726 248 753 facta
263 736 314 753 non
329 731 378 753 est.
419 729 444 753 6.
466 726 539 759 Quae
553 736 594 754 res
609 736 638 753 ea
653 727 710 754 est‘!
730 728 801 754 Bona
815 736 863 763 pa-

66 765 114 790 tris
132 764 245 790 huiusce
263 764 325 790 Sex.
340 764 443 795 Roscii,
463 773 533 799 quae
550 769 614 791 sunt
632 765 768 800 sexagies:
793 774 863 800 quae

66 801 99 827 de
114 802 171 828 viro
184 801 329 827 fortissimo
343 806 368 827 et
381 801 543 832 clarissimo,
564 803 593 829 L.
610 802 698 833 Sulla,
719 811 800 837 quem
815 803 863 829 ho-

66 839 138 865 noris
152 847 246 865 caussa
260 839 376 870 nomino,
390 839 496 865 duobus
510 839 632 866 millibus
647 848 790 866 nummum
804 849 863 866 sese

66 876 130 902 dicit
148 877 245 902 emisse
264 875 430 908 adolescens,
451 876 493 903 vel
513 878 716 911 potentissimus
732 877 782 904 hoc
796 882 863 904 tem-

66 922 130 948 pore
144 917 248 940 nostrae
261 914 386 945 civitatis,
403 914 432 940 L.
448 913 587 941 Cornelius
603 914 803 951 Chrysogonus.
837 916 862 941 Is

66 959 80 977 a
95 951 184 982 vobis,
205 950 322 982 iudices,
342 951 392 977 hoe
406 951 536 986 postulat,
557 956 599 983 ut,
615 953 743 987 quoniam
756 953 784 979 in
799 952 863 979 alie-

66 997 127 1014 nam
147 988 287 1023 pecuniam
306 992 359 1014 tam
378 988 485 1023 plenam
503 993 582 1023 atque
600 989 762 1024 praeclaram
789 990 864 1017 nullo

65 1026 124 1052 iure
138 1025 275 1057 invaserit,
290 1027 473 1061 quoniamque
487 1027 511 1052 ei
525 1027 654 1061 pecuniae
668 1028 722 1054 vita
737 1027 799 1054 Sex.
812 1028 864 1054 Ro-

66 1063 115 1089 scii
134 1063 238 1089 obstare
255 1067 335 1098 atque
354 1063 459 1090 officere
473 1064 609 1095 videatur,
629 1064 740 1091 deleatis
760 1073 793 1091 ex
807 1065 865 1091 ani—

67 1109 109 1127 mo
124 1109 173 1127 suo
187 1101 368 1135 suspicionem
382 1110 488 1128 ornnem
504 1106 660 1137 metumque
674 1102 785 1129 tollatis:
805 1111 864 1129 sese

66 1137 116 1164 hoc
133 1138 261 1164 incolumi
279 1147 331 1165 non
350 1139 492 1165 arbitratur
509 1139 591 1166 huius
613 1140 761 1166 innocentis
783 1141 866 1174 patri-

67 1175 188 1202 monium
206 1179 258 1202 tam
277 1175 397 1210 amplum
416 1181 442 1203 et
459 1177 598 1211 copiosum
625 1186 704 1212 posse
730 1177 862 1211 obtinere,

67 1212 191 1239 damnato
208 1217 234 1239 et
251 1214 333 1240 eiecto
351 1218 440 1249 sperat
453 1223 481 1240 se
493 1223 584 1249 posse,
604 1215 678 1249 quod
696 1214 809 1250 adeptus
825 1219 865 1241 est

66 1258 114 1284 per
131 1250 233 1282 scelus,
257 1251 285 1277 id
304 1259 351 1285 per
369 1251 504 1278 luxuriam
522 1252 657 1278 effundere
672 1256 752 1287 atque
766 1261 864 1278 consu-

67 1296 148 1314 mere.
188 1288 265 1314 Hunc
282 1289 334 1314 sibi
353 1297 387 1315 ex
404 1290 493 1315 animo
511 1289 684 1324 scrupulum,
702 1290 750 1325 qui
764 1298 793 1316 se
806 1289 863 1316 dies

67 1329 211 1360 noctesque
225 1325 345 1352 stimulet
358 1335 388 1352 ac
401 1331 515 1362 pungat,
537 1331 567 1353 ut
580 1326 714 1358 evellatis,
735 1326 861 1362 postulat,

67 1367 97 1389 ut
115 1363 148 1389 ad
167 1363 234 1389 hanc
252 1372 329 1389 suam
347 1363 473 1398 praedam
495 1368 549 1390 tam
575 1364 702 1391 nefariam
730 1364 863 1390 adiutores

67 1408 115 1426 vos
133 1400 320 1435 profiteamini.
360 1402 386 1427 7.
409 1401 438 1428 Si
451 1401 528 1428 vobis
546 1410 631 1436 aequa
649 1406 675 1428 et
692 1402 802 1428 honesta
816 1410 865 1436 po-

67 1437 175 1464 stulatio
188 1437 307 1469 videtur,
332 1438 448 1471 iudices:
471 1447 520 1474 ego
538 1443 628 1465 contra
646 1439 754 1465 brevem
771 1444 865 1473 postu-

68 1474 192 1502 lationem
211 1475 302 1507 asfero,
325 1480 351 1502 et
368 1475 516 1511 (quomodo
542 1476 609 1503 mihi
636 1476 797 1511 persuadeo)
816 1476 865 1502 ali-

67 1517 168 1548 quanto
186 1513 349 1548 aequiorem.
389 1514 432 1540 111.
454 1514 574 1540 Primum
594 1522 607 1540 a
625 1514 800 1549 Chrysogono
819 1522 865 1548 pe-

67 1554 102 1582 to,
118 1554 148 1577 ut
162 1550 275 1585 pecunia
289 1549 458 1585 fortunisque
473 1551 570 1577 nostris
584 1555 724 1577 contentus
739 1552 786 1582 sit,
803 1560 865 1577 san—

66 1588 177 1623 guinem
195 1592 221 1614 et
239 1588 321 1613 vitam
340 1596 372 1614 ne
390 1592 474 1622 petat:
497 1588 594 1615 deinde
608 1597 622 1614 a
636 1588 728 1619 vobis,
750 1588 862 1619 iudices,

67 1629 97 1651 ut
114 1624 257 1651 audacium
275 1624 369 1651 sceleri
387 1625 530 1656 resistatis,
555 1626 737 1652 innocentium
756 1625 866 1652 calami-

67 1666 148 1689 tatem
171 1662 265 1689 levetis
288 1667 314 1689 et
334 1663 363 1689 in
385 1671 480 1689 caussa
505 1663 567 1689 Sex.
591 1664 679 1689 Roscii
702 1662 863 1697 periculum,

67 1699 140 1735 quod
153 1700 181 1726 in
194 1708 287 1727 omnes
299 1700 460 1731 intenditur,
486 1700 660 1735 propulsetis.
701 1702 725 1726 8.
747 1700 824 1732 Quod
842 1701 865 1727 si

68 1741 114 1764 aut
131 1746 226 1764 caussa
244 1737 364 1764 criminis
383 1742 429 1764 aut
448 1737 509 1764 facti
528 1738 647 1773 suspicio
665 1743 711 1764 aut
729 1738 867 1773 quaelibet

67 1774 184 1810 denique
204 1774 246 1801 vel
264 1775 375 1801 minima
393 1783 435 1801 res
449 1776 609 1810 reperietur,
635 1775 810 1811 quamobrem
826 1776 867 1802 vi-

68 1812 181 1839 deantur
197 1812 236 1838 illi
256 1812 377 1839 nonnihil
396 1817 484 1839 tamen
498 1813 526 1839 in
540 1812 684 1839 deferendo
698 1813 805 1839 nomine
823 1821 866 1839 se-

68 1850 136 1881 cuti,
157 1854 291 1884 postremo
309 1850 332 1876 si
350 1854 453 1885 praeter
468 1859 526 1876 eam
540 1850 679 1885 praedam,
700 1859 782 1886 quam
796 1850 863 1882 dixi,

68 1886 217 1922 quidquam
231 1887 305 1914 aliud
318 1895 428 1914 caussae
441 1888 611 1921 inveneritis,
632 1896 683 1914 non
698 1896 863 1919 recusamus,

68 1925 134 1959 quin
152 1924 260 1951 illorum
280 1924 385 1951 libidini
400 1924 462 1952 Sex.
478 1925 567 1951 Roscii
586 1926 639 1952 vita
653 1925 776 1952 dedatur.
817 1924 865 1952 Sin

68 1961 142 1988 aliud
160 1962 248 1998 agitur
265 1962 347 1994 nihil,
370 1962 421 1988 nisi
440 1966 470 1988 ut
483 1963 516 1988 iis
531 1971 564 1988 ne
577 1962 644 1997 quid
658 1963 740 1994 desit,
764 1962 866 1997 quibus

68 2000 132 2026 satis
151 1999 218 2026 nihil
238 2003 290 2031 est,
313 2000 336 2026 si
354 1999 404 2026 hoc
422 1999 509 2026 solum
524 1999 574 2026 hoc
588 2004 705 2034 tempore
720 2004 863 2035 pugnatur,

68 2041 99 2063 ut
116 2036 150 2063 ad
167 2036 241 2063 illam
255 2037 372 2071 opimam
386 2036 602 2072 praeclaramque
617 2037 741 2071 praedam
755 2038 867 2064 damna-

69 2074 106 2101 tio
119 2073 182 2100 Sex.
198 2074 286 2100 Roscii
300 2073 375 2100 velut
391 2073 518 2100 cumulus
537 2074 656 2101 accedat:
679 2083 766 2101 nonne
780 2083 865 2109 quum

68 2110 153 2138 multa
171 2111 294 2145 indigna,
319 2115 376 2137 turn
391 2111 432 2137 vel
448 2111 496 2137 hoc
510 2111 731 2147 indignissimum
745 2116 798 2143 est,
819 2121 866 2138 vos

68 2148 178 2176 idoneos
197 2148 314 2179 habitos,
343 2157 390 2183 per
407 2157 522 2183 quorum
541 2149 684 2175 sententias
703 2149 801 2184 iusque
824 2150 867 2176 iu—

69 2186 183 2213 randum
203 2185 231 2212 id
250 2189 438 2220 assequantur,
467 2186 540 2221 quod
559 2190 634 2213 antea
652 2187 705 2221 ipsi
724 2186 823 2213 scelere
841 2191 866 2213 et

70 2222 139 2250 ferro
152 2224 260 2258 assequi
274 2222 455 2249 consuerunt?
472 2224 520 2258 qui
534 2232 567 2250 ex
580 2224 686 2250 civitate
700 2224 728 2250 in
742 2228 864 2251 senatum

89 2265 177 2295 ropter
195 2260 365 2296 dignitatem,
391 2269 424 2287 ex
442 2265 535 2287 senatu
553 2261 581 2287 in
600 2261 648 2288 hoc
662 2261 805 2288 consilium
819 2261 866 2288 de-

81 2299 131 2325 ecti
149 2299 214 2325 estis
232 2303 339 2333 propter
357 2298 537 2329 severitatem,
559 2298 591 2324 ab
610 2298 652 2324 his
667 2298 716 2325 hoc
731 2298 866 2333 postulare
888 2313 889 2318 =

70 2335 192 2362 homines
206 2335 315 2362 sicarios
329 2340 408 2370 atque
422 2335 590 2371 gladiatores,
608 2344 659 2361 non
670 2335 749 2362 modo
761 2340 790 2362 ut
799 2344 866 2371 sup-

70 2372 150 2408 plicia
169 2373 265 2404 vitent,
292 2381 360 2408 quae
378 2382 391 2398 a
411 2372 487 2398 vohis
507 2381 554 2407 pro
572 2372 709 2399 maleficiis
733 2373 791 2399 suis
810 2382 866 2399 mc—
888 2369 890 2393 ’1

69 2415 143 2437 tuere
161 2415 241 2445 atque
259 2410 366 2436 horrere
383 2410 493 2440 dehent,
520 2418 612 2435 verum
631 2410 710 2436 etiam
730 2415 758 2436 ut
772 2410 865 2444 spoliis
889 2418 890 2425 ¹

71 2446 144 2474 Sexti
162 2447 249 2474 Roscii
268 2447 317 2474 hoe
340 2447 440 2473 iudicio
458 2447 540 2473 ornati
565 2447 689 2481 auctique
711 2447 867 2473 discedant?

70 2484 113 2511 lv.
133 2486 158 2511 9.
185 2485 231 2511 llis
249 2484 282 2510 de
301 2485 381 2510 rebus
400 2484 479 2510 tantis
499 2488 606 2519 tamque
624 2484 757 2510 atrocibus
779 2493 866 2519 neque
889 2504 890 2507 ,

70 2522 134 2548 satis
152 2530 195 2548 me
213 2522 352 2548 commode
364 2521 465 2553 dicere,
487 2530 572 2555 neque
591 2521 655 2547 satis
673 2522 789 2556 graviter
803 2530 866 2548 con—
889 2539 890 2552 ,

70 2559 161 2594 queri,
190 2567 276 2594 neque
294 2560 358 2586 satis
377 2558 459 2585 libere
477 2558 614 2585 vociferari
634 2567 712 2593 posse
734 2558 864 2593 intelligo.

70 2596 137 2623 Nam
156 2596 335 2623 commoditati
353 2596 506 2632 ingenium,
530 2596 652 2631 gravitati
675 2600 760 2627 actas,
786 2595 867 2622 liher-

71 2633 116 2660 tati
135 2638 253 2668 tempora
270 2638 334 2660 sunt
351 2633 552 2668 impedimento.
594 2634 650 2659 lluc
668 2633 769 2660 accedit
790 2642 866 2659 sum-

71 2678 133 2698 mus
147 2671 238 2703 timor,
257 2679 339 2706 quem
353 2671 420 2698 mihi
435 2675 527 2697 natura
541 2670 682 2706 pudorque
697 2679 774 2697 meus
791 2671 866 2697 attri—
888 2691 889 2696 ,

912 205 984 236 buit,
1005 210 1030 231 et
1044 209 1130 231 vestra
1144 205 1260 241 dignitas
1280 209 1306 231 et
1319 206 1360 231 vis
1374 204 1586 232 adversariorum
1601 212 1626 232 et
1641 207 1703 233 Sex.

911 243 998 269 Roscii
1018 243 1145 277 pericula.
1187 244 1228 269 ⁴0.
1250 242 1415 277 Quapropter
1433 251 1480 269 vos
1498 252 1543 270 oro
1561 248 1639 278 atque
1658 245 1706 270 ob-

912 288 998 311 secro,
1019 280 1136 311 iudices,
1158 284 1187 306 ut
1205 284 1301 306 attente
1320 280 1442 315 bonaque
1457 289 1519 306 cum
1534 281 1611 307 venia
1626 282 1704 307 verba

912 326 970 343 mea
989 317 1113 343 audiatis.
1153 318 1218 344 Fide
1236 318 1418 352 sapientiaque
1438 322 1523 343 vestra
1542 317 1626 344 fretus
1644 319 1706 353 plus

912 355 1000 381 oneris
1018 354 1130 385 sustuli,
1151 364 1233 389 quam
1253 354 1320 381 ferre
1335 363 1376 381 me
1392 363 1468 389 posse
1482 355 1612 391 intelligo.
1654 356 1707 382 Hoc

912 400 979 418 onus
993 392 1016 418 si
1032 401 1078 418 vos
1093 392 1182 427 aliqua
1197 401 1230 418 ex
1244 397 1316 426 parte
1330 392 1488 423 allevabitis,
1505 392 1596 423 feram,
1613 397 1643 419 ut
1660 402 1707 427 po—

912 434 975 460 tero,
993 429 1081 455 studio
1095 434 1120 455 et
1133 429 1272 460 industria,
1289 429 1404 456 iudices:
1421 430 1463 456 sin
1478 438 1491 455 a
1502 430 1577 456 vobis
1588 429 1625 465 (id
1635 430 1707 465 quod

912 475 964 492 non
979 466 1066 501 spero)
1080 466 1199 498 deserar,
1224 472 1311 493 tamen
1326 467 1414 493 animo
1428 476 1480 493 non
1494 467 1615 493 deficiam
1630 472 1656 494 et
1669 467 1705 498 id,

913 504 985 538 quod
999 505 1115 538 suscepi,
1129 504 1218 538 quoad
1232 510 1330 538 potero,
1348 504 1488 538 perferam.
1519 504 1595 536 Quod
1610 505 1632 530 si
1649 513 1708 539 per-

913 540 980 567 ferre
1002 550 1055 567 non
1077 546 1181 576 potero,
1209 542 1325 575 opprimi
1350 550 1390 567 me
1414 550 1492 567 onere
1517 541 1600 568 oflicii
1626 542 1705 572 malo,

913 587 994 612 quam
1012 578 1053 609 id,
1073 578 1146 613 quod
1165 578 1231 604 mihi
1245 587 1306 604 cum
1326 578 1376 604 [ide
1390 578 1472 604 semel
1488 580 1643 613 impositum
1657 584 1705 610 est,

914 621 958 642 aut
977 620 1083 650 propter
1102 615 1240 650 perfidiam
1259 616 1371 641 abiicere
1390 620 1435 642 aut
1449 621 1554 650 propter
1568 616 1709 643 iufirmita-

913 657 966 679 tem
985 653 1067 679 animi
1081 653 1222 687 deponere.
1265 654 1305 678 ll.
1328 653 1363 678 Te
1379 662 1485 688 quoque
1504 662 1600 689 magno
1619 662 1705 688 opere,

914 690 949 716 M.
965 690 1062 720 Fanni,
1083 698 1196 724 quaeso,
1216 694 1259 721 ut,
1280 690 1387 724 qualem
1407 695 1430 716 te
1449 692 1501 716 iam
1520 696 1594 717 antea
1610 691 1709 725 populo

913 727 1031 753 Romano
1049 727 1210 762 praebuisti,
1230 736 1315 762 quum
1335 727 1398 753 huic
1417 728 1488 753 idem
1502 729 1651 762 quaestioni
1666 730 1709 755 111-

914 764 966 791 dex
984 773 1134 799 praeesses,
1155 765 1234 790 talem
1253 769 1277 791 te
1296 769 1321 790 et
1339 765 1416 791 nohis
1435 769 1460 791 et
1478 766 1577 800 populo
1592 766 1709 792 Romano

914 802 964 828 hoc
981 807 1099 837 tempore
1118 803 1264 837 impertias.
1305 802 1336 829 V.
1362 802 1465 834 Quanta
1491 803 1636 829 multitudo
1662 803 1709 830 110-

914 840 1019 866 minum
1037 840 1191 866 convenerit
1204 839 1237 865 ad
1251 840 1300 865 hoc
1314 839 1459 871 iudicium,
1480 840 1570 866 vides:
1593 849 1661 874 quae
1675 842 1710 866 sit

914 878 1035 903 omnium
1054 877 1206 903 mortalium
1224 877 1398 911 exspectatio,
1427 886 1495 912 quae
1513 878 1659 911 cupiditas,
1681 883 1710 904 ut

914 915 984 940 aeria
998 923 1027 941 ac
1041 923 1132 941 severa
1146 914 1245 940 iudicia
1259 914 1330 945 fiant,
1347 914 1486 950 intelligis.
1526 915 1615 950 Longo
1629 915 1710 941 inter-

914 952 985 978 vallo
1001 952 1134 978 iudicium
1151 953 1220 978 inter
1238 952 1347 978 sicarios
1367 952 1415 978 hoc
1435 952 1553 986 primum
1567 953 1710 978 committi-

915 993 970 1021 tur,
992 999 1077 1025 quum
1100 990 1199 1016 interea
1221 989 1315 1016 caedes
1338 989 1542 1025 indignissimae
1565 990 1711 1016 maximae—

915 1036 968 1062 que
987 1027 1069 1054 factae
1087 1027 1150 1053 sint.
1191 1026 1290 1053 Omnes
1310 1027 1377 1052 hanc
1390 1027 1573 1061 quaestionem
1593 1031 1617 1052 te
1636 1036 1712 1061 prae*

915 1069 970 1091 tore
984 1064 1017 1091 de
1031 1064 1181 1091 manifestis
1199 1064 1338 1090 maleficiis
1352 1064 1561 1099 quotidianoque
1580 1065 1710 1099 sanguine

915 1102 988 1128 haud
1005 1103 1145 1128 remissius
1163 1106 1271 1136 sperant
1293 1101 1420 1128 futuram.
1471 1103 1510 1128 12.
1533 1101 1590 1133 Qua
1613 1101 1711 1128 vocife—

915 1140 1015 1166 ratione
1033 1140 1060 1166 in
1081 1139 1174 1165 ceteris
1193 1139 1302 1165 iudiciis
1320 1143 1484 1165 accusatores
1503 1140 1542 1165 uti
1564 1148 1711 1165 consueve—

915 1181 990 1208 runt,
1011 1185 1040 1203 ea
1054 1186 1102 1203 nos
1117 1177 1166 1203 hoc
1181 1181 1298 1211 tempore
1313 1177 1426 1207 utimur,
1447 1177 1494 1211 qui
1508 1185 1630 1202 caussam
1645 1176 1711 1202 dici-

916 1223 987 1240 mus.
1010 1215 1129 1241 Petimus
1144 1214 1236 1245 abste,
1252 1214 1287 1240 M.
1304 1214 1396 1245 Fanni,
1413 1223 1427 1240 a
1442 1214 1581 1248 vobisque,
1597 1214 1709 1245 iudices,

915 1256 945 1278 ut
958 1261 1039 1287 quam
1054 1252 1180 1278 acerrime
1194 1251 1323 1277 maleficia
1339 1251 1494 1282 vindicetis,
1515 1256 1544 1277 ut
1558 1260 1639 1286 quam
1660 1251 1712 1277 for-

916 1290 1019 1316 tissime
1045 1289 1200 1316 hominibus
1227 1288 1413 1315 audacissimis
1440 1289 1582 1320 resistatis,
1611 1293 1640 1315 ut
1663 1289 1712 1315 hoc

915 1327 1049 1362 cogitetis,
1071 1327 1123 1353 nisi
1141 1327 1169 1353 in
1188 1326 1237 1353 hac
1254 1335 1363 1357 caussa,
1383 1327 1431 1361 qui
1446 1331 1533 1352 vester
1546 1327 1652 1352 animus
1666 1327 1709 1356 sit,

915 1364 1097 1395 ostenderitis,
1126 1373 1156 1390 eo
1183 1372 1357 1398 prorumpere
1379 1364 1519 1390 hominum
1538 1363 1710 1398 cupiditatem

916 1406 941 1427 et
959 1401 1047 1427 scelus
1064 1406 1089 1428 et
1107 1401 1259 1432 audaciam,
1288 1406 1318 1427 ut
1340 1410 1392 1427 non
1415 1401 1493 1427 modo
1511 1400 1592 1432 clam,
1618 1409 1711 1427 verum

916 1438 995 1465 etiam
1010 1438 1053 1464 hic
1067 1439 1095 1465 in
1110 1438 1165 1464 foro
1179 1443 1239 1464 ante
1253 1438 1369 1464 tribunal
1385 1443 1470 1468 tuum,
1491 1438 1526 1464 M.
1543 1438 1635 1469 Fanni,
1652 1443 1712 1464 ante

916 1476 997 1511 pedes
1007 1480 1119 1507 vestros,
1136 1475 1248 1507 iudices,
1263 1476 1333 1502 inter
1347 1476 1403 1510 ipsa
1418 1475 1546 1501 subsellia
1561 1475 1654 1501 caedes
1670 1475 1712 1501 fu-

917 1518 992 1540 turae
1005 1514 1069 1539 sint.
1102 1515 1142 1539 13.
1162 1513 1267 1539 Etenim
1281 1513 1347 1547 quid
1362 1512 1436 1538 aliud
1451 1513 1500 1538 hoe
1514 1512 1613 1539 iudicio
1628 1517 1713 1538 tenta-

917 1555 972 1582 tur,
994 1551 1045 1576 nisi
1060 1554 1089 1577 ut
1103 1550 1130 1577 id
1145 1550 1200 1576 fleri
1216 1550 1309 1576 liceat‘?
1328 1550 1461 1576 accusant
1473 1550 1504 1581 ii,
1525 1550 1572 1584 qui
1588 1550 1614 1576 in
1629 1549 1712 1576 fortu-

917 1597 964 1614 nas
983 1588 1065 1614 huius
1083 1589 1254 1614 invaserunt:
1276 1596 1398 1613 caussam
1413 1587 1477 1613 dicit
1492 1588 1528 1618 is,
1552 1588 1595 1613 cui
1611 1592 1713 1622 praeter

916 1625 1092 1652 calamitatem
1112 1625 1179 1651 nihil
1198 1625 1377 1660 reliquerunt:
1405 1629 1530 1650 accusant
1552 1625 1585 1655 ii,
1611 1625 1712 1659 quibus

917 1663 1001 1689 occidi
1020 1667 1121 1697 patrem
1141 1662 1203 1688 Sex.
1223 1663 1310 1688 Roscii
1330 1662 1398 1688 hono
1422 1661 1484 1688 suit:
1507 1670 1629 1688 caussam
1649 1662 1713 1688 dicit

917 1701 954 1731 is,
974 1700 1018 1726 cui
1038 1709 1089 1726 non
1105 1700 1183 1726 modo
1198 1699 1299 1726 luctum
1314 1708 1384 1725 mors
1400 1700 1482 1734 patris
1496 1699 1596 1730 attulit,
1620 1708 1712 1725 verum

917 1738 996 1764 etiam
1011 1742 1169 1773 egestatem:
1193 1741 1317 1763 accusant
1331 1737 1363 1767 ii,
1379 1738 1427 1771 qui
1443 1737 1513 1763 hunc
1528 1737 1617 1771 ipsum
1632 1737 1714 1772 iugu-

918 1775 971 1801 lare
989 1783 1094 1801 summe
1112 1775 1267 1809 cupierunt:
1290 1783 1412 1800 caussam
1432 1774 1496 1800 dicit
1514 1774 1550 1805 is,
1572 1775 1619 1809 qui
1633 1775 1712 1800 etiam

918 1813 950 1839 ad
970 1812 1018 1839 hoe
1037 1813 1127 1847 ipsum
1147 1811 1278 1838 iudicium
1292 1820 1354 1838 cum
1370 1811 1503 1846 pracsidio
1518 1812 1602 1842 venit,
1624 1820 1656 1837 nc
1671 1811 1713 1838 hic

917 1850 1018 1876 ibidem
1033 1854 1092 1876 ante
1106 1849 1197 1876 oculos
1211 1854 1313 1875 vestros
1329 1848 1488 1875 trucidetur:
1505 1848 1621 1883 denique
1636 1857 1714 1875 accu-

918 1892 977 1914 sant
994 1888 1027 1919 ii,
1048 1895 1117 1922 quos
1135 1886 1253 1922 populus
1272 1887 1370 1921 poscit:
1392 1894 1515 1912 caussam
1530 1886 1594 1912 dicit
1609 1887 1645 1917 is,
1666 1887 1713 1921 qui

917 1933 989 1951 unus
1003 1924 1112 1951 relictus
1126 1933 1159 1951 ex
1175 1924 1281 1950 illorum
1297 1923 1395 1950 nefaria
1409 1923 1488 1950 caede
1503 1928 1591 1949 restat.
1617 1924 1655 1950 14.
1668 1924 1714 1950 Αι-

917 1971 971 1997 que
985 1966 1014 1988 ut
1028 1961 1134 1988 facilius
1148 1961 1297 1997 intelligere
1311 1961 1432 1996 possitis,
1454 1960 1570 1992 iudices,
1587 1970 1628 1991 ea,
1645 1970 1714 1995 quae

918 1999 985 2026 facta
999 2004 1071 2030 sunt,
1088 1999 1239 2034 indigniora
1253 2007 1320 2029 esse,
1337 2007 1418 2033 quam
1434 1998 1498 2024 haec
1511 2003 1583 2028 sunt,
1594 2007 1662 2033 quac
1673 1998 1714 2024 di-

917 2037 1018 2063 cimus:
1041 2037 1073 2063 ab
1091 2037 1168 2063 initio
1182 2045 1223 2062 res
1237 2035 1465 2071 quemadmodum
1480 2040 1555 2071 gesta
1569 2036 1616 2067 sit,
1638 2036 1713 2062 vohis

917 2083 1097 2109 exponemus:
1120 2083 1173 2109 quo
1189 2073 1294 2100 facilius
1308 2078 1333 2100 et
1352 2073 1434 2099 huius
1453 2073 1569 2099 hominis
1587 2074 1714 2099 innocen-

918 2111 1015 2138 tissimi
1031 2111 1152 2137 miserias
1166 2115 1191 2137 et
1205 2111 1312 2137 illorum
1327 2110 1465 2137 audaciam
1479 2119 1637 2146 cognoscere
1652 2119 1714 2145 pos—

917 2149 976 2176 sitis
991 2153 1017 2175 et
1030 2148 1193 2183 reipublicae
1207 2148 1393 2174 calamitatem.

973 2187 1016 2213 Vl.
1039 2187 1078 2212 15.
1101 2186 1164 2212 Sex.
1185 2186 1310 2217 Roscius,
1332 2190 1405 2220 pater
1423 2185 1548 2216 huiusce,
1574 2185 1713 2219 municeps

917 2223 1060 2250 Amerinus
1075 2223 1139 2254 fuit,
1159 2231 1245 2258 quum
1259 2231 1356 2258 genere
1370 2227 1395 2248 et
1410 2222 1546 2248 nobilitate
1561 2227 1585 2248 et
1602 2222 1712 2256 pecunia

919 2270 969 2288 non
985 2260 1064 2287 modo
1077 2261 1118 2287 sui
1134 2261 1285 2294 municipii,
1299 2268 1392 2286 verum
1407 2260 1485 2285 ctiam
1500 2260 1558 2285 cius
1570 2260 1714 2285 vicinitatis

918 2297 995 2324 facile
1010 2298 1127 2332 primus,
1149 2301 1205 2323 tum
1219 2297 1303 2332 gratia
1317 2301 1396 2331 atque
1413 2296 1536 2331 hospitiis
1552 2295 1647 2322 florens
1667 2296 1714 2322 110-

918 2336 1022 2361 minum
1037 2334 1276 2361 nobilissimorum.
1318 2334 1383 2360 Nam
1399 2342 1461 2360 cum
1477 2333 1602 2363 Metellis,
1624 2333 1714 2360 Servi-

919 2373 971 2402 liis,
988 2372 1161 2406 Scipionibus
1175 2375 1229 2397 erat
1243 2372 1266 2397 ci
1282 2380 1332 2397 11011
1349 2371 1426 2397 1110110
1442 2370 1602 2405 hospitium,
1620 2379 1712 2397 verum

917 2410 996 2435 ctiam
1015 2409 1179 2435 domesticus
1199 2417 1265 2434 usus
1284 2413 1309 2434 et
1327 2407 1505 2434 consuetudo:
1528 2416 1596 2442 quas
1614 2409 1652 2443 (ut
1671 2417 1714 2435 ae-

917 2455 1002 2481 quum
1021 2446 1070 2480 est)
1090 2445 1203 2472 saniilias
1223 2446 1368 2472 honestatis
1387 2444 1627 2480 amplitmliuisque
1653 2455 1714 2481 grn-

919 2484 952 2510 tia
973 2484 1089 2510 nomino.
1131 2484 1221 2517 ltaque
1239 2491 1271 2509 ex
1290 2483 1348 2508 suis
1363 2482 1489 2508 omnihus
1502 2483 1650 2508 commodis
1665 2483 1713 2509 hoc

917 2520 1004 2547 solum
1016 2520 1069 2547 11110
1081 2519 1201 2554 reliquit:
1218 2529 1278 2545 nam
1291 2520 1478 2554 patrimonium
1489 2519 1627 2546 domestici
1639 2529 1714 2555 prac-

917 2558 999 2584 doncs
1014 2558 1040 2584 vi
1055 2562 1174 2592 creptum
1191 2557 1340 2591 possident:
1364 2556 1432 2582 11111111
1451 2562 1476 2582 ct
1494 2557 1547 2583 vita
1566 2558 1713 2584 iunoccutis

917 2595 950 2621 ab
965 2594 1116 2630 hospitibus
1131 2595 1279 2629 amicisque
1294 2595 1410 2628 paternis
1425 2593 1586 2620 defenditur.
1612 2597 1650 2621 16.
1667 2595 1713 2621 llic

917 2641 1002 2667 quum
1021 2632 1094 2658 omni
1115 2637 1231 2666 temporo
1251 2631 1398 2658 nobilitatis
1418 2630 1503 2658 fautor
1523 2631 1630 2662 fuisset,
1657 2638 1712 2658 tum

917 2670 966 2697 hoc
981 2669 1097 2697 tumultu
1110 2670 1241 2705 proximo,
1253 2678 1338 2704 quum
1349 2669 1469 2696 oninium
1481 2669 1612 2696 nobilium
1624 2670 1714 2704 digni-
