1941 3052
234 120 297 144 ⁴222

229 189 296 214 nori:
319 197 372 222 quo
393 187 460 213 nibil
478 185 668 220 prm-stantius:
694 183 818 218 impediri
837 184 908 208 enim
927 182 1022 208 bonam

231 235 285 253 rem
299 225 408 254 melius,
427 233 506 258 ιμιειιιι
518 221 628 248 concedi
642 221 735 246 malac.
778 220 848 246 xix,
869 219 946 252 Quod
962 228 1024 245 vero

229 267 325 289 ‹uctorm
343 262 420 287 iubeo
437 270 494 286 esse
509 261 639 292 fraudem,
657 258 682 284 id
700 262 782 284 tutum
799 257 857 283 dixi
874 265 907 283 ex
922 256 1021 287 Crassi.

229 299 422 334 sapientissimi
442 297 571 326 bominis,
593 295 737 321 sententia:
760 303 841 329 quem
857 299 898 320 est
915 299 1024 320 senatus

229 341 398 365 von-wvutus,
411 344 495 369 (suum
507 334 684 363 decrevisset,
701 333 729 358 C.
743 331 855 358 Claudio
868 330 980 357 consule
991 330 1024 356 de

229 375 257 400 (Ζ.
267 373 394 399 Carbonis
405 371 536 397 seditione
549 370 686 399 referente.
697 369 780 395 invito
791 377 830 398 eo,
843 369 964 403 quicum
977 376 1024 402 po-

230 411 293 446 pulo
304 414 401 442 agi-ret,
415 409 574 434 seditionem
587 416 637 433 non
651 415 728 441 posse
741 406 807 436 sieri,
821 407 923 440 quippe
934 406 978 431 cui
992 405 1024 430 li-

228 453 285 473 ceat
305 446 463 476 concilium,
486 444 650 479 simulatque
670 445 845 470 intercessum
867 443 1023 477 turbatique

227 489 350 518 coi-ptum
368 484 415 513 sit,
433 483 577 509 dimittere.
618 481 694 514 Quod
711 482 758 516 qui
771 485 921 515 permovet.
938 488 1023 515 quum

227 523 270 555 agi
290 520 357 547 nibil
379 525 476 555 potest,
501 520 555 545 vim
577 520 690 554 quaerit.
731 518 815 545 Cuius
836 518 1023 552 impunitatem

227 558 325 586 amittit
337 559 385 584 bac
399 557 465 593 lege.
506 557 636 591 Sequitur
648 555 730 582 illud:
754 556 958 582 {araneasson
975 563 1023 580 κει

227 604 324 623 „inest
346 604 507 621 SALUTARIS
530 603 609 620 civis
633 602 711 619 asro.
753 594 794 619 43.
815 592 882 624 Quis
899 601 949 618 non
966 596 1024 618 stu-

227 634 301 660 diose
313 632 478 667 reipublicae
490 631 660 661 subvenerit,
685 630 732 656 liae
745 635 796 656 tam
809 629 942 664 praeclara
957 629 1023 663 legis

228 679 291 696 voce
305 668 446 697 laudatus‘.>
459 669 527 695 Sunt
538 668 636 694 deinde
647 668 731 702 posita
743 667 880 702 deinceps.
894 675 963 702 quae
976 666 1024 692 ba-

227 709 322 734 bemus
333 708 413 734 etiam
427 707 452 732 in
466 705 584 741 publicis
596 706 725 732 institutis
737 710 816 740 atque
828 704 949 739 legibus:
971 713 1024 729 Λυ-

225 755 322 771 svicm
349 753 515 774 sznvmro,
542 752 650 770 lincunt
677 752 818 768 musmo.
859 742 906 768 Est
934 745 1022 768 autem

226 783 289 809 boni
313 782 438 817 auguris,
466 781 636 811 meminisse,
663 788 691 806 se
711 780 837 806 maximis
858 778 1022 814 reipublicae

226 819 394 855 temporibus
408 823 512 853 praesto
524 827 582 844 esse
597 817 709 849 debere;
728 817 838 851 Iovique
853 817 954 851 optimo
966 825 1023 842 ma-

227 858 299 884 ximo
310 865 338 883 se
349 856 533 883 consiliarium
546 860 625 890 atque
637 854 826 880 administrum
838 854 940 884 datum,
951 854 1023 880 utsi-

226 895 253 921 bi
268 904 321 924 eos,
336 902 403 928 quos
417 894 442 919 in
455 893 576 928 auspicio
587 901 646 919 esse
661 893 782 924 iusserit3
801 891 922 926 caelique
935 895 1023 925 partes

225 932 279 958 sibi
291 931 414 957 delinitas
425 939 484 956 esse
497 930 615 960 traditas.
631 929 664 956 de
675 929 777 964 quibus
788 937 867 963 saepe
879 937 956 963 opem
971 927 1023 954 fer-

224 978 252 996 re
265 969 359 1004 possit.
401 967 501 994 Deinde
512 968 544 994 de
558 967 786 1002 promulgatione.
808 966 840 992 de
852 965 969 1001 singuiis
982 974 1023 991 re-

226 1007 277 1033 bus
293 1005 419 1041 agendis.
442 1005 475 1032 de
492 1006 604 1039 privatis
619 1004 856 1039 niagistratibusve
867 1003 1021 1029 audiendis.

225 1045 267 1070 44.
289 1044 356 1070 Tum
375 1042 446 1078 leges
463 1042 692 1077 praeclarissimae
707 1041 739 1067 de
750 1050 788 1067 xu
804 1040 903 1067 tabulis
915 1040 1022 1066 tralatae

224 1081 307 1107 duae:
330 1089 445 1115 quarum
457 1080 538 1106 altera
551 1079 692 1114 privilegia
705 1078 786 1109 tollit,
799 1078 879 1104 altera
892 1077 924 1103 de
936 1078 1022 1112 capite

224 1119 293 1145 civis
306 1118 406 1153 rogari,
425 1118 477 1143 nisi
492 1118 610 1143 maximo
621 1117 772 1146 cominatu„
791 1120 870 1141 vetat.
912 1115 944 1141 Et
955 1123 1022 1141 non-

224 1155 289 1182 dum
303 1156 371 1181 natis
380 1156 389 1166 ’
402 1154 538 1181 seditiosis
549 1154 664 1180 tribunis
676 1153 772 1188 plebis,
782 1161 814 1178 ne
825 1153 948 1187 cogitatis
959 1152 1022 1187 qui-

223 1192 299 1222 deni,
314 1192 516 1222 admirandum,
531 1196 632 1218 tantum
646 1191 759 1217 maiores
771 1191 798 1216 in
811 1195 947 1224 posterum
960 1197 1022 1224 pro-

224 1230 340 1256 vidisse:
364 1230 390 1255 in
407 1230 497 1263 privos
514 1229 636 1255 homines
652 1228 724 1263 leges
739 1227 802 1253 ferri
814 1227 971 1253 noluerunt:
995 1226 1022 1252 id

223 1272 263 1293 cst
276 1267 347 1292 enini
360 1266 549 1301 privilegium:
572 1274 626 1301 quo
641 1265 708 1300 quid
722 1270 762 1291 est
774 1263 920 1290 iniustius?
935 1272 1021 1299 quum

224 1304 291 1339 legis
307 1304 371 1329 haec
383 1304 425 1329 vis
436 1304 484 1335 sit,
504 1308 532 1330 ut
543 1303 595 1330 sit*
607 1304 705 1329 scitum
717 1307 742 1329 et
753 1303 859 1328 iussum
871 1303 898 1328 in
910 1300 1022 1328 omues?

223 1341 296 1367 Ferri
312 1341 344 1367 de
360 1340 477 1376 singulis
493 1341 545 1367 nisi
562 1341 719 1367 centuriatis
733 1340 851 1366 comitiis
866 1338 1019 1365 noluerunt.

221 1379 376 1413 Descriptus
388 1379 460 1404 enim
473 1377 590 1412 populus
601 1387 698 1408 censu,
715 1377 871 1409 ordinibus,
888 1376 1020 1404 aetatibus

222 1416 283 1451 plus
295 1415 447 1443 adbibetad
461 1416 620 1452 suffragium
632 1415 749 1447 consilii,
763 1424 844 1451 quam
859 1415 919 1442 fuse
934 1424 960 1442 in
973 1416 1021 1442 tri-

223 1455 273 1480 bus
285 1459 456 1480 convocatus.
498 1455 538 1480 45.
561 1454 619 1486 Quo
631 1455 721 1480 verius
734 1455 761 1480 in
772 1458 860 1480 nostra
871 1462 966 1480 caussa
979 1453 1021 1479 vir

223 1500 318 1527 niagno
330 1491 457 1526 ingenio*
468 1500 629 1526 summaque
641 1491 793 1526 prudentia,
807 1491 835 1517 L.
849 1490 932 1521 Cotta,
946 1490 1021 1517 dice—

221 1528 278 1558 bat,
296 1529 485 1555 nihilomnino
496 1534 584 1555 actum
596 1538 655 1555 esse
667 1529 699 1555 de
711 1529 803 1554 nobis:
822 1533 932 1563 vpraeter
947 1528 1019 1554 enim

221 1574 302 1601 quam
317 1566 389 1601 quod
401 1567 509 1593 comitia
522 1566 567 1592 illa
579 1571 668 1593 essent
679 1567 761 1593 armis
773 1571 847 1601 gesta
859 1565 1018 1596 servilibus,

220 1608 354 1638 praeterea
367 1612 455 1638 neque
467 1604 565 1630 tributa
577 1605 673 1638 capitis
684 1604 792 1630 comitia
804 1608 923 1629 rataesse
930 1611 1018 1638 posse,

221 1649 308 1675 neque
320 1641 373 1667 ulla
388 1641 540 1677 privilegii:
563 1642 689 1676 quocirca
705 1640 773 1667 nihil
790 1641 868 1667 nobis
880 1649 948 1675 opus
960 1648 1020 1666 esse

222 1677 294 1713 lege,
317 1678 349 1704 de
365 1679 466 1713 quibus
486 1678 680 1705 nihilomnino
699 1683 787 1705 actum
808 1683 880 1704 esset
901 1677 1018 1713 legibuS.

220 1715 273 1741 Sed
286 1716 375 1741 visum
388 1720 427 1742 est
438 1720 463 1742 et
474 1716 552 1742 nobis
563 1721 589 1742 et
602 1715 762 1742 clarissimis
777 1716 843 1742 viris
858 1715 970 1746 melius,
986 1714 1020 1741 de

219 1761 274 1787 quo
285 1754 357 1779 servi
368 1758 393 1779 et
406 1753 519 1779 latrones
534 1754 650 1780 scivisse
664 1762 693 1779 se
709 1753 813 1788 aliquid
829 1753 963 1783 dicerent,
986 1752 1020 1778 de

220 1790 270 1816 hoc
280 1790 375 1816 eodem
386 1795 510 1817 cunctam
522 1790 634 1822 ltaliam,
648 1791 715 1825 quid
726 1791 847 1821 sentiret,
860 1789 1009 1817 ostendere.

275 1827 337 1854 XX.
360 1829 400 1854 46.
425 1828 583 1863 Sequuntur
597 1828 629 1855 de
645 1829 732 1863 captis
746 1828 870 1862 pecuniis
882 1827 950 1854 etde
961 1836 1020 1853 am-

219 1864 277 1891 bitu
290 1864 374 1900 leges.
414 1865 488 1897 Quae
499 1874 585 1900 quum
597 1866 684 1901 magis
696 1865 819 1895 iudiciis.
834 1873 916 1900 quam
928 1864 1019 1890 verbis

218 1902 362 1928 sancienda
374 1903 437 1934 sint,
451 1903 618 1938 adiungitur,
632 1911 738 1929 noxias
757 1911 849 1928 rossa
865 1912 918 1928 ran
934 1911 1016 1931 ssro.

220 1944 248 1966 ut
260 1940 286 1965 in
297 1948 346 1966 suo
362 1940 427 1966 vitio
438 1941 556 1974 quisque
568 1939 712 1974 plectatur:
737 1940 779 1965 vis
790 1940 890 1974 capite,
907 1939 1019 1965 avaritia

219 1976 332 2006 mulcta,
350 1976 459 2003 honoris
470 1977 606 2011 cupiditas
619 1977 767 2012 ignominia
778 1978 924 2003 sanciatur.
964 1976 1019 2002 Ex-

219 2018 317 2040 tremae
329 2013 401 2049 leges
413 2019 476 2040 sunt
487 2014 565 2040 nobis
576 2023 629 2041 non
644 2015 770 2045 usitatae.
794 2014 960 2048 reipublicae
972 2022 1019 2040 ne-

217 2051 360 2077 cessariae.
402 2052 505 2087 Legum
516 2051 667 2078 custodiam
678 2051 781 2078 nullam
794 2051 936 2077 habemus.
968 2052 1019 2077 Ita-

217 2097 271 2123 que
283 2088 332 2114 hae
345 2087 418 2124 leges
429 2093 505 2120 sunt,
528 2097 596 2123 quas
607 2089 773 2124 apparitores
785 2089 868 2115 nostri
881 2088 987 2115 volunt:
1004 2097 1018 2115 a

218 2125 336 2152 librariis
353 2127 484 2160 petimus,
508 2126 627 2161 publicis
643 2127 739 2153 litteris
755 2127 940 2161 consignatam
961 2134 1019 2152 me-

218 2164 330 2189 moriam
341 2163 479 2197 publicam
492 2163 594 2190 nullam
607 2164 750 2190 habemus.
785 2164 880 2190 Graeci
892 2163 942 2190 hoc
953 2163 1019 2190 dili-

217 2201 339 2235 gentius,
358 2201 429 2235 apud
441 2209 509 2235 quos
521 2201 702 2236 νομοφύλακες
712 2206 850 2227 creantur:
874 2209 922 2227 nec
934 2201 962 2227 hi
973 2209 1018 2227 so-

219 2236 274 2263 luni
291 2237 391 2264 litteras
406 2238 478 2272 (nam
495 2238 523 2264 id
538 2238 651 2273 quidem
667 2239 748 2265 etiam
759 2238 832 2273 apud
843 2239 958 2265 maiores
969 2246 1018 2264 no-

218 2279 286 2300 stros
301 2275 375 2310 erat),
391 2275 439 2301 sed
451 2275 531 2302 etiam
548 2275 616 2302 sacta
631 2276 773 2302 hominum
788 2275 970 2302 observabant
984 2275 1017 2301 ad

220 2310 346 2346 legesque
362 2313 533 2339 revocabant.
574 2314 615 2339 47.
638 2314 708 2339 Haec
722 2313 801 2339 detur
815 2321 879 2339 cura
897 2314 1018 2339 censori-

219 2347 283 2375 bus:
297 2350 518 2384 quandoquidem
529 2359 574 2377 eos
587 2351 613 2377 in
626 2350 765 2385 republica
777 2358 884 2384 semper
891 2350 1017 2377 volumus

219 2393 286 2412 esse.
327 2387 406 2421 Apud
418 2387 541 2418 eosdem,
559 2388 607 2422 qui
619 2388 777 2423 magistratu
789 2387 919 2419 abierint,
937 2387 1018 2414 edant

219 2427 245 2447 et
254 2429 400 2457 exponant,
422 2425 490 2459 quid
504 2426 532 2451 in
544 2426 701 2461 magistratu
712 2425 859 2460 gesserint:
883 2425 971 2460 deque
982 2425 1017 2451 iis

219 2466 341 2486 censores
364 2462 558 2496 praeiudicant.
599 2463 653 2489 Hoc
668 2463 696 2489 in
712 2462 824 2489 Graecia
843 2461 884 2493 fit,
906 2462 1017 2497 publice

219 2497 369 2524 constitutis
390 2499 601 2526 accusatoribus.
641 2499 694 2532 Qui
715 2499 827 2534 quidem
842 2507 939 2535 graves
957 2508 1016 2526 esse

220 2540 272 2573 non
284 2540 403 2567 possunt,
417 2537 469 2562 nisi
481 2537 536 2563 sint
547 2537 702 2563 voluntarii.
724 2536 855 2569 Quocirca
866 2537 964 2563 melius
976 2541 1016 2563 est

221 2573 334 2596 rationes
346 2571 437 2600 referri
446 2583 624 2610 caussamque
635 2575 735 2610 exponi
750 2574 923 2602 censoribus:
946 2575 1016 2601 inte-

929 2659 1032 2670 -ςο

416 118 471 142 ⁴:12.
501 116 533 141 M.
557 116 586 141 Ἰ“,
610 114 735 140 (.Ι(ΣΙ·;Ι(.
759 113 804 138 ΗΕ
827 112 990 138 LEGIBUS
1012 111 1260 138 Ltn.111.c.tt‘.
1286 113 1324 140 49.
1347 113 1388 138 20.
1421 112 1676 139 FRAGMENTA.

1076 191 1150 217 gram
1163 186 1250 208 tamen
1264 181 1349 217 legem
1362 184 1508 209 accusatori
1521 183 1675 218 iudicioque
1687 184 1799 211 servari.
1819 184 1872 211 Sed

1076 220 1140 245 satis
1158 219 1209 244 iam
1226 218 1393 253 disputatum
1409 224 1449 246 est
1459 219 1493 246 de
1510 221 1725 256 magistratibus.
1742 222 1795 248 nisi
1808 221 1873 249 forte

1076 256 1142 292 quid
1155 256 1324 282 desideratis.

1131 294 1198 320 Αττ.
1220 292 1310 325 Quid?
1320 293 1342 319 si
1355 302 1402 319 nos
1414 298 1542 323 tacemus.
1557 294 1630 321 locus
1643 295 1700 329 ipse
1715 304 1766 322 non
1779 295 1875 322 admo-

1078 335 1134 360 net.
1151 330 1217 365 quid
1235 331 1284 356 tibi
1301 331 1336 357 sit
1350 330 1447 357 deinde
1462 330 1627 358 dicendum?
1646 332 1680 358 M.
1699 333 1820 359 mihine?
1839 334 1874 359 de

1079 368 1187 394 iudiciis
1198 368 1320 397 arbitror.
1335 368 1478 402 Pomponi:
1500 369 1527 394 id
1543 374 1583 395 est
1597 370 1669 395 enirn
1682 370 1803 396 iunctum
1816 379 1874 396 ma-

1076 405 1244 440 gistratibus.
1287 406 1327 431 108.
1344 405 1411 432 An.
1427 405 1516 437 Quid‘?
1530 405 1563 432 de
1577 406 1633 432 iure
1645 407 1737 442 populi
1750 408 1871 438 Romani.

1076 442 1306 478 quemadmodum
1320 443 1469 473 instituisti,
1482 442 1628 469 dicendum
1639 444 1707 470 nibil
1719 445 1816 479 putas?
1836 445 1872 471 M.

1076 480 1146 512 Quid
1159 479 1266 506 tandem
1280 480 1328 506 hoc
1341 479 1397 506 loco
1407 485 1456 510 est.
1470 480 1541 515 quod
1554 480 1694 515 requiras?
1712 482 1780 508 An.
1804 482 1873 517 Ego-

1077 517 1128 544 ne?
1141 517 1213 552 quod
1227 518 1343 552 ignorari
1355 517 1388 543 ab
1401 518 1447 547 iis.
1465 518 1513 552 qui
1531 518 1556 544 in
1572 518 1709 552 republica
1722 524 1871 551 versantur,

1077 555 1265 590 turpissimum
1282 559 1356 589 puto.
1397 555 1478 585 Nam.
1497 560 1525 581 ut
1540 554 1618 581 modo
1633 564 1646 581 a
1664 560 1688 582 te
1704 555 1806 582 dictum
1822 562 1871 587 est.

1077 592 1149 628 leges
1165 602 1178 618 a
1196 592 1313 618 librariis
1330 591 1402 627 lego:
1425 592 1464 618 sic
1479 592 1676 623 animadverto,
1701 601 1824 628 quosque
1846 594 1872 620 in

1076 629 1279 665 magistratibus
1300 630 1465 665 ignoratione
1487 630 1554 656 iuris
1573 630 1617 656 sui
1643 635 1745 657 tantum
1766 639 1871 665 sapere,

1075 673 1206 703 quantum
1218 668 1382 702 apparitores
1395 666 1488 693 velint.
1528 666 1723 699 Quamobrem.
1741 668 1764 694 si
1780 667 1814 694 de
1829 676 1874 694 sa-

1075 714 1180 731 crorum
1196 704 1356 731 alienatione
1367 703 1512 730 dicendum
1525 705 1634 739 putasti.
1647 706 1775 739 quoniam
1787 704 1820 731 de
1831 713 1874 731 re·

1077 742 1175 777 ligione
1189 742 1260 777 teges
1272 750 1462 777 proposueras:
1476 741 1629 768 faciendum
1642 742 1691 769 tibi
1702 747 1750 772 est.
1764 747 1802 772 ut.
1817 751 1874 768 ma-

1075 780 1233 814 gistratibus
1246 779 1303 815 lege
1314 779 1481 809 constitutis,
1499 778 1532 805 de
1543 784 1684 813 potestate.
1702 785 1758 806 tum
1770 779 1804 805 de
1816 780 1873 806 iure

1075 817 1207 851 disputes.
1249 817 1290 843 49.
1312 817 1346 842 M.
1370 816 1475 842 Faciam
1488 816 1618 846 breviter,
1640 817 1663 843 si
1679 818 1810 852 consequi
1825 825 1873 851 po-

1076 859 1162 880 tuero:
1187 863 1247 880 nam
1264 853 1388 888 pluribus
1405 853 1495 880 verbis
1510 855 1619 888 scripsit
1637 854 1669 880 ad
1682 860 1782 889 patrem
1795 859 1872 881 tuum

1076 892 1110 918 Μ.
1124 892 1216 918 Iunius
1228 891 1327 918 sodalis
1339 891 1433 925 perite.
1455 899 1514 917 meo
1524 891 1635 926 quidem
1649 892 1757 922 iudicio,
1771 897 1796 919 et
1809 890 1874 918 dili-

1074 934 1177 964 genter.
1217 931 1250 955 At
1261 929 1293 955 de
1306 930 1363 955 iure
1375 933 1484 955 naturae
1495 929 1611 964 cogitare
1623 937 1670 963 per
1681 938 1729 956 nos
1739 935 1819 964 atque
1830 929 1874 955 di-

1074 975 1133 992 cere
1148 966 1292 999 dehemus3
1315 965 1348 992 de
1365 966 1422 992 iure
1438 965 1532 1000 populi
1549 966 1674 997 Romani.
1696 975 1766 1001 quae
1781 966 1873 993 relicta

1075 1009 1137 1030 sunt
1149 1009 1173 1030 et
1184 1004 1288 1030 tradita.
1311 1003 1378 1029 Αττ.
1391 1003 1436 1030 Sic
1443 1002 1561 1038 profecto
1571 1012 1681 1030 censeo:
1693 1009 1719 1031 et
1731 1003 1758 1031 id
1770 1005 1870 1040 ipsum,

1074 1041 1146 1076 quod
1159 1041 1237 1072 dicis,
1251 1045 1387 1076 exspecto.

1285 1188 1664 1218 FRAGMENTA

1226 1259 1348 1285 LIBRI
1379 1260 1398 1286 I.
1430 1260 1479 1286 DE
1510 1258 1718 1287 LEGIBUS.

1130 1329 1206 1358 Sicut
1216 1339 1268 1358 nna
1280 1330 1426 1367 eademque
1439 1335 1531 1359 natura
1543 1330 1661 1358 mundus
1672 1329 1800 1358 omnibns
1811 1338 1873 1366 par-

1075 1368 1147 1396 tibus
1163 1371 1232 1396 inter
1247 1378 1275 1395 se
1291 1369 1504 1405 congruentibus
1519 1370 1643 1396 cohaeret
1658 1378 1688 1395 ac
1704 1369 1810 1399 nititur:
1833 1369 1872 1394 sic

1072 1416 1166 1433 omnes
1182 1407 1304 1434 homines
1321 1408 1390 1433 inter
1405 1415 1433 1433 se
1445 1412 1538 1433 natura
1549 1407 1654 1433 confusi
1671 1407 1802 1441 pravitate
1815 1405 1873 1432 dis-

1073 1445 1202 1475 sentiunt,
1212 1453 1260 1471 nec
1270 1453 1298 1471 se
1309 1444 1465 1480 intelligunt
1475 1452 1534 1470 esse
1545 1445 1760 1479 consanguineos
1771 1448 1796 1470 et
1806 1443 1873 1469 sub-

1073 1483 1155 1509 iectos
1166 1490 1260 1508 omnes
1271 1482 1324 1508 sub
1338 1490 1419 1508 unam
1432 1481 1609 1517 eamdemque
1624 1481 1748 1508 tutelam:
1762 1480 1834 1516 quod
1848 1481 1871 1507 si

1073 1524 1217 1551 teneretur,
1229 1519 1341 1546 deorum
1355 1518 1472 1553 protecto
1484 1519 1564 1545 vitam
1578 1519 1702 1545 homines
1714 1519 1845 1545 viverent.

1340 1556 1448 1577 (Laetam.
1458 1556 1494 1574 lib.
1505 1555 1531 1574 V.
1541 1561 1559 1574 c.
1570 1557 1599 1577 ε.)

1251 1619 1355 1645 LIBRI
1376 1619 1411 1645 11.
1436 1619 1482 1644 DE
1508 1618 1686 1645 LEGIBUS.

1128 1673 1256 1709 Magnum
1276 1673 1420 1708 audaxque
1439 1672 1585 1699 consilium
1607 1672 1719 1699 Graecia
1739 1672 1870 1706 suscepit,

1071 1710 1144 1744 quod
1156 1711 1323 1745 Cupidinum
1337 1715 1363 1737 et
1374 1712 1502 1736 Amorum
1518 1709 1663 1736 simulacra
1675 1710 1702 1736 in
1714 1709 1872 1745 Gymnasiis

1072 1753 1248 1774 consecravit.
1289 1756 1395 1778 (Luciam.
1406 1755 1442 1773 tib.
1453 1754 1470 1773 1.
1480 1759 1498 1773 c.
1509 1755 1550 1776 20.)

1254 1822 1359 1848 LIBRI
1378 1821 1410 1848 V.
1432 1821 1478 1848 DE
1502 1820 1682 1848 LEGIBUS.

1127 1876 1209 1902 Visne
1229 1877 1326 1912 igitur,
1348 1876 1477 1910 quoniam
1497 1874 1537 1901 sol
1557 1874 1711 1909 paullulum
1727 1883 1741 1901 a
1757 1874 1871 1901 meridie

1072 1913 1125 1939 iam
1135 1913 1258 1940 devexus
1270 1913 1386 1942 videtur,
1400 1921 1488 1948 neque
1499 1912 1565 1938 dum
1579 1912 1644 1938 satis
1655 1911 1689 1938 ab
1702 1911 1744 1938 his
1756 1912 1870 1938 novellis

1071 1950 1214 1977 arboribus
1229 1951 1317 1977 omnis
1334 1950 1377 1976 hic
1394 1950 1468 1976 loeus
1483 1954 1622 1984 opacatur,
1645 1948 1824 1976 descendatur
1837 1949 1871 1975 ad

1072 1988 1165 2019 Lirim.
1179 1997 1273 2023 eaque,
1286 1996 1356 2023 quae
1367 1992 1476 2018 restant,
1486 1987 1514 2013 in
1525 1986 1580 2013 illis
1591 1986 1715 2013 alnorum
1725 1987 1872 2014 umbracu-

1072 2025 1105 2051 lis
1117 2024 1331 2061 persequamur?
1369 2033 1471 2055 (Μαι-ου.
1482 2033 1518 2051 uu.
1528 2032 1565 2051 Vl.
1576 2032 1634 2053 c.«1.)

1093 2099 1353 2127 INCERTORUM
1374 2098 1576 2126 LIBRORUM
1595 2098 1642 2124 DE
1666 2097 1844 2125 LEGIBUS.

1127 2157 1151 2181 ⁴.
1173 2153 1401 2188 Gratulamurque
1416 2153 1508 2183 nobis,
1526 2153 1655 2188 quoniam
1671 2160 1743 2178 mors
1757 2156 1803 2178 aut
1813 2160 1870 2178 me-

1072 2192 1174 2222 liorem,
1188 2200 1270 2226 quam
1281 2192 1330 2226 qui
1341 2196 1381 2217 est
1392 2191 1419 2217 in
1431 2191 1495 2219 vita.
1509 2195 1554 2216 aut
1565 2194 1635 2216 certe
1647 2198 1699 2216 non
1711 2188 1869 2215 deteriorem

1070 2229 1182 2256 allatura
1194 2234 1234 2255 est
1244 2233 1354 2254 statum.
1392 2228 1458 2254 Nam
1470 2228 1529 2254 sine
1539 2235 1659 2262 corpore,
1672 2227 1762 2253 animo
1773 2226 1870 2261 vigen—

1071 2272 1104 2297 te,
1113 2267 1207 2293 divina
1219 2267 1273 2292 vita
1280 2270 1332 2297 est;
1346 2274 1428 2291 sensu
1440 2263 1867 2299 carentinihilprofectoestmali.

1326 2302 1432 2325 (Laetam.
1443 2302 1478 2320 lib.
1489 2302 1528 2320 m.
1539 2307 1556 2320 e.
1568 2302 1608 2323 19.)

1125 2348 1150 2372 ⁶2.
1174 2345 1238 2373 Octo
1252 2353 1351 2381 genera
1365 2353 1513 2380 poenarum
1529 2344 1557 2370 in
1568 2342 1688 2379 Legibus
1703 2350 1762 2368 esse
1773 2341 1869 2368 scribit

1070 2382 1190 2409 Tullius:
1206 2383 1350 2412 damnum.
1365 2381 1487 2413 vincula,
1500 2381 1625 2412 verbera,
1637 2379 1776 2407 talionem.
1790 2379 1868 2415 igno-

1070 2421 1192 2452 miniam,
1205 2419 1344 2450 exsilium,
1357 2424 1478 2449 mortem.
1492 2419 1660 2445 servitutem.

1266 2457 1388 2480 (Angustia.
1399 2456 1424 2474 de
1435 2456 1480 2474 Cir.
1491 2455 1524 2474 dei
1533 2455 1590 2473 XXI.
1600 2459 1618 2473 c.
1630 2454 1670 2475 11.)

1124 2501 1150 2526 3.
1174 2499 1262 2526 Cicero
1279 2502 1317 2525 ait
1331 2501 1357 2525 in
1374 2500 1448 2524 libris
1461 2498 1570 2530 Lequm:
1595 2495 1699 2530 stipem
1718 2495 1864 2530 prohibeo:

1069 2545 1130 2563 nam
1141 2541 1221 2572 auget
1231 2536 1451 2571 superstitionem
1464 2539 1490 2561 et
1499 2533 1624 2560 exhaurit
1637 2532 1740 2559 domos.
1771 2533 1866 2568 Dignis

1068 2575 1152 2610 igitur
1163 2573 1334 2610 largiendum
1345 2578 1395 2600 est.
1435 2579 1503 2603 (Serv.
1513 2579 1596 2598 maen.
1606 2577 1643 2597 vl.
1653 2583 1674 2597 v.
1684 2579 1738 2600 sn.)

1058 2659 1151 2669 c>—
