1941 3052
234 113 284 139 7532
812 111 853 136 ΒΞ.
886 109 920 135 Μ.

237 184 294 209 iunt
305 183 386 212 onim,
402 182 511 216 patriam
525 181 656 206 amicitiae
669 180 882 214 praeponendam
890 188 958 209 csse,
968 187 1029 214 pro—

236 221 297 247 imh·
310 229 339 245 ac
351 221 372 245 si
387 220 437 244 iani
453 219 572 247 vicerint,
585 218 687 243 obitum
700 218 758 243 eius
771 217 936 252 reipublicae
945 217 1028 242 suisne

236 258 340 284 mih-m.
367 256 418 281 Sed
436 263 486 280 non
503 264 580 289 agam
596 259 691 280 astute.
719 255 818 284 Fateor.
838 263 879 280 me
896 254 927 279 ntl
947 254 1028 280 istum

236 294 349 328 ⁴gradum
362 292 508 326 sapientiae
521 301 571 318 non
584 292 749 326 pervenisse.
773 292 863 326 Neque
879 292 950 317 enim
963 292 1029 317 Cae·

235 340 320 357 sarem
335 332 359 356 in
372 330 539 355 dissensione
551 329 824 361 civilisumsocutus,
844 329 1025 359 sedamicum,

235 375 399 403 quamquam
416 375 442 392 re
457 366 618 396 offendebar,
633 371 718 392 tamen
732 375 783 392 non
795 366 916 392 deserui:
941 374 1028 401 neque

235 404 336 431 bellum
354 411 482 438 umquam
493 403 584 434 civile,
598 403 732 430 autetiam
745 412 867 429 caussam
880 403 1028 429 dissensio-

235 443 276 468 nis
298 441 419 476 probavi,
437 448 518 475 quam
533 441 612 467 etiam
630 446 782 467 nascentem
799 441 936 476 exstingui
953 449 1028 467 sum-

235 488 276 505 me
291 478 394 504 studui.
423 479 512 512 ltaque
529 479 556 504 in
572 479 681 504 victoria
698 478 815 504 hominis
827 478 970 504 necessarii
982 487 1029 504 ne-

234 524 287 551 que
308 515 416 541 lionoris
437 523 523 550 neque
540 516 668 549 pecuniae
683 515 826 541 dulcedine
843 524 903 541 sum
918 520 1026 550 captus:

234 553 335 588 quilius
347 553 474 587 praemiis
486 552 592 587 reliqui,
607 553 696 579 minus
708 552 779 587 apud
791 561 863 583 eum,
875 561 956 587 quarn
968 561 1026 587 ego.

236 599 320 625 quum
342 594 459 624 possent,
478 590 652 616 immoderate
664 590 826 616 suntabusi.
850 590 935 625 Atque
947 591 1027 616 etiam
1057 608 1058 614 ,

235 637 276 653 res
294 627 434 653 familiaris
451 636 507 653 inea
525 627 582 661 lege.
598 628 718 653 Caesaris
734 627 872 653 deminuta
887 632 936 658 est,
949 628 1028 654 cuius

236 665 365 691 beneficio
382 664 512 699 plerique,
530 665 577 699 qui
593 665 715 691 Caesaris
732 670 815 691 morte
834 664 972 695 laetantur.
987 673 1029 690 re-

236 707 392 728 manserunt
409 703 435 728 in
451 702 568 728 civitate.
600 702 714 729 Civibus
730 703 810 728 victis
824 707 853 728 ut
864 707 1026 736 parceretur,

234 748 319 774 acque
335 748 364 765 ac
381 748 428 773 pro
444 748 501 765 men
517 739 603 765 salute
615 739 743 766 laboravi.
766 742 790 766 3.
807 740 918 765 Possum
934 740 1025 774 igitur,

233 778 281 812 qui
291 785 384 803 omncs
397 776 528 802 voluerim
541 776 698 808 incolumes,
707 785 778 808 eum,
787 777 1028 812 aquoidimpetra-

233 819 291 840 tum
313 819 361 845 est,
385 814 498 848 periisse
520 823 570 840 non
588 814 736 849 indignari3
769 823 854 849 quum
869 814 1027 849 praesertim

235 851 317 877 iidem
334 851 457 877 homines
473 851 512 877 illi
531 856 557 877 et
573 851 691 877 invidiae
702 856 728 878 et
739 852 821 878 exitio
833 851 950 878 suerint?
969 851 1028 877 Ple-

233 889 313 915 cteris
327 897 399 923 ergo,
418 888 553 923 inquiunt,
566 889 674 923 quando
686 888 784 915 sactum
796 893 915 915 nostrum
929 890 1029 923 impro-

234 926 296 952 bare
313 925 406 952 audes.
429 926 450 951 O
460 925 616 960 superbiam
629 926 789 952 inauditam!
812 926 878 953 alios
889 927 915 953 in
928 926 1029 952 facino-

214 960 218 967 ’
234 972 261 989 re
282 963 401 998 gloriari,
424 962 484 989 aliis
505 971 537 989 ne
552 962 641 989 dolere
657 963 768 997 quidem
783 964 915 998 impunite
933 963 1025 989 licere!

233 1000 266 1027 At
282 1001 346 1026 haec
357 1000 437 1026 etiam
449 1001 535 1026 servis
547 1009 654 1035 semper
665 1000 747 1026 libera
762 1000 878 1031 fuerunt,
893 1001 1025 1031 timerent,

232 1037 389 1073 gauderent,
412 1037 532 1064 dolerent
548 1045 597 1064 suo
616 1038 714 1072 potius,
732 1047 812 1073 quam
829 1038 940 1064 alterius
956 1037 1028 1064 arbi-

234 1076 298 1102 trio:
330 1083 399 1110 quae
421 1083 501 1105 nunc,
525 1079 553 1101 ut
569 1075 681 1109 quidem
698 1075 742 1101 isti
759 1075 881 1102 dictitant
897 1075 1027 1101 libertatis

233 1117 363 1142 auctores,
379 1116 451 1138 metu
464 1111 542 1138 nobis
554 1117 712 1147 extorquere
723 1117 862 1139 conantur.
894 1112 946 1139 Sed
959 1111 1026 1138 nihil

232 1153 325 1184 agunt.
348 1150 372 1175 4.
386 1148 494 1175 Nullius
505 1158 635 1184 umquam
650 1149 763 1184 periculi
775 1149 1028 1176 terroribusabol'li-

232 1187 275 1213 cio
295 1191 341 1212 aut
357 1186 390 1212 ab
407 1186 572 1212 humanitate
587 1186 747 1213 desciscam.
782 1187 937 1222 Numquam
954 1187 1026 1213 enim

233 1224 371 1250 honestam
392 1228 504 1250 mortem
527 1223 692 1259 fugiendam,
709 1232 788 1259 saepe
804 1225 884 1251 etiam
898 1228 1028 1259 oppeten-

231 1261 294 1287 dam
310 1261 413 1295 putavi.
449 1260 502 1287 Sed
517 1261 584 1295 quid
601 1261 668 1287 mihi
684 1267 857 1293 succensent,
880 1263 903 1288 si
916 1262 943 1288 id
954 1266 1024 1296 opto,

231 1302 260 1325 ut
276 1298 410 1333 poeniteat
425 1306 470 1324 eos
484 1299 527 1324 sui
544 1297 623 1324 facti‘?
642 1298 728 1333 Cupio
739 1300 811 1325 enim
823 1299 944 1326 Caesaris
955 1307 1027 1325 mor-

233 1340 284 1362 tem
303 1335 431 1362 omnibus
448 1344 507 1361 esse
519 1336 653 1362 acerbam.
674 1336 708 1362 At
719 1336 805 1363 debeo
816 1345 865 1372 pro
876 1336 952 1363 civili
963 1345 1026 1371 par-
1048 1366 1049 1371 Ἰ

232 1378 256 1399 ιο
273 1372 469 1407 rempublicam
481 1372 549 1399 velie
562 1372 676 1400 salvam.
697 1373 726 1400 Id
737 1373 849 1408 quidem
861 1383 903 1400 me
916 1382 1024 1409 cupere,
1047 1384 1049 1403 ι

232 1410 284 1436 nisi
300 1415 326 1436 et
340 1414 400 1436 ante
414 1414 470 1436 acta
485 1411 540 1436 vita
551 1415 577 1436 et
589 1410 692 1446 reliqua
703 1419 762 1437 mea
773 1420 845 1446 spes,
859 1416 960 1438 tacente
971 1418 1023 1442 me,

231 1447 334 1482 probat,
348 1447 463 1474 dicendo
474 1448 583 1474 vincere
596 1457 647 1474 non
659 1448 775 1482 postulo.
797 1450 822 1475 5.
838 1449 926 1481 Quare
941 1449 1026 1475 maio-

231 1493 286 1510 rem
303 1485 330 1510 in
347 1484 458 1511 modum
474 1489 499 1511 te
510 1493 582 1520 rogo,
596 1489 626 1512 ut
636 1494 691 1511 rem
706 1486 835 1521 potiorem
846 1487 963 1513 oratione
974 1486 1026 1512 du-

229 1530 284 1553 cas,
308 1521 440 1557 mihique,
463 1523 486 1548 si
502 1523 586 1548 sentis
602 1522 739 1557 expedire,
758 1528 828 1550 recte
847 1523 914 1555 fieri,
932 1523 1025 1550 credas

230 1559 332 1585 nullam
348 1560 565 1586 communionem
577 1568 639 1586 cum
650 1560 781 1595 improbis
792 1569 851 1587 esse
862 1569 950 1596 posse.
972 1561 1022 1591 An,

229 1596 302 1631 quod
322 1596 478 1623 adolescens
499 1598 630 1631 praestiti,
652 1606 738 1632 quum
758 1599 838 1624 etiam
854 1607 941 1624 errare
961 1607 1024 1624 cum

229 1634 401 1661 excusatione
412 1642 533 1669 possem:
556 1634 584 1660 id
596 1643 667 1661 nunc
679 1640 762 1661 aetate
773 1636 945 1670 praecipitata
952 1644 1026 1662 com-

229 1675 341 1702 mutem,
364 1680 394 1697 ac
412 1680 454 1697 me
475 1672 533 1706 ipse
554 1672 690 1698 retexam‘?
714 1673 772 1699 Non
788 1672 898 1699 faciam:
925 1681 1022 1708 neque,

228 1708 301 1743 quod
317 1708 468 1742 displiceat,
488 1710 667 1740 committam,
684 1714 871 1745 praeterquam
887 1710 960 1745 quod
976 1710 1024 1736 ho-

229 1746 312 1772 minis
335 1745 403 1771 mihi
424 1746 641 1772 coniunctissimi
656 1755 686 1772 ac
702 1747 753 1773 viri
768 1747 931 1782 amplissimi
947 1747 1024 1773 doleo

228 1790 340 1819 gravem
350 1791 454 1809 casum.
475 1782 552 1815 Quod
563 1783 586 1809 si
597 1783 674 1809 aliter
684 1792 772 1810 essem
784 1785 927 1815 animatus,
943 1793 1024 1810 num-

229 1828 311 1855 quam
322 1820 394 1855 quod
407 1820 531 1851 facerem,
548 1829 687 1856 negarem:
711 1830 744 1847 ne
755 1822 816 1848 etin
828 1821 1023 1856 peccandoim-

227 1857 330 1892 probus
341 1858 404 1883 etin
415 1857 613 1884 dissimulando
627 1857 739 1884 timidus
751 1867 780 1885 ac
791 1867 877 1885 vanus
883 1860 1024 1885 existima-

228 1902 280 1921 rer.
306 1896 330 1920 6.
350 1893 384 1920 At
399 1894 486 1925 ludos,
504 1903 572 1929 quos
583 1894 704 1922 Caesaris
715 1896 841 1922 victoriae
853 1896 949 1923 Caesar
959 1896 1023 1923 ado-

229 1930 333 1958 lescens
354 1930 425 1963 fecit,
447 1932 550 1958 curavi.
584 1931 618 1958 At
637 1932 665 1958 id
685 1932 718 1958 ad
738 1934 874 1968 privatum
889 1933 1020 1965 officium,

227 1977 280 1995 non
292 1968 325 1994 ad
336 1972 435 1995 statum
447 1968 612 2003 reipublicae
623 1970 748 2004 pertinet.
769 1970 846 2003 Quod
858 1975 946 1998 tamen
961 1980 1023 1997 mu-

227 2014 280 2032 nus
290 2010 316 2032 et
327 2005 445 2032 hominis
457 2006 616 2032 amicissimi
628 2008 772 2034 memoriae
783 2013 862 2043 atque
875 2008 1022 2035 honoribus

226 2047 370 2078 praestare,
388 2043 468 2069 etiam
485 2044 591 2074 mortui.
605 2043 702 2071 debui:
726 2049 751 2071 et
761 2046 877 2080 optimae
888 2047 946 2081 spei
958 2046 1023 2073 ado-

227 2080 339 2107 lescenti
359 2088 389 2106 ac
409 2079 572 2115 dignissimo
587 2081 693 2108 Caesari
709 2083 839 2117 repetenti
855 2091 952 2119 negare
969 2092 1022 2110 non

226 2118 312 2152 potui.
337 2118 363 2143 7.
383 2117 450 2144 Veni
465 2118 545 2144 etiam
559 2118 679 2145 consulis
695 2119 803 2146 Antonii
818 2119 929 2147 domum
942 2129 1021 2156 saepe

226 2154 363 2181 salutandi
383 2163 491 2181 caussa:
523 2155 556 2181 ad
576 2164 666 2190 quem,
685 2157 733 2191 qui
750 2166 792 2183 me
808 2166 904 2192 parum
920 2159 1021 2192 patriae

226 2196 360 2218 amantem
379 2200 437 2218 esse
463 2193 627 2224 existimant,
650 2194 761 2229 rogandi
778 2195 889 2229 quidem
904 2195 1018 2230 aliquid,

226 2234 272 2256 aut
294 2228 434 2256 auferendi
449 2238 558 2261 caussa,
576 2230 730 2265 frequentes
746 2232 876 2258 ventitare
891 2233 1019 2267 reperies.

226 2266 280 2293 Sed
294 2275 364 2301 quae
376 2266 441 2293 haec
451 2272 492 2293 est
502 2268 661 2303 arrogantia,
678 2268 751 2303 quod
761 2269 859 2295 Caesar
870 2278 1020 2305 numquam

225 2303 415 2338 interpellavit,
442 2305 518 2339 quin,
535 2305 637 2339 quibus
646 2305 754 2337 vellem,
768 2311 847 2341 atque
858 2307 938 2333 etiam
951 2316 1020 2343 quos

225 2341 283 2375 ipse
294 2349 346 2367 non
357 2340 496 2376 diligebat,
510 2346 598 2368 tamen
609 2343 643 2368 iis
654 2347 751 2373 uterer.
765 2344 814 2378 qui
823 2344 891 2370 mihi
902 2345 1019 2371 amicum

225 2378 390 2412 eripuerunt,
404 2379 537 2413 carpendo
549 2388 600 2410 me,
613 2379 719 2406 efficere
733 2381 833 2412 conari,
847 2389 889 2412 ne,
898 2390 1020 2416 quosve-

226 2413 283 2444 lim,
301 2415 433 2451 diligam?
457 2417 481 2442 8.
501 2415 555 2442 Sed
571 2425 624 2443 non
643 2425 744 2448 vereor,
762 2426 795 2444 ne
806 2423 851 2444 aut
863 2427 937 2445 meae
949 2420 1019 2446 vitae

226 2451 356 2478 modestia
371 2460 467 2487 parum
478 2453 593 2480 valitura
603 2454 639 2480 sit
650 2454 677 2480 in
688 2459 825 2488 posterum
837 2460 927 2482 contra
937 2455 1018 2483 falsos

225 2495 360 2530 rumores,
382 2493 428 2516 aut
441 2498 474 2516 ne
489 2490 569 2516 etiam
585 2491 614 2522 ii,
630 2491 679 2526 qui
694 2499 736 2517 me
748 2500 800 2518 non
812 2497 901 2519 amant
911 2498 1019 2528 propter

225 2532 313 2550 meam
338 2533 367 2550 in
390 2526 529 2553 Caesarem
553 2529 738 2560 constantiam,
765 2537 818 2555 non
838 2529 933 2557 malint
952 2531 1015 2562 mei,

225 2568 307 2595 quam
328 2562 371 2587 sui
391 2563 493 2589 similes
513 2565 614 2591 amicos
635 2565 744 2592 habere.
773 2566 841 2592 Mihi
861 2567 973 2602 quidem
993 2568 1017 2594 si

224 2601 312 2631 optata
335 2599 498 2634 contingent,
520 2602 593 2636 quod
612 2601 749 2638 reliquum
769 2608 809 2630 est
824 2604 903 2636 vitae,
921 2605 949 2631 in
963 2606 1017 2632 otio

224 2634 312 2662 Rhodi
328 2635 437 2671 degam:
464 2637 506 2664 sin
521 2645 599 2665 casus
615 2639 715 2675 aliquis
725 2640 911 2676 interpellarit,
924 2642 960 2669 ita
971 2650 1017 2669 ero

1045 1712 1047 1731 l

952 109 982 136 Τ.
1013 108 1288 135 etet-:noxis

1082 180 1188 209 Romae,
1203 184 1230 205 ut
1242 184 1311 205 reete
1324 178 1380 204 lieri
1391 187 1498 214 semper
1508 181 1626 214 cupiam.
1649 179 1772 206 Trebatio
1783 185 1872 206 nostro

1082 225 1192 249 inapluan
1213 225 1262 251 ago
1283 216 1390 251 gratias.
1413 217 1485 251 quod
1507 222 1582 243 tuum
1603 226 1664 251 erga
1687 226 1728 243 me
1749 218 1870 243 animum

1058 253 1059 279 l
1081 253 1232 288 simplicem
1245 258 1323 287 atque
1334 254 1450 279 amicum
1462 255 1573 288 aperuit,
1587 259 1611 280 et
1623 255 1693 289 quod
1705 264 1777 281 eum.
1790 263 1872 289 quem

1081 300 1187 325 semper
1204 290 1324 316 lubenter
1339 290 1432 319 dilexi,
1450 299 1503 325 quo
1520 292 1605 326 magis
1622 301 1677 317 iure
1692 291 1778 317 cole-re
1794 297 1874 326 atquo

1080 328 1222 354 observare
1233 327 1370 358 deberem,
1384 327 1455 354 fecit.
1478 328 1547 354 nvn«—
1560 327 1617 353 vale
1627 334 1653 354 et
1664 337 1706 354 me
1717 329 1811 364 dilige.

1134 413 1222 434 xxix.
1243 413 1320 433 ARG.
1340 413 1483 433 i’rnfeeturu-
1502 413 1525 433 in
1545 413 1659 434 Graeciam
1685 421 1719 434 rn
1735 421 1786 434 ιιιιι
1802 414 1873 441 Oppio

1080 449 1223 472 ‹omn-endu,
1243 447 1291 468 εὶυι
1310 447 1410 468 amiciti·
1425 448 1503 468 fretun,
1529 450 1628 471 (Am-mm,
1642 451 1741 468 υυιιῑκιιι
1757 458 1802 468 um.
1819 453 1871 471 τιῠ,

1280 501 1447 528 CICERO
1475 501 1609 528 OPPIO
1640 501 1668 527 S.

1138 550 1159 573 t.
1175 543 1318 573 Dubitanti
1331 547 1407 576 milii,
1422 547 1493 582 quod
1505 549 1554 573 scit
1566 548 1668 574 Anien.-
1680 552 1776 577 noster,
1784 547 1817 573 de
1824 547 1874 574 hoc

1081 590 1133 611 toto
1153 585 1266 611 consilio
1282 584 1463 619 protectionis.
1481 584 1553 619 quod
1571 586 1596 611 in
1615 590 1755 619 utramque
1772 590 1872 619 partem

1080 623 1106 648 in
1120 627 1235 648 mentem
1248 621 1330 647 multa
1345 622 1495 651 veniebant.
1510 631 1637 657 magnum
1650 622 1874 657 pondusacccssit

1080 659 1112 685 ad
1135 659 1278 685 tollendam
1301 659 1506 687 dubitationem.
1530 660 1661 685 iudicium
1683 664 1707 685 et
1728 659 1872 685 consilium

1080 701 1166 722 tuum.
1194 697 1259 722 Nam
1276 701 1301 722 et
1319 697 1451 731 scripsisti
1469 702 1567 731 aperte.
1585 697 1650 731 quid
1664 697 1712 722 tibi
1727 697 1870 726 videretur,

1079 738 1105 760 et
1125 734 1227 760 Atticus
1250 733 1282 760 ad
1300 742 1341 759 me
1356 742 1506 759 sermonem
1524 739 1599 760 tuum
1617 733 1735 768 pertulit.
1762 734 1874 768 Semper

1081 771 1199 797 iudicavi
1221 772 1247 797 in
1269 776 1293 797 te
1324 776 1349 797 et
1370 772 1396 797 in
1417 771 1549 805 capiendo
1568 771 1681 797 consilio
1702 770 1871 805 prudentiam

1080 817 1214 834 summam
1239 817 1311 838 esse,
1329 813 1353 834 et
1370 809 1395 834 in
1412 808 1501 834 dando
1517 808 1606 837 tidem.
1625 809 1796 843 maximeque
1812 817 1873 834 sum

1079 850 1216 880 expertus,
1233 854 1318 880 quum
1334 846 1410 871 initio
1421 845 1511 871 civilis
1523 846 1587 872 belli
1600 854 1648 880 per
1659 845 1760 871 litteras
1774 851 1797 872 te
1809 855 1873 872 con-

1079 883 1236 913 suluissem,
1249 883 1315 917 quid
1328 883 1396 908 mihi
1408 882 1560 909 faciendum
1573 892 1631 908 esse
1645 891 1782 908 censeres.-
1805 892 1873 909 eun-

1079 920 1179 946 dumne
1195 920 1228 946 ad
1244 920 1410 954 Pompeium.
1428 929 1460 946 an
1476 920 1639 946 manendum
1657 921 1682 946 in
1699 920 1782 946 ltalia.
1804 920 1873 945 Sua-

1079 958 1147 987 sisti,
1174 962 1203 984 ut
1224 957 1391 983 consulerem
1412 957 1536 993 dignitati
1559 966 1646 983 meae:
1677 966 1710 983 ex
1726 966 1788 991 quo,
1805 957 1872 992 quid

1079 995 1201 1025 sentires,
1220 994 1354 1020 intellexi:
1381 999 1406 1020 et
1421 1003 1481 1020 sum
1498 994 1645 1020 admiratus
1657 994 1736 1019 sidem
1751 999 1833 1020 tuam.
1847 999 1874 1020 et

1080 1033 1106 1058 in
1131 1031 1244 1058 consilio
1269 1031 1357 1057 dando
1383 1031 1555 1067 religionem3
1587 1031 1669 1066 quod.
1692 1039 1776 1065 quum
1798 1031 1872 1058 aliud

1080 1069 1158 1095 malle
1171 1069 1367 1095 amicissimum
1380 1074 1456 1094 tuum
1468 1074 1584 1103 putareS.
1601 1069 1741 1103 antiquius
1753 1068 1801 1094 tibi
1812 1068 1873 1095 osli-

1079 1107 1152 1132 cium
1168 1114 1268 1136 meum.
1286 1114 1367 1140 quam
1384 1105 1459 1132 illius
1475 1106 1599 1132 voluntas
1615 1105 1675 1131 tuit.
1697 1107 1722 1131 2.
1738 1105 1872 1140 Equidem

1079 1148 1104 1170 et
1119 1148 1179 1170 ante
1195 1143 1245 1169 hoc
1261 1147 1368 1177 tempus
1380 1148 1404 1169 te
1416 1143 1510 1173 dilexi,
1524 1148 1549 1169 et
1560 1151 1667 1177 semper
1678 1151 1720 1168 me
1731 1151 1745 1168 a
1757 1147 1781 1168 te
1792 1143 1872 1179 diligi

1079 1181 1162 1207 sensi.
1184 1180 1216 1207 Et
1227 1189 1312 1215 quum
1324 1180 1447 1206 abessem
1458 1185 1537 1215 atque
1550 1181 1576 1206 in
1583 1179 1874 1215 magnispericulises-

1078 1226 1145 1249 sem,
1164 1222 1189 1244 et
1205 1226 1246 1244 me
1263 1217 1410 1248 absentem.
1427 1223 1452 1244 et
1467 1226 1540 1244 meos
1556 1222 1709 1252 praesentes
1724 1225 1738 1243 a
1750 1222 1774 1243 te
1785 1217 1872 1245 cultos

1078 1260 1104 1281 et
1122 1254 1247 1281 defensos
1268 1263 1336 1286 esse,
1359 1255 1485 1281 memini:
1517 1259 1543 1281 et
1562 1259 1623 1289 post
1637 1263 1727 1280 meum
1743 1254 1870 1287 reditum,

1077 1301 1159 1328 quam
1177 1292 1344 1319 familiariter
1360 1301 1466 1318 mecum
1483 1293 1594 1322 vixeris,
1607 1300 1731 1327 quaeque
1742 1300 1792 1327 ego
1802 1292 1835 1318 de
1846 1297 1872 1319 te

1077 1335 1103 1356 et
1122 1330 1255 1356 senserim
1275 1334 1301 1356 et
1316 1329 1504 1365 praedicarim,
1521 1338 1623 1359 omnes,
1641 1329 1689 1364 qui
1705 1329 1791 1356 solent
1806 1329 1872 1356 haee

1078 1367 1299 1398 animadvertere,
1323 1372 1403 1394 testes
1427 1367 1569 1393 habemus.
1604 1367 1803 1394 Gravissimum
1824 1375 1873 1393 ve-

1078 1413 1106 1431 ro
1126 1404 1259 1431 iudicium
1274 1404 1307 1431 de
1324 1413 1383 1431 mea
1399 1404 1451 1431 fide
1467 1409 1492 1431 et
1506 1404 1654 1431 constantia
1670 1403 1767 1435 fecisti,
1785 1413 1871 1440 quum

1076 1447 1138 1477 post
1156 1446 1269 1469 mortem
1290 1441 1411 1468 Caesaris
1432 1446 1516 1468 totum
1533 1447 1556 1468 te
1572 1441 1605 1468 ad
1621 1441 1767 1468 amicitiam
1783 1450 1872 1468 meam

1076 1479 1224 1506 contulisti.
1245 1478 1322 1511 Quod
1334 1484 1410 1506 tuum
1423 1479 1565 1510 iudicium,
1578 1479 1631 1505 nisi
1643 1487 1700 1505 mea
1711 1479 1873 1505 summabe-

1077 1517 1228 1544 nevolentia
1244 1525 1306 1552 erga
1322 1521 1347 1543 te
1361 1516 1545 1551 omnibusque
1566 1517 1669 1542 meritis
1685 1516 1869 1551 comprobare,

1076 1555 1135 1589 ipse
1151 1562 1194 1581 me
1210 1554 1348 1580 hominem
1363 1562 1415 1580 non
1431 1554 1541 1589 putabo.
1562 1555 1587 1580 3.
1603 1554 1652 1584 Tu,
1665 1554 1702 1579 mi
1714 1553 1793 1588 Oppi,
1806 1562 1872 1580 con-

1076 1591 1198 1618 servabis
1214 1599 1332 1617 amorem
1344 1596 1429 1621 tuum.
1443 1592 1505 1626 (etsi
1516 1599 1588 1617 more
1599 1591 1686 1626 magis
1697 1590 1747 1617 hoc
1757 1591 1870 1626 quidem

1075 1629 1177 1659 scribo,
1200 1637 1282 1663 quam
1298 1637 1352 1663 quo
1369 1633 1394 1654 te
1410 1628 1609 1655 admonendum
1624 1628 1739 1663 putem,)
1757 1636 1871 1663 meaque

1075 1666 1165 1692 omnia
1186 1665 1309 1692 tuebere:
1341 1673 1410 1700 quae
1431 1665 1481 1691 tibi
1501 1673 1534 1691 ne
1556 1666 1645 1700 ignota
1665 1670 1765 1695 essent,
1782 1666 1871 1692 Attico

1076 1703 1216 1735 mandavi;
1244 1711 1259 1729 a
1273 1711 1316 1729 me
1331 1707 1429 1733 autem,
1445 1711 1531 1737 quum
1543 1701 1666 1737 paullum
1676 1702 1725 1728 otii
1735 1703 1806 1728 nacti
1816 1703 1871 1729 eri-

1075 1749 1145 1771 mus,
1163 1739 1302 1766 uberiores
1319 1739 1420 1766 litteras
1430 1744 1592 1774 exspectato.
1614 1739 1650 1765 Da
1662 1747 1770 1774 operam
1782 1745 1812 1766 ut
1822 1748 1871 1766 va-

1045 1785 1047 1804 i
1076 1778 1144 1804 leas:
1167 1777 1217 1804 hoc
1228 1777 1297 1804 mihi
1306 1777 1410 1813 gratius
1423 1776 1508 1804 facere
1519 1775 1588 1803 nihil
1600 1781 1686 1812 potes.

1364 1862 1584 1879 ψ.

1453 2045 1494 2071 82.

1194 2108 1349 2139 LIBER
1390 2107 1752 2141 DUODECIMUS.

1125 2225 1142 2246 1.
1161 2225 1238 2246 ΑΒΘ.
1254 2224 1402 2249 nol-benun.
1417 2231 1468 2245 arne
1480 2224 1571 2245 eae-nri
1581 2224 1667 2251 potine
1677 2230 1807 2248 ever-oren.
1819 2223 1867 2245 lan·

1071 2261 1119 2281 ant:
1139 2260 1226 2281 sublato
1241 2267 1292 2285 rege
1301 2267 1389 2285 regnum
1401 2266 1518 2286 nuper-ene
1528 2263 1627 2286 questus.
1643 2258 1745 2280 cas-ium
1756 2259 1865 2283 hun-mur,

1071 2298 1096 2316 ut
1105 2303 1153 2316 mm
1165 2296 1232 2316 Bruto
1242 2294 1349 2322 rempubl.
1358 2294 1526 2322 perturb-tione
1534 2294 1621 2315 liberet.

1302 2331 1402 2356 (Antonio,
1411 2331 1513 2350 nninbenn
1523 2337 1570 2349 ωας.
1580 2331 1636 2352 Πο.)

1214 2375 1252 2403 Μ.
1273 2375 1303 2402 Τ.
1325 2375 1355 2402 C.
1377 2374 1405 2402 S.
1426 2375 1456 2402 P.
1477 2374 1508 2401 D.
1530 2373 1560 2401 C.
1582 2373 1733 2401 CASSIO.

1129 2422 1151 2446 l.
1172 2416 1271 2447 Finem
1287 2419 1390 2447 nullam
1406 2420 1484 2452 facio,
1502 2419 1571 2446 mihi
1585 2419 1673 2450 crede,
1691 2419 1776 2450 Cassi,
1794 2419 1828 2446 de
1839 2423 1865 2446 te

1070 2461 1095 2484 et
1109 2457 1144 2484 de
1159 2458 1240 2484 Bruto
1255 2462 1354 2489 nostro,
1375 2457 1403 2484 id
1422 2462 1463 2484 est
1472 2457 1506 2483 de
1517 2460 1569 2482 tota
1580 2456 1730 2491 republica,
1742 2457 1865 2492 cogitan-

1068 2494 1106 2525 di,
1120 2496 1199 2521 cuius
1209 2495 1298 2521 omnis
1311 2503 1373 2530 spes
1384 2495 1412 2521 in
1423 2494 1501 2521 vobis
1511 2497 1552 2520 est
1561 2494 1657 2520 etinD.
1665 2494 1755 2520 Bruto.
1776 2493 1864 2526 Quam

1068 2531 1181 2566 quidem
1196 2532 1249 2559 iam
1265 2532 1351 2559 habeo
1364 2532 1423 2567 ipse
1438 2530 1586 2561 meliorem.
1604 2530 1744 2566 republica
1758 2539 1773 2557 a
1784 2530 1864 2557 Dola—

1068 2568 1139 2595 bella
1155 2577 1214 2595 meo
1229 2569 1444 2604 praeclarissime
1457 2573 1542 2604 gesta.
1567 2567 1692 2594 Manabat
1704 2568 1778 2594 enim
1793 2566 1862 2594 illud

1068 2605 1170 2632 malum
1180 2606 1328 2637 urbanum,
1341 2606 1407 2632 etita
1413 2605 1634 2632 corroborabatur
1639 2604 1769 2640 quotidie,
1777 2609 1863 2640 utego

1067 2642 1179 2678 quidem
1189 2647 1216 2671 et
1224 2643 1290 2670 Urbi
1300 2648 1326 2670 et
1335 2643 1388 2670 otio
1394 2642 1546 2670 diffiderem
1552 2642 1665 2669 urbano.
1686 2641 1739 2669 Sed
1746 2642 1782 2669 ita
1787 2649 1861 2670 oom-
