1941 3052
232 169 279 194 56⁴
808 166 849 189 lit.
885 163 919 189 M.
954 163 983 188 Τ.

231 248 292 273 ego.
311 247 332 264 ιιι
347 237 444 264 fontem
457 235 589 263 maledicti
602 235 752 269 reperietis,
771 239 799 260 ut
810 234 960 269 negligatis.
979 240 1025 259 aut

231 275 420 304 dissimuletis.
439 282 566 307 uniquam
583 271 732 306 postulabo.
763 271 828 301 Sed.
847 272 869 297 si
883 271 950 306 quid
966 271 1024 296 sine

230 313 315 347 cupite
332 311 458 340 manabit,
475 315 520 336 aut
535 310 556 335 si
573 309 638 343 quid
653 309 702 334 erit
713 308 855 339 eiusmodi.
875 313 904 334 ut
914 317 965 334 non
976 316 1023 334 ex-

1045 233 1048 283 l

231 355 281 376 stet
291 353 394 379 atii-tor.
411 348 458 382 qui
470 347 596 372 audierit:
619 351 664 371 aut
676 347 709 371 ita
722 345 862 381 negligens
876 345 951 371 vobis
965 353 1024 371 csse
1046 375 1047 381 1

232 387 374 415 videbitur.
390 389 426 415 ut,
441 384 510 410 unde
521 383 643 413 audierit.
657 382 756 409 oblitus
768 383 816 408 sit:
835 387 880 408 aut
891 383 925 408 ita
939 381 1023 408 levem
1046 390 1047 421 ᾗ

231 424 338 450 habehit
358 426 505 452 auctorem,
528 425 557 446 ut
573 420 698 446 memoria
714 420 826 455 dignum
843 429 894 446 non
911 420 1021 454 putarit:

232 461 312 486 liuius
325 459 368 485 illa
383 467 431 485 vox
445 457 572 493 vulgaris.
584 466 746 487 nuniv1.no
756 456 823 492 quid
835 465 879 484 reo
890 457 1023 484 innocenti

232 501 329 526 noceat.
343 504 460 522 oramus.

286 533 381 559 XXIV.
397 534 438 558 58.
459 531 511 558 Sed
523 532 601 558 venio
611 532 663 558 iam
676 530 707 557 ad
720 531 748 558 L.
763 530 895 562 Cassium,
910 530 1024 557 familia-

230 580 284 598 rem
297 579 396 601 mcum.
413 570 491 596 cuius
502 577 535 596 ex
545 569 661 595 oratione
673 577 705 595 ne
717 568 793 595 illum
805 568 915 603 quidem
928 569 1024 594 Iuven-

231 609 296 635 tium
313 612 397 634 tecum
413 606 596 642 expostulavi:
617 614 698 642 quem
711 606 755 632 illc
769 606 841 632 omni
853 610 878 632 et
891 606 987 632 virtute
999 610 1024 632 et

230 646 394 672 humanitate
404 648 513 671 ornatus
524 643 678 670 adolescens
690 644 806 678 primum
818 643 852 669 de
866 642 1022 678 plebeaedi-

231 683 281 709 lem
292 681 413 709 curulem
426 681 524 708 factum
535 689 594 708 csse
605 681 682 707 dixit.
723 681 751 707 In
764 689 827 716 quo,
841 680 925 711 Cassi,
939 681 961 706 si
974 680 1022 706 tibi

230 721 264 747 ita
280 719 468 754 respondeam.
487 719 604 745 nescisse
615 718 642 744 id
655 717 784 753 populum
797 718 959 748 Romanum.
978 726 1024 744 ne—

229 766 281 792 que
297 757 380 783 fuisso
395 757 442 791 qui
459 756 484 782 id
501 756 577 782 nobis
595 759 722 786 narraret.
745 756 901 790 praesertim
921 760 1024 781 mortuo

230 795 363 831 Longino:
385 803 446 824 non,
465 798 493 820 ut
508 794 609 827 opinor.
633 793 772 823 admirere.
790 801 875 828 quum
891 801 940 828 ego
955 793 1020 827 ipse.

230 841 281 859 non
292 831 437 858 abhorrens
449 839 462 857 a
473 830 563 857 studio
573 830 748 865 antiquitatis.
759 838 800 856 me
812 830 854 856 hic
866 830 892 856 id
899 838 931 856 cx
939 834 962 856 tc
970 830 1024 864 pri-

230 878 304 896 mum
320 869 428 895 audisse
442 868 576 895 confitear.
608 867 649 898 Et,
666 868 793 902 quoniam
805 872 848 894 tua
861 867 911 893 fuit
922 867 1024 902 percle-

228 915 294 943 gans
310 915 340 933 ao
355 905 511 941 persubtilis
525 905 621 936 oratio.
643 905 724 940 digna
739 905 838 940 equitis
855 905 964 931 [tomani
982 904 1022 930 vel

215 962 218 968 .
229 943 319 970 studio
329 943 370 970 vel
383 943 497 978 pudore:
519 943 702 977 quoniamque
715 942 754 968 sic
765 942 798 968 ab
810 942 851 968 his
863 951 892 968 es
903 942 1020 973 auditus,

230 985 259 1008 ut
270 989 384 1017 magnus
396 980 479 1007 honos
491 984 516 1006 et
527 980 634 1015 ingenio
644 984 669 1006 et
681 979 838 1006 humanitati
851 984 911 1006 tuae
923 980 1024 1006 tribue·
1045 974 1047 1001 3

229 1023 314 1045 retur:
337 1017 503 1053 respondebo
515 1017 548 1044 ad
563 1026 601 1047 ea.
619 1025 688 1052 quae
699 1017 801 1048 dixisti,
815 1025 884 1052 quae
896 1016 1023 1052 pleraque

228 1055 261 1082 de
272 1056 331 1091 ipso
342 1064 385 1082 me
397 1055 517 1086 fuerunt,
534 1055 560 1081 in
572 1055 673 1089 quibus
685 1054 736 1089 ipsi
747 1054 847 1085 aculei,
862 1055 965 1090 siquos
977 1054 1024 1080 ha-

229 1093 311 1119 buisti
327 1093 353 1119 in
369 1101 411 1119 mc
426 1091 658 1127 reprehendendo,
677 1096 764 1118 tamen
780 1092 846 1118 mihi
864 1100 915 1118 non
928 1091 1023 1127 ingrati

228 1130 390 1157 acciderunt.
430 1131 472 1156 59.
499 1129 646 1161 Quaesisti.
680 1133 770 1155 utrum
798 1129 863 1155 mihi
886 1133 1020 1164 putarem.

228 1168 326 1203 equitis
338 1168 448 1194 Romani
465 1167 527 1198 filio,
542 1166 685 1193 faciliorem
698 1165 782 1192 fuisse
793 1166 825 1192 ad
837 1166 1024 1201 adipiscendos

229 1205 342 1232 honores
357 1205 436 1235 viam,
454 1213 486 1231 an
498 1203 614 1230 futuram
626 1212 685 1229 esse
697 1203 751 1230 filio
762 1212 829 1234 meo,
846 1205 894 1239 qui
904 1208 974 1230 esset
986 1203 1024 1230 fa-

228 1242 301 1269 milia
312 1241 456 1269 consulari.
490 1241 547 1277 Ego
557 1250 627 1271 vero.
641 1249 805 1276 quamquam
817 1241 857 1268 illi
868 1242 956 1267 omnia
968 1249 1024 1267 ma-

229 1279 266 1310 lo,
284 1288 364 1315 quam
378 1279 458 1311 mihi;
480 1283 568 1305 tamcn
579 1278 619 1304 illi
631 1278 762 1305 honorum
774 1278 862 1305 aditus
875 1287 1022 1314 numquam

228 1316 359 1344 faciliores
368 1317 468 1351 optavi.
483 1324 565 1351 quam
576 1315 643 1342 mihi
655 1315 778 1342 fuerunt:
800 1316 867 1350 quin
878 1317 957 1342 etiam
966 1336 972 1347 .
991 1324 1023 1342 ne

227 1353 293 1381 forte
308 1354 354 1380 ille
368 1354 420 1380 sibi
432 1362 474 1380 me
485 1353 574 1388 potius
585 1353 720 1388 peperisse
732 1353 784 1379 iam
797 1353 923 1382 honores.
941 1362 1022 1388 quam
1046 1373 1047 1377 ,

227 1391 276 1418 iter
300 1391 496 1417 demonstrasse
519 1389 754 1425 adipiscendorum
778 1394 866 1425 putet,
899 1390 963 1417 haec
983 1390 1023 1417 illi
1044 1418 1047 1427 Δ

226 1428 298 1455 solco
313 1428 478 1463 praecipere,
496 1427 670 1463 (quamquam
685 1427 718 1454 ad
734 1432 873 1463 praecepta
887 1432 959 1454 aetas
971 1436 1022 1454 non

227 1470 266 1492 est
277 1465 388 1501 gravis,)
398 1473 467 1500 quae
478 1464 524 1492 ille
535 1474 548 1491 a
560 1465 620 1491 Iove
629 1468 704 1491 ortus
727 1465 786 1491 suis
798 1466 932 1500 praecepit
943 1465 1020 1492 filiis:

280 1518 316 1524 -
341 1504 503 1537 Viqila'ndum
522 1507 558 1529 est
578 1511 689 1535 semiper:
719 1504 814 1529 multae
834 1505 945 1529 insidiae
963 1506 1023 1529 sunt

634 1541 712 1566 bonis.

226 1578 299 1604 Nosti
311 1581 405 1604 cetera.
428 1578 529 1608 Nonne.

282 1615 311 1641 Id
325 1617 392 1648 quod
403 1616 477 1641 multi
487 1616 627 1645 inm'deant,
640 1629 676 1634 —

225 1660 294 1687 quac
314 1652 422 1687 scripsit
441 1652 531 1687 gravis
552 1651 597 1678 ille
617 1655 643 1678 et
662 1651 819 1687 ingeniosus
840 1655 929 1686 poeta,
956 1650 1023 1676 scri-

226 1690 292 1724 psit.
316 1698 367 1715 non
388 1693 418 1716 ut
437 1689 498 1715 illos
512 1689 599 1724 regios
614 1697 725 1723 pueros,
747 1689 795 1723 qui
811 1689 864 1714 iam
886 1696 1022 1722 nusquam

227 1731 308 1757 erant,
326 1726 374 1753 sed
389 1731 419 1752 ut
435 1735 482 1753 nos
493 1730 519 1752 et
530 1730 633 1752 nostros
645 1725 742 1752 liberos
754 1725 788 1752 ad
799 1725 914 1752 laborem
927 1730 953 1751 et
965 1724 1023 1751 lau·-

226 1763 287 1789 dem
299 1763 443 1790 excitaret?
462 1765 503 1790 60.
517 1763 638 1795 Quaeris.
647 1763 713 1798 quid
725 1764 840 1798 potuerit
851 1762 968 1797 amplius
979 1771 1023 1788 as-

226 1801 306 1835 sequi
317 1800 450 1831 Plancius,
468 1800 491 1826 si
507 1800 555 1827 Cn.
569 1800 703 1835 Scipionis
714 1799 811 1827 fuisset
822 1799 904 1826 fitius.
936 1799 1021 1835 Magis

225 1837 320 1864 aedilis
332 1837 387 1864 lieri
399 1846 451 1864 non
462 1838 606 1872 potuisset;
624 1837 672 1864 sed
684 1837 732 1864 hoc
743 1841 896 1872 praestaret,
913 1836 987 1872 quod
997 1837 1022 1862 ei

226 1875 316 1901 minus
328 1875 502 1902 invideretur.
533 1875 638 1901 Etenim
654 1875 784 1901 honorum
795 1874 895 1910 gradus
906 1873 1022 1900 summis

226 1912 382 1939 hominibus
393 1916 418 1938 et
428 1911 529 1938 infimis
541 1916 604 1938 sunt
614 1920 700 1946 pareS,
713 1911 813 1947 gloriae
824 1911 955 1946 dispares.

281 1949 365 1976 XXV.
397 1948 463 1981 Quis
484 1953 604 1975 nostrum
625 1957 654 1975 se
667 1948 733 1975 dicit
747 1949 792 1976 Μ’.
801 1948 893 1979 Curio.
913 1949 976 1983 quis
990 1947 1020 1974 C.

226 1986 355 2018 Fabricio,
368 1986 430 2021 quis
443 1986 471 2013 C.
485 1985 583 2012 Duillio
597 1985 706 2021 parem?
724 1987 788 2021 quis
799 1985 1023 2013 AtilioCalatino‘?

224 2024 287 2059 quis
304 2024 352 2050 Cn.
370 2028 396 2050 et
410 2024 439 2050 P.
452 2023 643 2058 Scipionibus?
666 2024 729 2058 quis
740 2023 873 2054 Africano.
887 2023 1019 2053 Marcello.

225 2060 359 2087 Maximo?
396 2061 494 2087 Tamen
515 2060 622 2087 cosdem
643 2069 738 2087 sumus
760 2061 890 2087 honorum
910 2060 1019 2096 gradus.

224 2107 292 2133 quos
316 2098 366 2129 illi,
393 2098 520 2124 assecuti.
551 2098 656 2124 Etenim
681 2099 709 2124 in
734 2098 832 2124 virtute
857 2097 936 2124 multi
958 2102 1022 2124 sunt

224 2144 365 2162 ascensus:
379 2140 408 2162 ut
419 2136 441 2161 is
453 2135 569 2161 maxime
579 2135 662 2171 gloria
669 2135 789 2166 excellat,
797 2136 949 2170 quivirtute
960 2135 1022 2170 plu-

225 2173 323 2199 rimum
335 2177 459 2208 praestet.
481 2173 614 2199 Honorum
627 2172 720 2207 populi
732 2172 792 2199 sinis
804 2173 1019 2199 estconsulatus:

223 2218 305 2245 quem
316 2210 500 2246 magistratum
512 2210 565 2236 iam
579 2210 724 2245 octingenti
736 2210 789 2236 fere
800 2211 936 2237 consecuti
946 2215 1019 2236 sunt.

224 2247 333 2279 Horum,
342 2247 639 2284 sidiligenterquaeres,
649 2247 830 2274 vixdeeimam
838 2252 939 2282 partem
945 2256 1021 2283 repe-

224 2285 277 2311 rias
287 2284 370 2320 gloria
382 2284 500 2320 dignam.
523 2284 575 2311 Sed
587 2293 664 2311 nemo
676 2293 805 2320 umquam
817 2285 925 2320 sicegit,
935 2289 963 2311 ut
974 2289 1018 2312 tu:

224 2322 278 2348 Cur
288 2322 338 2348 iste
350 2322 377 2348 fit
388 2321 501 2348 consul?
524 2321 590 2356 quid
602 2322 688 2357 potuit
699 2322 825 2357 amplius.
842 2323 866 2348 si
878 2323 908 2349 L.
921 2323 1019 2349 Brutus

224 2363 302 2389 esset.
315 2360 363 2394 qui
374 2360 509 2385 civitatem
519 2359 657 2385 dominatu
669 2360 742 2395 regio
754 2359 893 2386 liberavit?
917 2360 1019 2386 Honore

225 2396 291 2422 nihil
303 2396 429 2431 amplius,
444 2396 522 2423 laude
533 2396 660 2423 multum.
694 2397 738 2423 Sic
748 2397 831 2432 igitur
842 2397 966 2423 Plancius
978 2397 1020 2423 ni-

225 2432 279 2459 hilo
291 2435 380 2460 minus
391 2438 517 2468 quaestor
527 2438 567 2460 est
578 2433 662 2460 sactus
673 2438 700 2460 et
710 2434 835 2460 tribunus
846 2433 933 2468 plebis
944 2438 1020 2461 etae-

224 2469 296 2500 dilis,
309 2479 391 2505 quam
400 2471 424 2497 si
434 2475 506 2497 esset
515 2480 623 2497 summo
634 2471 691 2497 loco
701 2475 793 2497 natus:
815 2471 863 2497 sed
875 2471 948 2502 haec,
961 2471 1019 2506 pari

225 2505 281 2533 loco
291 2508 349 2537 orti,
367 2513 431 2534 sunt
442 2508 651 2535 innumerabiles
662 2508 707 2534 alii
718 2509 863 2534 consecuti.
895 2510 936 2535 61.
956 2509 1020 2535 Pro-

226 2542 278 2568 fers
294 2544 443 2578 triumphos
459 2545 489 2571 Τ,
506 2545 577 2572 Didii
591 2550 618 2572 et
628 2545 657 2572 C.
670 2545 760 2571 Marii:
783 2549 809 2571 et
821 2546 938 2580 quaeris,
951 2545 1019 2581 quid

225 2579 313 2606 simile
323 2581 351 2606 in
361 2581 478 2608 Plancio.
503 2582 584 2614 Quasi
596 2591 658 2609 vero
669 2583 722 2613 isti,
735 2591 804 2617 quos
814 2591 1016 2613 commemoras,

225 2621 363 2651 propterea
373 2619 544 2653 magistratus
550 2620 679 2654 ceperint,
692 2619 765 2654 quod
776 2620 980 2655 triumpharant.
993 2624 1020 2646 et

225 2662 287 2684 non,
300 2654 363 2689 quia
373 2656 509 2682 commissi
521 2661 584 2683 sunt
594 2657 627 2683 iis
639 2657 823 2692 magistratus,
840 2657 868 2683 in
878 2657 980 2692 quibus
991 2665 1019 2683 re

226 2690 292 2718 bene
303 2695 377 2727 gesta
388 2692 591 2728 triumpharent.
622 2694 717 2730 Rogas,
729 2701 799 2729 quae
809 2698 894 2720 castra
905 2694 1016 2721 viderit:

1045 1078 1047 1107 l

1046 1118 1047 1149 l

1045 1262 1047 1290 (

1018 162 1292 190 CICERONIS

1075 234 1122 268 qui
1135 238 1159 259 et
1171 233 1248 259 mileu
1261 233 1286 259 in
1298 233 1382 263 Creta.
1397 234 1502 260 Metello
1513 234 1561 260 hoc
1572 236 1738 270 imperatore.
1747 240 1772 261 et
1784 236 1869 262 tribu-

1077 279 1127 296 nus
1144 271 1170 296 in
1187 270 1338 296 Macedonia
1355 271 1470 297 militum
1486 271 1574 303 fuerit,
1592 277 1617 298 et
1631 278 1756 307 quaestor
1767 277 1869 299 tantum

1046 307 1047 319 ³
1076 315 1108 333 ex
1125 316 1151 333 re
1167 307 1274 333 militari
1286 307 1429 334 detraxerit
1441 310 1575 343 temporis.
1588 314 1718 344 quantum
1732 310 1757 336 in
1770 318 1811 335 mc
1822 318 1870 335 cu-

1076 344 1246 370 stodiendum
1259 344 1399 371 transferre
1411 345 1543 371 maluerit.
1566 348 1606 372 62.
1619 347 1738 378 Quaeri«.
1753 356 1816 373 num
1829 347 1871 373 di-

1077 386 1173 407 sertus.
1200 382 1292 412 Immo,
1311 382 1336 408 id
1348 382 1419 416 quod
1431 382 1578 409 secundum
1591 389 1639 414 eat,
1653 393 1685 410 ne
1697 385 1747 410 sibi
1760 383 1870 419 quidem

1076 418 1192 447 videtur.
1228 419 1297 445 Num
1318 419 1543 445 iurisconsultus?
1566 420 1646 452 Quasi
1664 421 1808 456 quisquam
1826 421 1869 451 sit.

1075 456 1121 490 qui
1134 456 1186 482 sihi
1202 456 1273 482 hune
1285 456 1382 483 falsum
1393 456 1748 492 deiurerespondissedicat.
1771 458 1871 485 Omnes

1075 493 1146 519 enim
1173 493 1325 520 istiusmodi
1351 498 1419 520 artes
1440 495 1467 520 in
1489 495 1521 520 iia
1542 495 1784 529 reprehenduntur.
1811 495 1869 530 qui.

1075 539 1160 565 quum
1177 530 1290 566 professi
1307 530 1419 562 fuerint,
1437 531 1588 557 satisfacere
1605 540 1655 558 non
1668 538 1795 567 possunt:
1819 541 1870 559 non

1076 569 1102 594 in
1115 568 1157 598 iis,
1170 569 1217 602 qui
1230 577 1257 594 se
1269 567 1388 594 abfuisse
1399 569 1501 595 abistis
1513 569 1611 595 studiis
1621 570 1789 596 confitentur.
1812 570 1871 596 Vir-

1077 610 1128 635 tus.
1148 605 1273 639 probitas.
1292 606 1429 641 integritas
1441 606 1466 632 in
1479 606 1628 637 candidato.
1644 615 1696 633 non
1708 606 1743 633 lin
1784 615 1814 633 ne
1824 615 1871 634 vo-

1077 642 1205 672 lubilitas,
1220 651 1270 669 non
1283 651 1333 673 ars,
1348 652 1399 669 non
1411 643 1520 669 scientia
1532 644 1631 678 requiri
1643 644 1718 670 solet.
1741 615 1831 671 'ffi'nos
1844 645 1870 670 in

1076 680 1218 714 mancipiis
1234 680 1372 715 parandis.
1394 681 1520 715 quamvis
1538 680 1608 716 frugi
1625 681 1760 708 hominem
1781 681 1804 707 si
1824 689 1872 716 pro

1076 716 1158 747 fabro,
1172 722 1217 743 aut
1229 726 1276 752 pro
1287 722 1382 744 tectore
1394 718 1522 748 emimus,
1542 717 1608 744 ferre
1620 718 1730 745 moleste
1741 718 1870 749 solemus.

1075 755 1099 780 si
1113 763 1157 780 eas
1173 759 1251 786 artes,
1269 763 1337 790 quas
1353 755 1379 781 in
1399 755 1513 782 emendo
1527 756 1612 782 secuti
1624 765 1729 785 sumus.
1748 755 1813 782 forte
1825 763 1872 782 ne-

1075 792 1196 818 sciverit:
1210 793 1251 818 sin
1263 797 1350 818 autem
1362 793 1487 823 emimus.
1496 801 1576 827 quem
1589 793 1709 819 villicum
1721 793 1872 828 imponere-

1077 838 1147 860 muS,
1160 838 1241 864 quem
1254 830 1340 864 pecori
1353 830 1564 864 praeficeremus.
1579 830 1645 856 nihil
1657 831 1683 857 in
1695 839 1734 861 eo,
1751 831 1802 857 nisi
1816 830 1872 857 fru-

1076 866 1225 902 galitatem.
1249 866 1378 897 laborem.
1402 867 1567 903 vigilantiam
1590 876 1650 894 esse
1664 876 1804 894 curamus:
1831 868 1870 894 sic

1076 903 1192 938 populus
1204 905 1338 930 Romanus
1349 904 1443 940 deligit
1454 905 1634 940 magistratus,
1651 905 1729 940 quasi
1741 904 1871 940 reipubli-

1075 949 1121 967 cae
1137 941 1255 973 villicos;
1277 942 1304 968 in
1319 942 1419 977 quibus
1431 943 1452 968 si
1463 951 1515 977 qua
1528 947 1659 977 praeterea
1671 947 1711 968 est
1721 951 1776 972 ars.
1795 941 1871 968 facile

1077 979 1188 1013 patitur;
1214 979 1256 1006 sin
1273 980 1377 1010 minus,
1395 980 1493 1006 virtute
1507 988 1599 1006 eorum
1612 984 1637 1006 et
1649 980 1797 1006 innocentia
1807 988 1871 1006 eon-

1077 1020 1164 1042 tentus
1185 1020 1234 1042 est.
1268 1016 1370 1048 Quotus
1390 1017 1462 1043 enim
1482 1017 1600 1052 quisque
1619 1017 1750 1048 disertus,
1772 1021 1871 1052 quotus

1075 1053 1193 1088 quisquc
1209 1053 1275 1079 iuris
1291 1054 1393 1089 peritus
1409 1059 1456 1085 est,
1475 1059 1504 1080 ut
1515 1062 1559 1081 eos
1572 1062 1704 1084 numeres.
1718 1054 1765 1089 qui
1778 1054 1871 1080 volunt

1076 1090 1153 1116 csse?
1171 1090 1277 1122 Quodsi
1290 1096 1423 1126 praeterea
1437 1091 1639 1127 honoredignus
1647 1091 1869 1127 nemo,quidnam

1077 1132 1112 1154 tot
1123 1128 1231 1162 optimis
1242 1132 1268 1154 et
1277 1129 1456 1155 ornatissimis
1469 1129 1575 1155 civibus
1586 1133 1625 1155 est
1637 1128 1776 1155 futurum?

1130 1165 1226 1191 XXVI.
1243 1167 1284 1191 63.
1300 1166 1379 1192 Iubes
1391 1166 1528 1192 Plancium
1540 1166 1573 1192 de
1584 1166 1656 1192 vitiis
1669 1166 1817 1192 Laterensis
1828 1165 1871 1192 di-

1075 1211 1144 1229 cere.
1175 1202 1248 1229 Nihil
1265 1208 1364 1238 potest,
1383 1204 1433 1230 nisi
1450 1212 1511 1230 eum
1528 1204 1608 1230 nimis
1624 1204 1650 1229 in
1667 1211 1696 1230 se
1711 1203 1869 1230 iracundum

1076 1239 1184 1274 putabis
1205 1239 1298 1267 fuisse.
1340 1240 1412 1267 Idem
1441 1240 1517 1267 effers
1543 1241 1710 1267 Laterensem
1733 1240 1868 1267 laudibus.

1053 1301 1054 1304 ,
1075 1277 1163 1303 Facile
1175 1278 1268 1312 patior,
1286 1277 1314 1304 id
1325 1282 1350 1304 te
1361 1286 1439 1314 agere
1451 1278 1544 1304 multis
1556 1278 1654 1308 verbis.
1671 1277 1742 1312 quod
1754 1277 1787 1304 ad
1798 1276 1871 1304 iudi-

1075 1315 1147 1341 cium
1165 1323 1215 1341 non
1232 1316 1371 1350 pertineat,
1394 1320 1419 1341 et
1430 1315 1457 1342 id
1469 1320 1493 1342 te
1504 1320 1672 1341 accusantem
1685 1314 1787 1341 tamdiu
1798 1314 1871 1341 dice-

1075 1361 1111 1383 re,
1131 1352 1203 1387 quod
1218 1361 1268 1388 ego
1284 1352 1409 1379 defensor
1423 1353 1481 1379 sine
1498 1352 1615 1388 periculo
1629 1353 1729 1387 possim
1741 1352 1868 1379 confiteri.

1074 1389 1155 1424 Atqui
1171 1397 1222 1416 non
1239 1389 1318 1416 modo
1331 1390 1464 1421 confiteor,
1482 1398 1588 1416 summa
1603 1390 1630 1416 in
1643 1390 1783 1416 Laterense
1793 1397 1871 1416 orna—

1075 1431 1163 1453 menta
1175 1435 1242 1458 esse,
1251 1427 1298 1453 sed
1310 1432 1333 1453 te
1345 1428 1423 1454 ctiam
1436 1427 1610 1462 reprehendo,
1618 1427 1690 1462 quod
1701 1435 1730 1453 ea
1742 1435 1792 1453 non
1804 1434 1870 1453 enu-

1044 1463 1046 1475 ῑ
1075 1472 1170 1495 meres.
1188 1464 1238 1490 alin
1250 1464 1381 1500 quaedam
1393 1465 1481 1491 inania
1492 1469 1518 1491 et
1530 1464 1597 1491 levia
1609 1465 1760 1499 conquiras.
1792 1464 1871 1490 Pru&

1075 1506 1148 1528 ueste
1164 1501 1261 1528 fecisse
1272 1501 1359 1528 ludos.
1399 1501 1489 1534 Quid?
1508 1502 1553 1528 alii
1568 1506 1722 1537 quaestores
1737 1509 1788 1528 non
1801 1500 1871 1528 fece-

1074 1538 1154 1565 runt?
1182 1539 1293 1575 Cyrenis
1310 1539 1445 1565 liberalem
1457 1540 1484 1566 in
1495 1539 1661 1574 publicanos.
1675 1539 1776 1565 iustum
1788 1539 1815 1565 in
1827 1546 1871 1565 so-

1074 1577 1128 1602 cios
1143 1575 1235 1603 fuisse.
1266 1576 1332 1609 Quis
1348 1576 1444 1612 negat?
1462 1576 1510 1603 sed
1521 1577 1556 1603 ita
1567 1576 1651 1603 multa
1663 1576 1761 1603 Romae
1771 1584 1871 1612 gerun-

1074 1618 1129 1644 tur,
1153 1618 1182 1640 ut
1203 1614 1249 1640 vix
1264 1622 1307 1645 ea,
1330 1622 1399 1649 quae
1414 1613 1481 1640 fiunt
1496 1614 1522 1640 in
1539 1614 1696 1648 provinciis.
1717 1613 1868 1639 audiantur.

1073 1652 1115 1677 64.
1141 1651 1199 1677 Non
1211 1659 1311 1682 vereor,
1325 1659 1358 1677 ne
1369 1651 1435 1677 mihi
1446 1650 1558 1686 aliquid.
1571 1651 1683 1681 iudices.
1698 1650 1789 1676 videar
1798 1657 1871 1676 arro-

1073 1696 1160 1723 gasse.
1173 1688 1197 1714 si
1208 1687 1241 1714 de
1251 1693 1396 1723 quaestura
1407 1696 1464 1714 mea
1476 1688 1576 1714 dixero.
1599 1688 1728 1720 Quamvis
1740 1687 1811 1714 enim
1823 1686 1869 1713 illa

1073 1725 1204 1756 floruerit,
1222 1730 1309 1752 tamen
1319 1733 1380 1752 eum
1393 1734 1435 1751 me
1446 1730 1535 1761 postea
1548 1724 1631 1751 fuisse
1643 1725 1670 1751 in
1682 1725 1807 1751 maximis
1818 1724 1871 1750 im-

1074 1762 1156 1798 periis
1171 1762 1293 1793 arbitror,
1311 1767 1340 1789 ut
1355 1771 1406 1789 non
1422 1763 1458 1789 ita
1474 1762 1540 1789 mihi
1553 1762 1669 1789 multum
1680 1761 1780 1797 gloriae
1791 1762 1825 1788 sit
1836 1769 1870 1788 ex

1073 1804 1233 1835 quaesturae
1245 1799 1323 1826 laude
1333 1799 1522 1835 repetendum:
1545 1799 1592 1826 sed
1604 1804 1691 1826 tamen
1703 1807 1755 1825 non
1767 1807 1867 1829 vereor.

1074 1845 1106 1864 ne
1117 1837 1179 1872 quis
1190 1837 1286 1863 audeat
1299 1837 1395 1868 dicere,
1404 1837 1487 1863 ullius
1500 1837 1526 1863 in
1538 1836 1629 1863 Sicilia
1639 1841 1811 1872 quaesturam
1823 1841 1870 1862 aut

1073 1875 1216 1910 gratiorem
1229 1879 1274 1900 aut
1284 1873 1422 1901 clariorem
1435 1873 1528 1900 fuisse.
1563 1874 1630 1900 Vere
1641 1873 1808 1900 mehercules
1819 1873 1869 1899 hoc

1073 1912 1174 1938 dicam:
1206 1912 1245 1938 sic
1266 1916 1322 1938 tum
1343 1911 1542 1941 existimabam.
1566 1910 1634 1937 nihil
1655 1910 1776 1938 homines
1795 1909 1869 1936 aliud

1072 1949 1185 1980 Romae.
1208 1949 1260 1975 nisi
1280 1949 1313 1975 de
1333 1953 1477 1984 quaestura
1493 1957 1551 1975 mea
1568 1948 1651 1983 quui.
1692 1948 1829 1974 Frumenti
1840 1948 1868 1974 in

1073 1995 1179 2013 summa
1190 1987 1297 2013 caritate
1309 1986 1457 2013 maximum
1473 1994 1616 2012 numerum
1632 1985 1771 2011 miseram:
1787 1992 1870 2022 nego-

1073 2023 1214 2050 tiatoribus
1234 2024 1331 2054 comis,
1354 2023 1545 2050 mercatoribus
1560 2023 1662 2053 iustus,
1685 2022 1870 2057 municipibus

1074 2060 1200 2091 liberalis.
1209 2062 1289 2087 sociis
1301 2061 1581 2092 abstinens,omuibus
1592 2068 1662 2086 eram
1675 2060 1751 2086 visus
1761 2059 1868 2086 inomni

1072 2098 1160 2125 officio
1179 2097 1416 2134 diligentissimus.
1456 2097 1606 2134 Excogitati
1629 2096 1741 2132 quidam
1760 2101 1834 2123 erant
1854 2105 1867 2122 a

1072 2135 1170 2162 Siculis
1185 2135 1298 2162 honores
1312 2136 1340 2162 in
1356 2143 1398 2162 me
1413 2135 1537 2161 inauditi.
1577 2136 1619 2161 65.
1641 2135 1731 2169 Itaque
1751 2133 1800 2160 hac
1820 2141 1869 2168 spe

1072 2172 1247 2204 decedebam,
1265 2177 1295 2199 ut
1309 2172 1376 2199 mihi
1393 2171 1524 2208 populum
1535 2172 1685 2198 Romanum
1702 2171 1770 2197 ultro
1779 2171 1868 2197 omnia

1072 2210 1223 2236 delaturum
1239 2214 1370 2245 putarem.
1410 2210 1443 2236 At
1458 2218 1515 2245 ego.
1532 2217 1617 2244 quum
1632 2217 1696 2235 casu
1711 2207 1808 2234 diebus
1822 2208 1866 2238 iis,

1072 2247 1176 2274 itineris
1191 2246 1304 2273 faciendi
1316 2255 1423 2278 caussa,
1441 2246 1573 2273 decedens
1584 2254 1598 2272 e
1609 2245 1754 2281 provincia,
1771 2245 1868 2271 Puteo-

1073 2284 1111 2311 los
1122 2284 1188 2311 forte
1199 2285 1348 2315 venissem,
1365 2293 1450 2319 quum
1466 2283 1576 2319 plurimi
1587 2288 1614 2309 et
1625 2282 1766 2309 lautissimi
1781 2281 1868 2309 solent

1071 2330 1130 2348 esse
1141 2322 1169 2348 in
1180 2322 1214 2348 iis
1227 2322 1306 2348 Iocis:
1327 2321 1431 2348 concidi
1444 2330 1535 2356 paene,
1553 2320 1666 2349 iudIces‚
1682 2327 1768 2354 quum
1779 2327 1813 2346 ex
1824 2327 1867 2345 me

1070 2359 1181 2394 quidam
1196 2359 1360 2394 quaesisset,
1377 2367 1432 2394 quo
1446 2359 1489 2384 die
1503 2358 1585 2384 Roma
1601 2357 1728 2387 exissem,
1745 2361 1772 2383 et
1786 2364 1868 2383 num-

1070 2396 1200 2431 quidnam
1220 2401 1292 2423 esset
1311 2396 1382 2423 novi.
1423 2395 1473 2422 Cui
1485 2404 1547 2421 cum
1562 2394 1772 2429 respondissem.
1794 2402 1837 2420 me
1851 2402 1866 2419 c

1071 2434 1208 2469 provincia
1218 2433 1359 2460 decedere:
1381 2433 1460 2459 etiam
1471 2431 1632 2461 mehercule.
1651 2431 1749 2466 inquit,
1766 2435 1798 2457 ut
1806 2431 1866 2466 opi-

1071 2480 1131 2502 nor,
1153 2480 1187 2498 ex
1205 2470 1304 2497 Africa.
1344 2470 1452 2496 XXVII.
1474 2469 1541 2495 Huic
1561 2477 1611 2504 ego
1625 2469 1677 2494 iam
1695 2467 1866 2494 stomachans

1070 2508 1220 2539 fastidiose.
1238 2508 1322 2534 immo
1335 2516 1369 2534 ex
1383 2507 1484 2537 Sicilia,
1500 2506 1622 2541 inquam.
1662 2506 1730 2532 Tum
1741 2504 1863 2539 quidam,

1069 2546 1147 2580 quasi
1158 2545 1205 2580 qui
1216 2546 1306 2572 omnia
1317 2545 1408 2575 sciret,
1425 2543 1511 2579 quid?
1524 2548 1552 2569 tu
1564 2543 1659 2573 nescis.
1676 2542 1774 2577 inquit,
1792 2541 1865 2568 hunc

1070 2583 1212 2619 Syracusis
1231 2586 1400 2618 quaestorem
1420 2580 1524 2607 fuisse?
1551 2579 1623 2612 Quid
1643 2578 1745 2606 multa?
1773 2578 1863 2605 destiti

1069 2619 1227 2646 stomachari
1236 2640 1242 2650 ,
1259 2624 1286 2645 et
1300 2627 1344 2645 me
1353 2627 1438 2645 unum
1453 2626 1486 2644 ex
1496 2618 1530 2644 iis
1542 2617 1605 2648 feci.
1622 2617 1671 2652 qui
1680 2616 1714 2643 ad
1724 2624 1807 2651 aquas
1818 2623 1865 2641 ve-

1069 2658 1182 2683 nissent.
1222 2658 1262 2683 66.
1283 2656 1336 2683 Sed
1351 2664 1381 2682 ea
1395 2664 1451 2686 res,
1468 2655 1583 2686 iudices,
1601 2654 1673 2680 haud
1687 2653 1745 2680 scio
1756 2661 1789 2679 an
1801 2651 1863 2688 plus

1069 2694 1136 2721 mihi
1151 2693 1292 2729 profuerit.
1310 2701 1391 2728 quam
1406 2693 1430 2719 si
1445 2692 1514 2719 mihi
1527 2696 1586 2720 tum
1596 2695 1687 2718 essent
1695 2698 1789 2718 omnes
1799 2698 1863 2717 con-
