1941 3052
234 145 278 168 (2ss
805 145 818 167 5·
865 143 896 168 M.
933 144 961 168 Τ.

230 214 445 247 indignus-imum
464 218 511 242 «mi.
531 214 578 247 ciui
598 214 623 239 in
644 217 761 238 nostrum
777 213 964 246 patrimonium
980 213 1015 238 ir-
1041 213 1043 246 l

229 255 365 285 ruperunt
381 250 452 285 quod
467 259 534 284 opus
549 255 596 279 ent.
614 250 689 276 nobis
704 254 867 275 nnutnmnur.
1041 250 1044 288 Ι

285 288 401 314 xxvm.
420 289 474 313 109.
492 288 585 313 Dicunt
600 287 680 319 igitur
694 295 764 312 nunc
777 286 887 320 ‹piidem
903 285 950 315 illi,
966 286 1013 320 qui
1034 286 1043 331 [l

229 334 260 351 ex
284 325 409 359 partic-uin
435 333 512 358 purvn
538 324 612 349 urbis
635 332 663 348 ac
683 323 730 348 loci
751 331 845 348 nomen
862 322 967 352 babent,
989 327 1014 348 et
1034 333 1043 346 υ

231 362 391 396 Peripatetici
417 361 567 395 philosophi
594 364 638 385 ant
662 359 810 385 Academici
834 359 1011 389 nominentur,
1034 357 1043 396 l

228 399 290 425 olim
306 404 392 424 nutem
409 403 512 432 propter
530 398 653 422 eximiam
669 405 756 421 rerum
773 397 948 422 maximarum
963 397 1014 422 sci·
1034 405 1043 429 1⁴

229 437 323 461 entiam
339 445 351 460 n
367 435 472 460 urm—vis
488 434 586 468 politici
602 433 751 467 philosophi
764 433 1014 467 appellati,univer-

229 482 316 498 snruni
332 481 416 498 reruni
433 471 599 505 public-arum
615 471 719 496 nominc
732 471 1012 499 vo‹·nl›antur,omncm
1034 467 1043 497 l.

228 509 332 535 civilem
347 510 488 534 orationem
509 508 534 532 in
550 507 642 533 horum
657 506 781 533 alterutro
794 516 890 542 genere
905 508 1011 538 versari,
1034 499 1035 526 l

228 551 271 571 unt
293 546 398 571 delinita
422 544 598 570 controversia
621 545 700 570 certis
719 544 884 579 temporibus
902 552 931 569 nc
946 545 1011 576 τώδ’,

229 584 276 608 hoc
296 582 385 607 modo:
420 582 555 607 l‘lnccatne
577 590 590 606 a
611 581 877 617 Karthaginiensibus
895 581 1013 615 captivos

229 625 338 649 nostros,
367 618 476 645 redditis
502 619 568 648 suis,
595 618 761 652 recuperari?
790 622 835 644 aut
857 618 958 644 infinite
981 618 1014 644 do

229 657 352 682 unixerso
364 664 459 689 genere
472 656 638 690 munerantis:
659 654 728 687 Quid
742 656 850 681 omnino
864 655 896 681 de
910 656 1014 690 captivo
1034 654 1043 697 {l

228 693 396 718 statuendum
415 702 443 717 nr·
458 692 626 718 sentit-ndum
641 692 692 718 sit‘?
724 693 810 727 Atque
825 693 918 719 borum
933 701 1014 727 supc—
1034 694 1043 741 l'

228 731 282 755 rius
297 729 362 755 illud
373 738 458 765 genus
467 738 588 755 caussam
599 734 644 755 aut
654 730 856 756 controversiam
869 729 1011 764 appellant,
1033 749 1042 765 ,Ι

228 775 338 801 eamque
358 767 451 798 tribus,
470 767 513 793 lite
527 771 571 792 aut
590 767 778 793 deliberatione
793 772 837 792 aut
853 767 1010 797 laudatione,

226 804 368 830 deliniunt:
386 804 449 830 haec
463 808 549 830 autem
565 803 642 830 altera
657 805 776 838 quaestio
787 804 888 830 infinita
900 809 924 830 ct
935 805 1011 839 quasi
1040 804 1042 843 ζ

227 841 358 876 proposita
372 841 528 867 consultatio
543 841 702 867 nominatur.
720 843 775 867 110.
788 841 874 876 Atque
886 842 1013 867 hactenus

228 879 373 913 loquuntur
397 877 455 914 [illi.
489 878 656 913 Quamquam
679 877 805 914 rhetores]
826 878 903 904 etiam
924 878 971 904 hac
985 879 1011 905 in

227 915 388 942 instituendo
402 915 532 941 divisione
547 920 665 942 utuntur.
682 915 727 941 scd
742 916 785 946 ita,
800 924 850 941 non
862 921 889 941 ut
901 916 957 942 iure
967 920 1012 942 aut
1032 931 1041 940 ψ,

227 952 332 983 iudicio,
342 953 366 978 vi
381 952 496 987 donique
507 961 659 987 recuperare
670 953 794 978 amissam
806 953 1010 987 possessionem,
1032 953 1034 975 ἶ

226 989 271 1015 sed
287 994 315 1015 ut
327 998 360 1016 ex
374 990 430 1015 iure
444 990 515 1015 civili
531 989 638 1015 surculo
649 989 822 1025 defringendo
835 998 963 1024 usurpare
972 990 1013 1016 vi·
1032 1008 1033 1016 1

225 1027 346 1052 deantur.
372 1027 437 1052 Nam
453 1026 519 1052 illud
534 1026 645 1052 alterum
659 1035 754 1061 genus,
770 1026 843 1061 quod
857 1032 895 1053 est
911 1032 1012 1062 tempo-

192 1082 197 1090 .
226 1064 308 1094 ribus,
327 1063 398 1094 locis,
415 1064 466 1089 reis
480 1063 628 1093 delinitum,
644 1063 771 1095 obtinent,
788 1068 867 1098 atque
881 1064 907 1090 id
922 1065 1011 1099 ipsum

227 1101 329 1127 lacinia.
353 1101 429 1126 Nunc
443 1101 513 1127 enim
527 1100 598 1135 apud
613 1101 759 1132 Philonem,
775 1109 856 1136 quem
871 1102 897 1128 in
912 1101 1013 1128 Acade-

226 1139 277 1163 mia
295 1138 409 1164 maxime
428 1138 516 1173 vigere
530 1137 617 1169 audio,
638 1138 716 1164 etiam
731 1138 825 1164 harum
839 1139 891 1164 iam
905 1148 1013 1165 caussa-

225 1183 283 1201 rum
298 1175 412 1211 cognitio
425 1175 629 1210 exercitatioque
642 1175 799 1202 celebratur.
820 1175 939 1202 Alterum
951 1185 1012 1203 vero

225 1212 406 1238 tantummodo
420 1213 447 1238 in
462 1213 545 1247 prima
559 1217 613 1239 arte
627 1212 751 1239 tradenda
766 1213 902 1239 nominant
915 1218 940 1239 et
953 1222 1012 1240 ora-

225 1250 287 1275 toris
301 1258 358 1275 esse
372 1249 477 1281 dicunt‘,
494 1249 541 1276 sed
555 1258 642 1285 neque
656 1250 710 1276 vim
725 1258 812 1285 neque
823 1254 941 1276 naturam
953 1251 1011 1276 eius

226 1295 271 1312 nec
286 1291 371 1321 partes
387 1295 433 1312 nec
446 1295 541 1322 genera
560 1291 718 1322 proponunt,
736 1292 763 1314 ut
777 1288 910 1322 praeteriri
925 1288 1012 1314 omni-
1039 1286 1040 1319 J

225 1333 257 1350 no
272 1323 350 1350 tuerit
363 1324 455 1354 satius,
471 1333 551 1359 quam
566 1328 720 1350 attentatum
735 1324 830 1351 deseri.
850 1325 926 1351 Nunc
940 1325 1010 1351 enim

224 1362 312 1396 iuopia
330 1361 437 1387 reticere
452 1361 646 1397 intelliguntur,
663 1366 719 1388 tum
733 1362 833 1388 iudicio
847 1362 1009 1388 viderentur.

278 1398 378 1424 XXIX.
396 1399 451 1424 111.
471 1398 564 1425 Omnis
583 1398 666 1434 igitur
683 1408 724 1425 res
737 1399 857 1425 eamdem
873 1399 951 1425 habet
965 1408 1012 1425 na-

224 1440 309 1461 turam
323 1435 484 1471 ambigendi,
500 1436 533 1462 de
548 1444 600 1470 qna
614 1436 706 1470 quaeri
720 1440 745 1462 et
758 1436 899 1470 disceptari
914 1440 1008 1471 potest,

223 1473 280 1499 sive
298 1473 325 1499 in
342 1472 454 1499 infinitis
471 1473 710 1499 consultationibus
723 1473 894 1507 disceptatur,
911 1473 969 1499 sive
982 1474 1010 1500 in

223 1510 256 1536 iis
269 1509 457 1544 caussis.quae
470 1510 497 1536 in
511 1510 616 1536 civitate
629 1514 655 1536 et
669 1510 695 1536 in
710 1509 806 1536 sorensi
820 1510 1010 1545 disceptatione

223 1551 375 1579 versantur3
407 1555 493 1582 neque
511 1551 550 1573 est
568 1547 631 1578 ulla,
651 1555 720 1582 quae
739 1556 791 1574 non
809 1548 899 1574 autad
912 1556 1011 1583 cogno—

222 1583 312 1610 scendi
338 1588 384 1610 aut
408 1584 442 1610 ad
467 1584 562 1620 agendi
586 1584 640 1610 vim
667 1585 848 1619 rationemque
871 1584 1008 1611 referatur.

224 1622 280 1647 112.
300 1621 366 1647 Nam
385 1625 430 1648 aut
447 1622 505 1656 ipsa
519 1622 634 1657 cognitio
647 1623 684 1648 rei
698 1622 862 1656 scientiaque
876 1622 1010 1656 perquiri·
1029 1649 1031 1657 ,

223 1663 273 1689 tur,
290 1662 327 1689 ut,
343 1659 428 1684 virtus
442 1667 553 1685 suamne
566 1663 672 1694 propter
680 1658 847 1694 dignitatem,
860 1667 892 1685 an
904 1663 1009 1694 propter

222 1695 324 1722 fructus
342 1695 446 1730 aliquos
463 1695 618 1730 expetatur?
639 1700 685 1722 aut
697 1695 793 1731 agendi
806 1696 947 1722 consilium
962 1704 1010 1722 ex-
1029 1707 1037 1733 3

221 1732 349 1767 quiritur,
369 1737 411 1763 ut,
435 1733 504 1759 sitne
525 1733 638 1767 sapienti
660 1733 821 1768 capessenda
839 1732 1010 1768 respublica?
1029 1727 1037 1754 >l

223 1771 280 1795 113.
299 1769 464 1804 Cognitionis
477 1773 565 1796 autem
579 1775 632 1796 tres
645 1770 726 1801 modi,
739 1771 898 1801 coniectura,
914 1770 1009 1797 defini-
1028 1784 1031 1793 ι

222 1807 258 1833 tio
271 1810 304 1837 et,
320 1811 350 1832 ut
363 1806 398 1832 ita
411 1806 509 1840 dicam,
523 1807 682 1834 consecutio.
710 1808 784 1838 Nam,
800 1807 867 1842 quid
881 1808 908 1833 in
922 1815 949 1833 re
963 1808 1005 1838 sit,
1028 1838 1030 1845 ,

221 1843 369 1870 coniectura
386 1844 532 1878 quaeritur,
552 1848 582 1871 ut
599 1844 680 1870 illud:
703 1844 777 1871 Sitne
791 1845 818 1871 in
832 1844 949 1871 humano
961 1853 1009 1880 ge-
1028 1852 1030 1873 !

222 1889 282 1907 nere
305 1880 452 1915 sapientia?
479 1880 564 1913 Quam
588 1886 676 1908 autem
692 1882 746 1908 vim
759 1890 882 1916 quaeque
901 1890 943 1908 res
961 1882 1010 1908 ha—

222 1918 289 1948 beat,
302 1917 421 1945 definitio
434 1918 562 1953 explicat:
584 1923 622 1950 ut,
638 1919 661 1945 si
674 1923 826 1954 quaeratur,
837 1918 904 1954 quid
918 1919 953 1945 sit
965 1927 1009 1945 sa-
1028 1914 1030 1920 '

221 1954 337 1989 pientia?
366 1954 522 1982 Consecutio
547 1960 635 1982 autem
657 1960 793 1986 tractatur,
817 1964 916 1991 quum,
941 1956 1009 1991 quid

219 2000 355 2027 quamque
372 2000 428 2018 rem
442 1997 578 2028 sequatur,
598 1993 778 2028 anquiritur':
804 1997 834 2020 ut
847 1992 924 2025 illud,
939 1994 1008 2020 sitne

220 2028 363 2064 aliquando
376 2030 481 2056 mentiri
495 2030 558 2056 boni
572 2029 640 2056 viri‘?
663 2031 719 2056 ⁴⁴4.
732 2030 853 2056 Redeunt
867 2039 961 2056 rursus
975 2030 1008 2056 ad

219 2067 406 2098 coniecturam,
421 2075 534 2102 eamque
546 2067 575 2094 in
587 2071 712 2102 quattuor
724 2075 820 2103 genera
834 2067 1006 2102 dispertiunt.

219 2103 286 2129 Nam
300 2107 353 2134 aut,
365 2103 432 2138 quid
445 2105 641 2139 sit,quaeritur‚
657 2104 706 2131 hoc
719 2104 810 2131 modo:
833 2109 959 2131 naturane
973 2105 1009 2131 sit

219 2141 262 2166 ius
275 2141 343 2167 inter
357 2140 486 2172 homines,
502 2150 536 2167 an
548 2141 739 2176 opinionibus?
758 2146 812 2173 aut,
828 2150 897 2177 quae
910 2142 945 2168 sit
954 2143 1008 2168 ori—

219 2185 253 2213 go
265 2178 398 2212 cuiusque
412 2179 463 2204 rei:
491 2182 530 2209 ut,
545 2178 617 2213 quod
631 2179 666 2205 sit
680 2179 787 2205 initium
802 2179 893 2214 legum
907 2184 953 2205 aut
966 2188 1008 2205 re-
1027 2176 1029 2210 ἒ

219 2223 278 2240 rum
298 2214 484 2249 publicarum?
503 2220 548 2242 aut
561 2224 654 2242 caussa
668 2221 693 2242 et
706 2217 784 2242 ratio:
805 2220 843 2247 ut,
858 2216 882 2242 si
895 2224 1008 2250 quaera-

219 2256 270 2282 tur,
288 2260 336 2278 cur
348 2251 494 2279 doctissimi
505 2252 626 2279 homines
637 2253 670 2279 de
679 2253 804 2279 maximis
815 2253 894 2280 rebus
903 2253 1009 2279 dissen-

219 2288 302 2315 tiant?
330 2293 376 2315 aut
397 2289 431 2315 de
452 2290 649 2316 immutatione:
673 2294 711 2321 ut,
727 2291 751 2316 si
764 2290 924 2325 disputetur,
941 2299 1006 2317 num

218 2326 325 2352 interire
347 2327 432 2352 virtus
455 2327 482 2353 in
505 2327 612 2353 homine
629 2331 675 2353 aut
691 2336 756 2354 num
769 2328 798 2353 in
813 2328 908 2354 vitium
922 2327 1008 2362 possit
1026 2340 1028 2349 ν

218 2362 353 2389 converti‘?
375 2365 430 2390 115.
445 2364 610 2390 Definitionis
624 2369 711 2390 autem
725 2369 788 2391 sunt
803 2364 1006 2399 disceptationes
1026 2374 1027 2384 ¹

219 2403 273 2429 aut,
291 2408 377 2434 quum
394 2401 540 2435 quaeritur,
555 2401 623 2436 quid
636 2401 663 2428 in
676 2402 813 2428 communi
827 2406 915 2428 mente
927 2402 1005 2436 quasi

220 2436 379 2470 impressum
401 2438 449 2464 sit.-
472 2443 510 2469 ut,
530 2439 553 2465 si
570 2438 725 2470 disseratur,
740 2439 803 2465 idne
816 2439 851 2465 sit
865 2439 917 2469 ius,
932 2438 1005 2474 quod
1026 2442 1027 2466 ἰ

220 2473 350 2514 maximae
367 2475 434 2508 parti
451 2475 486 2501 sit
504 2475 582 2508 utile,
604 2480 658 2506 aut,
678 2484 773 2511 quum,
793 2475 860 2510 quid
873 2476 1005 2511 cuiusque

219 2512 254 2534 sit
266 2511 582 2551 proprium‚exquiritur:
604 2517 642 2543 ut,
654 2517 744 2539 ornate
757 2512 844 2539 dicere
853 2513 1005 2548 proprium·
1024 2539 1026 2542 ,

220 2554 252 2571 ne
270 2551 305 2572 sit
322 2549 439 2579 oratoris,
459 2557 491 2575 an
510 2550 538 2576 id
551 2550 631 2576 etiam
645 2549 743 2584 aliquis
757 2554 889 2584 praeterea
903 2549 1006 2585 possit‘?

219 2586 366 2625 aut‚quum
377 2593 419 2611 res
432 2585 602 2613 distribuitur
614 2587 642 2613 in
653 2591 754 2621 partes:
767 2591 805 2617 ut,
817 2587 841 2612 si
851 2591 1002 2621 quaeratur,

218 2623 284 2653 quot
296 2625 350 2646 smt
362 2629 457 2656 genera
471 2631 559 2649 rerum
570 2624 788 2658 expetendarum,
796 2628 833 2654 ut,
846 2624 934 2650 sintne
944 2624 1001 2654 tria,

217 2657 343 2690 corporis,
363 2659 453 2689 animi,
473 2664 696 2695 externarumque
713 2669 815 2687 rerum:
837 2665 890 2691 aut,
906 2669 1000 2695 quum,

997 142 1269 169 ctetitioxts

1065 221 1134 247 quae
1153 212 1234 239 [orma
1253 217 1278 239 et
1295 213 1372 254 quasi
1387 211 1515 239 nnunti-
1528 217 1587 239 που
1601 214 1733 248 cuiusque
1747 214 1790 243 ait,
1806 214 1852 240 ‹le-

1065 250 1204 276 scribitur:
1231 254 1267 280 ut.
1287 258 1309 275 si
1332 254 1474 284 quaer-tur
1495 250 1566 276 avari
1585 251 1701 285 nrm-ica,
1721 250 1849 279 seditiosi.

1064 287 1182 320 gloriosi.
1215 288 1271 313 116.
1291 286 1490 313 Consecutionis
1504 292 1591 313 autem
1606 287 1660 313 duo
1674 289 1758 322 prima
1770 297 1851 323 quae-

1065 325 1181 350 stionum
1195 332 1290 358 genera
1306 328 1449 358 ponuntur.
1479 324 1543 350 Nam
1558 329 1603 350 aut
1616 324 1731 359 simplex
1744 330 1784 351 cat
1797 324 1851 351 dit·-

1065 361 1189 395 ‹reptatioz
1216 365 1252 390 ut,
1272 361 1295 387 si
1317 360 1470 390 disseratur,
1495 361 1675 395 expetendane
1698 363 1731 388 nit
1752 361 1853 397 glori-‘P

1065 403 1110 424 aut
1123 406 1155 424 ex
1169 398 1375 431 comparatione:
1399 397 1456 424 laus
1470 406 1502 424 an
1512 398 1619 424 divitiae
1631 400 1716 432 magis
1727 403 1852 433 expeten-

1034 436 1043 464 3‘,
1064 436 1112 461 dae
1129 434 1200 461 sint‘?
1220 434 1388 469 Simplicium
1407 439 1494 460 autem
1512 440 1576 461 sunt
1594 440 1645 461 tres
1664 432 1744 464 niodi.
1760 436 1792 461 de
1806 444 1853 462 ex-

1066 472 1186 507 petendis
1201 471 1370 504 fugiendisve
1384 472 1478 497 rebus:
1500 477 1536 501 ut,
1553 472 1728 506 expetendine
1742 473 1853 499 nouom

1064 509 1136 536 sint‘?
1149 518 1213 535 num
1229 507 1353 542 fugienda
1368 508 1526 543 paupertas?
1543 508 1575 534 de
1589 518 1674 544 aequo
1687 515 1731 536 aut
1745 510 1849 544 iniquo:

1065 551 1102 577 ut,
1127 555 1277 581 aequumne
1300 547 1334 572 sit
1357 546 1449 572 ulcisci
1468 546 1578 572 iniurias
1595 547 1674 572 etiam
1689 547 1851 581 propinquo-

1065 583 1143 610 rum?
1162 583 1194 609 de
1209 583 1319 609 honesto
1332 588 1376 609 aut
1391 583 1475 617 turpi:
1503 588 1531 609 ut
1549 583 1606 613 hoc,
1628 584 1697 609 sitne
1711 583 1851 610 honestum

1041 641 1043 646 .
1063 621 1162 655 gloriae
1185 629 1278 646 caussa
1303 625 1412 646 mortem
1436 619 1527 646 obire?
1564 621 1620 646 tt‘l.
1644 620 1852 655 Comparationis

1064 663 1152 684 autem
1171 657 1225 684 duo
1242 662 1304 684 sunt
1323 657 1407 683 modi:
1435 666 1513 687 unus.
1534 666 1628 692 quum,
1645 657 1750 684 idemne
1767 658 1802 684 sit
1819 667 1851 684 an

1064 695 1166 730 aliquid
1186 695 1298 725 intersit,
1317 695 1467 729 quaeritur:
1491 699 1527 723 ut,
1545 699 1661 720 metuere
1674 699 1700 721 et
1714 695 1807 724 vereri.
1823 700 1852 721 ut

1065 741 1110 759 rex
1123 736 1149 758 et
1163 736 1299 768 tyrannus,
1309 736 1337 757 ut
1350 736 1495 758 assentator
1508 737 1532 757 et
1543 733 1657 759 amicus:
1674 731 1849 767 alter,quum,

1040 790 1041 794 ,
1064 769 1130 804 quid
1145 774 1257 803 praestet
1271 768 1343 795 aliud
1357 769 1410 798 aiii,
1426 770 1576 803 quaeritur:
1595 774 1622 795 ut
1634 768 1710 799 illud.
1722 769 1851 804 optimine

1063 807 1195 841 cuiusque
1209 807 1350 840 sapientes.
1366 814 1398 832 an
1414 805 1532 840 populari
1550 805 1626 832 laude
1639 805 1788 832 ducantur?
1806 806 1851 833 Ai-

1040 845 1041 880 ]
1063 852 1116 878 que
1133 852 1178 869 eae
1192 843 1300 878 quidem
1315 842 1526 877 disceptationes,
1547 852 1615 878 quae
1629 843 1660 869 ad
1675 843 1851 879 cognitionem

1040 910 1041 918 ἵ
1064 880 1222 909 reseruntur.
1243 881 1281 906 sic
1300 879 1353 906 sere
1371 889 1385 905 a
1403 880 1565 906 doctissimis
1584 881 1738 907 hominibus
1751 880 1852 907 descri-

1064 918 1172 944 buntur.
1195 917 1283 943 XXX.
1306 919 1362 943 118.
1382 916 1454 949 Quae
1473 926 1535 943 vcro
1553 917 1703 944 referuntur
1720 917 1753 944 ad
1771 926 1852 953 agen-

1063 955 1137 985 dum,
1162 959 1207 981 aut
1229 955 1255 980 in
1279 953 1359 980 officii
1382 954 1571 989 disceptatione
1591 959 1736 985 versantur.
1756 955 1850 990 quoin

1062 1000 1167 1027 genere,
1191 991 1257 1026 quid
1280 996 1379 1018 rectum
1405 990 1610 1026 faciendumque
1632 991 1679 1022 sit.
1703 992 1848 1026 quaeritur.

1062 1030 1106 1056 cui
1126 1029 1182 1055 loco
1199 1029 1286 1055 omnis
1300 1029 1430 1054 virtutum
1448 1033 1474 1054 et
1487 1029 1611 1055 vitiorum
1626 1033 1666 1055 est
1679 1029 1747 1055 silva
1760 1029 1851 1055 subie-

1062 1071 1112 1097 cta,
1134 1070 1179 1092 aut
1195 1066 1221 1092 in
1232 1066 1380 1092 animorum
1391 1065 1479 1100 aliqua
1491 1066 1652 1100 permotione
1663 1070 1708 1092 aut
1718 1066 1850 1102 gignendo

1062 1108 1107 1130 aut
1120 1103 1236 1130 sedanda
1250 1103 1399 1129 tollendave
1413 1107 1564 1129 tractantur.
1582 1103 1649 1129 Huic
1657 1104 1748 1139 generi
1760 1103 1851 1130 subie-

1061 1145 1118 1167 ctae
1131 1145 1195 1167 sunt
1207 1140 1408 1170 cohortationes,
1424 1140 1631 1175 obiurgationes,
1647 1140 1848 1170 consolationes,

1062 1178 1253 1208 miserationes.
1273 1177 1414 1212 omnisque
1432 1177 1464 1203 ad
1483 1186 1587 1204 omnem
1606 1178 1688 1204 animi
1707 1182 1807 1204 motum
1825 1183 1850 1204 et

1039 1214 1041 1219 '
1062 1215 1190 1250 impulsio
1208 1219 1242 1245 et,
1262 1214 1285 1240 si
1300 1215 1334 1241 ita
1349 1223 1390 1240 res
1406 1214 1478 1245 seret,
1494 1215 1632 1250 mitigatio.
1656 1216 1712 1241 119.
1726 1214 1850 1249 Explica·

1063 1253 1096 1278 tis
1121 1252 1204 1288 igitur
1229 1251 1272 1278 his
1297 1251 1441 1287 generibus
1467 1260 1496 1278 ac
1519 1252 1606 1278 modis
1627 1251 1848 1287 disceptationum

1061 1290 1190 1320 omnium,
1207 1289 1272 1315 nihil
1288 1297 1351 1315 sane
1364 1288 1396 1315 ad
1411 1297 1466 1315 rem
1480 1289 1600 1324 pertinet,
1610 1289 1632 1315 si
1646 1298 1698 1324 qua
1713 1289 1739 1315 in
1755 1298 1782 1315 re
1794 1289 1851 1315 dis-

1038 1321 1040 1364 ξ
1061 1327 1165 1361 crepuit
1183 1326 1216 1352 ab
1233 1326 1340 1353 Antonii
1359 1326 1490 1352 divisione
1505 1331 1591 1352 nostra
1606 1326 1721 1360 partitio.
1751 1326 1849 1353 Eadem

1061 1364 1132 1390 enim
1155 1368 1218 1390 sunt
1240 1363 1358 1389 membra
1381 1364 1407 1389 in
1430 1364 1571 1398 utriusque
1593 1363 1780 1398 disputatione,
1802 1363 1850 1390 sed

1061 1400 1152 1435 paullo
1169 1409 1248 1427 secus
1265 1409 1278 1426 a
1293 1409 1335 1426 me
1349 1405 1427 1435 atque
1441 1400 1474 1426 ab
1488 1400 1534 1426 illo
1547 1401 1640 1435 partita
1654 1409 1683 1426 ac
1696 1400 1847 1427 distributa.

1061 1438 1138 1464 Nunc
1155 1437 1187 1464 ad
1205 1437 1308 1472 reliqua
1326 1437 1478 1473 progrediar
1491 1446 1587 1472 meque
1599 1437 1632 1464 ad
1647 1446 1735 1464 meum
1750 1446 1850 1464 munus

1061 1483 1230 1510 pensumque
1243 1475 1379 1501 revocabo.
1401 1475 1467 1501 Nam
1481 1483 1515 1501 ex
1528 1474 1582 1501 illis
1597 1474 1670 1506 locis,
1685 1483 1754 1510 quos
1767 1483 1850 1510 expo-

1060 1512 1115 1539 suit
1131 1512 1272 1543 Antonius,
1291 1512 1378 1538 omnia
1397 1517 1460 1538 sunt
1477 1511 1511 1538 ad
1523 1520 1646 1547 quaeque
1658 1520 1754 1547 genera
1767 1521 1850 1547 quae-

1037 1567 1038 1571 η
1060 1550 1178 1576 stionum
1203 1553 1359 1584 argumenta
1380 1548 1524 1581 sumenda;
1554 1549 1600 1575 sed
1624 1548 1684 1575 aliis
1705 1549 1848 1585 generibus

1036 1593 1038 1601 ¹
1060 1586 1105 1613 alii
1120 1586 1169 1612 loci
1183 1587 1269 1622 magis
1283 1590 1361 1612 erunt
1373 1586 1442 1621 apti;
1464 1585 1497 1612 de
1510 1594 1573 1620 quo,
1581 1595 1633 1612 non
1647 1590 1700 1612 tam
1713 1587 1777 1621 quia
1791 1585 1849 1613 lon-

1059 1632 1124 1659 gum
1141 1627 1194 1654 est,
1214 1631 1295 1658 quam
1313 1624 1376 1658 quia
1394 1623 1581 1658 perspicuum,
1601 1623 1654 1650 dici
1669 1623 1735 1650 nihil
1749 1628 1790 1650 aet
1803 1632 1849 1650 ne—

1036 1665 1038 1699 J
1059 1669 1143 1687 cesse.

1116 1699 1173 1724 120.
1192 1696 1381 1724 Ornatissimae
1395 1701 1458 1723 sunt
1470 1697 1554 1733 igitur
1565 1697 1696 1724 orationes
1709 1705 1764 1729 eae,
1779 1706 1848 1733 quae

1060 1734 1189 1761 latissime
1207 1738 1338 1769 vagantur
1355 1738 1380 1760 et
1402 1743 1416 1760 a
1435 1735 1536 1769 privata
1555 1743 1585 1761 ac
1601 1734 1731 1770 singulari
1745 1739 1849 1762 conem-

1059 1772 1145 1798 versia
1159 1779 1188 1797 se
1201 1771 1235 1797 ad
1249 1771 1367 1797 universi
1381 1772 1486 1807 generis
1496 1772 1551 1798 vim
1565 1771 1750 1806 explicandam
1759 1771 1849 1799 confe-

1028 1808 1037 1828 ι’
1058 1813 1122 1835 runt
1143 1812 1168 1835 et
1189 1812 1355 1839 convertunt,
1375 1813 1405 1835 ut
1418 1809 1446 1839 ii,
1461 1809 1508 1844 qui
1524 1808 1641 1840 audiant,
1657 1813 1750 1835 natura
1763 1813 1789 1835 et
1801 1817 1848 1845 ge-

1059 1854 1121 1872 nere
1133 1850 1160 1872 et
1172 1845 1296 1872 universa
1310 1853 1338 1871 re
1351 1845 1463 1881 cognita,
1479 1845 1511 1872 de
1524 1845 1640 1881 singulis
1654 1846 1706 1872 reis
1719 1850 1746 1872 et
1757 1846 1849 1873 crimi-

1059 1883 1140 1909 nibus
1157 1886 1183 1909 et
1201 1882 1294 1908 litibus
1308 1886 1422 1909 statuere
1436 1883 1546 1917 possint.
1582 1884 1638 1909 121.
1653 1883 1726 1909 Hanc
1738 1882 1772 1909 ad
1784 1891 1848 1910 con-

1058 1919 1229 1946 suetudinem
1252 1920 1447 1946 exercitationis
1465 1928 1522 1951 vos,
1541 1919 1731 1951 adolescentes,
1751 1924 1792 1946 est
1803 1929 1848 1946 co-

1058 1957 1178 1984 hortatus
1191 1957 1331 1988 Antonius,
1351 1961 1431 1992 atque
1444 1965 1459 1983 a
1472 1957 1583 1983 minutis
1596 1957 1772 1992 angustisque
1784 1965 1849 1984 oon·

1058 1994 1248 2021 certationibus
1265 1993 1299 2020 ad
1316 2002 1422 2020 omnem
1440 1994 1496 2020 vim
1510 1994 1717 2029 varietatemque
1730 2002 1778 2021 vos
1791 1994 1847 2021 dis-

1058 2031 1163 2058 serendi
1177 2030 1353 2057 traducendos
1366 2032 1478 2066 putavit.
1493 2030 1579 2063 Quare
1589 2039 1641 2057 non
1652 2035 1692 2057 est
1701 2039 1846 2066 paucorum

1059 2068 1210 2095 libellorum
1233 2067 1283 2094 hoc
1299 2076 1408 2097 munus,
1429 2072 1458 2094 ut
1475 2068 1503 2099 ii,
1523 2069 1571 2103 qui
1584 2069 1749 2103 scripserunt
1761 2068 1794 2095 de
1805 2069 1848 2095 di-

1034 2105 1037 2127 l
1057 2105 1135 2132 cendi
1153 2105 1261 2136 ratione,
1281 2105 1398 2131 arbitrati
1417 2109 1488 2135 sunt,
1509 2113 1597 2140 neque
1609 2105 1754 2132 Tusculani
1767 2110 1847 2140 atque

1058 2142 1141 2169 huius
1162 2141 1351 2168 ambulationis
1373 2142 1595 2169 antemeridianae
1614 2146 1661 2168 ant
1678 2147 1782 2169 nostrae
1799 2151 1847 2177 po-

1058 2179 1218 2206 meridianae
1235 2179 1372 2205 sessionis.
1406 2179 1463 2205 Non
1481 2180 1553 2206 enim
1566 2179 1655 2206 solum
1667 2178 1785 2206 acuenda
1799 2188 1847 2206 no-

1058 2217 1100 2243 bis
1123 2224 1210 2251 neque
1230 2215 1399 2250 producenda
1422 2215 1514 2252 lingua
1536 2221 1584 2247 est,
1609 2215 1657 2243 sed
1681 2216 1846 2243 onerandum

1056 2252 1300 2288 complendumque
1317 2257 1411 2288 pectus
1428 2253 1605 2280 maximarum
1618 2261 1707 2279 rerum
1722 2257 1748 2279 et
1761 2253 1845 2288 pluri-

1057 2299 1162 2317 marum
1174 2290 1314 2321 suavitate,
1325 2290 1409 2325 copia,
1422 2291 1556 2317 varietate.
1570 2289 1671 2316 xxxt.
1684 2291 1741 2317 iffi.
1752 2290 1845 2317 Nostra

1057 2332 1098 2354 est
1118 2328 1190 2354 enim
1211 2326 1244 2361 (si
1261 2327 1341 2353 modo
1358 2336 1406 2354 nos
1423 2331 1546 2358 oratores,
1565 2327 1589 2353 si
1603 2327 1631 2353 in
1643 2327 1745 2353 civium
1758 2327 1846 2354 disce-

1056 2364 1234 2399 ptationibus,
1257 2364 1280 2390 si
1306 2364 1335 2390 in
1354 2364 1490 2399 periculis,
1513 2364 1538 2390 si
1558 2364 1587 2390 in
1607 2363 1844 2391 deliberationibus

1056 2401 1172 2436 publicis
1190 2400 1334 2427 adhibendi
1349 2405 1468 2428 auctores
1481 2405 1507 2428 et
1518 2401 1653 2436 principes
1666 2401 1781 2436 sumus),
1797 2409 1845 2428 no-

1055 2443 1108 2465 stra
1122 2442 1171 2470 est,
1188 2439 1308 2473 inquam,
1323 2439 1411 2465 omnis
1423 2439 1474 2464 ista
1486 2437 1644 2473 prudentiae
1656 2437 1844 2473 doctrinaeque

1055 2476 1198 2510 possessio,
1224 2476 1252 2501 in
1273 2483 1355 2510 quam
1379 2475 1508 2506 homines,
1529 2475 1606 2510 quasi
1623 2474 1751 2502 caducam
1764 2480 1844 2510 atque

1055 2521 1176 2544 vacuam,
1195 2512 1361 2539 abundantes
1377 2513 1438 2543 otio,
1459 2512 1535 2538 nobis
1548 2512 1692 2546 occupatis,
1707 2511 1844 2539 involave-

1055 2554 1118 2576 runt
1138 2554 1218 2584 atque
1239 2550 1319 2575 etiam
1341 2553 1388 2575 aut
1403 2548 1543 2575 irridentes
1560 2553 1698 2580 oratorem,
1713 2553 1743 2575 ut
1755 2548 1802 2575 ille
1815 2550 1842 2575 in

1055 2586 1153 2622 Gorgia
1171 2587 1300 2617 Socrates,
1323 2585 1482 2612 cavillantur
1500 2590 1545 2612 aut
1562 2585 1665 2620 aliquid
1682 2585 1716 2612 de
1731 2586 1842 2613 oratoris

1054 2628 1109 2650 arte
1125 2624 1219 2659 paucis
1236 2623 1403 2658 praecipiunt
1420 2621 1518 2649 libellis
1532 2631 1630 2658 eosque
1643 2622 1788 2649 rhetoricos
1800 2623 1843 2649 in-

1054 2661 1183 2691 scribunt,
1203 2660 1282 2696 quasi
1300 2668 1352 2686 non
1370 2659 1415 2686 illa
1429 2660 1482 2686 sint
1495 2661 1599 2694 propria
1613 2659 1757 2692 rhetorum,
1773 2668 1842 2696 quae
