1941 3052
228 143 272 167 tm
797 141 834 164 10.
871 139 904 164 M.
940 139 969 164 Τ,

227 211 303 237 νιη-Ιπι
330 210 496 244 exprimi-nn,
526 209 571 235 ned
598 218 658 234 (rum
685 209 823 234 ueriti-titii»
849 217 1011 242 norimus-nu:

226 256 333 277 titanum,
360 248 477 277 humi-ri,
495 246 586 276 lau-m,
603 246 742 280 supplosio
756 246 844 279 pedis,
859 251 956 275 status.
973 247 1015 272 iu-

224 294 317 310 vessun
343 285 483 318 nuruumque
511 289 597 309 mutus
620 291 680 308 vum
709 283 796 308 verbis
823 284 1015 318 nenti-utumque

224 323 405 350 ‹·0n.·⁴‹-nti··m=;
435 330 484 347 vox
504 329 668 355 perunum-ns,
686 328 778 345 verum
793 321 924 346 aubi-anca
939 326 1015 346 natu-

226 368 261 385 ru.
296 359 346 384 Sed
367 359 415 384 boc
435 359 527 383 vitium
544 357 605 383 hui‹-
621 357 665 382 uni
681 357 706 382 in
723 357 821 382 bonum
836 358 1013 383 convertebat.

227 398 283 422 ⁴62.
303 396 418 422 ilabebat
441 396 511 420 enim
531 393 616 419 th-hitc
635 393 763 427 quiddam
783 394 809 420 in
828 395 1015 429 questionibus

225 438 370 468 aptumque
385 441 468 467 quum
484 431 514 456 ad
531 431 608 456 tidem
625 430 780 461 faciendam,
797 436 853 457 tum
869 431 900 457 ad
913 432 1015 458 miseri-

225 471 339 496 vordiam
359 468 590 495 vummovendam:
614 472 642 493 ut
661 476 753 493 verum
774 469 907 495 videretur
926 469 952 495 in
968 469 1016 495 boc

226 508 306 536 illud,
324 506 394 540 quml
418 506 619 531 lieuiostbenem
640 503 728 531 serunt
745 505 782 536 ei,
802 506 849 540 qui
863 507 1015 540 quaesivis-

1038 368 1045 388 st
1066 366 1119 391 que
1137 362 1224 383 autem
1244 365 1320 383 fluam
1339 362 1418 383 totam
1437 357 1554 385 haberet.

1004 138 1281 165 cucullosus

1042 211 1045 221 ¹
1065 209 1111 240 dm
1135 217 1175 235 ren
1190 213 1276 235 tamen
1291 209 1329 234 nic
1343 217 1371 234 ne
1386 209 1473 236 halret.
1506 209 1595 242 Quum
1608 212 1696 237 omnin
1711 212 1796 238 virtus
1809 213 1852 240 nit.

1068 251 1095 271 ιιι
1114 250 1208 275 vestra,
1230 246 1316 275 Brute.
1339 251 1415 271 vetus
1429 247 1569 273 Academia
1582 247 1659 277 dixit.
1677 248 1852 279 mediocritas.

1067 288 1178 317 uterque
1193 282 1286 308 borum
1302 283 1420 309 medium
1434 284 1562 318 quiddam
1579 285 1682 311 volebat
1696 286 1786 320 nequi:
1808 286 1855 312 sed

1067 321 1100 346 ita
1119 319 1237 350 cadebat,
1259 324 1287 346 ut
1305 319 1370 346 alter
1387 328 1419 347 ex
1438 320 1547 347 alterius
1566 321 1643 347 laude
1658 327 1767 357 partem.
1785 328 1856 350 uter·

1589 361 1646 385 ⁴:30.
1666 359 1733 385 Tum
1748 360 1854 389 Brutus.

1044 415 1046 424 ,
1067 396 1155 425 Quum
1170 402 1202 420 ex
1216 399 1259 420 tua
1273 394 1389 420 oratione
1403 395 1468 421 mibi
1485 395 1583 426 videor.
1600 397 1695 431 inquit.
1705 397 1771 422 bene
1779 397 1856 424 Cru-

225 549 278 574 set,
299 544 363 578 quid
385 543 500 577 primum
520 546 589 567 esset
603 542 629 568 in
644 542 768 573 dicendo,
785 543 928 575 aetionen13
950 544 1015 578 quid
1038 531 1047 566 i*

226 581 382 610 secundum,
400 580 468 605 idem
484 584 508 605 et
521 580 589 605 idem
605 580 710 605 tertium
726 581 905 614 respondisse.
939 580 1016 606 Nulla
1045 594 1047 608 ι

226 627 266 644 res
285 618 369 653 magis
389 621 505 651 penetrat
524 617 550 643 in
568 617 670 643 animos
688 625 787 651 eosque
807 618 893 652 lingit,
911 617 1014 649 format,

226 655 303 681 flectit
327 653 445 689 talesque
468 658 582 680 oratores
605 653 688 680 videri
713 654 788 685 facit,
808 655 901 690 quales
917 655 968 690 ipsi
987 664 1016 681 se

227 692 308 718 videri
325 691 425 717 volunt.

283 730 338 755 ita.
355 729 422 755 nuic
435 728 480 754 alii
495 737 584 763 parem
599 736 657 754 esse
671 727 802 758 dicebant.
817 729 860 755 alii
873 734 1014 764 antepone-

226 768 288 793 bant
307 767 335 792 L.
356 766 491 793 Crassum.
523 765 591 792 lllud
609 765 718 800 quidem
737 770 806 792 certe
819 775 912 792 omnes
926 767 960 792 ita
975 767 1017 792 iu·
1038 766 1040 791 1

225 804 356 835 dicabant,
374 804 507 830 neminem
522 812 589 834 esse,
601 803 647 837 qui
664 803 757 829 borum
769 803 894 830 alterutro
908 809 1018 838 patrono

225 842 385 876 cuiusquam
409 841 546 876 ingenium
571 841 726 875 requireret.
759 840 905 875 Equidem.
922 850 1018 876 quam-

225 887 306 914 quam
325 878 438 905 Antonio
461 883 561 904 tantum
581 878 681 908 tribuo,
701 882 831 912 quantum
850 887 930 913 supra
949 878 1015 909 dixi,

227 921 314 942 tamen
337 916 433 943 Crasso
455 915 521 942 nibil
544 919 630 941 statuo
653 915 707 941 fieri
728 916 845 949 potuisse
864 915 1016 950 perfectius.

225 954 287 980 Erat
312 962 416 979 summa
438 953 567 989 gravitas;
598 957 652 978 erat
675 961 735 978 cum
759 954 887 988 gravitate
911 954 1018 979 iunctus

227 990 379 1017 facetiarum
410 995 435 1016 et
465 990 622 1016 urbanitatis
648 991 790 1020 oratorius,
820 999 871 1016 non
898 990 1041 1016 scurrilis}

227 1027 313 1062 lepos;
335 1028 427 1054 Latine
442 1027 566 1062 loquendi
582 1032 700 1053 accurata
712 1032 737 1053 et
750 1028 808 1054 sine
822 1027 941 1054 molestia
956 1027 1018 1054 dili-

191 1088 196 1095 ,
225 1074 292 1100 gens
306 1065 448 1101 elegantia;
471 1066 497 1091 in
512 1065 668 1091 disserendo
683 1065 747 1090 mira
761 1064 915 1099 explicatio:
931 1073 1017 1100 quum

225 1103 259 1129 de
278 1102 334 1129 iure
352 1102 439 1133 civili,
461 1111 545 1137 quum
560 1102 592 1128 de
606 1110 692 1137 aequo
705 1107 729 1128 et
744 1102 812 1128 bono
825 1102 1015 1137 disputaretur.

226 1144 442 1176 argumentorum
457 1144 483 1166 et
496 1139 706 1166 similitudinum
721 1140 805 1174 copia.

280 1177 407 1203 XXXIX.
441 1178 498 1203 itt.
535 1177 601 1202 Nam
637 1181 666 1203 ut
701 1177 832 1203 Antonius
867 1177 1017 1203 coniectura

227 1214 358 1241 movenda
376 1219 420 1241 aut
438 1214 553 1240 sedanda
576 1214 728 1248 suspicione
748 1219 793 1240 aut
817 1214 955 1240 excitanda
976 1214 1018 1240 in-

225 1251 381 1278 credibilem
392 1253 447 1278 vim
462 1251 589 1277 habebat:
605 1252 644 1277 sic
658 1252 684 1277 in
700 1251 905 1286 interpretando,
915 1251 940 1277 in
953 1251 1019 1277 deti-

226 1289 336 1317 niendo.
365 1290 390 1315 in
419 1288 576 1324 explicanda
603 1288 734 1323 aequitate
758 1288 824 1315 nihil
847 1293 901 1314 erat
925 1288 1019 1315 Crasso

225 1326 373 1361 copiosius:
396 1326 478 1361 idque
495 1334 579 1361 quum
598 1334 677 1361 saepe
695 1325 773 1357 alias,
791 1331 848 1352 tum
867 1325 938 1360 apud
956 1335 1019 1352 cen-

227 1364 356 1390 tumviros
375 1363 402 1390 in
421 1364 453 1389 Μ’
473 1363 545 1390 Curii
563 1372 656 1389 caussa
674 1364 809 1399 cognitum
824 1367 873 1389 est.
911 1364 966 1389 ⁴45.
982 1364 1018 1389 Ita

226 1402 296 1427 enim
316 1400 399 1427 multa
421 1405 477 1427 tum
498 1405 587 1427 contra
605 1401 735 1435 scriptum
754 1408 801 1435 pro
814 1408 899 1435 aequo
912 1405 938 1426 et
951 1400 1020 1426 bono

225 1438 306 1469 dixit,
327 1443 357 1464 ut
374 1438 509 1464 hominem
528 1438 715 1464 acutissimum
734 1437 766 1470 Q.
786 1437 938 1464 Scaevolam
953 1438 1018 1464 etin

225 1477 296 1507 iure,
325 1476 351 1501 in
371 1484 425 1510 quo
447 1475 492 1501 illa
514 1483 609 1501 caussa
631 1475 795 1506 vertebatur,
820 1475 1018 1510 paratissimum
1041 1498 1042 1506 ,

226 1513 348 1539 obrueret
361 1517 580 1548 argumentorum
590 1511 829 1547 exemplorumque
838 1512 928 1546 copia:
939 1516 1019 1547 atque

226 1551 260 1576 ita
283 1554 340 1576 tum
359 1550 391 1576 ab
410 1550 452 1576 his
472 1550 588 1584 patronis
606 1549 764 1584 aequalibus
782 1554 808 1576 et
826 1549 879 1575 iam
895 1549 1020 1576 consula-

226 1588 301 1614 ribus
328 1595 423 1613 caussa
446 1587 491 1613 illa
514 1586 583 1613 dicta
601 1591 654 1618 est,
675 1595 760 1621 quum
780 1591 892 1621 uterque
910 1595 943 1613 ex
956 1595 1018 1613 con-

227 1625 304 1652 traria
328 1628 402 1660 parte
428 1625 472 1651 ius
493 1624 572 1650 civile
594 1623 759 1655 defenderet,
784 1628 814 1650 ut
836 1623 1018 1658 eloquentium

226 1662 474 1697 iurisperitissimus
488 1661 612 1692 Crassus,
628 1661 842 1696 iurisperitorum
857 1660 1019 1695 eloquentis-

226 1700 313 1726 simus
332 1698 456 1725 Scaevola
475 1702 626 1733 putaretur:
648 1698 695 1733 qui
714 1698 824 1733 quidem
843 1706 928 1732 quum
942 1706 1019 1733 pera-

226 1741 305 1763 cutus
323 1741 392 1762 esset
406 1735 439 1762 ad
453 1735 667 1771 excogitandum,
684 1735 749 1770 quid
763 1736 790 1761 in
805 1735 862 1762 iure
876 1739 922 1761 aut
935 1736 962 1761 in
975 1743 1019 1761 ae-

226 1782 281 1809 quo
298 1782 391 1800 verum
406 1777 452 1799 aut
469 1777 539 1799 esset
562 1777 607 1799 aut
625 1781 676 1799 non
695 1777 774 1803 esset,
790 1777 847 1798 tum
862 1772 951 1799 verbis
965 1777 1019 1798 erat

227 1811 259 1837 ad
277 1819 332 1837 rem
346 1819 408 1837 cum
422 1819 527 1837 summa
542 1810 670 1836 brevitate
684 1809 842 1836 mirabiliter
855 1814 942 1844 aptus.
959 1811 1016 1836 ⁴46.

227 1848 313 1880 Quare
327 1848 362 1874 sit
376 1848 452 1874 nobis
466 1852 552 1874 orator
564 1848 591 1873 in
606 1847 655 1874 hoc
669 1847 858 1881 interpretandi
873 1846 1019 1881 explanan-

227 1885 309 1920 dique
334 1889 358 1911 et
380 1884 529 1911 disserendi
552 1893 648 1920 genere
666 1884 810 1914 mirabilis,
831 1885 870 1910 sic
889 1888 918 1910 ut
930 1884 1019 1910 simile

228 1922 294 1949 nibil
314 1922 440 1954 viderim,
468 1922 496 1948 in
514 1921 648 1956 augendo,
668 1922 695 1947 in
710 1921 838 1952 ornando,
855 1922 882 1947 in
897 1920 1020 1948 refellen—

227 1960 262 1986 do
280 1960 366 1995 magis
383 1959 548 1985 existimator
566 1958 734 1989 metuendus,
750 1967 831 1993 quam
846 1958 1019 1985 admirandus

227 2001 321 2024 orator.
356 1996 413 2022 XL.
444 1997 500 2022 ⁴47.
524 1996 621 2023 Verum
645 1996 678 2022 ad
700 1995 825 2023 Crassum
844 2000 1017 2022 revertamur.

228 2035 296 2061 Tum
310 2034 416 2064 Brutus,
432 2033 489 2059 Etsi
503 2034 576 2064 satis,
593 2033 694 2068 inquit,
710 2033 777 2059 mihi
795 2032 906 2059 videbar
923 2032 1019 2059 habere

227 2072 363 2107 cognitum
387 2070 538 2097 Scaevolam
557 2079 591 2097 ex
612 2071 645 2096 iis
669 2070 762 2101 rebus,
787 2078 854 2105 quas
877 2070 1019 2096 audiebam

229 2117 306 2143 saepe
324 2117 358 2134 ex
375 2108 404 2134 C.
425 2107 532 2139 Rutilio,
553 2116 607 2143 quo
625 2108 718 2134 utebar
736 2112 841 2142 propter
855 2107 1020 2134 familiarita-

229 2151 281 2172 tem
304 2145 444 2172 Scaevolae
467 2146 558 2176 nostri,
583 2150 670 2171 tamen
688 2145 737 2171 ista
757 2145 823 2171 mihi
842 2145 900 2171 eius
913 2144 1019 2171 dicendi

229 2188 299 2210 tanta
314 2182 372 2209 laus
386 2187 445 2209 nota
459 2191 511 2208 non
526 2187 590 2208 erat.
612 2183 703 2217 Itaque
716 2182 774 2216 cepi
784 2181 956 2216 voluptatem,
966 2185 1017 2208 tam

228 2225 350 2247 ornatum
368 2220 456 2246 virum
471 2224 578 2254 tamque
596 2219 728 2246 excellens
742 2220 880 2254 ingenium
896 2219 979 2246 fuisse
991 2219 1020 2245 in

230 2262 317 2284 nostra
331 2257 478 2292 republica.
502 2258 558 2283 ⁴48.
574 2257 622 2283 Hic
635 2265 692 2292 ego,
709 2256 777 2288 Noli,
794 2256 913 2291 inquam,
929 2256 1018 2287 Brute,

229 2295 391 2325 existimare,
405 2294 447 2320 his
460 2294 567 2320 duobus
580 2294 728 2329 quidquam
743 2293 827 2320 fuisse
841 2294 868 2319 in
882 2298 970 2320 nostra
983 2293 1021 2319 ci-

230 2333 309 2358 vitate
322 2332 509 2366 praestantius.
536 2332 602 2358 Nam
616 2336 646 2357 ut
659 2331 749 2366 paullo
762 2336 821 2357 ante
835 2330 900 2362 dixi,
913 2330 1021 2357 consul-

230 2374 316 2396 torum
339 2369 451 2395 alterum
475 2369 697 2399 disertissimum,
726 2368 886 2395 disertorum
908 2367 1020 2394 alterum

230 2406 460 2433 consultissimum
475 2405 572 2439 fuisse,
596 2406 636 2432 sic
654 2406 682 2432 in
696 2405 807 2441 reliquis
821 2405 902 2432 rebus
915 2405 951 2431 ita
964 2404 1021 2431 dis-

230 2443 332 2469 similes
349 2448 422 2469 erant
439 2444 507 2470 inter
524 2452 592 2474 sese,
612 2447 727 2469 statuere
745 2448 775 2470 ut
792 2447 879 2469 tamen
893 2450 945 2468 non
958 2450 1021 2476 pos-

231 2488 282 2511 ses,
299 2481 385 2506 utrius
399 2485 424 2507 te
438 2480 530 2507 malles
544 2480 709 2507 similiorem.
725 2480 837 2507 Crassus
848 2484 903 2506 erat
913 2479 1021 2515 elegan—

231 2518 298 2543 tium
312 2518 494 2551 parcissimus,
503 2517 627 2544 Scaevola
642 2526 782 2552 parcorum
791 2517 1018 2552 elegantissimus.

232 2553 343 2580 Crassus
356 2555 383 2580 in
398 2563 502 2580 summa
516 2555 638 2581 comitate
652 2555 765 2581 habebat
779 2555 858 2580 etiam
872 2553 1020 2579 severitatis

231 2591 304 2621 satis,
320 2590 458 2617 Scaevolae
473 2591 555 2618 multa
568 2592 596 2618 in
610 2592 750 2618 severitate
765 2600 816 2618 non
830 2590 920 2616 deerat
932 2595 1020 2616 tamen

231 2629 350 2654 comitas.
380 2629 435 2654 ⁴49.
452 2628 524 2654 Licet
536 2629 623 2655 omnia
637 2628 687 2655 hoc
700 2628 792 2655 modo:
814 2627 861 2654 sed
876 2635 975 2658 vereor,
989 2635 1021 2653 ne

232 2664 295 2700 tingi
315 2665 455 2691 videantur
472 2665 544 2696 haec,
565 2670 593 2692 ut
610 2665 733 2692 dicantur
750 2674 764 2692 a
779 2674 820 2691 nie
833 2664 950 2699 quodam
964 2672 1022 2690 mo-

1067 440 1127 457 sum
1147 435 1171 456 et
1190 431 1343 457 Scaevolam
1361 433 1527 467 cognovisse,
1549 437 1604 459 tum
1622 434 1655 459 de
1674 439 1698 460 te
1712 439 1737 460 et
1751 434 1783 459 de
1797 434 1855 460 Ser.

1068 468 1189 503 Sulpicio
1205 469 1324 503 cogitans
1342 477 1401 494 csse
1418 469 1562 504 quamdam
1577 470 1653 496 vobis
1670 479 1732 497 eum
1752 471 1806 497 illis
1820 472 1857 498 ei-

1069 506 1247 532 militudinem
1264 505 1361 532 iudico.
1387 504 1516 538 Quonam,
1534 507 1652 542 inquam.
1673 508 1742 534 istuc
1760 508 1858 534 modo?

1067 543 1133 575 Quia
1153 543 1218 569 mibi
1237 548 1263 569 et
1281 548 1308 568 tu
1329 543 1435 574 videris,
1457 544 1552 579 inquit,
1573 549 1674 571 tantum
1689 546 1755 571 iuris
1768 545 1857 572 civilis

1067 581 1134 606 scire
1150 580 1275 610 voluisse,
1283 585 1414 615 quantum
1428 582 1493 607 satis
1507 586 1576 607 esset
1589 583 1697 610 oratori:
1713 587 1739 608 et
1747 583 1857 609 Servius

1067 617 1233 652 eloquentiae
1252 622 1352 644 tantum
1373 619 1562 653 assumpsisse,
1582 624 1611 644 ut
1629 619 1671 645 ius
1689 619 1768 645 civile
1782 619 1858 646 tudio

1069 655 1152 689 possit
1166 655 1248 686 tueri,
1270 660 1421 690 aetatesque
1436 661 1545 685 vestrae,
1559 660 1587 681 ut
1602 656 1717 686 illorum,
1731 656 1799 683 nibil
1812 661 1859 683 tut

1069 701 1119 718 non
1134 691 1188 718 fere
1203 692 1317 718 multum
1332 692 1467 719 differunt.
1490 693 1559 719 xm.
1577 694 1632 719 ⁴50.
1645 693 1676 719 Et
1687 702 1744 728 ego,
1758 694 1855 722 Deme.

1069 730 1186 764 inquam,
1203 729 1289 755 dicere
1304 729 1370 755 nibil
1385 735 1424 755 est
1443 739 1563 761 necesse;
1598 730 1631 756 de
1653 730 1747 757 Servio
1768 736 1857 757 nutem

1067 771 1093 792 et
1110 771 1138 792 tu
1158 766 1238 801 probe
1255 766 1322 792 dicis
1340 771 1365 792 et
1383 775 1432 802 ego
1445 767 1540 797 dicam.
1556 768 1628 802 quod
1643 768 1765 794 sentiam.
1800 768 1857 794 Non

1068 805 1138 830 enim
1154 803 1229 829 facile
1243 812 1322 838 quem
1337 804 1450 830 dixerim
1465 804 1526 839 plus
1540 804 1631 834 studii.
1647 814 1727 839 quam
1742 804 1819 831 illum
1833 810 1859 831 et

1068 841 1100 867 ad
1114 840 1257 866 dicendum
1272 845 1297 866 et
1310 840 1342 866 ad
1356 850 1448 867 omnes
1463 842 1591 868 bonarum
1603 851 1690 868 rerum
1701 842 1858 877 disciplinas

1069 878 1234 904 adhibuisse.
1273 878 1338 904 Nam
1361 883 1386 904 et
1404 879 1430 904 in
1449 878 1543 905 iisdem
1561 879 1795 906 exercitationibus
1817 880 1858 906 in-

1068 920 1148 941 eunte
1161 920 1243 941 aetate
1258 914 1369 946 suimus,
1385 920 1410 941 et
1423 921 1512 950 postea
1527 925 1578 942 una
1590 916 1713 942 Rhodum
1724 916 1769 942 iile
1778 917 1856 943 etiam

1070 952 1202 987 profectus
1216 957 1265 982 est,
1281 961 1335 987 quo
1349 952 1442 979 melior
1454 958 1524 979 esset
1537 958 1562 979 et
1575 953 1688 984 doctior;
1703 958 1738 984 et,
1754 953 1816 980 inde
1830 958 1859 979 ut

1069 990 1154 1020 rediit,
1176 989 1282 1016 videtur
1295 990 1361 1016 mihi
1375 990 1402 1016 in
1416 990 1532 1016 secunda
1547 995 1600 1016 arte
1614 991 1718 1025 primus
1730 999 1789 1016 esse
1803 999 1859 1017 ma-

1070 1027 1162 1058 luisse,
1187 1035 1267 1062 quam
1286 1027 1312 1053 in
1328 1027 1412 1062 prima
1427 1027 1572 1054 secundus.
1605 1028 1693 1062 Atque
1707 1027 1778 1054 haud
1792 1028 1856 1057 scio.

1046 1062 1048 1069 '
1069 1074 1100 1091 an
1120 1073 1167 1099 par
1185 1064 1352 1099 principibus
1370 1073 1428 1090 esse
1447 1065 1590 1099 potuisset:
1612 1065 1661 1091 sed
1679 1064 1790 1091 fortasse
1803 1073 1859 1091 me-

1071 1102 1127 1132 luit.
1150 1101 1176 1128 id
1196 1101 1269 1136 quod
1287 1106 1326 1127 est
1343 1101 1464 1136 adeptus,
1485 1102 1561 1137 longe
1575 1102 1705 1132 omnium,
1721 1111 1773 1128 non
1786 1103 1859 1128 eius—

1069 1139 1128 1165 dem
1149 1139 1227 1165 modo
1240 1139 1339 1170 aetatis,
1360 1139 1407 1165 sed
1421 1148 1512 1166 eorum
1527 1140 1615 1170 etiam,
1631 1140 1679 1174 qui
1694 1138 1816 1170 fuissent,
1830 1140 1858 1165 in

1069 1177 1125 1203 iure
1143 1176 1216 1202 civili
1236 1184 1294 1202 esse
1312 1177 1445 1211 princeps.
1481 1178 1538 1203 ⁴52.
1558 1177 1605 1203 nic
1618 1176 1726 1207 Brutus.
1740 1177 1799 1203 Ain·
1813 1175 1860 1203 tu?

1070 1214 1165 1249 inquit.
1199 1213 1320 1240 Etiamne
1333 1212 1365 1245 Q.
1380 1213 1521 1241 Scaevolae
1539 1213 1663 1240 Servium
1678 1218 1798 1240 nostrum
1811 1222 1859 1239 an-

1070 1249 1192 1286 teponis?
1223 1250 1268 1277 Sic
1285 1251 1366 1281 enim.
1387 1251 1507 1286 inquam,
1530 1251 1618 1282 Brute,
1638 1251 1771 1282 existimo,
1792 1251 1859 1277 iuris

1069 1288 1157 1314 civilis
1180 1296 1308 1324 magnum
1333 1296 1412 1314 usum
1435 1293 1461 1314 et
1483 1288 1555 1323 apud
1573 1287 1726 1315 Scaevolam
1744 1292 1771 1314 et
1787 1287 1858 1322 apud

1070 1325 1168 1352 multos
1191 1325 1288 1357 suisse3
1311 1330 1393 1351 artem
1416 1326 1444 1352 in
1463 1325 1512 1352 hoc
1530 1334 1596 1352 uno:
1617 1325 1690 1360 quod
1711 1333 1858 1360 numquam

1069 1362 1199 1389 effecisset
1215 1363 1303 1397 ipsius
1317 1363 1384 1388 iuris
1399 1363 1518 1393 scientia.
1535 1363 1587 1389 nisi
1600 1371 1658 1389 eam
1672 1367 1804 1397 praeterea
1817 1361 1860 1388 di-

1069 1400 1178 1426 dicisset
1196 1404 1287 1431 artem,
1307 1408 1376 1434 quae
1389 1399 1493 1426 doceret
1506 1408 1562 1426 rem
1577 1400 1729 1426 universam
1744 1399 1859 1426 tribuere

1070 1438 1097 1464 in
1120 1441 1216 1472 partes,
1242 1436 1367 1463 latentem
1389 1436 1522 1472 explicare
1543 1437 1702 1468 definiendo,
1718 1437 1858 1464 obscuram

1070 1475 1211 1509 explanare
1233 1474 1438 1509 interpretando,
1467 1475 1592 1510 ambigua
1619 1475 1736 1509 primum
1757 1473 1857 1504 videre,

1069 1511 1166 1538 deinde
1185 1511 1360 1547 distinguere,
1384 1516 1517 1546 postremo
1540 1512 1638 1538 habere
1654 1511 1787 1547 regulam.
1805 1519 1859 1546 qua

1071 1558 1131 1575 vera
1145 1553 1171 1575 et
1185 1548 1250 1575 falsa
1263 1548 1445 1575 iudicarentur
1458 1553 1483 1575 et
1496 1557 1574 1584 quae,
1589 1549 1690 1584 quibus
1705 1549 1799 1583 positis
1817 1556 1860 1574 es-

1048 1594 1049 1606 1
1070 1591 1129 1613 sent
1141 1594 1264 1621 quaeque
1278 1594 1329 1612 non
1343 1590 1433 1612 essent
1442 1586 1641 1620 consequentia.
1656 1585 1736 1612 XLII.
1748 1585 1860 1612 ⁴53.}{ic

1070 1624 1141 1650 enini
1164 1623 1251 1649 attulit
1273 1622 1340 1649 hanc
1361 1627 1443 1649 artem
1461 1624 1581 1649 omniurn
1600 1624 1697 1649 artium
1715 1623 1858 1649 maximam

1069 1661 1147 1695 quasi
1162 1659 1249 1686 lucem
1262 1659 1295 1686 ad
1309 1668 1347 1691 ea,
1367 1668 1436 1694 quae
1449 1659 1559 1687 confuse
1572 1660 1606 1686 ab
1619 1660 1679 1686 aliis
1692 1664 1737 1686 aut
1751 1668 1861 1694 respon-

1069 1698 1201 1724 debantur
1214 1701 1259 1723 aut
1272 1697 1428 1733 agebantur.
1448 1697 1616 1724 Dialecticam
1631 1697 1697 1723 mihi
1709 1696 1808 1723 videris
1818 1697 1861 1723 di-

1069 1743 1136 1766 cere,
1153 1735 1248 1769 inquit.
1269 1735 1356 1765 Recte,
1372 1734 1492 1769 inquam,
1509 1734 1650 1770 intelligis:
1676 1734 1724 1760 sed
1737 1734 1860 1760 adiunxit

1069 1773 1148 1799 etiam
1162 1777 1188 1798 et
1201 1771 1347 1798 litterarum
1361 1772 1499 1798 scientiam
1513 1777 1539 1798 et
1554 1771 1679 1806 loquendi
1690 1771 1858 1807 elegantiam,

1069 1818 1138 1845 quae
1156 1817 1190 1835 ex
1202 1809 1309 1843 scriptis
1322 1809 1390 1839 eius,
1405 1817 1521 1844 quorum
1533 1808 1632 1835 similia
1646 1808 1719 1835 nulla
1733 1813 1805 1839 sunt,
1822 1807 1861 1834 i'a-

1069 1846 1171 1876 cillime
1183 1846 1298 1881 perspici
1313 1850 1408 1880 potest.
1429 1847 1486 1873 ¹54.
1497 1845 1642 1880 Quumque
1651 1845 1773 1872 discendi
1782 1853 1861 1871 caus-

1070 1893 1098 1910 sa
1121 1883 1228 1910 duobus
1253 1883 1423 1918 peritissimis
1440 1891 1548 1918 operam
1564 1882 1691 1913 dedisset,
1712 1882 1742 1909 L.
1757 1882 1861 1908 Lucilio

1048 1923 1050 1927 '
1070 1921 1160 1952 Balbo,
1177 1920 1206 1947 C.
1221 1919 1340 1955 Aquinio
1353 1919 1443 1952 Gallo;
1465 1920 1545 1951 Galli,
1561 1919 1678 1946 hominis
1692 1920 1762 1946 acuti
1775 1924 1802 1946 et
1813 1927 1861 1946 ex-

1070 1959 1180 1989 ercitati,
1196 1961 1345 1992 promptam
1359 1961 1385 1983 et
1398 1961 1514 1992 paratam
1525 1957 1553 1984 in
1563 1956 1667 1993 agendo
1677 1961 1702 1983 et
1712 1957 1740 1983 in
1750 1965 1860 1991 respon-

1069 1995 1157 2022 dendo
1169 1995 1330 2021 celeritatem
1343 1993 1489 2021 subtilitate
1503 1993 1696 2030 diligentiaque
1709 1994 1858 2028 superavit:

1070 2032 1153 2063 Balbi,
1173 2032 1244 2059 docti
1261 2036 1287 2058 et
1304 2031 1401 2058 eruditi
1419 2031 1545 2062 hominis,
1565 2032 1593 2058 in
1606 2036 1719 2066 utraque
1733 2039 1761 2057 re
1773 2031 1862 2057 consi—

1048 2084 1051 2102 3
1070 2070 1186 2096 deratam
1200 2069 1348 2096 tarditatem
1362 2069 1433 2100 vicit,
1449 2068 1623 2103 expediendis
1636 2067 1861 2103 conficiendisque

1049 2103 1051 2122 ³*
1070 2107 1165 2139 rebus3
1191 2107 1230 2133 sic
1247 2110 1273 2132 et
1291 2106 1378 2137 habet,

1399 2106 1471 2141 quod
1486 2111 1598 2140 uterque
1611 2114 1704 2132 eorum
1718 2105 1820 2135 habuit.
1835 2110 1861 2131 et

1050 2159 1051 2162 =
1071 2144 1198 2179 explevit,
1213 2143 1286 2178 quod
1301 2143 1408 2178 utrique
1421 2142 1516 2169 defuit.
1552 2144 1610 2169 ¹55.
1624 2143 1725 2178 Itaque,
1740 2146 1772 2168 ut
1783 2141 1861 2169 Cras-

1049 2554 1052 2566 t

1049 2572 1052 2585 t

1070 2191 1118 2208 sus
1136 2181 1203 2208 mihi
1217 2180 1323 2207 videtur
1340 2180 1488 2215 sapientius
1502 2179 1607 2211 fecisse,
1622 2187 1704 2215 quam
1718 2178 1857 2206 Scaevola·

1070 2219 1125 2254 (hic
1146 2219 1218 2245 enim
1241 2226 1350 2244 caussas
1373 2217 1493 2244 studiose
1514 2216 1666 2252 recipiebat,
1685 2216 1715 2243 in
1731 2215 1833 2251 quibus
1846 2224 1860 2242 a

1071 2255 1166 2283 Crasso
1187 2254 1376 2290 superabatur3
1397 2254 1443 2281 ille
1464 2263 1494 2281 se
1510 2253 1616 2281 consuli
1632 2253 1746 2284 nolebat,
1762 2261 1795 2279 ne
1807 2261 1861 2288 qua

1071 2294 1099 2320 in
1112 2301 1141 2319 re
1153 2292 1262 2319 inferior
1275 2296 1353 2323 esset,
1369 2300 1451 2327 quam
1465 2290 1617 2326 Scaevola:)
1640 2291 1681 2317 sic
1693 2289 1805 2317 Servius
1817 2298 1861 2317 sa—

1071 2330 1248 2366 pientissime.
1271 2328 1362 2361 Quum
1375 2329 1447 2355 enim
1460 2328 1529 2355 duae
1541 2327 1636 2355 civiles
1648 2331 1717 2354 artes
1730 2335 1760 2354 ac
1774 2327 1861 2354 foren-

1071 2376 1114 2394 ses
1128 2367 1277 2402 plurimum
1290 2371 1316 2393 et
1329 2365 1417 2393 laudis
1431 2366 1558 2392 haberent
1570 2369 1597 2391 et
1605 2365 1719 2401 gratiae3
1739 2363 1858 2400 perfecit,

1072 2409 1101 2431 ut
1118 2404 1198 2431 altera
1216 2408 1360 2439 praestaret
1376 2403 1511 2434 omnibus,
1526 2411 1561 2429 ex
1573 2401 1654 2428 altera
1665 2406 1771 2428 tantum
1783 2409 1861 2428 assu—

1071 2446 1162 2473 meret,
1181 2445 1313 2476 quantum
1326 2445 1396 2467 esset
1412 2444 1439 2467 et
1451 2439 1485 2466 ad
1497 2439 1628 2466 tuendum
1640 2439 1684 2466 ius
1697 2438 1776 2465 civile
1789 2444 1814 2465 et
1827 2438 1860 2465 ad

1070 2479 1241 2506 obtinendam
1254 2477 1421 2504 consularem
1438 2476 1595 2513 dignitatem
1612 2476 1687 2503 satis.
1719 2477 1776 2502 ⁴56.
1791 2476 1859 2502 Tum

1071 2517 1178 2547 Brutus,
1193 2516 1231 2542 Ita
1243 2523 1362 2550 prorsus,
1376 2515 1508 2549 inquit,et
1520 2518 1597 2540 antea
1608 2513 1746 2548 putabam.
1760 2512 1860 2539 Audivi

1071 2554 1143 2580 enim
1162 2561 1248 2588 nuper
1265 2560 1328 2579 eum
1340 2551 1460 2578 studiose
1472 2555 1498 2577 et
1511 2551 1663 2586 frequenter
1675 2549 1758 2581 Sami,
1773 2558 1859 2585 quum

1049 2590 1052 2620 ἶ
1071 2599 1105 2617 ex
1117 2599 1148 2617 eo
1160 2591 1204 2617 ius
1218 2594 1338 2616 nostrum
1351 2588 1526 2624 pontificium,
1541 2596 1595 2623 qua
1604 2596 1639 2614 ex
1646 2592 1720 2622 parte
1729 2595 1792 2613 cum
1802 2587 1860 2614 iure

1050 2650 1052 2675 i

1050 2626 1052 2646 t
1072 2627 1146 2654 civili
1163 2628 1336 2654 coniunctum
1354 2629 1433 2656 esset,
1453 2625 1550 2651 vellem
1567 2632 1734 2660 cognoscere,
1749 2628 1777 2650 et
1788 2632 1861 2651 nunc

1050 2683 1052 2687 -
1072 2673 1163 2691 meum
1180 2663 1312 2690 iudicium
1330 2661 1415 2689 multo
1432 2663 1518 2697 magis
1531 2662 1658 2689 confirmo
1671 2661 1822 2688 testimonio
1834 2665 1861 2687 et
