1941 3052
210 132 259 156 890
782 130 825 156 9⁸.
856 129 891 155 Μ.

923 129 953 156 T.
983 129 1257 156 CICERONIS

209 201 336 230 colerem,
354 205 378 226 et
394 201 493 235 quibu-⁴
508 208 609 229 casem,
627 199 696 224 sii-nt
712 208 785 229 sum,
803 201 995 225 amicissimus,
1017 198 1027 230 [a
1049 201 1136 234 primo
1152 205 1230 226 vento
1245 200 1451 234 navigaturum?
1469 201 1541 236 quod
1559 202 1635 228 valdu-
1654 202 1788 237 discrepat
1805 201 1838 228 ab

209 242 233 264 lt.
249 238 426 270 Qumnubrem
439 247 452 262 u
465 242 487 262 te
500 241 567 270 peto,
586 235 626 261 vel
639 236 727 269 potius
737 237 864 262 omnihus
876 241 899 262 te
911 237 998 271 preci·
1020 267 1021 274 ἵ

210 276 261 302 lius
276 284 320 300 oro
336 279 360 300 et
375 274 502 303 οΙιιι-ειιιυπ,
521 277 548 298 ut
565 273 590 298 in
608 274 660 298 tuis
673 273 798 298 maximis
809 274 882 299 «euris
893 273 996 308 aliquid

211 313 346 346 impertire<
363 311 489 344 temporis
505 309 567 335 liuic
587 318 694 344 quoque
714 311 881 343 cogitationi.
905 316 933 336 ut
953 316 998 336 tuo

211 349 338 375 bom-livio
350 348 435 373 bonus
448 347 496 376 vir,
512 351 617 380 gratus.
631 347 692 381 pius
703 347 820 382 denique
832 357 890 373 esse
903 348 929 374 in
942 357 998 373 ma-

211 386 275 412 ximi
293 385 414 410 lieni-licii
431 384 556 409 memoria
573 385 684 418 possim.
723 385 796 416 Quae
812 385 834 410 si
851 389 952 411 tantum
965 385 996 410 ad

210 432 250 448 me
264 423 351 456 ipsum
364 422 534 456 pertinerent.
550 429 683 455 sperarem
697 430 738 447 me
750 431 763 447 a
777 427 800 447 tc
813 427 898 447 tamen
914 423 998 456 irnpe-

210 464 352 490 traturum·,
369 458 425 488 sed,
435 463 463 484 ut
472 458 627 489 arbitron-,et
638 458 670 484 ad
683 463 754 484 tuam
767 459 845 485 {idern
857 459 920 485 etad
929 468 998 485 rem-

209 495 344 531 publicam
366 496 492 529 pertinet,
515 503 556 521 me
572 503 586 521 e
601 496 694 530 paucis
709 501 735 522 et
749 495 781 522 ad
798 497 937 531 utriusque
953 505 998 522 ve-

208 537 293 559 strum
309 537 335 558 et
349 532 380 558 ud
396 533 498 559 civium
514 533 682 559 concordiam
699 542 746 567 per
762 538 785 559 te
801 542 882 568 quam
894 542 998 559 accom-
1026 563 1027 570 ἵ

210 570 422 596 modatissimum
434 571 596 596 conservari.
638 570 704 605 Ego,
721 579 805 605 quum
817 575 892 596 antea
905 571 953 597 tibi
965 570 998 596 de

210 607 320 634 Lentulo
330 607 428 642 gratias
443 607 661 642 egissem.qunm
674 608 697 633 ei
709 607 927 643 saluti,quimilii
941 607 998 633 l'ue-
1019 633 1020 646 ἱ

1026 650 1027 667 1
1049 649 1089 670 cta
1100 644 1132 670 ad
1143 644 1294 679 querelam,
1315 645 1362 671 sed
1379 646 1464 680 magis
1478 646 1510 671 ad
1521 646 1728 672 consolationem
1741 654 1838 672 meam.

209 649 260 675 rat,
278 643 389 675 fuisses,
407 649 507 675 tumen,
530 644 604 671 lectis
620 645 678 670 eius
695 644 803 675 litteris,
825 654 893 679 quas
907 644 939 671 ad
956 654 997 671 me

207 682 360 716 gratissimo
375 682 464 707 animo
479 681 511 707 (le
524 685 567 707 tua
580 681 736 708 liberalitate
749 682 931 717 beneficioque
946 683 997 708 mi-

207 720 254 750 sit,
273 719 393 745 eumdem
407 728 448 745 me
460 719 573 745 salutem
585 728 598 745 a
611 723 634 745 te
646 720 780 754 accepisse
792 720 899 754 putavi,
915 728 996 754 quam
1019 730 1027 746 μ

1018 756 1019 764 ’
1049 757 1176 791 quoniam
1191 766 1253 783 cum
1269 756 1390 783 consiliis
1402 757 1455 783 tuis
1471 766 1527 783 mea
1540 757 1606 783 facta
1617 762 1643 783 et
1653 757 1764 784 consilia
1776 765 1840 783 eon-

1018 800 1020 808 ’
1048 794 1176 820 sentiunt.

1026 830 1027 863 ζ
1048 830 1090 894 gis
1103 831 1198 866 magis,
1211 840 1292 866 quam
1304 831 1378 857 illius
1390 832 1491 861 merito.
1501 837 1529 858 ut
1541 837 1642 858 tantum
1653 833 1678 858 ei
1689 831 1786 857 debere
1798 831 1840 857 vi-

1026 879 1027 903 g
1067 877 1137 894 erer:
1151 873 1191 894 est
1204 870 1247 895 ita.

208 755 266 789 ille3
284 757 310 783 in
325 764 405 791 quem
417 756 440 782 si
453 765 493 782 me
506 756 635 791 intelligis
645 765 704 782 esse
717 761 838 792 gratum,
855 765 932 788 cura,
949 757 998 784 ob-

207 801 290 825 secro,
304 798 332 820 ut
346 794 425 820 etiam
438 794 464 820 in
479 794 635 828 Pompeium
647 802 706 819 esse
719 794 832 829 possim.

260 862 312 884 ΧΗ.
341 864 370 888 (ln
381 864 489 885 Formiano,
499 865 596 886 Min-vno,
606 865 687 883 Lentulo
698 872 743 884 con.
755 866 810 886 Τοῦ.)

388 908 556 935 CICERO
584 907 751 935 ATTICO
781 908 809 935 S.

264 947 287 972 t.
309 941 447 981 Legebam
460 950 518 972 tuas
531 945 630 972 litteras
641 954 699 972 xiu.
712 945 835 976 Kalend..
849 954 933 980 quum
945 946 997 972 mi-

207 983 236 1010 hi
246 982 358 1018 epistola
370 983 477 1009 affertur
487 991 500 1009 a
510 983 838 1017 Lepta‚circumvallatum
849 992 907 1009 esse
920 984 997 1009 l’om-
1026 985 1027 1014 j

206 1021 312 1056 poium,
330 1020 432 1046 ratibus
443 1021 522 1046 ctiam
534 1021 622 1046 exitus
634 1025 726 1055 portus
738 1021 830 1047 teneri.
871 1021 927 1047 Non
940 1029 997 1046 me·

206 1058 269 1084 dius
281 1057 361 1083 lidius
373 1066 434 1092 prae
447 1057 564 1083 lacrimis
575 1066 685 1092 possum
697 1057 799 1092 reliqua
811 1066 859 1084 nec
869 1058 994 1093 cogitare,

206 1103 255 1122 nec
269 1095 395 1121 scribere.
436 1095 496 1120 Misi
513 1095 545 1120 ad
563 1099 586 1121 te
603 1094 767 1129 exemplum.
808 1095 918 1121 Miseros
935 1095 994 1121 nos!

205 1141 254 1159 cur
265 1141 316 1158 non
328 1140 420 1158 omnes
433 1131 515 1158 fatum
528 1131 601 1158 illius
613 1140 665 1158 una
675 1132 794 1158 exsecuti
806 1132 920 1158 sumus?
930 1132 996 1158 Ecce

205 1174 294 1196 autem
310 1178 323 1195 a
340 1169 419 1195 Matio
434 1174 459 1195 et
470 1169 592 1195 Trebatio
607 1169 714 1195 eadem:
735 1169 836 1204 quibus
853 1170 996 1196 Minturnis

204 1206 280 1233 obvii
297 1206 417 1233 Caesaris
433 1206 574 1232 tabellarii.
614 1207 750 1241 Torqueor
767 1206 875 1237 infelix,
898 1211 927 1233 ut
943 1207 996 1232 iam

205 1243 284 1270 illum
295 1244 449 1269 Mucianum
460 1243 563 1269 exitum
574 1248 707 1278 exoptem.
737 1243 771 1270 At
781 1252 863 1278 quam
875 1243 994 1274 honesta.

205 1286 231 1307 at
241 1289 322 1316 quam
334 1280 457 1315 expedita
469 1285 513 1307 tua
524 1280 645 1311 consilia,
658 1289 738 1315 quam
750 1281 876 1317 evigilata
888 1281 941 1308 tuis
952 1289 998 1307 co-

204 1317 389 1354 gitationibus,
403 1326 455 1352 qua
466 1318 578 1349 itineris,
594 1326 648 1352 qua
660 1319 853 1354 navigationiS,
869 1327 920 1353 qua
933 1327 998 1345 con-

204 1364 314 1391 gressus
324 1355 509 1390 sermonisque
520 1363 580 1381 cum
592 1355 715 1382 Caesare-l
738 1356 834 1382 Omnia
845 1360 902 1382 tum
913 1356 998 1382 hone·

204 1397 257 1424 sta,
272 1397 327 1419 tum
339 1397 425 1418 cauta.
466 1393 494 1418 ln
505 1393 617 1427 Epirum
633 1401 696 1419 vero
708 1393 829 1420 invitatio
840 1402 921 1428 quam
933 1401 997 1419 sua-

204 1431 259 1461 vis,
273 1438 354 1465 quam
368 1429 500 1460 liberalis,
518 1438 599 1464 quam
611 1429 738 1457 fraterna!
771 1433 795 1457 2³.
810 1431 846 1457 De
857 1431 994 1466 Dionysio.

203 1476 265 1493 sum
281 1467 441 1498 admiratus,
459 1468 506 1502 qui
522 1467 593 1502 apud
609 1476 652 1494 me
667 1468 819 1495 honoratior
832 1467 896 1498 fuit,
914 1477 995 1503 quam
1024 1474 1026 1498 ’,

1024 1508 1026 1518 ¹
1047 1510 1096 1537 ego
1108 1501 1180 1527 hunc
1192 1502 1227 1528 ita
1238 1507 1360 1536 paratum
1372 1502 1450 1529 video
1460 1502 1590 1537 peditatu,
1603 1503 1733 1537 equitatu,
1745 1500 1840 1528 classi-

203 1504 275 1539 apud
290 1505 442 1539 Scipionem
459 1505 613 1538 Panaetius3
632 1514 646 1532 a
661 1513 715 1540 quo
730 1506 915 1540 impurissime
931 1505 996 1531 haec

203 1547 292 1568 nostra
304 1542 408 1568 fortuna
423 1541 548 1577 despecta
563 1547 612 1569 est.
653 1542 704 1569 Odi
716 1543 852 1570 hominem
863 1548 889 1569 et
899 1542 993 1570 odero:

202 1580 306 1606 utinam
321 1579 416 1605 ulcisci
432 1580 551 1614 possem!
574 1579 622 1606 sed
637 1580 715 1606 illum
730 1580 894 1607 ulciscentur
908 1588 996 1606 mores

202 1617 256 1643 sui.
283 1618 308 1643 3.
321 1617 370 1647 Tu,
383 1625 491 1651 quaeso.
506 1625 577 1643 nunc
589 1617 630 1643 vel
643 1618 768 1649 maxime,
782 1617 848 1652 quid
860 1617 994 1653 agendum

202 1653 280 1680 nobis
291 1654 335 1685 sit,
348 1654 444 1689 cogita.
484 1654 579 1689 Populi
590 1655 700 1681 Romani
711 1656 845 1682 exercitus
856 1655 905 1682 Cn.
919 1655 996 1681 Pom-

201 1691 294 1725 peium
305 1691 491 1718 circumsidet:
508 1691 578 1718 fossa
593 1696 619 1718 et
632 1692 702 1718 vallo
713 1697 819 1727 septum
831 1697 914 1725 tenet3
932 1691 996 1727 fuga

201 1728 339 1763 prohibet:
353 1737 400 1755 nos
413 1729 541 1759 vivimus,
555 1734 580 1755 et
591 1729 719 1756 statUrbs
731 1730 793 1762 ista,
808 1735 941 1764 praetores
953 1730 996 1755 ius

202 1764 308 1798 dicunt;
323 1765 423 1791 aediles
435 1765 512 1792 ludos
523 1771 628 1800 parant;
642 1767 693 1793 viri
704 1767 766 1793 boni
778 1767 996 1802 usurasperscri-

202 1801 284 1828 bunt:
300 1810 349 1838 ego
361 1803 418 1837 ipse
429 1802 527 1829 sedeo?
537 1803 621 1830 Coner
634 1803 697 1830 illuc
708 1804 755 1835 ire,
764 1809 793 1830 ut
803 1803 933 1830 insanus‘?
944 1805 996 1830 im-

202 1838 305 1873 plorare
325 1839 405 1865 fidem
426 1840 654 1875 municipiorum?
673 1841 738 1867 Boni
759 1850 810 1867 non
831 1847 992 1877 sequentur;

203 1876 276 1902 leves
297 1876 460 1909 irridebunt;
486 1885 575 1903 rerum
596 1886 726 1904 novarum
746 1878 854 1913 cupidi,
880 1879 994 1905 victores

201 1914 358 1948 praesertim
370 1918 395 1940 et
405 1915 508 1945 armati.
522 1915 578 1940 vim
589 1919 614 1941 et
625 1923 720 1941 manus
732 1915 850 1942 afferent.
882 1917 906 1942 4.
923 1915 995 1948 Quid

201 1958 296 1976 censes
308 1950 408 1986 igitur?
417 1951 579 1985 ecquidnam
590 1956 629 1978 est
640 1953 680 1978 tui
691 1952 797 1978 consilii
807 1953 840 1978 ad
852 1952 932 1979 finem
944 1953 995 1979 hu-

201 1988 245 2014 ius
264 1988 430 2014 miserrimae
451 1987 539 2014 vitae‘?
558 1989 634 2015 Nunc
655 1989 744 2020 doleo,
767 1999 838 2016 nunc
859 1994 992 2026 torqueor,

201 2033 286 2059 quum
299 2024 464 2059 quibusdam
480 2030 526 2052 aut
539 2027 647 2060 sapiens
663 2026 768 2058 videor,
786 2027 859 2062 quod
872 2037 925 2054 una
941 2037 993 2055 non

200 2062 288 2093 ierim,
303 2066 348 2089 aut
360 2061 424 2089 felix
435 2062 529 2089 fuisse.
550 2063 728 2090 Mihicontra.
755 2065 909 2100 Numquam
921 2067 993 2092 enim

200 2098 276 2125 illius
291 2099 418 2126 victoriae
433 2101 523 2126 socius
539 2109 598 2127 esse
610 2100 696 2134 volui;
714 2101 873 2128 calamitatis
885 2102 994 2129 mallem

200 2135 296 2162 fuisse.
335 2136 407 2169 Quid
419 2146 467 2173 ego
479 2146 550 2164 nunc
561 2142 619 2164 tuas
632 2138 744 2169 litteras,
762 2139 829 2174 quid
844 2144 917 2166 tuam
928 2149 995 2175 pru—

200 2172 320 2200 dentiam
339 2179 385 2200 aut
404 2174 619 2202 benevolentiam
644 2175 803 2210 implorem?
826 2177 922 2204 Actum
942 2183 992 2204 est.

199 2210 279 2237 Nulla
291 2219 318 2237 re
330 2211 383 2237 iam
394 2220 504 2246 possum
516 2213 617 2244 iuvari,
630 2213 692 2248 qui,
710 2222 743 2240 ne
754 2213 821 2248 quid
831 2219 920 2249 optem
931 2215 994 2250 qui-

200 2247 276 2311 tiam,
294 2248 348 2274 iam
364 2248 463 2281 habeo,
480 2250 534 2276 nisi
548 2255 578 2277 ut
591 2250 681 2286 aliqua
692 2251 798 2277 inimici
808 2252 993 2279 misericordia

211 2294 219 2311 ι
240 2293 356 2312 eremur.

252 2358 316 2379 xm.
332 2359 404 2380 Huius
415 2359 525 2386 epistotae
538 2362 549 2386 ξ
565 2363 582 2381 1.
594 2368 642 2381 eum
652 2361 749 2388 epistole
757 2365 807 2382 ΧΠ.
817 2360 841 2382 in
851 2361 932 2382 ceteris
943 2362 992 2383 edd.

199 2392 350 2418 coniungitur,
361 2401 408 2415 eum
419 2398 480 2415 xm.
491 2398 580 2416 auctore
590 2397 648 2417 Mun.
660 2403 672 2416 a
682 2396 787 2417 sthutzio
799 2400 821 2417 et
830 2397 922 2418 oteuio.

360 2431 390 2455 (ln
400 2432 507 2453 Formiano,
518 2432 617 2453 Mai-cetto,
628 2433 708 2450 Lentulo
718 2439 764 2450 coss.
775 2434 830 2456 70⁵.)

382 2492 549 2520 CICERO
578 2492 747 2519 ATTICO
779 2493 808 2520 S.

258 2543 281 2568 ⁴.
306 2537 369 2572 Οὐκ
380 2544 429 2572 ἴστ’
443 2546 534 2581 ἔτυμος
544 2545 634 2582 λόγος,
649 2551 678 2572 ut
694 2547 801 2580 opinor,
819 2546 864 2573 ille
879 2547 913 2573 de
928 2547 992 2573 rati-

200 2577 262 2604 bus.
302 2580 373 2612 Quid
383 2583 455 2608 enim
466 2588 515 2614 est,
528 2583 600 2618 quod
608 2582 741 2609 Dolabella
752 2583 795 2610 his
806 2583 910 2615 litteris,
922 2593 991 2619 quas

200 2623 239 2641 m.
252 2614 315 2643 Idus
326 2617 401 2644 Mart.
414 2619 577 2646 aBrundisio
584 2619 670 2651 dedit,
684 2620 753 2647 hauc
764 2620 900 2656 εὐημερίαν
911 2621 990 2656 quasi

201 2651 321 2680 Caesaris
336 2655 478 2688 scriberet,
495 2657 653 2692 Pompeium
668 2658 697 2684 in
708 2657 770 2694 suga
782 2657 859 2684 esse‘?
872 2666 990 2693 eumque

1026 1061 1027 1064 ’
1049 1053 1139 1080 valde:
1156 1063 1268 1089 ecquam
1279 1055 1314 1081 ob
1325 1063 1462 1085 caussam.
1480 1055 1558 1090 plane
1570 1056 1670 1082 nescio.

1051 237 1083 262 iis
1094 237 1229 270 epistolis,
1245 246 1360 272 «quarum
1374 238 1495 273 exempla
1511 244 1585 265 antea
1597 239 1629 265 ad
1642 244 1665 265 te
1678 240 1750 265 mini.
1791 240 1839 265 nic

1049 273 1159 307 quidem
1178 282 1247 299 mera
1263 274 1363 300 scelera
1385 274 1539 309 loquuntur.
1580 276 1632 302 Sed
1649 285 1699 302 non
1715 281 1771 302 erat
1790 284 1839 302 nec

1050 311 1179 336 recentior
1191 316 1294 341 auctor,
1318 320 1365 337 nec
1383 311 1464 337 huius
1480 314 1516 338 rei
1532 313 1642 347 quidem
1660 313 1752 339 melior
1763 312 1840 339 Dola-

1050 347 1129 373 bella.
1169 349 1193 374 2.
1219 348 1288 373 Tuas
1305 356 1342 374 λι.
1361 348 1471 374 Kalend.
1492 351 1580 384 accepi
1603 350 1715 381 litteras,
1737 351 1840 385 quibus

1049 385 1137 410 omnia
1149 385 1260 410 consilia
1272 385 1362 411 dill'ers
1375 386 1400 411 in
1414 385 1439 411 id
1452 391 1570 420 tempus,
1586 396 1670 422 quum
1685 388 1838 418 scierimus.

1049 421 1115 456 quid
1131 427 1219 447 aetum
1235 423 1278 448 sit.
1320 423 1351 448 Et
1366 427 1436 448 certe
1453 423 1486 449 ita
1502 428 1555 449 est:
1578 433 1625 450 nec
1637 425 1741 451 interim
1755 429 1841 459 intest

1049 458 1198 493 quidquam
1216 468 1266 485 non
1284 459 1362 485 modo
1377 460 1470 489 statui.
1493 460 1539 486 sed
1552 469 1584 486 ne
1595 462 1705 496 cogitari
1716 462 1838 496 quidem.

1049 497 1217 530 Quamquam
1230 496 1278 522 hae
1290 496 1357 522 mihi
1370 496 1469 523 litterae
1476 497 1625 523 Dolabellae
1637 498 1729 524 iubent
1739 498 1771 524 nd
1784 499 1840 533 pri-

1049 534 1133 559 stinas
1152 534 1325 568 cogitationes
1341 534 1446 560 reverti.
1488 535 1548 560 Fuit
1563 536 1634 561 enim
1651 535 1738 569 pridie
1753 536 1839 567 Quin—

1049 575 1161 605 quatrus
1171 571 1277 605 egregia
1290 576 1446 605 tempestas,
1459 580 1511 606 qua
1524 580 1572 607 ego
1585 572 1660 598 illum
1673 581 1752 598 usum
1764 577 1838 607 puto.

1049 610 1074 633 3,
1097 608 1243 643 Συναγωγή
1259 607 1431 634 consiliorum
1448 613 1553 634 tuorum
1567 618 1617 635 non
1629 614 1669 635 est
1681 618 1693 635 a
1705 617 1747 635 me
1758 609 1839 635 colle-

1050 682 1103 707 Nec
1113 683 1184 708 enirn
1198 691 1239 708 me
1252 688 1303 708 tam
1317 682 1380 708 baec
1393 682 1459 708 mala
1471 683 1613 718 angebant,
1627 692 1708 718 quam
1720 683 1840 718 suspicio

1048 718 1143 754 culpae
1163 728 1192 745 ac
1214 720 1370 746 temeritatis
1388 728 1474 746 meae:
1498 729 1556 746 eam
1573 720 1674 746 nullam
1691 725 1755 755 puto
1769 728 1838 750 esse,

1217 794 1292 826 Quod
1310 803 1366 820 mea
1382 794 1578 829 praedicatione
1593 794 1691 821 sactum
1703 803 1761 820 esse
1773 794 1840 820 scri-

1288 869 1344 903 Ego
1356 868 1400 894 illa
1414 869 1498 895 extuli
1514 878 1635 904 semper,
1652 874 1677 895 et
1688 878 1719 895 eo
1728 868 1839 904 quidem

1049 906 1148 941 magis,
1166 914 1198 931 ne
1213 905 1280 940 quid
1297 906 1341 932 ille
1357 907 1526 940 superiorum
1539 907 1694 933 meminisse
1706 915 1747 932 me
1761 910 1840 940 puta-

1049 948 1099 974 ret3
1122 951 1190 977 quae
1202 944 1225 969 si
1237 943 1353 969 maxime
1365 944 1563 974 meminissem,
1582 949 1669 970 tamen
1686 943 1760 970 illius
1771 948 1839 969 tem-

1048 980 1120 1014 poris
1136 980 1343 1006 similitudinem
1361 981 1412 1006 iam
1433 982 1511 1015 sequi
1527 981 1664 1007 deberem.
1705 980 1777 1006 Nihil
1797 987 1840 1006 me

1048 1017 1165 1047 adiuvit,
1183 1026 1268 1052 quum
1283 1022 1385 1052 posset:
1408 1023 1433 1044 et
1448 1023 1538 1052 postea
1554 1018 1603 1044 l'uit
1619 1018 1735 1047 amicuS,
1759 1018 1838 1043 etiam

1710 1055 1780 1089 Ergo
1790 1063 1840 1089 ego

1047 1100 1155 1126 quoque
1167 1091 1217 1118 illi.
1237 1092 1306 1124 Quin
1319 1092 1399 1118 etiam
1412 1091 1478 1118 illud
1491 1093 1570 1127 patin
1583 1097 1695 1127 utroque
1707 1097 1837 1122 nostrum,

1048 1128 1120 1163 quod
1139 1128 1173 1154 ab
1188 1129 1290 1155 eisdem
1307 1129 1389 1155 illecti
1405 1138 1510 1156 sumus.
1550 1129 1602 1155 Sed
1619 1131 1719 1155 utinam
1736 1134 1839 1155 tantum

1048 1174 1097 1201 ego
1107 1166 1130 1191 ei
1143 1166 1268 1200 prodesse
1281 1167 1442 1200 potuissem,
1459 1171 1590 1201 quantum
1602 1166 1669 1193 mihi
1683 1166 1727 1192 ille
1738 1166 1837 1201 potuit!

1048 1202 1113 1228 Mihi
1125 1207 1226 1233 tamen,
1247 1203 1320 1238 quod
1332 1203 1402 1233 fecit.
1415 1205 1614 1239 gratissimum3
1638 1212 1686 1230 nec
1696 1212 1746 1239 ego
1757 1211 1838 1234 nunc,

1048 1248 1109 1266 eum
1122 1240 1213 1266 iuvare
1224 1249 1277 1275 qua
1289 1249 1315 1266 re
1328 1241 1514 1275 possim,scio:
1531 1242 1619 1271 nec,si
1630 1248 1840 1275 possem.quum

1048 1282 1101 1303 tam
1112 1277 1269 1311 pestiferum
1281 1277 1383 1304 bellum
1396 1283 1507 1312 pararet,
1516 1278 1838 1313 adiuvandumputarem.

1048 1316 1073 1341 4.
1095 1315 1209 1341 Tantum
1224 1315 1357 1341 offendere
1372 1315 1493 1342 animum
1508 1316 1567 1342 eius
1582 1315 1625 1342 hic
1641 1323 1752 1342 manens
1767 1314 1838 1341 nolo.

1048 1352 1101 1378 Nec
1117 1352 1270 1379 mehercule
1287 1353 1336 1379 ista
1352 1352 1457 1383 videre,
1473 1361 1542 1388 quae
1557 1357 1584 1379 tu
1600 1358 1674 1388 potes
1686 1353 1739 1379 iam
1750 1353 1840 1379 animo

1048 1389 1202 1424 providere,
1221 1398 1269 1416 nec
1284 1390 1412 1416 interesse
1429 1391 1488 1417 istis
1500 1390 1577 1416 malis
1589 1399 1705 1425 possem.
1745 1389 1798 1416 Sed
1808 1397 1840 1416 eo

1048 1427 1147 1453 tardior
1157 1427 1189 1453 ad
1201 1427 1397 1453 discedendum
1413 1426 1466 1459 sui,
1482 1427 1555 1463 quod
1565 1427 1676 1453 dislicile
1688 1432 1728 1454 est
1738 1426 1771 1453 de
1782 1426 1840 1453 dis-

1047 1473 1125 1490 cessu
1137 1463 1287 1491 voluntario
1298 1465 1356 1491 sine
1368 1464 1422 1491 ulla
1433 1473 1481 1500 spe
1493 1464 1595 1491 reditus
1605 1465 1732 1500 cogitare.
1772 1464 1839 1490 Nam

1047 1539 1108 1570 bus,
1121 1539 1232 1565 auxiliis
1239 1539 1387 1570 Gallorum,
1399 1540 1570 1575 quosMatius
1582 1539 1706 1570 έλάπιζεν,
1719 1543 1749 1565 ut
1759 1542 1836 1574 puto;

1047 1576 1094 1602 sed
1109 1582 1179 1602 certe
1194 1576 1313 1607 dicebat=
1331 1576 1454 1611 peditum
1465 1585 1552 1607 ccmo.
1569 1577 1690 1611 equitum
1701 1585 1750 1602 sex
1759 1574 1839 1611 polli-

1046 1614 1100 1640 ceri
1115 1618 1225 1648 sumptu
1240 1622 1290 1640 suo
1304 1622 1388 1640 annos
1401 1614 1503 1641 decem.
1544 1614 1597 1640 Sed
1607 1614 1642 1640 sit
1653 1613 1703 1640 hoc
1713 1613 1838 1648 λάπισμα.

1047 1651 1156 1687 Magnas
1168 1651 1248 1677 habet
1257 1655 1328 1677 certe
1338 1652 1443 1686 copias:
1456 1656 1482 1677 et
1492 1650 1603 1677 babebit
1614 1659 1674 1681 non,
1688 1655 1717 1676 ut
1728 1649 1782 1679 ille.
1792 1657 1838 1675 ve-

1046 1688 1140 1724 ctigal,
1156 1688 1202 1714 sed
1217 1689 1319 1714 civium
1334 1688 1413 1715 bona.
1453 1688 1528 1715 Adde
1543 1688 1730 1714 confidentiam
1751 1687 1838 1713 homi-

1024 1741 1026 1748 ι
1047 1726 1103 1757 nis;
1121 1725 1189 1751 adde
1201 1725 1413 1751 imbecillitatem
1425 1725 1555 1751 bonorum
1568 1726 1700 1757 virorum,
1717 1725 1764 1760 qui
1775 1724 1838 1759 qui-

1046 1763 1122 1792 dem,
1139 1762 1212 1797 quod
1223 1762 1299 1788 illum
1311 1762 1365 1788 sibi
1377 1763 1470 1789 merito
1481 1763 1578 1788 iratum
1590 1767 1697 1797 putant.
1713 1761 1835 1790 oderunt.

1046 1805 1076 1826 ut
1090 1804 1118 1826 tu
1133 1799 1244 1830 scribis,
1263 1799 1367 1825 ludum.
1407 1800 1444 1826 Ac
1456 1799 1567 1829 vellem,
1582 1799 1693 1830 scribis,
1711 1800 1837 1834 quisnam

1047 1837 1100 1868 hic,
1113 1837 1280 1872 significasse
1291 1841 1326 1863 te.
1355 1836 1409 1863 Sed
1420 1841 1445 1863 et
1456 1837 1514 1868 iste,
1528 1837 1591 1871 quia
1602 1836 1664 1871 plus
1674 1835 1835 1865 ostenderat,

1046 1883 1128 1910 quam
1140 1874 1209 1905 fecit=
1219 1875 1349 1905 amatur⁸,
1362 1879 1388 1900 et
1399 1873 1481 1909 vulgo
1491 1874 1569 1900 illum
1580 1874 1628 1908 qui
1639 1878 1771 1904 amarunt,
1785 1881 1837 1899 non

1046 1916 1144 1938 amant.
1184 1911 1332 1946 Municipia
1348 1920 1410 1937 vero
1424 1917 1449 1937 et
1464 1912 1557 1938 rustici
1568 1911 1680 1937 Romani
1692 1910 1768 1937 illum
1780 1918 1838 1936 me-

1045 1954 1138 1980 tuunt,
1156 1948 1229 1975 huno
1243 1948 1332 1975 adhuc
1347 1948 1474 1984 diligunt.
1515 1948 1601 1981 Quare
1617 1949 1652 1975 ita
1667 1953 1775 1983 paratus
1786 1952 1835 1977 est,

1045 1991 1087 2018 ut,
1101 1986 1207 2013 etiamsi
1218 1986 1324 2012 vincere
1335 1994 1387 2012 non
1397 1986 1494 2020 possit,
1511 1994 1564 2021 quo
1575 1985 1653 2012 modo
1665 1990 1752 2012 tamen
1763 1984 1837 2011 vinci

1045 2025 1103 2058 ipse
1118 2024 1216 2058 possit,
1239 2031 1290 2049 non
1306 2022 1424 2049 videam.
1463 2023 1519 2059 Ego
1535 2028 1624 2049 autem
1638 2031 1690 2049 non
1706 2027 1759 2049 tam
1773 2032 1836 2058 γοη-

1048 2062 1114 2088 τείαν
1126 2061 1208 2087 huius
1219 2061 1308 2091 timeo,
1321 2068 1402 2095 quam
1414 2060 1603 2096 πειθανᾰγκην.
1624 2060 1658 2086 Αἱ
1669 2060 1721 2096 γὰρ
1731 2061 1782 2086 τῶν
1791 2069 1837 2086 Ἰν-

1045 2098 1146 2133 ράννων
1161 2098 1272 2131 δεήσεις,
1288 2098 1377 2132 inquit
1389 2097 1516 2128 Πλάτων,
1539 2095 1612 2124 οἷσθ’
1630 2097 1667 2124 b'n
1682 2097 1836 2132 μεμιγμέναι

1045 2135 1178 2172 ἀνάγκαις.
1203 2136 1228 2161 5.
1243 2134 1290 2160 llla
1302 2135 1408 2169 ἀλίμενα
1420 2134 1498 2161 video
1508 2134 1559 2160 tibi
1570 2143 1622 2161 non
1633 2134 1754 2169 probari:
1766 2141 1835 2168 quae

1045 2181 1078 2199 ne
1094 2173 1162 2199 mihi
1177 2171 1288 2207 quidem
1309 2171 1463 2206 placebant:
1485 2171 1533 2198 sed
1548 2171 1681 2198 habebam
1696 2171 1725 2197 in
1740 2169 1795 2197 illis
1810 2174 1836 2196 et

1044 2209 1248 2236 occultationem
1268 2214 1294 2235 et
1312 2209 1456 2245 ὑπηρεσίαν
1480 2208 1600 2235 fidelem:
1629 2216 1699 2244 quae
1722 2208 1746 2234 si
1766 2206 1835 2233 mihi

1044 2247 1182 2274 Brundisii
1201 2251 1387 2281 suppeterent,
1409 2245 1528 2272 mallem.
1567 2246 1620 2272 Sed
1638 2246 1677 2272 ibi
1693 2244 1835 2272 occultatio

1044 2284 1118 2311 nulla
1133 2289 1182 2311 est.
1223 2285 1336 2314 Verum,
1354 2288 1383 2310 ut
1393 2283 1504 2314 scribis,
1521 2292 1607 2318 quum
1621 2283 1773 2309 scierimus.
1807 2286 1832 2307 6.

1043 2322 1115 2348 Viris
1135 2321 1214 2348 bonis
1234 2330 1276 2348 me
1297 2330 1350 2347 non
1369 2321 1450 2347 nimis
1465 2329 1574 2347 excuso.
1613 2320 1685 2352 Quas
1701 2319 1774 2345 enim
1788 2327 1834 2345 eos

1043 2368 1138 2386 caenas
1149 2364 1175 2385 et
1186 2358 1271 2385 facere
1282 2363 1307 2384 et
1317 2358 1391 2384 obire
1402 2358 1511 2393 scripsit
1521 2357 1555 2384 ad
1569 2366 1612 2383 me
1623 2356 1734 2383 Sextus!
1751 2364 1833 2391 quam

1044 2396 1142 2428 lautas,
1160 2405 1242 2431 quam
1260 2396 1446 2430 tempestivas!
1469 2394 1523 2421 Sed
1542 2395 1597 2421 siut
1615 2394 1742 2429 quamvis
1758 2394 1831 2424 boni,

1043 2443 1095 2461 non
1106 2439 1169 2460 sunt
1180 2433 1313 2463 meliores,
1325 2441 1406 2467 quam
1418 2441 1479 2459 nos:
1492 2436 1629 2458 moverent
1639 2439 1694 2461 me.
1710 2431 1734 2456 si
1744 2435 1833 2457 essent

1043 2471 1174 2498 fortiores.
1215 2471 1250 2497 De
1263 2470 1402 2496 Lanuvino
1412 2469 1556 2499 Phameae,
1569 2468 1669 2495 erravi:
1687 2468 1831 2494 Troianum

1042 2509 1249 2535 somniaveram.
1277 2507 1307 2534 td
1317 2515 1366 2543 ego
1377 2506 1452 2533 volui
1461 2507 1491 2532 D.
1521 2505 1574 2532 Sed
1584 2504 1671 2540 pluris
1682 2510 1731 2531 est.
1762 2504 1831 2531 Illud

1042 2550 1129 2572 tamen
1149 2553 1276 2580 cuperem
1291 2552 1392 2575 emere,
1410 2543 1433 2569 si
1447 2542 1529 2569 ullam
1545 2551 1621 2577 spem
1637 2541 1744 2568 fruendi
1756 2541 1832 2568 vide-

1042 2591 1108 2609 rem.
1147 2584 1172 2609 7.
1195 2583 1248 2609 Nos
1268 2590 1337 2617 quae
1356 2585 1472 2607 monstra
1492 2579 1612 2614 quotidie
1636 2578 1828 2615 intelligamus.

1041 2628 1075 2646 ex
1085 2619 1132 2646 illo
1143 2619 1243 2650 libello,
1256 2620 1304 2654 qui
1315 2619 1342 2644 in
1353 2616 1493 2652 epistolam
1504 2617 1640 2643 coniectus
1651 2621 1700 2643 est.
1730 2617 1830 2643 Lentu-

1041 2657 1084 2684 lus
1099 2661 1189 2684 noster
1202 2656 1320 2683 Puteolis
1333 2659 1374 2681 est
1387 2654 1537 2689 ἀδημονῶν,
1558 2658 1588 2681 ut
1601 2653 1714 2680 Caecius
1732 2657 1828 2683 narrat,
