1941 3052
375 144 561 171 ORATIO
592 144 682 171 PRO
715 143 1046 171 A.CLUENT10.
1081 144 1178 170 CAP.

50 220 135 248 retur3
160 214 269 241 mulieri
290 215 494 242 crudelissimae
516 224 626 242 servum
645 215 846 246 fidelissimum,
870 216 872 224 ’

50 262 102 280 non
121 253 148 279 in
167 253 352 288 quaestionem
371 252 447 284 tulit,
467 253 515 279 sed
533 253 612 288 plane
631 253 663 279 ad
682 252 848 288 supplicium
870 272 871 275 ,

50 290 133 318 dedit.
159 290 240 317 LXV.
257 292 314 317 ⁴82.
329 291 392 317 Post
405 291 551 317 triennium
565 291 648 326 igitur
662 291 758 326 agitata
772 290 850 316 deni·
870 294 872 323 ζ

50 337 104 364 que
117 328 239 363 quaestio
252 328 285 354 de
298 328 350 354 viri
369 333 453 354 morte
471 328 633 354 habebatur:
653 333 679 354 et
697 328 730 354 cle
747 327 849 362 quibus
870 349 872 362 ,

49 366 136 393 servis
151 365 316 392 habebatur?
329 366 411 396 Nova.
428 365 515 397 credo,
532 374 573 391 res
587 365 698 396 obiecta,
714 365 777 391 novi
788 365 851 400 qui-

50 403 112 430 dam
125 403 248 429 homines
263 403 290 429 in
304 403 487 438 suspicionem
502 403 587 429 vocati
601 402 682 429 sunt?
699 403 735 429 De
749 402 851 429 Strato-

50 449 84 468 ne
98 445 124 467 et
136 440 169 467 de
181 441 338 467 Nicostrato.
359 439 450 473 Quid?
462 441 561 467 Romae
574 440 729 475 quaesitum
744 439 777 465 de
790 440 850 466 istis

50 478 208 505 hominibus
222 487 275 505 non
294 477 367 504 erat‘?
392 479 464 504 Itane
483 477 590 504 tandem
609 477 707 503 mulier
725 478 778 503 iam
797 485 849 503 non

51 515 156 546 morbo.
178 515 225 542 sed
239 515 339 542 scelere
353 514 472 542 furiosa?
493 524 580 550 quum
599 515 783 550 quaestionem
803 514 852 540 ha-

50 552 156 580 buisset
168 553 277 584 Romae,
292 562 377 588 quum
392 553 425 579 de
439 553 469 579 T.
484 552 574 583 Annii,
591 553 620 578 L.
636 551 740 583 Rutilii,
758 552 786 578 P.
803 551 851 577 Sa-

50 591 114 618 turii
129 595 155 617 et
167 595 316 617 ceterorum
326 590 578 617 honestissimorum
588 590 708 616 virorum
719 589 850 615 sententia

50 629 226 655 constitutum
241 632 324 660 esset,
340 628 405 654 satis
419 627 571 663 quaesitum
587 627 686 653 videri:
710 626 802 652 eadem
817 625 851 652 de

50 674 79 692 re
93 666 207 692 triennio
221 670 293 701 post,
309 665 407 692 iisdem
421 665 454 692 de
469 665 638 695 hominibus,
656 663 730 690 nullo
744 663 852 689 adhibi—

50 708 90 734 to,
111 712 163 730 non
182 703 269 729 dicam
289 703 346 729 viro
365 703 407 738 (ne
425 702 549 729 colonum
564 701 631 728 forte
644 701 765 728 abfuisse
779 701 852 727 dica-

51 740 96 775 tis)
109 740 157 767 sed
171 740 241 767 bono
255 741 325 771 viro,
348 741 377 766 in
396 740 445 766 filii
459 744 539 774 eaput
552 740 737 775 quaestionem
752 738 851 764 habere

49 782 142 804 conata
156 786 194 804 es.
236 779 294 804 ⁴83.
310 778 351 804 An
366 777 415 804 hoc
429 777 537 803 dicitis?
554 777 621 803 mihi
640 777 712 802 enim
731 776 805 802 venit
822 776 851 802 in

50 820 181 847 mentem,
201 815 268 851 quid
281 815 335 841 dici
350 820 453 850 posset,
473 815 579 841 tametsi
598 814 631 840 ab
649 814 699 840 hoc
713 822 765 840 non
780 817 851 840 esset

50 853 167 880 dictum:
179 861 265 888 quum
278 852 420 879 haberetur
430 852 463 878 de
475 852 545 878 furto
556 852 687 887 quaestio,
701 851 850 877 Stratonem

50 890 153 926 aliquid
172 890 205 917 de
224 899 326 917 veneno
343 899 402 916 esse
420 889 584 916 confessum.
624 890 678 916 Hoc
692 897 746 915 uno
760 888 848 920 modo,

51 927 168 959 iudices,
188 936 268 963 saepe
286 928 433 954 multorum
451 927 621 962 improbitate
638 927 765 962 depressa
780 927 851 953 veri-

50 971 90 993 tas
104 966 229 1001 emergit,
249 970 275 992 et
293 965 458 992 innocentiae
471 964 592 991 defensio
605 964 750 991 interclusa
765 964 851 999 respi-

50 1008 103 1035 rat,
124 1003 197 1038 quod
211 1007 257 1029 aut
270 1003 312 1035 hi,
333 1003 380 1038 qui
399 1003 432 1029 ad
450 1002 572 1029 fraudem
590 1002 680 1028 callidi
699 1007 776 1033 sunt,
797 1011 850 1028 non

49 1045 154 1068 tantum
165 1040 272 1072 audent,
289 1045 420 1076 quantum
432 1041 595 1076 excogitant:
612 1044 657 1066 aut
669 1039 717 1071 illi,
733 1048 849 1075 quorum

50 1078 150 1105 eminet
163 1078 273 1105 audacia
288 1083 368 1114 atque
381 1078 496 1113 proiecta
511 1082 559 1109 est,
576 1086 590 1104 a
601 1077 721 1104 consiliis
733 1077 850 1103 malitiae
871 1089 873 1095 =

50 1115 220 1143 deseruntur.
242 1115 320 1149 Quod
329 1117 352 1142 si
363 1121 408 1142 aut
421 1115 558 1142 conlidens
572 1115 678 1146 astutia,
695 1120 741 1141 aut
753 1115 849 1141 callida

51 1158 121 1180 esset
135 1154 258 1186 audacia,
279 1155 327 1181 vix
339 1153 396 1180 ullo
410 1153 505 1180 obsisti
520 1153 599 1179 modo
612 1158 712 1188 posset.
754 1153 849 1179 Utrum

50 1191 153 1218 furtum
173 1191 272 1218 factum
292 1200 345 1218 non
363 1190 420 1218 est?
445 1195 471 1217 at
489 1190 555 1217 nihil
570 1190 669 1217 clarius
683 1190 772 1217 Larini
787 1190 848 1217 suit.

49 1229 91 1256 An
110 1229 142 1256 ad
157 1229 305 1256 Stratonem
324 1229 443 1264 suspicio
461 1237 514 1255 non
533 1227 680 1263 pertinuit?
697 1233 724 1254 at
741 1229 764 1254 is
778 1232 803 1254 et
817 1236 850 1254 ex

50 1266 152 1293 serrula
167 1266 349 1298 insimulatus,
366 1271 392 1293 et
404 1275 419 1293 a
432 1275 516 1301 puero
529 1267 636 1292 conscio
650 1270 690 1292 est
703 1266 848 1292 indicatus.

50 1304 92 1331 An
106 1303 135 1330 id
148 1309 236 1331 actum
252 1313 303 1331 non
318 1308 358 1331 est
372 1304 399 1331 in
418 1303 589 1339 quaerendo?
613 1304 687 1336 Quae
701 1302 752 1330 fuit
766 1304 850 1339 igitur

50 1341 102 1368 alia
115 1350 210 1368 caussa
224 1341 390 1377 quaerendi?
407 1351 449 1373 an,
464 1357 502 1361 —
515 1341 542 1368 id
556 1341 629 1376 quod
643 1341 788 1367 dicendum
803 1350 851 1367 vo-

50 1379 93 1406 bis
107 1383 156 1410 est,
173 1383 199 1405 et
212 1379 285 1414 quod
298 1384 356 1406 tum
370 1379 458 1405 Sassia
472 1379 616 1410 dictitavit,
632 1387 718 1414 quum
732 1379 765 1405 de
780 1378 850 1404 furto

50 1421 236 1452 quaereretur,
252 1432 289 1437 ——
303 1421 360 1444 tum
375 1417 461 1443 Strato
475 1417 571 1443 iisdem
586 1417 613 1442 in
628 1417 767 1443 tormentis
781 1417 850 1442 dixit

50 1455 83 1481 de
97 1463 208 1481 veneno.
250 1455 306 1481 ⁴84.
326 1455 366 1481 En
387 1455 435 1481 hoc
454 1454 522 1480 illud
541 1459 595 1485 est,
615 1454 688 1489 quod
702 1458 762 1480 ante
775 1454 847 1480 dixi:

50 1491 150 1518 mulier
163 1492 281 1519 abundat
295 1492 418 1523 audacia,
438 1491 551 1518 consilio
564 1497 590 1518 et
604 1492 703 1518 ratione
717 1492 849 1518 deficitur.

50 1530 117 1556 Nam
137 1529 248 1556 tabellae
270 1530 435 1565 quaestionis
457 1529 548 1564 plures
571 1529 756 1564 proferuntur,
781 1537 850 1565 quae

49 1567 174 1594 recitatae
187 1567 320 1603 vobisque
334 1567 419 1594 editae
433 1572 508 1597 sunt,
530 1567 592 1593 illac
607 1568 693 1601 ipsae,
710 1576 777 1602 quas
792 1572 849 1593 tum

49 1605 204 1641 obsignatas
219 1614 278 1631 esse
292 1605 374 1632 dixit:
395 1605 422 1631 in
436 1605 538 1640 quibus
553 1604 659 1630 tabellis
674 1604 706 1631 de
721 1604 792 1630 furto
807 1604 850 1631 lit-

49 1647 104 1669 tera
119 1642 192 1669 nulla
207 1643 351 1669 invenitur.
386 1643 444 1669 Non
458 1643 531 1668 venit
545 1643 572 1668 in
587 1647 717 1673 mentem,
735 1643 848 1677 primam

48 1680 194 1707 orationem
205 1680 335 1707 Stratonis
348 1680 515 1707 conscribere
529 1679 561 1706 de
575 1679 654 1711 furto,
672 1685 731 1714 post
745 1679 849 1714 aliquid

49 1717 195 1754 adiungere
210 1717 312 1744 dictum
327 1717 360 1744 de
374 1726 485 1749 veneno,
502 1717 575 1752 quod
590 1726 641 1744 non
653 1717 849 1752 percunctatio-

49 1763 82 1782 ne
92 1755 255 1790 quaesitum,
268 1755 316 1782 sed
327 1755 418 1782 dolore
428 1763 588 1790 expressum
601 1755 745 1781 videretur.
761 1755 849 1788 Quae-

49 1793 101 1819 stio
113 1792 147 1819 de
161 1792 232 1819 furto
246 1797 295 1825 est,
312 1793 408 1820 veneni
423 1793 475 1819 iam
486 1793 606 1828 suspicio
617 1793 755 1828 superiore
765 1801 849 1828 quae-

47 1830 134 1857 stione
148 1830 268 1864 sublata;
288 1830 361 1866 quod
374 1831 466 1866 ipsum
481 1831 545 1857 haec
559 1830 650 1857 eadem
666 1830 764 1857 mulier
777 1831 849 1856 indi-

47 1872 132 1894 carat:
156 1876 225 1903 quae
238 1872 269 1895 ut
280 1868 380 1895 Romae
393 1868 426 1895 de
440 1868 587 1895 amicorum
602 1869 733 1895 sententia
747 1873 849 1894 statue-

47 1909 88 1932 rat
101 1906 165 1932 satis
179 1914 238 1932 esse
251 1906 418 1941 quaesitum,
435 1910 525 1941 postea
540 1914 587 1941 per
600 1906 746 1932 triennium
761 1906 849 1932 maxi-

47 1951 91 1969 me
104 1951 138 1970 ex
151 1943 279 1970 omnibus
293 1943 379 1970 servis
393 1943 542 1970 Stratonem
557 1943 636 1970 illum
655 1943 798 1975 dilexerat,
820 1945 847 1970 in

47 1980 148 2007 honore
161 1980 303 2012 habuerat,
319 1981 467 2007 commodis
481 1981 609 2007 omnibus
623 1981 753 2008 affecerat.
788 1983 846 2008 ⁴85.

46 2017 138 2050 Quum
153 2018 237 2054 igitur
249 2017 282 2044 de
297 2017 367 2044 furto
380 2023 566 2053 quaereretur.
586 2023 613 2045 et
625 2027 656 2045 eo
671 2018 754 2050 furto,
775 2019 848 2054 quod

47 2054 95 2081 ille
114 2055 173 2081 sine
190 2055 369 2082 controversia
388 2056 498 2082 iecerat:
523 2060 580 2082 tum
599 2056 645 2082 ille
663 2056 696 2082 de
714 2064 754 2087 eo,
774 2057 848 2092 quod

46 2092 235 2127 quaerebatur,
252 2093 365 2119 verbum
380 2092 486 2120 nullum
501 2092 581 2120 fecit?
594 2094 630 2120 De
645 2102 747 2121 veneno
757 2095 847 2121 statim

46 2129 134 2156 dixit‘?
147 2130 180 2156 de
195 2129 277 2161 furto,
294 2131 317 2156 si
331 2139 383 2157 non
398 2139 429 2157 eo
443 2130 508 2162 loco,
524 2139 578 2166 quo
592 2131 699 2162 debuit,
716 2139 748 2158 ne
762 2132 790 2158 in
801 2140 848 2159 ex-

46 2171 131 2194 trema
145 2167 256 2202 quidem
271 2172 316 2194 aut
330 2168 427 2199 media,
444 2172 490 2194 aut
503 2169 530 2195 in
545 2168 635 2203 aliqua
646 2168 764 2204 denique
775 2174 848 2204 parte

45 2205 213 2240 quaestionis
228 2205 340 2232 verbum
356 2205 418 2232 fecit
431 2205 538 2232 ullum?
560 2206 652 2233 LXVI.
668 2207 722 2233 lam
737 2207 845 2239 videtis,

45 2241 120 2269 illam
135 2242 264 2269 nefariam
275 2242 426 2274 mulierem,
442 2243 554 2274 iudices,
571 2244 664 2270 eadem
675 2253 766 2275 manu,
782 2253 845 2280 qua,

46 2279 161 2306 uidetur
170 2285 296 2315 potestas,
307 2280 455 2307 interficere
466 2280 552 2307 lilium
563 2282 662 2316 cupiat,
680 2281 748 2308 hanc
758 2282 846 2308 fictam

46 2318 230 2352 quaestionem
245 2318 449 2353 conscripsisse.
470 2318 559 2353 Atque
573 2319 651 2345 istam
666 2320 752 2354 ipsam
763 2328 847 2355 quae-

46 2354 170 2386 stionem,
185 2355 276 2386 dicite,
291 2355 355 2391 quis
369 2355 537 2392 obsignarit?
562 2356 650 2383 Unum
665 2356 784 2392 aliquem
799 2366 847 2383 no—

45 2391 154 2419 minate.
181 2393 322 2419 Neminem
337 2394 485 2428 reperietis,
502 2393 554 2419 nisi
570 2393 636 2420 forte
649 2394 783 2420 eiusmodi
798 2395 847 2421 ho—

45 2429 160 2462 minem,
181 2438 262 2466 quem
281 2439 331 2466 ego
349 2430 461 2466 proferri
481 2430 586 2461 malim.
606 2439 688 2466 quam
709 2432 845 2459 neminem

46 2467 188 2494 nominari.
224 2470 281 2494 ⁴86.
301 2467 371 2501 Quid
386 2469 434 2499 ais,
451 2469 480 2495 T.
496 2467 568 2495 Atti?
582 2469 621 2495 Tu
637 2468 787 2503 periculum
802 2478 846 2496 ca-

45 2503 124 2539 pitis,
145 2508 174 2532 tu
188 2505 319 2532 indicium
334 2505 455 2537 sceleris,
472 2510 500 2532 tu
516 2505 636 2532 fortunas
649 2505 759 2533 alterius
775 2506 846 2533 litte-

46 2540 83 2568 ris
95 2543 259 2578 conscriptas
273 2543 301 2570 in
315 2543 447 2570 iudicium
461 2543 568 2575 afferes,
589 2552 676 2579 neque
691 2552 782 2570 earum
797 2553 846 2571 au-

45 2579 192 2606 ctoritatem
208 2580 369 2612 litterarum,
391 2589 478 2616 neque
492 2581 688 2617 obsignatorem
704 2590 792 2616 nequo
806 2586 846 2609 tc·
865 2578 868 2608 l

46 2618 113 2643 stem
128 2616 214 2644 ullum
230 2617 400 2645 nominabis?
413 2623 447 2650 et,
463 2627 544 2654 quam
561 2623 588 2645 tu
602 2623 703 2653 pestem
717 2619 845 2646 innocen·
866 2609 868 2635 l

46 2652 152 2680 tissimo
165 2653 220 2681 fluo
233 2663 267 2682 ex
282 2656 375 2682 matris
388 2657 451 2682 sinu
462 2656 671 2691 deprompseris
689 2656 756 2683 hanc
767 2657 793 2683 hi
806 2662 845 2683 ta-
866 2638 867 2692 l

47 2688 85 2717 les
99 2690 149 2718 viri
163 2692 394 2728 comprobabunt?
407 2694 484 2720 Esto:
501 2694 527 2720 in
543 2693 649 2720 tabellis
664 2694 731 2720 nihil
746 2699 786 2721 est
796 2703 845 2721 au·
865 2697 867 2722 l

1214 146 1245 171 62
1266 160 1303 164 —
1322 145 1364 170 67.
1644 146 1693 171 393

901 216 1039 242 ctoritatis.
1067 214 1157 247 Quid?
1171 216 1228 249 ipsa
1239 215 1361 250 quaestio
1371 214 1522 241 iudicibus:
1535 214 1620 249 quid?
1633 216 1700 241 ami-

901 253 939 279 cis
954 253 1161 287 hospitibusque
1175 252 1329 287 Oppianici,
1348 261 1417 287 quos
1435 252 1595 278 adhibuerat
1608 257 1697 278 antea:

901 290 986 326 quid‘?
1009 290 1073 316 huic
1092 290 1199 316 tandem
1217 290 1271 324 ipsi
1289 290 1402 324 tempori
1421 298 1469 316 cur
1490 298 1544 316 non
1566 294 1700 316 reservata

901 327 960 354 est‘?
973 327 1044 359 Quid
1055 328 1113 354 istis
1128 327 1284 354 hominibus
1299 327 1397 354 factum
1412 331 1461 358 est,
1478 326 1599 353 Stratone
1614 331 1639 353 et
1652 327 1701 353 Ni-

901 364 1033 391 costrato?
1060 366 1116 391 ⁴87.
1136 364 1240 397 Quaero
1257 365 1304 391 abs
1319 369 1357 395 te.
1378 364 1538 400 Oppianice,
1558 373 1636 391 servo
1655 369 1700 391 tuo

902 403 1050 429 Nicostrato
1063 402 1130 437 quid
1145 402 1244 429 factum
1258 411 1317 429 esse
1335 402 1422 429 dicas:
1449 411 1532 437 quem
1551 406 1594 433 tu,
1614 411 1701 437 quum

902 440 975 466 hunc
988 440 1064 466 brevi
1079 445 1196 474 tempore
1210 445 1384 466 accusaturus
1394 448 1477 470 esses,
1493 440 1605 466 Romam
1616 439 1702 466 dedu-

901 486 974 508 cere,
989 477 1052 503 dare
1066 482 1224 512 potestatem
1238 477 1389 509 indicandi,
1406 477 1568 504 incolumem
1583 477 1701 512 denique

902 523 1008 541 servare
1031 515 1195 549 quaestioni,
1220 523 1327 541 servare
1349 515 1392 541 his
1414 514 1564 545 iudicibus,
1593 523 1701 541 servare

903 552 966 578 huic
980 553 1093 587 tempori
1107 551 1235 578 debuisti.
1276 553 1343 578 Nam
1357 552 1507 579 Stratonem
1521 551 1642 587 quidem,
1659 552 1702 578 iu-

902 589 990 621 dices,
1010 589 1037 616 in
1055 598 1162 616 crucem
1180 598 1239 615 esse
1257 595 1346 616 actum
1365 595 1470 616 exsecta
1484 590 1577 617 scitote
1592 589 1698 625 lingua:

902 627 976 661 quod
990 635 1069 653 nemo
1082 631 1122 653 est
1137 627 1302 653 Larinatium
1316 628 1365 662 qui
1380 629 1490 654 nesciat.
1524 628 1627 654 Timuit
1641 636 1701 653 mu-

903 663 952 690 lier
965 673 1058 691 amens
1072 673 1125 690 non
1139 673 1216 690 suam
1230 665 1434 695 conscientiam,
1456 674 1508 692 non
1527 665 1620 691 odium
1639 673 1701 691 mu—

903 702 1032 736 nicipum,
1049 711 1102 728 non
1117 701 1214 728 famam
1229 702 1365 729 omnium:
1382 702 1438 733 sed,
1455 703 1532 737 quasi
1545 711 1596 728 non
1607 711 1700 729 omnes

902 739 960 765 eius
975 739 1084 765 sceleris
1099 744 1179 766 testes
1193 745 1284 766 essent
1299 739 1395 770 futuri.
1413 740 1452 766 sic
1467 741 1573 771 metuit,
1590 749 1623 766 ne
1637 748 1701 767 con-

902 776 1074 803 demnaretur
1088 781 1206 803 extrema
1220 777 1321 803 servuli
1336 786 1400 803 voce
1415 778 1563 803 morientis.

958 816 1015 840 ⁴88.
1039 814 1117 846 Quod
1132 814 1180 840 hoc
1195 819 1356 849 portentum,
1373 815 1411 840 dii
1425 814 1607 841 immortales‘.²
1628 814 1701 850 quod

902 856 1006 878 tantum
1020 857 1171 878 monstrum
1185 852 1212 878 in
1228 852 1291 879 ullis
1311 851 1392 879 locis‘?
1418 852 1490 887 quod
1505 857 1557 879 tam
1573 852 1700 878 infestum

901 889 990 915 scelus
1005 895 1030 915 et
1040 890 1166 921 immane,
1183 895 1228 916 aut
1237 890 1308 916 unde
1321 895 1412 916 natum
1423 898 1482 916 esse
1492 889 1634 916 dicamus?
1647 890 1700 915 Iam

902 927 974 953 enim
989 927 1086 953 videtis
1106 927 1236 962 proiecto,
1258 928 1374 958 iudices,
1395 936 1448 954 non
1465 928 1525 954 sine
1543 927 1701 954 necessariis

903 973 945 990 me
959 973 989 991 ac
1003 966 1129 991 maximis
1142 966 1260 995 caussis.
1281 965 1414 1000 principio
1432 966 1558 992 orationis
1577 973 1651 991 meae
1669 964 1701 990 de

903 1007 985 1029 matre
1000 1003 1112 1029 dixisse.
1154 1003 1227 1029 Nihil
1246 1008 1287 1029 est
1304 1004 1376 1030 enim
1397 1002 1473 1034 mali,
1494 1002 1562 1029 nihil
1581 1002 1699 1032 sceleris,

901 1040 973 1075 quod
987 1040 1033 1066 illa
1048 1049 1100 1067 non
1115 1041 1148 1067 ab
1163 1041 1238 1067 initio
1252 1041 1308 1067 filio
1321 1040 1448 1071 voluerit.
1465 1041 1609 1075 optaverit,
1629 1040 1703 1076 cogi-

901 1079 1004 1108 taverit,
1021 1078 1145 1104 effecerit.
1186 1079 1262 1105 Mitto
1276 1078 1349 1105 illam
1364 1079 1478 1113 primam
1494 1078 1615 1104 libidinis
1629 1078 1703 1104 iniu-

901 1116 981 1147 riam,
998 1116 1074 1142 mitto
1088 1115 1202 1142 nefarias
1216 1117 1307 1152 generi
1323 1116 1444 1151 nuptias,
1466 1116 1542 1142 mitto
1555 1115 1702 1150 cupiditate

902 1153 993 1179 matris
1011 1153 1154 1188 expulsam
1172 1163 1206 1181 ex
1224 1155 1394 1181 matrimonio
1418 1154 1514 1187 filiam,
1543 1162 1612 1189 quae
1635 1162 1702 1179 non-

900 1190 966 1217 dum
985 1190 1018 1217 ad
1036 1191 1150 1218 huiusce
1168 1193 1238 1218 vitae
1256 1192 1421 1227 periculum,
1441 1191 1489 1218 sed
1508 1191 1541 1217 ad
1559 1200 1702 1217 commune

902 1228 1018 1255 familiae
1032 1228 1149 1256 dedecus
1164 1230 1342 1265 pertinebant.
1366 1229 1439 1256 Nihil
1454 1229 1487 1255 de
1501 1228 1591 1255 alteris
1600 1228 1702 1264 Oppia-

901 1266 954 1293 nici
968 1267 1072 1302 nuptiis
1086 1275 1198 1302 queror:
1218 1276 1334 1302 quarum
1348 1267 1394 1294 illa
1408 1276 1495 1302 quum
1509 1266 1618 1293 obsides
1633 1266 1701 1292 tilios

900 1304 934 1330 ab
952 1313 983 1331 eo
1001 1309 1121 1331 mortuos
1140 1306 1299 1340 accepisset,
1325 1310 1382 1332 tum
1402 1305 1519 1340 denique
1536 1305 1564 1331 in
1584 1303 1701 1330 familiae

901 1341 1004 1368 luctum
1023 1347 1104 1377 atque
1121 1343 1149 1369 in
1168 1343 1354 1379 privignorum
1373 1342 1456 1369 funus
1480 1342 1582 1377 nupsit.
1623 1342 1703 1368 Prae-

901 1384 980 1411 tereo,
997 1380 1078 1415 quod,
1091 1380 1123 1407 A.
1136 1380 1251 1407 Aurium
1263 1381 1403 1412 Melinum,
1419 1381 1498 1406 cuius
1508 1380 1553 1406 illa
1565 1379 1700 1414 quondam

901 1426 1004 1449 socrus,
1018 1417 1109 1453 paullo
1119 1423 1179 1444 ante
1191 1427 1259 1445 uxor
1270 1418 1374 1449 fuisset,
1390 1426 1476 1453 quum
1488 1417 1632 1452 Oppianici
1642 1425 1701 1442 esse

901 1464 980 1490 opera
995 1456 1176 1490 proscriptum
1190 1456 1365 1491 occisumque
1379 1460 1559 1490 cognosceret,
1575 1463 1634 1481 eam
1649 1454 1701 1480 sibi

902 1492 1012 1519 domum
1031 1493 1178 1528 sedemque
1195 1494 1315 1529 coniugii
1335 1493 1446 1529 delegit.
1467 1493 1495 1519 in
1513 1501 1566 1527 qua
1580 1492 1702 1527 quotidie

902 1531 1049 1565 superioris
1063 1531 1115 1557 viri
1130 1532 1223 1557 mortis
1237 1531 1335 1557 indicia
1349 1536 1375 1557 et
1386 1530 1471 1565 spolia
1484 1530 1650 1556 fortunarum
1661 1530 1702 1556 vi-

901 1568 984 1594 deret.
1027 1569 1083 1594 ⁴89.
1109 1568 1179 1595 lllud
1197 1569 1316 1604 primum
1335 1577 1445 1604 queror,
1470 1568 1504 1594 de
1526 1567 1573 1594 illo
1590 1567 1699 1598 scelere,

901 1605 974 1640 quod
989 1614 1060 1632 nunc
1073 1605 1191 1641 denique
1205 1606 1366 1641 patefactum
1381 1611 1434 1636 est,
1455 1606 1606 1632 Fabriciani
1621 1613 1703 1631 vene-

902 1644 943 1669 ni:
964 1643 1037 1678 quod
1056 1643 1109 1670 iam
1128 1649 1185 1670 tum
1205 1653 1296 1671 recens
1311 1644 1494 1679 suspiciosum
1509 1643 1617 1673 ceteris,
1639 1642 1702 1668 huic

901 1680 1072 1712 incredibile,
1095 1690 1166 1708 nunc
1180 1690 1242 1709 vero
1257 1686 1378 1716 apertum
1394 1681 1446 1707 iam
1461 1680 1588 1707 omnibus
1602 1689 1631 1706 ac
1645 1689 1703 1706 ma-

902 1718 1029 1745 nifestum
1044 1718 1160 1745 videtur.
1183 1720 1241 1746 Non
1255 1724 1295 1746 est
1309 1719 1426 1754 proiecto
1439 1718 1472 1745 de
1486 1718 1533 1745 illo
1547 1726 1650 1744 veneno
1659 1726 1703 1744 ce-

902 1756 951 1782 lata
971 1761 1068 1783 mater:
1089 1756 1157 1783 nihil
1176 1762 1216 1783 est
1234 1757 1266 1783 ab
1281 1756 1429 1792 Oppianico
1443 1757 1500 1782 sine
1514 1756 1627 1782 consilio
1642 1764 1703 1782 mu-

901 1793 973 1820 lieris
987 1794 1148 1830 cogitatum:
1176 1794 1249 1830 quod
1265 1795 1291 1821 ni
1306 1799 1390 1825 esset,
1405 1799 1475 1820 certe
1490 1799 1590 1829 postea,
1606 1793 1703 1828 depre—

900 1831 984 1858 hensa
1003 1841 1043 1863 re,
1068 1841 1119 1858 non
1140 1832 1185 1858 illa
1205 1837 1233 1859 ut
1251 1833 1284 1859 ab
1303 1832 1427 1867 improbo
1445 1832 1503 1858 viro
1520 1831 1699 1861 discessisset,

899 1869 948 1896 sed
963 1873 992 1896 ut
1005 1878 1019 1896 a
1033 1869 1223 1896 crudelissimo
1241 1870 1316 1897 hoste
1335 1869 1464 1905 fugisset.
1485 1869 1650 1903 domumque
1670 1868 1703 1894 il-

901 1907 952 1933 lam
969 1907 996 1934 in
1012 1912 1182 1942 perpetuum,
1199 1907 1300 1934 scelere
1310 1908 1383 1934 omni
1395 1906 1558 1937 affluentem,
1576 1906 1703 1941 reliquis-

900 1949 950 1971 set.
982 1946 1037 1971 ⁴90.
1054 1946 1111 1972 Non
1126 1945 1206 1972 modo
1220 1945 1247 1972 id
1262 1954 1314 1972 non
1330 1945 1399 1975 fecit,
1415 1944 1463 1971 sed
1478 1944 1511 1971 ab
1525 1944 1572 1971 illo
1583 1949 1702 1979 tempore

901 1982 1006 2009 nullum
1023 1983 1110 2009 locum
1125 1984 1312 2018 praetermisit,
1329 1984 1356 2009 in
1371 1991 1426 2018 quo
1440 1991 1492 2009 non
1506 1986 1621 2008 strueret
1635 1982 1702 2008 insi-

899 2019 958 2046 dias
973 2020 1087 2056 aliquas,
1104 2029 1134 2047 ac
1147 2020 1205 2047 dies
1219 2029 1313 2047 omnes
1328 2029 1357 2047 ac
1372 2025 1461 2047 noctes
1476 2025 1527 2046 tota
1542 2024 1631 2046 mente
1646 2028 1702 2045 ma-

900 2062 939 2084 ter
952 2057 985 2084 de
999 2059 1118 2093 pernicie
1132 2058 1180 2085 filii
1193 2059 1330 2095 cogitaret.
1353 2058 1426 2090 Quae
1441 2058 1559 2092 primum
1575 2062 1604 2084 ut
1618 2058 1700 2083 istum

898 2095 1066 2122 confirmaret
1079 2095 1258 2131 Oppianicum
1273 2101 1453 2122 accusatorem
1469 2095 1523 2122 lilio
1537 2104 1595 2126 suo,
1612 2095 1699 2125 donis.

899 2133 1068 2165 muneribus,
1083 2133 1256 2160 collocatione
1268 2133 1346 2164 filiae.
1359 2142 1407 2168 spe
1419 2132 1573 2159 hereditatis
1585 2132 1702 2159 obstrin-

899 2170 948 2197 xit.
975 2170 1079 2197 vau.
1096 2172 1187 2206 ltaque
1201 2171 1274 2206 apud
1288 2176 1399 2201 ceteros,
1417 2171 1494 2197 novis
1510 2171 1577 2196 inter
1591 2170 1702 2205 propin-

898 2216 967 2243 quos
981 2209 1116 2243 susceptis
1131 2209 1294 2239 inimicitiis,
1315 2217 1394 2243 saepe
1413 2208 1469 2234 lieri
1488 2207 1602 2234 divortia
1621 2212 1702 2241 atquo

899 2245 1060 2272 affinitatum
1079 2246 1193 2272 discidia
1213 2246 1352 2272 videmus:
1374 2245 1438 2271 liaeo
1456 2244 1554 2271 mulier
1571 2245 1636 2271 satis
1656 2244 1701 2270 iir-

899 2291 974 2309 mum
988 2288 1168 2310 accusatorem
1184 2283 1239 2309 lilio
1248 2292 1298 2309 suo
1309 2283 1363 2309 sore
1374 2283 1509 2309 neminem
1522 2282 1634 2317 putavit,
1649 2282 1699 2308 nisi

898 2320 946 2355 qui
961 2320 988 2347 in
1003 2321 1204 2347 matrimonium
1219 2329 1336 2347 sororem
1351 2320 1410 2346 eius
1424 2324 1485 2346 ante
1495 2320 1628 2346 duxisset.
1651 2320 1701 2346 Ce-

899 2358 946 2384 teri
962 2358 1040 2384 novis
1054 2357 1232 2384 affinitatibus
1242 2357 1350 2384 adducti
1363 2362 1465 2383 veteres
1476 2357 1630 2383 inimicitias
1641 2365 1701 2383 sac»

899 2403 931 2429 pe
945 2394 1096 2430 deponunt:
1112 2395 1157 2422 illa
1172 2395 1225 2421 sibi
1240 2395 1273 2422 ad
1287 2394 1482 2421 confirmandas
1495 2395 1650 2420 inimicitias
1661 2393 1701 2420 as-

898 2433 1008 2459 linitatis
1022 2433 1236 2459 coniunctionem
1252 2433 1356 2467 pignori
1373 2431 1426 2458 fore
1441 2432 1554 2466 putavit.
1579 2434 1635 2458 19¹.
1648 2432 1700 2458 Nc-

897 2478 950 2505 que
969 2470 995 2496 in
1015 2478 1046 2496 eo
1063 2470 1151 2496 solum
1170 2470 1287 2506 diligens
1308 2469 1370 2500 suit.
1398 2474 1427 2496 ut
1445 2474 1625 2496 accusatorem
1645 2469 1699 2496 filio

897 2516 947 2534 suo
960 2512 1137 2543 compararet:
1158 2507 1204 2534 sed
1219 2508 1299 2534 etiam
1314 2507 1450 2542 cogitavit,
1465 2507 1567 2542 quibus
1580 2515 1643 2534 eum
1659 2516 1700 2533 re-

898 2545 949 2571 bus
963 2550 1087 2571 armaret.
1110 2545 1176 2571 llinc
1190 2546 1261 2572 enim
1274 2545 1334 2571 illae
1345 2544 1547 2571 sollicitationes
1558 2553 1698 2571 servorum

897 2587 922 2608 et
937 2582 1018 2609 minis
1031 2587 1058 2609 ot
1071 2583 1226 2618 promissis,
1248 2583 1310 2608 hinc
1328 2582 1390 2608 illae
1408 2582 1527 2608 inlinitao
1541 2582 1699 2609 crudelissi-

897 2628 1010 2655 maeque
1035 2619 1069 2646 do
1095 2625 1178 2647 morte
1204 2619 1346 2655 Oppianici
1371 2620 1558 2655 quaestiones:
1596 2620 1698 2655 quibus

897 2657 976 2683 linem
991 2657 1137 2693 aliquando
1151 2667 1202 2684 non
1219 2657 1340 2684 mulieris
1356 2656 1466 2687 modus,
1487 2657 1534 2683 sed
1549 2658 1696 2684 amicorum

896 2696 1039 2722 auctoritas
1055 2695 1126 2722 fecit.
1158 2695 1198 2722 ΑΙ)
1213 2694 1306 2722 eodem
1321 2694 1420 2721 scelere
1435 2694 1496 2721 illae
1511 2696 1625 2722 triennio
1639 2702 1698 2729 posi

1456 2744 1487 2768 δυ
