1941 3052
550 147 844 174 PHILIPPICA
882 147 912 174 V.

72 219 151 247 nandi
166 217 366 253 honorandique
381 223 406 245 et
422 218 498 245 nobis
513 222 539 245 et
552 218 652 254 populo
662 219 779 245 Romano
790 222 864 252 pote-

71 262 178 284 statem:
201 256 250 283 hoc
261 260 349 282 autem
365 260 480 290 tempore
494 256 531 282 ita
545 264 639 282 censeo
654 255 861 282 decernendum.

71 296 113 321 46.
125 293 200 326 Quod
212 294 241 321 C.
254 293 356 324 Caesar,
370 293 424 320 Caii
437 293 521 323 filius,
534 292 662 327 pontifex,
675 301 723 328 pro
733 297 860 327 praetore,

70 340 176 358 summo
186 330 348 366 reipublicae
359 335 476 365 tempore
487 330 586 356 milites
596 335 733 356 veteranos
744 329 863 356 adliber-

69 374 149 396 tatem
160 368 370 403 populiRomani
381 368 532 394 cohortatus
543 368 578 394 sit
589 376 687 402 eosque
698 368 863 401 conscripse·
884 390 885 396 ,

69 407 103 433 rit
111 417 116 432 z
125 405 250 441 quodque
258 405 326 441 legio
332 406 423 432 Martia
429 405 581 440 Quartaque
587 413 694 431 summo
700 404 862 439 studioopti-
883 400 885 442 l

68 452 167 478 moque
183 443 211 469 in
227 442 420 477 rempublicam
436 451 568 469 consensu
584 442 612 469 C.
630 442 739 469 Caesare
755 441 823 468 duee
837 446 862 467 et
883 448 884 451 ’

69 486 175 508 auctore
190 480 397 514 rempublicam,
419 480 566 506 libertatem
581 479 673 514 populi
688 479 801 505 Romani
816 478 862 505 de-

68 518 191 548 fendant,
210 517 389 544 defenderint:
407 522 433 543 et
447 517 519 552 quod
531 517 559 544 C.
571 517 666 544 Caesar
681 525 728 551 pro
744 520 861 551 praetore
882 528 884 540 ι

69 555 171 582 Galliae
190 555 341 590 provinciae
361 563 423 581 cum
444 555 561 581 exercitu
581 553 703 580 subsidio
727 552 861 588 profectus
882 576 884 602 Ι

68 594 117 619 sit:
140 593 258 627 equites,
276 593 434 628 sagittarios,
453 591 607 626 elephantos
623 592 650 617 in
665 599 742 617 suam
754 590 862 625 populi-

68 638 121 666 que
132 630 242 656 Romani
254 634 409 664 potestatem
421 629 564 664 redegerit,
586 627 800 662 difficillimoque
810 628 861 653 rei-

68 667 192 702 publicae
213 672 330 701 tempore
350 666 429 692 saluti
444 666 622 702 dignitatique
642 664 735 700 populi
750 665 860 691 Romani

67 705 235 735 subvenerit,
252 704 286 730 ob
301 712 345 730 eas
360 712 469 729 caussas
479 703 582 729 senatui
593 702 709 737 placere,
724 702 752 728 C.
766 702 861 728 Caesa-

67 751 123 768 rem
132 763 138 773 ,
151 742 205 768 Caii
218 740 317 772 filium,
330 740 496 775 pontificem,
509 749 557 775 pro
571 744 698 774 praetore,
712 744 860 766 senatorem

67 788 136 811 esse,
149 779 362 813 sententiamque
375 777 430 804 loco
441 778 570 812 praetorio
580 777 681 803 dicere:
695 777 807 811 eiusque
819 785 861 802 ra-

67 818 178 847 tionem,
195 823 395 851 quemcumque
409 815 593 850 magistratum
604 818 688 849 petet,
709 815 745 840 ita
756 814 857 845 baberi,

65 859 145 889 prout
160 853 250 879 haberi
266 852 324 888 lege
340 852 442 883 liceret,
463 853 486 878 si
501 860 570 878 anno
585 852 721 887 superiore
736 856 860 886 quaestor

66 891 171 918 fuisset.
212 891 253 916 47.
274 889 346 922 Quid
361 894 401 916 est
415 890 500 921 enim,
524 894 611 924 patres
634 889 790 924 conscripti,
812 897 860 915 cur

65 937 128 955 eum
144 936 196 954 non
210 936 292 962 quam
308 927 425 962 primurn
442 926 623 962 amplissimos
638 927 751 953 honores
766 934 859 961 capere

65 964 224 1000 cupiamus?
234 964 351 1001 Legibus
362 965 433 991 enim
443 964 584 991 annalibus
595 972 680 999 quum
690 963 858 1000 grandiorem

65 1007 176 1030 aetatem
197 1002 230 1029 ad
249 1002 418 1028 consulatum
434 1001 643 1033 constituebant,
666 1001 859 1028 adolescentiae

64 1041 241 1067 temeritatem
262 1039 431 1066 verebantur.
477 1039 505 1066 C.
533 1039 629 1066 Caesar
648 1039 757 1065 ineunte
776 1043 858 1065 aetate

63 1078 166 1109 docuit,
187 1077 220 1104 ab
241 1076 381 1103 excellenti
396 1077 549 1112 eximiaque
569 1077 668 1103 virtute
685 1084 857 1112 progressum

64 1116 156 1142 aetatis
171 1115 319 1150 exspectari
334 1123 386 1141 non
407 1119 536 1149 oportere.
576 1114 667 1148 Itaque
683 1115 796 1140 maiores
811 1122 859 1140 no-

63 1153 124 1184 stri,
138 1157 239 1179 veteres
249 1151 303 1183 illi,
317 1151 462 1178 admodum
473 1151 589 1187 antiqui,
604 1151 675 1187 leges
686 1150 794 1178 annales
806 1160 857 1177 non

63 1190 210 1217 habebant:
231 1198 299 1225 quas
309 1189 403 1216 multis
418 1193 479 1224 post
493 1190 570 1216 annis
586 1189 675 1215 attulit
687 1189 811 1220 ambitio,
829 1193 858 1215 ut

63 1227 163 1264 gradus
173 1231 263 1254 essent
273 1227 408 1262 petitionis
418 1227 487 1254 inter
497 1226 633 1262 aequales.
664 1227 701 1253 Ita
712 1235 790 1261 saepe
802 1235 858 1252 ma-

63 1274 116 1301 gna
126 1265 229 1292 indoles
240 1265 361 1295 virtutis,
383 1265 542 1300 priusquam
557 1263 721 1299 reipublicae
731 1263 858 1299 prodesse

63 1303 209 1337 potuisset,
228 1302 357 1329 exstincta
370 1301 430 1328 fuit.
472 1303 512 1328 48.
534 1302 568 1328 At
578 1310 640 1328 vero
651 1301 722 1336 apud
734 1301 857 1336 antiquos

63 1339 145 1371 Rulli,
158 1340 238 1370 Decii,
255 1339 371 1370 Corvini,
386 1339 518 1374 multique
532 1339 590 1370 alii,
614 1339 757 1365 recentiore
768 1343 857 1365 autem

62 1378 190 1404 memoria
207 1377 329 1412 superior
343 1376 498 1408 Africanus,
515 1377 544 1402 T.
562 1376 742 1407 Flamininus,
766 1376 858 1402 admo—

62 1415 129 1442 dum
139 1414 320 1441 adolescentes
330 1414 455 1441 eonsules
467 1413 542 1445 facti,
556 1418 640 1440 tantas
651 1422 693 1440 res
703 1418 854 1449 gesserunt,

62 1457 93 1480 ut
103 1452 313 1487 populiRomani
327 1451 470 1486 imperium
481 1451 612 1482 auxerint,
622 1460 716 1478 nomen
728 1452 854 1478 ornarint.

62 1489 152 1522 Quid?
167 1489 274 1516 Macedo
283 1489 446 1520 Alexander,
463 1497 548 1524 quum
560 1489 592 1515 ab
603 1489 711 1515 ineunte
721 1493 804 1515 aetate
815 1497 857 1514 res

62 1528 193 1554 maximas
213 1535 303 1562 gerere
322 1527 467 1561 coepisset,
490 1535 577 1553 nonne
592 1527 668 1552 tertio
683 1531 708 1552 et
724 1526 858 1552 tricesimo

62 1573 131 1592 anno
141 1568 251 1591 mortem
266 1563 350 1591 obiit‘?
369 1573 438 1599 quae
452 1568 492 1590 est
503 1569 573 1590 aetas
585 1564 682 1590 nostris
695 1564 799 1599 legibus
810 1563 858 1589 de-

61 1610 119 1628 cem
131 1602 208 1628 annis
220 1602 319 1633 minor,
342 1610 423 1636 quam
434 1601 590 1628 consularis.
629 1601 670 1627 Ex
681 1610 734 1636 quo
745 1601 856 1627 iudicari

61 1643 156 1674 potest,
165 1639 272 1665 virtutis
282 1647 351 1669 esse,
364 1647 446 1674 quam
458 1639 558 1670 aetatis,
570 1647 680 1665 cursum
692 1638 854 1665 celeriorem.

60 1677 154 1704 XVIII.
174 1677 241 1702 Nam
252 1676 325 1711 quod
336 1676 364 1706 ii,
376 1684 446 1711 quae
457 1676 562 1703 Caesari
573 1676 703 1707 invident,
717 1675 853 1706 simulant,

60 1722 90 1741 se
100 1714 206 1745 timere,
223 1722 256 1740 ne
267 1713 413 1740 verendum
424 1713 535 1749 quidem
546 1718 598 1745 est,
616 1718 645 1740 ut
657 1718 744 1740 tenere
755 1722 783 1739 se
795 1722 856 1748 pos-

60 1752 104 1783 sit¹
118 1755 148 1778 ut
158 1751 297 1783 moderari,
317 1759 351 1778 ne
361 1751 507 1778 honoribus
519 1752 616 1778 nostris
627 1750 712 1778 elatus
724 1752 856 1786 intempe-

60 1789 162 1816 rantius
173 1789 231 1815 suis
241 1788 339 1823 opibus
351 1793 448 1815 utatur.
490 1790 531 1815 49.
552 1789 589 1815 Ea
601 1793 693 1815 natura
705 1796 792 1815 rerum
805 1794 853 1820 est,

60 1831 148 1862 patres
163 1827 319 1861 conscripti.
338 1830 379 1858 ut,
395 1827 443 1862 qui
454 1834 564 1853 sensum
576 1834 653 1852 verae
663 1826 762 1862 gloriae
777 1835 855 1861 cepe-

60 1864 107 1895 rit,
124 1864 227 1899 quique
237 1872 265 1890 se
277 1863 310 1890 ab
321 1868 428 1895 senatu,
446 1863 479 1890 ab
490 1864 628 1899 equitibus
639 1863 792 1899 populoque
804 1864 855 1891 Ro-

59 1909 139 1928 mano
158 1902 284 1928 universo
303 1901 417 1927 senserit
439 1902 526 1928 civem
540 1910 632 1928 carum
649 1901 739 1928 haberi
754 1901 855 1928 saluta-

60 1946 171 1974 remque
185 1937 362 1973 reipublicae,
385 1938 452 1965 nihil
467 1947 529 1965 cum
545 1939 593 1965 hac
604 1938 687 1974 gloria
698 1947 854 1973 comparan-

60 1976 124 2002 dum
137 1979 220 2010 putet.
255 1975 361 2002 Utinam
373 1975 401 2002 C.
414 1976 528 2007 Caesari,
541 1977 608 2011 patri
619 1976 687 2007 dico,
700 1977 855 2012 contigisset

59 2012 234 2043 adolescenti.
257 2017 287 2039 ut
300 2017 370 2039 esset
384 2013 488 2040 senatui
499 2018 578 2048 atque
589 2014 689 2048 optimo
699 2014 797 2048 cuique
811 2024 854 2041 ca-

60 2050 199 2077 rissimus!
222 2049 298 2082 Quod
312 2058 398 2085 quum
414 2051 542 2086 consequi
555 2051 730 2086 neglexisset:
746 2060 852 2078 omnem

60 2089 115 2115 vim
126 2087 238 2123 ingenii,
250 2096 318 2122 quae
329 2095 434 2114 summa
447 2087 497 2114 fuit
508 2088 535 2114 in
547 2087 601 2119 illo,
615 2089 642 2115 in
654 2088 775 2123 populari
788 2089 853 2115 levi-

60 2130 110 2152 tate
121 2125 299 2160 consumpsit.
329 2125 419 2160 Itaque
430 2133 515 2160 quum
527 2130 676 2160 respectum
688 2126 720 2152 ud
732 2131 853 2153 senatum

59 2167 85 2190 et
99 2162 132 2189 ad
146 2162 229 2190 bonos
245 2171 296 2188 uon
309 2162 430 2193 haberet,
447 2171 504 2189 eam
515 2163 567 2189 sibi
580 2164 650 2190 viam
662 2163 719 2198 ipse
731 2163 854 2198 patefecit

59 2199 93 2227 ad
103 2208 167 2235 opes
178 2208 240 2226 suas
251 2199 453 2235 amplificandas
461 2220 467 2231 ,
483 2209 564 2235 quam
577 2201 661 2227 virtus
673 2201 749 2228 liberi
761 2202 852 2237 populi

60 2237 127 2264 serre
138 2246 190 2264 non
202 2242 302 2272 posset.
341 2237 408 2264 Eius
419 2241 507 2264 autem
521 2237 568 2265 filii
580 2238 736 2274 longissime
747 2239 852 2266 diversa

59 2275 125 2302 ratio
135 2279 188 2302 est:
210 2275 257 2310 qui
268 2283 354 2309 quum
365 2274 490 2301 omnibus
501 2279 554 2306 est,
577 2280 632 2302 tum
643 2276 744 2311 optimo
754 2277 853 2312 cuique

57 2313 224 2339 carissimus.
265 2313 293 2339 In
310 2311 359 2339 boc
373 2320 435 2346 spes
450 2311 578 2338 libertatis
589 2313 673 2348 positu
685 2318 737 2340 est:
759 2314 792 2340 ab
805 2314 853 2341 boc

59 2354 164 2385 accepta
178 2349 231 2376 iam
247 2349 334 2376 salus:
357 2349 420 2376 huic
429 2350 531 2376 sumini
542 2349 654 2377 honores
667 2355 692 2377 et
704 2352 853 2386 exquirun-

59 2391 102 2414 tur
111 2391 137 2414 et
147 2387 230 2422 parati
245 2391 318 2413 sunt.
358 2388 400 2413 50.
423 2386 507 2414 Cuius
519 2387 601 2421 igitur
612 2387 775 2422 singularem
788 2397 852 2423 pru—

59 2423 175 2452 dentiam
191 2424 367 2455 admiramur,
390 2424 448 2450 eius
463 2423 602 2451 stultitiam
618 2425 762 2452 timemus?
780 2426 851 2458 Quid

59 2462 130 2488 euim
145 2461 268 2493 stultius,
289 2470 371 2497 quam
388 2461 510 2488 inutilem
527 2462 684 2496 potentiam,
705 2462 851 2490 invidiosas

58 2506 135 2533 epea,
152 2499 325 2534 cupiditatem
335 2499 489 2526 dominandi
503 2499 672 2534 praecipitem
684 2504 709 2526 et
722 2500 850 2527 lubricum
872 2517 874 2540 4

60 2535 187 2563 anteferre
202 2545 292 2568 verae,
308 2537 398 2572 gravi,
416 2536 517 2563 solidae
529 2536 648 2572 gloriae?
666 2536 705 2563 An
724 2537 772 2564 boc
784 2538 851 2565 vidit
872 2541 874 2551 ’

61 2580 138 2608 puer:
161 2575 184 2600 si
199 2578 283 2601 aetate
298 2575 468 2610 processerit,
486 2583 538 2601 non
555 2573 674 2601 videbit?
693 2574 726 2602 At
739 2576 851 2610 estqui-
871 2554 874 2606 l

953 147 1049 174 CAP.
1074 149 1104 174 ⁴4
1125 164 1160 168 —-
1182 150 1221 175 ⁴9.
1657 152 1706 179 627

915 218 1029 245 busdam
1051 220 1179 245 inimicus
1199 219 1355 247 clarissimis
1371 225 1450 256 atque
1465 222 1573 256 optimis
1589 222 1704 248 civibus.

915 256 1013 282 Nullus
1028 257 1077 282 iste
1090 258 1167 283 timor
1177 265 1236 283 esse
1246 257 1333 284 debet.
1373 257 1473 284 Omnes
1485 258 1580 285 Caesar
1590 259 1707 286 inimici-

915 294 963 319 tias
979 294 1141 328 reipublicae
1156 294 1327 321 condonavit:
1350 295 1417 321 hanc
1435 296 1486 322 sibi
1507 295 1624 322 iudicem
1645 306 1708 323 con-

914 331 1012 362 stituit,
1039 331 1107 358 hanc
1128 332 1328 359 moderatricem
1349 333 1470 359 omnium
1491 332 1629 360 factorum.
1670 335 1706 360 Ita

914 369 986 394 enim
1000 368 1033 394 ad
1048 369 1241 403 rempublicam
1257 370 1380 401 accessit,
1404 375 1432 396 ut
1452 379 1510 397 eam
1531 371 1705 402 confirmaret,

915 415 966 431 non
978 410 1007 432 ut
1018 410 1154 432 everteret.
1195 406 1294 433 Omnes
1309 407 1393 434 liabeo
1407 409 1526 444 cognitos
1537 417 1633 435 sensus
1645 408 1708 435 ado-

915 442 1048 469 lescentis.
1089 443 1163 469 Nihil
1174 449 1213 470 est
1225 444 1263 470 illi
1276 445 1411 479 republica
1423 446 1523 477 carius,
1542 446 1608 472 nibil
1621 451 1707 473 vestra

914 481 1067 507 auctoritate
1086 481 1209 516 gravius,
1232 481 1299 508 nihil
1320 482 1449 509 bonorum
1470 484 1587 510 xirorum
1609 484 1708 510 iudicio

913 518 1042 551 optatius,
1064 517 1131 544 nibil
1144 527 1204 544 vera
1215 518 1297 553 gloria
1308 519 1425 546 dulcius.
1466 522 1507 546 5¹.
1529 520 1707 553 Quamobrem

914 555 946 581 ab
962 564 992 581 eo
1007 564 1059 581 non
1075 555 1153 581 modo
1170 556 1236 582 nibil
1253 557 1354 587 timere,
1379 557 1426 583 sed
1442 558 1540 584 maiora
1556 562 1581 584 et
1599 558 1706 585 meliora

914 597 1066 626 exspectare
1078 592 1194 619 debetis:
1208 601 1294 628 neque
1305 595 1332 620 in
1343 603 1381 623 eo,
1395 596 1442 629 qui
1454 595 1486 621 ad
1497 596 1526 621 D.
1538 596 1648 622 Brutum
1660 596 1708 622 oh-

913 629 1017 656 sidione
1029 629 1197 656 liberandum
1208 630 1342 664 profectus
1354 632 1402 662 sit,
1416 633 1522 663 timere,
1537 641 1569 659 ne
1580 634 1708 660 memoria

913 671 1017 692 maneat
1027 666 1166 693 domestici
1178 667 1290 699 doloris,
1304 677 1372 703 quae
1383 669 1445 704 plus
1456 670 1527 704 apud
1538 679 1599 696 eum
1612 672 1705 705 possit,

912 712 994 739 quam
1009 703 1082 730 salus
1102 705 1227 730 civitatis.
1267 706 1378 732 Audebo
1398 707 1477 732 etiam
1492 707 1609 743 obligare
1627 708 1707 735 fidem

912 750 1012 772 meam,
1030 746 1118 775 patres
1129 743 1285 776 conscripti,
1303 743 1392 773 vobis,
1410 743 1563 779 populoque
1574 746 1704 777 Romano;

911 778 984 813 quod
995 778 1124 813 profecte,
1137 788 1223 813 quum
1238 788 1280 806 me
1291 780 1364 806 nulla
1376 781 1416 807 vis
1428 786 1545 817 cogeret,
1559 781 1643 809 facere
1655 792 1707 809 non

912 815 1050 846 auderem,
1072 817 1342 852 pertimesceremque
1357 819 1384 844 in
1400 827 1427 844 re
1445 820 1559 845 maxima
1576 820 1708 854 periculo-

911 862 970 879 sam
979 853 1131 888 opinionem
1148 855 1317 880 temeritatis:
1340 856 1477 889 promitto,
1495 857 1606 891 recipio.
1625 866 1707 892 spon-

911 890 969 922 deo,
983 895 1070 925 patres
1081 892 1239 926 conscripti,
1253 891 1281 918 C.
1295 892 1433 919 Caesarem
1445 893 1523 919 talem
1535 903 1642 928 semper
1652 894 1707 921 fore

910 929 1010 960 civem,
1024 928 1113 963 qualis
1124 928 1202 955 hodie
1213 929 1260 960 sit,
1274 929 1437 965 qualemque
1448 939 1509 957 eum
1521 932 1637 958 maxime
1648 941 1706 958 esse

910 965 980 992 velle
990 970 1015 991 et
1024 970 1114 1000 optare
1125 966 1265 993 debemus.

966 1003 1040 1029 XIX.
1062 1004 1103 1029 52.
1126 1003 1198 1035 Quae
1218 1013 1303 1039 quum
1324 1005 1359 1031 ita
1375 1005 1440 1036 sint,
1463 1005 1496 1031 de
1513 1005 1623 1032 Caesare
1642 1007 1706 1033 satis

911 1040 960 1067 hoc
970 1045 1088 1075 tempore
1099 1041 1201 1067 dictum
1213 1041 1325 1068 habebo.
1366 1042 1419 1068 Nec
1430 1051 1492 1069 vero
1503 1042 1535 1069 de
1546 1044 1575 1069 L.
1588 1044 1708 1079 Egnatu-

911 1077 974 1109 leio,
997 1077 1143 1105 fortissimo
1158 1083 1183 1105 et
1193 1079 1409 1106 constantissimo
1420 1080 1478 1106 cive
1489 1081 1707 1116 amicissimoque

910 1115 1082 1150 reipublicae,
1095 1115 1230 1143 silendum
1241 1117 1367 1144 arbitror:
1390 1117 1437 1143 sed
1448 1118 1621 1144 tribuendum
1633 1119 1707 1145 testi-

910 1154 1030 1180 monium
1042 1154 1149 1180 virtutis
1160 1155 1295 1190 egregiae,
1315 1154 1387 1190 quod
1402 1155 1426 1181 is
1438 1154 1569 1191 legionem
1580 1155 1706 1188 Quartam

909 1190 942 1216 ad
949 1191 1087 1217 Caesarem
1100 1191 1249 1223 adduxerit,
1263 1200 1332 1227 quae
1342 1192 1476 1227 praesidio
1487 1193 1655 1224 consulibus,
1664 1203 1704 1220 se-

909 1229 996 1260 natui,
1019 1229 1174 1264 populoque
1188 1230 1307 1256 Romano
1322 1231 1414 1265 reique
1431 1230 1554 1265 publicae
1569 1236 1653 1258 esset:
1674 1232 1706 1258 oh

909 1274 966 1292 eam
978 1275 1100 1293 caussam
1112 1267 1225 1301 placere,
1238 1268 1478 1303 utiL.Egnatuleio
1490 1269 1634 1295 triennium
1646 1275 1706 1295 ante

911 1303 1060 1339 legitimum
1075 1309 1182 1339 tempus
1194 1305 1365 1341 magistratus
1377 1310 1479 1340 petere,
1492 1314 1599 1341 capere,
1615 1315 1706 1342 gerere

910 1340 995 1367 liceat.
1026 1342 1054 1368 In
1066 1350 1128 1376 quo,
1142 1347 1230 1376 patres
1241 1343 1393 1377 conscripti,
1407 1352 1459 1369 non
1470 1348 1523 1370 tam
1535 1344 1706 1370 commodum

909 1379 1036 1405 tribuitur
1047 1379 1076 1405 L.
1089 1379 1256 1414 Egnatuleio,
1269 1389 1351 1415 quam
1362 1380 1457 1407 honos.
1498 1381 1526 1407 In
1539 1381 1583 1407 tali
1595 1382 1667 1408 enim
1679 1390 1714 1407 re-

909 1416 973 1443 satis
984 1420 1024 1442 est
1035 1417 1176 1443 nominari.

964 1455 1006 1480 53.
1027 1454 1063 1480 De
1079 1454 1196 1481 exercitu
1213 1459 1303 1481 autem
1319 1454 1348 1481 C.
1362 1454 1481 1481 Caesaris
1498 1455 1532 1481 ita
1548 1464 1643 1482 censeo
1659 1455 1707 1482 de-

908 1490 1085 1518 cernendum:
1108 1492 1212 1518 senatui
1224 1491 1341 1527 placere,
1354 1492 1487 1519 militibus
1499 1493 1644 1524 veteranis,
1657 1494 1705 1527 qui

909 1528 1028 1555 Caesaris
1044 1528 1177 1564 pontificis
1193 1530 1430 1564 auctoritatemque
1445 1529 1528 1556 huius
1543 1530 1644 1557 ordinis
1659 1530 1706 1557 de-

909 1565 1043 1592 fenderint
1053 1571 1132 1601 atque
1143 1566 1299 1597 defendant,
1318 1567 1361 1593 liis
1373 1567 1519 1602 liberisque
1530 1576 1622 1594 eorum
1634 1567 1706 1594 mili-

909 1604 959 1630 tiae
971 1604 1134 1630 vacationem
1146 1612 1218 1630 csse:
1233 1605 1325 1639 utique
1337 1604 1365 1631 C.
1380 1605 1472 1636 Pansa,
1486 1605 1517 1631 Α.
1530 1605 1631 1632 Hirtius
1642 1614 1706 1632 con-

908 1641 994 1672 sules,
1012 1641 1090 1672 alter,
1104 1641 1229 1673 ambove,
1243 1642 1271 1668 S.
1284 1642 1314 1668 E.
1329 1642 1358 1668 V.
1372 1647 1573 1677 cognoscerent,
1587 1643 1633 1678 qui
1644 1652 1705 1678 ager

909 1679 950 1704 liis
961 1678 1073 1705 coloniis
1084 1683 1162 1709 esset,
1180 1688 1234 1714 quo
1245 1679 1345 1706 milites
1357 1681 1474 1706 veterani
1486 1680 1592 1707 deducti
1605 1685 1702 1710 essent,

907 1716 954 1751 qui
970 1721 1060 1742 contra
1076 1716 1161 1751 legem
1174 1716 1267 1743 Iuliam
1280 1717 1474 1752 possideretur,
1498 1722 1526 1744 ut
1537 1719 1560 1744 is
1573 1718 1705 1744 militibus

908 1754 1039 1780 veteranis
1049 1753 1228 1781 divideretur:
1244 1755 1276 1780 de
1288 1763 1351 1790 agro
1362 1755 1496 1790 Campano
1507 1756 1649 1790 separatim
1661 1764 1706 1781 co—

906 1795 1072 1827 gnoscerent,
1081 1792 1233 1826 inirentque
1244 1793 1371 1819 rationem
1383 1792 1415 1819 de
1428 1793 1576 1819 commodis
1589 1792 1704 1819 militum

908 1833 1093 1865 veteranorpm
1109 1829 1254 1865 augendis:
1278 1829 1431 1865 legionique
1443 1831 1551 1857 Martiae
1566 1835 1592 1857 et
1608 1830 1704 1866 legioni

906 1866 1019 1898 Quartae
1031 1871 1056 1893 et
1066 1867 1098 1893 iis
1110 1867 1258 1897 militibus,
1276 1868 1323 1902 qui
1335 1867 1368 1894 de
1381 1868 1483 1903 legione
1495 1867 1628 1899 Secunda,
1647 1868 1705 1894 Tri-

906 1904 1005 1930 cesima
1022 1903 1133 1936 Quinta,
1151 1905 1183 1930 ad
1200 1905 1229 1931 C.
1246 1905 1372 1936 Pansam,
1396 1906 1426 1931 Α.
1445 1906 1559 1932 Ilii-tium
1579 1905 1704 1932 consules

906 1942 1043 1968 venissent
1057 1951 1161 1977 suaque
1172 1943 1279 1969 nomina
1290 1942 1440 1969 dedissent:
1463 1943 1535 1978 quod
1548 1943 1580 1969 iis
1591 1943 1705 1969 auctori-

906 1983 945 2006 tas
961 1984 1070 2006 senatus
1086 1979 1232 2014 populique
1244 1980 1354 2006 Romani
1368 1980 1475 2007 libertas
1485 1981 1622 2007 carissima
1634 1981 1669 2007 sit
1680 1985 1705 2007 et

906 2015 995 2048 suerit,
1009 2017 1172 2043 vacationem
1185 2017 1295 2044 militiae
1306 2018 1372 2053 ipsis
1385 2017 1531 2053 liberisque
1543 2027 1634 2045 eorum
1645 2026 1704 2045 esse

906 2054 1022 2089 placere,
1044 2059 1117 2081 extra
1129 2055 1276 2081 tumultum
1289 2055 1423 2082 Gallicum
1435 2055 1624 2091 Italicumque:
1646 2064 1705 2082 eas-

904 2100 958 2126 que
982 2091 1113 2127 legiones,
1137 2092 1208 2119 bcllo
1227 2092 1359 2123 consecto,
1382 2093 1479 2120 missas
1503 2093 1559 2120 fieri
1584 2093 1701 2128 placere:

905 2133 1087 2164 quantamque
1103 2129 1244 2164 pecuniam
1267 2130 1400 2157 militibus
1414 2139 1505 2157 carum
1524 2130 1659 2165 legionum
1676 2131 1702 2156 iu

905 2166 1026 2202 singulos
1038 2166 1179 2198 Genesar.
1191 2167 1320 2202 pontifex,
1335 2173 1496 2202 propraetor,
1510 2168 1646 2203 pollicitus
1657 2168 1701 2198 sit,

906 2208 1003 2230 tantam
1019 2203 1076 2230 dari
1088 2204 1205 2238 placere:
1227 2205 1319 2239 utique
1330 2206 1358 2231 C.
1372 2205 1470 2236 I‘ansa,
1483 2206 1514 2232 Α.
1529 2206 1629 2232 IIirtius
1639 2214 1704 2231 eon-

904 2241 992 2272 sules,
1009 2240 1076 2267 alter
1090 2241 1216 2272 ambove,
1235 2242 1263 2268 S.
1277 2242 1307 2268 13.
1321 2242 1352 2268 V.
1369 2243 1497 2269 rationem
1509 2243 1565 2278 agri
1578 2242 1700 2272 habeant.

904 2279 951 2313 qui
963 2278 1021 2304 sine
1032 2278 1130 2305 iniuria
1143 2279 1306 2313 privatorum
1317 2278 1403 2306 dividi
1416 2281 1513 2314 possit:
1538 2281 1616 2315 isque
1631 2279 1703 2305 mili-

905 2315 977 2342 tibus
994 2315 1106 2350 legionis
1116 2316 1224 2342 Martiae
1239 2320 1265 2342 et
1280 2315 1392 2350 legionis
1404 2318 1517 2349 Quartae
1534 2317 1567 2343 ita
1583 2317 1699 2347 daretur,

904 2353 1092 2389 assignaretur,
1110 2357 1138 2379 ut
1149 2353 1250 2387 quibus
1260 2353 1392 2380 militibus
1405 2353 1572 2388 amplissime
1583 2353 1646 2382 dati,
1659 2362 1702 2380 as—

903 2391 1000 2425 signati
1011 2395 1110 2416 essent.
1142 2390 1200 2416 Dixi
1212 2390 1245 2417 ad
1257 2399 1286 2417 ca
1297 2391 1396 2422 omnia,
1408 2391 1542 2422 consules,
1555 2391 1588 2417 (le
1599 2390 1700 2426 quibus

904 2427 1046 2454 retulistis:
1059 2436 1129 2462 quue
1140 2428 1162 2453 si
1174 2433 1252 2454 erunt
1263 2428 1320 2454 sine
1333 2437 1404 2455 mora
1416 2433 1572 2463 matureque
1585 2428 1698 2459 decreta.

904 2464 1009 2492 facilius
1024 2465 1186 2499 apparabitis
1201 2474 1244 2495 ea,
1266 2474 1335 2500 quae
1347 2470 1452 2500 tempus
1464 2470 1489 2492 et
1501 2467 1643 2493 necessitas
1655 2464 1699 2492 ssa-

902 2503 977 2536 gitat.
1018 2502 1156 2529 Celeritate
1166 2507 1255 2529 autem
1265 2511 1333 2537 opus
1344 2508 1397 2529 est:
1413 2512 1466 2538 qua
1476 2503 1499 2529 si
1511 2512 1633 2532 essemus
1645 2504 1696 2533 usi.

902 2539 1014 2572 bellum,
1029 2545 1057 2567 ut
1067 2548 1147 2575 saepe
1158 2540 1224 2571 dixi,
1238 2539 1343 2568 nullum
1356 2540 1527 2568 haberemus.

797 2644 983 2656 ἡνω-
