1941 3052
362 135 691 163 EPISTOLARUM
721 135 775 162 AD
805 136 1009 162 ATTICUM
1040 137 1121 163 LIB.
1153 137 1216 162 XV.

83 216 113 235 ac
131 206 285 234 Postumius
305 206 374 232 mihi
395 211 578 241 procuratores
599 215 651 233 non
673 206 787 241 placent.
829 207 878 233 Sa-

83 254 161 271 serna
175 243 276 279 collega
293 243 403 279 dignus.
444 244 497 269 Sed
514 244 558 270 isti
573 252 680 275 omneS,
700 244 878 279 quemadmo-

83 282 149 308 dum
160 281 253 311 sentis,
268 289 319 306 non
331 281 421 306 minus
432 281 517 307 otium
527 281 630 312 timent,
644 290 726 316 quam
738 290 875 308 nosarma.

82 319 196 345 Balbum
209 317 291 344 levari
303 318 405 344 invidia
418 326 465 352 per
476 327 524 344 nos
536 318 631 347 velim;
648 318 696 344 sed
709 327 740 344 ne
752 319 809 353 ipse
816 320 878 353 qui-

83 356 144 382 dem
156 355 183 381 id
196 355 253 381 fieri
265 363 343 389 posse
354 355 473 381 contidit.
490 356 580 390 ltaque
590 355 640 381 alia
647 356 754 391 cogitat.
768 357 792 382 4.
801 356 877 388 Quod

83 393 170 428 prima
185 392 333 426 disputatio
351 392 503 418 Tusculana
519 397 543 419 te
559 392 711 424 confirmat,
732 402 795 419 sane
811 402 878 428 gau-

83 430 142 456 deo.
183 430 276 464 Neque
290 429 363 455 enim
378 429 465 455 ullum
482 434 522 456 est
537 429 691 465 perfugium
708 434 753 456 aut
769 430 875 461 metius,

82 471 129 493 aut
146 467 275 502 paratius.
316 466 435 493 Flamma
447 466 520 502 quod
532 467 599 493 bene
611 466 738 501 loquitur,
756 476 808 493 non
821 476 878 494 mo-

83 504 148 531 leste
164 503 228 530 fero.
269 503 512 539 Tyndaritanorum
527 513 633 535 caussa,
652 504 685 530 de
696 513 749 539 qua
762 503 875 536 laboras,

82 550 152 577 quae
164 542 207 572 sit,
222 542 324 577 ignoro.
365 542 418 567 Hos
433 546 572 568 tamen—-.
594 542 771 568 Πεντέλοιπον
786 550 878 568 move-

82 587 110 605 re
122 579 172 605 ista
184 578 319 609 videntur,
334 579 361 604 in
373 579 469 613 primis
480 578 597 614 erogatio
609 579 748 612 pecuniae.
768 579 803 605 De
815 578 878 605 Ale-

84 616 163 642 xione
179 615 268 648 dole03
304 615 365 646 sed,
383 617 512 650 quoniam
528 615 658 642 inciderat
673 616 700 641 in
716 617 750 642 ita
766 625 876 651 gravem

83 653 218 684 morbum,
232 653 300 679 bene
310 657 398 679 actum
409 662 471 679 cum
485 653 530 679 illo
541 653 664 679 arbitror.
705 653 777 685 Quos
789 659 877 679 tamen

83 690 216 717 secundos
232 690 358 721 heredes,
376 691 444 716 scire
461 690 572 721 vellem,
590 694 615 716 et
631 689 703 716 diem
714 691 876 717 testamenti.

139 759 177 779 ΙΙΙ.
207 762 235 782 (ln
246 761 327 781 Atinati,
337 761 428 782 ΛιιΙυιιιυ,
438 761 537 778 Dolubvlln
548 767 594 778 coss.
607 763 660 781 710.)

265 803 433 830 CICERO
465 803 633 830 ATTICO
663 804 690 830 S.

143 843 164 867 Ι.
186 836 340 866 Undecimo
352 840 464 867 Kalend.
482 841 571 875 accepi
588 841 614 867 in
628 841 725 867 Atinati
741 840 808 867 duas
820 841 879 875 epi-

83 877 164 904 stolas
180 882 252 909 tuas,
275 878 377 912 quibus
392 877 498 904 duabus
517 879 585 904 meis
606 878 780 913 respondisti.
821 879 878 904 Una

83 920 195 941 eratxv.
209 914 279 945 Kal.,
293 914 374 941 altera
384 923 434 941 λιι.
447 915 517 942 data.
557 915 598 942 Ad
612 916 778 950 superiorem
795 915 878 951 igitur

83 953 170 987 prius.
209 952 340 978 Accurres
352 953 378 978 in
390 952 584 984 Tusculanum,
601 958 630 979 ut
641 953 752 983 scribis,
771 962 824 988 quo
837 962 878 979 me

83 998 119 1015 vi.
137 988 196 1015 Kal.
214 994 359 1016 venturum
375 989 533 1016 arbitrabar.
574 989 651 1022 Quod
666 990 764 1016 scribis
783 999 879 1025 paren-

82 1026 148 1053 dum
160 1027 321 1060 victoribus3
336 1035 387 1053 non
398 1027 466 1053 mihi
477 1027 598 1062 quidem,
607 1028 651 1054 cui
663 1033 726 1054 sunt
737 1028 819 1054 multa
832 1037 880 1062 po-

83 1064 159 1090 tiora.
200 1064 267 1090 Nam
280 1063 334 1095 illa,
349 1073 417 1099 quae
430 1065 587 1096 recordaris,
601 1065 714 1092 Lentulo
725 1065 880 1092 etMarcello

83 1100 242 1127 consulibus
259 1106 315 1128 acta
331 1102 358 1127 in
374 1101 439 1128 aede
451 1102 597 1136 Apollinis;
616 1111 665 1129 nec
679 1111 773 1129 caussa
786 1103 879 1129 eadem

83 1143 136 1168 est,
155 1147 203 1164 nec
219 1138 308 1165 simile
319 1143 439 1173 tempus,
458 1141 614 1173 praesertim
626 1149 711 1174 quum
724 1140 879 1166 Marcellum

82 1175 186 1202 scribas
202 1175 322 1210 aliosque
337 1176 486 1203 discedere.
526 1177 583 1204 Erit
599 1177 682 1212 igitur
698 1177 775 1203 nobis
791 1186 879 1204 coram

82 1213 249 1239 odorandum
261 1218 286 1239 et
296 1213 523 1245 constituendum,
538 1219 627 1241 tutone
639 1215 736 1241 Romae
748 1224 806 1241 esse
818 1223 881 1249 pos-

83 1251 180 1276 simus.
212 1251 280 1276 Novi
292 1255 440 1277 conventus
452 1251 612 1278 habitatores
624 1261 688 1278 sane
700 1257 817 1278 movent.
851 1253 880 1278 In

84 1288 189 1323 magnis
201 1288 272 1313 enim
284 1296 424 1314 versamur
435 1290 578 1323 angustiis.
601 1289 654 1315 Sed
666 1290 720 1316 sint
732 1290 780 1315 ista
793 1290 878 1324 parvi.

83 1325 154 1357 Quin
171 1329 196 1350 et
212 1325 311 1351 maiora
327 1326 535 1352 contemnimus.
576 1326 672 1353 Calvae
691 1331 880 1353 testamentum

83 1362 207 1397 cognovi,
222 1362 340 1388 hominis
352 1363 438 1397 turpis
450 1372 479 1389 ac
489 1363 602 1390 sordidi.
630 1364 731 1390 Tabula
743 1364 880 1391 Demonici

85 1399 157 1434 quod
174 1399 222 1425 tibi
238 1408 317 1426 curae
333 1404 386 1430 cst,
409 1405 525 1435 gratum.
566 1402 601 1427 De
618 1402 698 1428 Matio
713 1402 810 1436 scripsi
828 1402 879 1427 iam

84 1436 188 1471 pridem
206 1436 238 1463 ad
251 1436 414 1463 Dolabellam
430 1439 645 1465 accuratissime:
670 1439 748 1465 modo
762 1438 881 1465 redditae

85 1474 186 1500 litterae
197 1474 260 1500 sint.
300 1474 367 1500 Eius
378 1483 472 1501 caussa
484 1480 509 1501 et
519 1477 600 1510 cupio
611 1480 637 1502 et
647 1476 741 1502 debeo.
782 1478 807 1503 2.
830 1477 881 1503 Ve-

85 1512 129 1537 nio
140 1510 172 1536 ad
185 1512 346 1546 propiorem.
387 1512 506 1548 Cognovi
522 1513 554 1539 de
567 1513 710 1545 Alexione,
727 1522 796 1548 quae
808 1513 881 1539 desi-

84 1548 221 1574 derabam.
262 1549 363 1575 Hirtius
375 1554 415 1575 cst
426 1554 498 1576 tuus.
528 1550 651 1582 Antonio,
665 1559 747 1585 quam
759 1556 807 1582 est,
822 1550 881 1577 volo

84 1586 162 1620 peius
179 1594 248 1612 esse.
289 1586 324 1612 De
341 1586 372 1618 Q.
391 1586 458 1618 tilio,
476 1591 505 1614 ut
519 1588 630 1619 scribis,
653 1588 687 1614 de
703 1593 776 1623 patro
792 1597 880 1614 coram

84 1631 206 1658 agemus.
247 1623 358 1649 Brutum
369 1625 442 1650 omni
456 1634 493 1655 re,
509 1633 561 1659 qua
574 1634 699 1659 possum,
713 1627 793 1660 cupio
805 1626 882 1652 iuva-

85 1669 125 1686 re:
140 1661 218 1686 cuius
230 1660 262 1686 de
273 1661 441 1687 oratiuncula
454 1661 525 1688 idem
538 1668 570 1692 te,
579 1662 651 1697 quod
664 1671 715 1693 me,
729 1663 827 1689 sentire
840 1663 881 1689 vi-

84 1696 144 1724 deo.
184 1697 236 1723 Sed
252 1706 347 1732 parum
365 1698 498 1734 intelligo,
520 1699 587 1734 quid
605 1708 646 1726 me
668 1700 736 1726 velis
752 1700 878 1731 scribere,

83 1735 162 1769 quasi
173 1743 187 1760 a
199 1735 278 1761 Bruto
290 1735 379 1761 habita
390 1737 517 1768 oratione,
530 1745 615 1771 quum
628 1737 672 1763 ille
684 1737 808 1764 ediderit.
829 1737 880 1769 Qui

84 1771 191 1799 tandem
203 1772 346 1798 convenit?
366 1782 398 1799 an
410 1774 462 1804 sic,
476 1774 541 1800 utin
555 1779 697 1810 tyrannum
712 1776 768 1800 inre
780 1775 881 1809 optimo

84 1808 211 1835 caesum‘.>
232 1809 313 1836 Multa
330 1809 466 1841 dicentur,
490 1811 573 1837 multa
589 1812 742 1838 scribentur
756 1822 770 1838 a
787 1812 878 1844 nobis;

84 1846 133 1872 sed
148 1846 200 1873 alio
216 1846 295 1873 modo
311 1851 336 1874 et
352 1851 479 1882 tempore.
520 1849 556 1874 De
572 1849 637 1875 sella
654 1849 789 1881 Caesaris,
813 1849 880 1875 bene

85 1883 197 1910 tribuni.
229 1883 380 1910 Praeclaros
391 1885 471 1911 etiam
483 1894 528 1911 xiv
540 1886 658 1912 ordines.
684 1887 794 1913 Brutum
808 1887 879 1921 apud

86 1929 128 1946 nie
141 1920 224 1947 fuisse
234 1920 353 1956 gaudeo:
368 1921 446 1948 modo
457 1927 482 1948 et
495 1921 608 1949 libenter
620 1922 708 1954 suerit,
722 1928 747 1951 et
757 1929 797 1951 sat
808 1924 866 1950 diu.

139 1991 166 2011 [V
175 1997 195 2010 n.
224 1992 254 2015 (lu
265 1991 345 2012 Atinati.
356 1993 447 2013 Λιιιιιιιιυ,
458 1993 527 2009 Doti-ln
535 1995 558 2010 ltu
569 2001 615 2011 mun.
628 1996 636 2012 7
644 1996 682 2015 ιυ.)

272 2034 439 2061 CICERO
469 2035 635 2063 ATTICO
665 2036 692 2063 S.

142 2073 164 2098 i.
183 2067 299 2098 Decimo
310 2071 422 2098 Kalend.
437 2072 499 2098 hora
513 2081 521 2097 ι
531 2082 567 2099 ιιι.
586 2073 639 2099 sere
651 2083 663 2099 a
676 2075 707 2106 Q.
721 2074 796 2100 Fufio
809 2075 881 2101 venit

86 2108 251 2140 tabellarius,
265 2109 355 2135 nescio
365 2109 431 2144 quid
444 2110 477 2135 al)
488 2109 712 2142 eolitterulurum,
722 2112 760 2137 uti
774 2120 815 2138 me
827 2112 880 2138 sibi

86 2147 267 2173 restituerem:
290 2155 353 2172 sane
371 2146 486 2177 insulse,
505 2152 534 2174 ut
548 2147 628 2174 solet:
647 2149 699 2175 nisi
716 2148 794 2179 t’orte,
812 2158 880 2183 quae

86 2192 137 2210 non
150 2192 236 2214 aines,
254 2184 343 2209 onmia
361 2183 486 2210 videntur
498 2184 600 2211 insulse
613 2186 679 2212 ticri.
720 2186 820 2220 Scripsi
835 2187 878 2216 ita,

87 2225 115 2247 ut
126 2225 150 2247 te
162 2221 336 2255 probaturum
353 2222 488 2247 existimo.
530 2222 595 2248 Mihi
610 2222 677 2248 duas
694 2231 706 2249 n
719 2228 742 2249 te
753 2223 881 2257 epistolas

86 2257 212 2289 reddidit,
226 2266 307 2284 unam
320 2267 368 2288 m..
383 2258 491 2284 alteram
503 2267 531 2284 x.
556 2259 595 2285 Ad
608 2261 780 2286 recentiorem
793 2261 878 2295 prius.

86 2295 118 2321 Et
134 2295 261 2322 leniorem
279 2295 366 2321 laudo.
407 2296 434 2322 Si
456 2304 518 2322 vero
533 2297 613 2322 ctiam
629 2297 803 2323 Carfulenus:
827 2298 880 2323 ι’ίνω

86 2335 221 2367 ποταμῶν.
262 2332 370 2359 Antonii
386 2333 498 2359 consiliu
514 2342 604 2359 narras
617 2334 782 2366 turbulenta;
801 2339 879 2369 atque

86 2369 189 2396 utinam
201 2370 290 2404 potius
303 2379 350 2404 pei·
361 2370 490 2405 populum
503 2375 575 2405 ngat,
592 2380 673 2405 qnam
686 2380 732 2406 per
743 2372 878 2398 senatunil

86 2406 135 2433 Cui
148 2406 259 2441 quidem
272 2407 305 2434 ita
318 2407 406 2434 eredo.
429 2407 479 2433 Sed
492 2408 559 2433 inihi
573 2412 654 2434 totuin
667 2409 725 2434 eins
737 2409 880 2435 consilium

87 2443 120 2469 ad
133 2443 234 2470 bellum
250 2449 370 2479 spectare
387 2445 506 2475 videtur,
524 2445 547 2471 si
563 2445 673 2480 quidem
687 2446 715 2472 l).
730 2446 808 2472 Bruto
820 2454 881 2480 pro-

88 2481 176 2507 vincia
197 2482 320 2516 eripitur.
360 2482 473 2516 Quoquo
495 2481 572 2508 niodo
588 2491 637 2517 ego
652 2482 684 2508 de
702 2482 775 2509 illius
791 2483 881 2509 nervis

87 2518 222 2549 existimo,
237 2527 287 2545 non
300 2518 406 2546 videtur
419 2520 474 2546 tieri
487 2528 563 2554 posse
575 2520 633 2546 sine
646 2519 725 2546 bello.
766 2519 817 2546 Sed
830 2529 880 2546 non

87 2555 180 2589 cupio,
199 2557 326 2590 quoniam
343 2561 452 2583 cavetur
466 2556 621 2583 Buthrotiis.
663 2557 761 2583 Rides?
782 2557 813 2583 At
833 2565 882 2591 ego

88 2591 179 2623 doleo,
198 2601 249 2619 non
266 2601 323 2619 mea
339 2594 428 2628 potius
440 2594 609 2624 assiduitate,
626 2593 780 2629 diligentia.
798 2595 882 2628 gratia

89 2629 191 2663 perlici.
231 2631 257 2656 2.
278 2630 354 2662 Quod
369 2631 467 2657 scribis
483 2636 506 2657 tc
522 2632 637 2662 nescire,
655 2631 722 2666 quid
735 2632 831 2657 nostris
844 2630 883 2657 sa-

89 2665 219 2693 ciundum
240 2667 287 2693 sit:
311 2668 363 2694 iam
385 2668 489 2703 pridem
512 2677 552 2694 ine
574 2668 618 2695 illu
633 2668 731 2704 ἀπορία
746 2668 880 2695 sollicitat.

906 301 907 307 ,
929 281 975 312 de,
994 282 1156 316 puerilibus.

906 386 907 404 ³
929 392 1066 419 Saufeium
1084 402 1130 428 per
1146 398 1170 420 te
1186 394 1314 420 celemus.

906 447 907 450 ,
929 430 1005 461 Quod
1021 435 1045 456 te
1060 439 1073 455 a
1085 432 1163 456 Bruto
1174 432 1284 458 scribis:
1308 436 1337 458 ut
1352 432 1448 458 certior
1464 432 1550 463 fieret,
1567 442 1621 467 quo
1636 433 1680 459 die
1696 434 1724 460 in

909 2313 911 2333 3
933 2298 1029 2323 Brutus
1041 2297 1151 2331 quidem
1161 2317 1166 2325 ,
1184 2301 1272 2322 utrum
1284 2295 1317 2321 de
1328 2295 1445 2321 (luobus.

1247 137 1307 163 EF.
1335 140 1342 163 l
1367 153 1402 157 —-
1422 140 1447 164 55.
1674 140 1722 166 939

929 207 1020 241 Itaque
1041 206 1121 234 stulta
1143 208 1195 234 iam
1216 208 1313 234 Iduum
1333 209 1487 234 Martiarum
1507 214 1548 235 est
1568 208 1722 236 consolatio.

929 244 1035 270 Animis
1046 245 1117 270 enirn
1130 246 1173 271 usi
1183 254 1279 271 sumus
1291 245 1430 277 virilibus;
1446 246 1577 277 consiliis,
1586 247 1654 272 mihi
1666 256 1725 273 cre—

1197 282 1293 309 Excisa
1304 283 1376 309 enim
1388 288 1427 309 est
1443 283 1533 313 arbor,
1550 292 1602 310 non
1618 284 1722 310 evulsa.

929 319 1033 353 ltaque,
1056 328 1137 353 quam
1158 319 1311 351 fruticetur,
1333 320 1420 346 vides.
1461 320 1611 347 Redeamus
1630 322 1722 357 igitur,

928 356 1056 390 quoniam
1068 365 1147 390 saepe
1159 365 1283 391 usurpas,
1296 357 1328 383 ad
1341 357 1505 383 Tusculanas
1516 358 1722 393 disputationes.

1354 395 1410 430 Ego
1427 404 1575 430 numquam
1588 396 1723 423 indicabo.

929 467 1112 493 Tusculanum
1125 477 1212 494 essem
1225 468 1344 495 futurus:
1362 474 1391 495 ut
1406 469 1439 495 ad
1456 474 1479 496 te
1492 475 1551 496 ante
1562 471 1672 504 scripsi,
1686 479 1722 497 vx.

930 504 1003 536 Kal.;
1022 509 1048 530 et
1062 505 1173 539 quidem
1191 506 1228 531 ibi
1245 511 1268 532 te
1284 515 1365 540 quam
1381 507 1498 541 primum
1516 516 1563 541 per
1574 507 1666 533 videre
1677 516 1724 534 ve-

930 541 987 568 lim.
1020 542 1085 568 Puto
1097 543 1169 568 enim
1181 543 1258 569 nobis
1271 544 1422 570 Lanuvium
1434 544 1563 575 eundum,
1576 549 1601 570 et
1612 545 1723 579 quidem

930 587 981 605 non
993 579 1051 605 sine
1063 579 1146 605 multo
1158 589 1290 606 sermone.
1331 581 1383 606 Sed
1394 581 1508 616 μελήσει.
1545 584 1568 608 3.
1592 582 1680 608 Redeo
1691 582 1723 608 ad

929 617 1110 650 superiorem:
1132 625 1166 643 ex
1181 626 1233 652 qua
1250 622 1386 652 praetereo
1402 618 1447 644 illa
1464 620 1549 653 prima
1566 619 1599 645 de
1611 620 1724 646 Buthro-

930 654 987 685 tiis,
1011 662 1080 688 quae
1097 654 1165 680 mihi
1180 660 1243 681 sunt
1259 655 1362 681 inclusa
1379 656 1520 688 medullis,
1539 657 1574 683 sit
1585 656 1676 687 modo,
1696 662 1725 683 ut

929 690 1038 721 scribis,
1052 691 1126 717 locus
1138 692 1245 726 agendi.
1268 693 1302 718 De
1313 693 1430 719 oratione
1443 694 1525 723 Bruti,
1540 703 1649 728 prorsus
1661 703 1724 720 con-

899 740 900 748 ι
930 727 1026 758 tendis,
1040 737 1124 762 quum
1138 730 1233 754 iterum
1246 734 1298 755 tam
1310 730 1402 755 multis
1414 731 1504 756 verbis
1516 732 1583 766 agis.
1622 732 1721 766 Egone,

929 769 958 791 ut
974 773 1032 790 eam
1046 774 1182 796 caussam,
1201 775 1282 800 quam
1298 767 1321 792 is
1335 767 1460 801 scripsit‘?
1476 777 1524 803 ego
1539 769 1656 794 scribam
1673 777 1723 795 non

930 807 1037 837 rogatus
1052 802 1085 828 ab
1099 802 1147 829 eo?
1163 803 1242 829 Nulla
1256 806 1455 840 παρεγχείρησις
1466 805 1522 831 fieri
1534 811 1619 839 potest
1631 811 1725 832 contu-

930 839 1075 865 meliosior.
1116 840 1161 870 At,
1181 841 1285 874 inquis,
1300 841 1491 876 ‘ngmutelssstov
1509 842 1628 877 aliquod.
1667 843 1724 869 Non

930 885 1023 902 recuso
1036 877 1061 902 id
1074 877 1198 911 quidem,
1213 878 1260 903 sed
1272 883 1297 903 et
1308 879 1523 912 componendum
1536 885 1724 915 argumentum

930 918 978 944 est,
992 918 1017 939 et
1027 914 1163 940 scribendi
1175 915 1386 949 exspectandum
1399 920 1504 950 tempus
1517 918 1658 943 maturius.
1682 918 1725 943 Li-

930 955 971 977 cet
986 952 1057 977 enim
1074 951 1107 977 de
1123 960 1178 982 me,
1202 957 1231 978 ut
1248 952 1324 983 libet,
1347 953 1486 979 existimes
1506 954 1597 987 (velim
1614 954 1725 988 quidem

930 997 1012 1023 quam
1023 989 1146 1023 optime);
1160 990 1183 1015 si
1195 989 1260 1015 haec
1272 990 1306 1016 ita
1318 995 1434 1020 manant,
1448 995 1478 1017 ut
1490 991 1622 1021 videntur,
1635 991 1723 1026 (teres,

931 1025 1003 1060 quod
1024 1026 1134 1061 dicam.)
1154 1035 1196 1052 me
1217 1026 1279 1053 Idus
1296 1028 1404 1054 Martiae
1424 1036 1476 1054 non
1497 1028 1638 1055 delectant.
1680 1028 1725 1055 llle

930 1063 1002 1089 enim
1015 1072 1164 1098 numquam
1175 1065 1342 1091 revertisset:
1356 1073 1403 1091 nos
1416 1065 1494 1091 timor
1504 1066 1660 1092 confirmare
1668 1067 1726 1092 eius

931 1105 987 1127 acta
999 1109 1050 1127 non
1063 1101 1206 1136 coegissem
1224 1106 1277 1132 aut,
1291 1102 1330 1137 (ut
1342 1103 1367 1128 in
1375 1102 1551 1133 Saufeiieam,
1561 1103 1727 1137 relinquam-

931 1146 984 1172 que
999 1139 1157 1164 Tusculanas
1167 1141 1362 1172 disputationes,
1380 1139 1413 1165 ad
1424 1148 1491 1174 quas
1503 1145 1531 1167 tu
1543 1141 1623 1167 etiam
1635 1141 1727 1167 Vesto-

932 1176 1002 1201 rium
1014 1175 1149 1211 hortaris.)
1164 1177 1198 1202 ita
1214 1177 1325 1212 gratiosi
1336 1185 1443 1203 eramus
1453 1177 1525 1212 apud
1537 1177 1628 1208 illum,
1646 1186 1726 1212 quem

931 1212 970 1238 dii
983 1217 1117 1239 mortuum
1129 1213 1268 1247 perduint!
1285 1218 1314 1240 ut
1325 1219 1429 1240 nostrae
1441 1216 1531 1246 aetati,
1545 1215 1673 1250 quoniam
1687 1216 1727 1241 in—

933 1249 1040 1276 terfecto
1051 1250 1160 1276 domino
1173 1250 1250 1277 liberi
1263 1260 1314 1277 non
1326 1260 1431 1282 sumus,
1445 1261 1495 1278 non
1508 1252 1587 1278 suerit
1601 1252 1727 1279 dominus

933 1287 977 1313 ille
994 1287 1150 1322 fugiendus.
1191 1288 1296 1319 Rubeo,
1312 1289 1481 1315 mihicrede.
1522 1289 1573 1315 Sed
1590 1290 1644 1316 iam
1659 1290 1727 1316 scri-

933 1333 1051 1359 pseram‘,
1066 1324 1154 1351 delere
1167 1325 1251 1351 nolui.
1293 1327 1316 1352 4.
1340 1326 1374 1351 De
1386 1326 1555 1357 Menedemo,
1571 1326 1667 1353 vellem
1681 1335 1727 1353 ve-

933 1371 991 1387 rum
1004 1362 1109 1388 fuisset.
1142 1363 1176 1388 De
1189 1363 1289 1398 regina,
1304 1363 1385 1389 velim
1399 1372 1490 1389 verum
1503 1364 1547 1390 sit.
1579 1364 1670 1390 Cetera
1682 1373 1727 1389 co-

933 1408 1001 1430 rani,
1024 1404 1050 1426 et
1068 1401 1198 1430 maxime,
1221 1400 1287 1434 quid
1304 1401 1401 1426 nostris
1421 1400 1572 1427 faciendum
1589 1402 1636 1433 sit,
1660 1401 1726 1436 quid

932 1437 1011 1462 etiam
1028 1436 1120 1467 nobiS,
1137 1437 1161 1462 si
1173 1437 1304 1463 Antonius
1316 1437 1449 1463 militibus
1461 1438 1622 1464 obsessurus
1634 1444 1672 1464 est
1684 1447 1726 1464 se-

933 1478 1034 1500 natum.
1067 1474 1138 1500 itanc
1149 1474 1290 1509 epistolam
1306 1475 1329 1500 si
1343 1474 1416 1500 illius
1429 1475 1567 1501 tabellario
1579 1475 1723 1503 dedissem.

933 1511 1034 1537 veritus
1050 1520 1125 1542 sum,
1144 1520 1176 1537 ne
1191 1511 1316 1538 solveret.
1358 1513 1448 1547 ltaque
1461 1513 1522 1538 misi
1535 1512 1623 1539 dedita
1635 1521 1725 1547 opera.

931 1549 993 1574 Erat
1004 1549 1076 1574 enim
1088 1548 1291 1575 rescribendum
1303 1549 1366 1576 tuis,

987 1627 1014 1647 lv
1029 1627 1047 1646 b.
1080 1626 1133 1652 (nic
1153 1634 1228 1646 ιιυιιιιιι
1249 1627 1365 1653 epistolum
1384 1627 1522 1651 Mnuganltin
1538 1631 1627 1647 ‹iiietore
1647 1627 1726 1654 incipit

933 1662 1043 1685 Graeteri)

989 1693 1081 1730 Quam
1094 1697 1205 1729 vellem,
1223 1699 1302 1725 Bruto
1314 1698 1435 1724 studium
1452 1703 1527 1724 tuum
1540 1706 1636 1724 navare
1649 1702 1727 1732 potu-

933 1736 1013 1762 isses!
1036 1736 1092 1771 Ego
1113 1736 1195 1771 igitur
1214 1735 1247 1762 ad
1268 1744 1329 1762 eum
1350 1735 1459 1761 litteras.
1500 1735 1539 1761 Ad
1565 1735 1726 1762 Dolabellam

932 1773 1057 1799 Tironem
1075 1774 1136 1799 misi
1151 1782 1212 1799 cuni
1230 1773 1363 1799 mandatis
1382 1778 1406 1799 et
1424 1773 1528 1799 litteris.
1569 1773 1638 1799 Eum
1655 1773 1686 1798 ad
1704 1778 1727 1799 te

933 1810 1055 1843 vocabis3
1078 1815 1116 1841 et,
1133 1810 1235 1845 siquid
1248 1810 1374 1840 habebis,
1392 1810 1464 1844 qnod
1480 1809 1594 1844 placeat,
1613 1810 1726 1836 scribes.

932 1848 1000 1874 Eece
1011 1852 1099 1874 autem
1112 1847 1144 1874 de
1157 1852 1308 1874 transverso
1322 1848 1349 1874 L.
1362 1847 1467 1877 Caesar,
1485 1852 1512 1873 ut
1524 1848 1630 1873 veniam
1643 1847 1674 1873 nd
1687 1856 1725 1877 se,

932 1890 1020 1921 rogat,
1039 1886 1065 1911 in
1078 1886 1192 1917 Neuius;
1211 1890 1256 1912 aut
1271 1885 1401 1914 scribam,
1419 1894 1472 1919 quo
1484 1893 1512 1910 se
1526 1886 1616 1911 venire
1630 1885 1724 1910 velim:

932 1923 1011 1949 Bruto
1022 1923 1094 1949 enim
1107 1922 1225 1957 placere,
1243 1931 1272 1948 se
1285 1931 1298 1948 a
1310 1931 1351 1948 me
1363 1922 1511 1948 conveniri.
1552 1923 1574 1948 Ο
1585 1931 1640 1948 rem
1652 1922 1727 1948 odio-

932 1968 989 1985 sam
1005 1965 1030 1986 et
1042 1960 1274 1994 inexplicabilem!
1294 1965 1357 1995 puto
1369 1968 1410 1985 me
1421 1968 1484 1994 ergo
1497 1960 1610 1989 iturum,
1629 1965 1652 1985 et
1666 1959 1727 1985 inde

932 1997 1055 2028 Romanu
1071 1997 1123 2023 nisi
1135 1997 1201 2032 quid
1213 2002 1325 2023 mntaro.
1366 1996 1527 2023 Sumnnitini
1540 1997 1628 2023 adhuc
1640 1997 1671 2022 ad
1688 2002 1724 2022 te:

933 2034 1067 2060 nihildum
1084 2035 1156 2060 enim
1172 2044 1185 2061 a
1202 2035 1292 2061 Balbo.
1333 2035 1404 2060 Tuas
1421 2035 1502 2069 igitur
1517 2039 1655 2068 exspecto,
1680 2043 1726 2060 nec

932 2076 1050 2098 actorum
1062 2071 1159 2101 solum.
1173 2072 1220 2098 scd
1232 2073 1312 2098 etiam
1325 2071 1486 2097 futurorum.

985 2141 1012 2161 V.
1041 2144 1070 2165 (Ιιι
1081 2143 1161 2163 Annali,
1171 2143 1262 2163 Amnum,
1274 2143 1372 2159 Dolabella
1384 2149 1429 2159 ems.
1442 2144 1494 2163 71⁰„

1114 2184 1279 2212 CICERO
1313 2184 1479 2211 ATTICO
1509 2184 1537 2211 S.

990 2225 1012 2249 ἱ.
1036 2218 1063 2248 Α
1080 2223 1158 2248 Bruto
1175 2222 1330 2248 tabellarius
1347 2222 1438 2247 rediit:
1457 2222 1543 2247 nttulit
1559 2227 1583 2248 et
1595 2221 1628 2246 nb
1640 2230 1682 2247 eo.
1702 2227 1727 2247 et

932 2260 1033 2286 Cassio.
1075 2259 1224 2286 Consilium
1242 2268 1331 2284 meum
1348 2268 1444 2293 niagno
1464 2268 1543 2293 opere
1564 2259 1723 2293 exquirunt:

1486 2298 1506 2320 (l
1519 2305 1572 2321 reni
1586 2296 1723 2320 miseram!

933 2335 1012 2360 l‘lunc
1026 2342 1076 2359 non
1090 2334 1182 2362 liabeo,
1196 2333 1261 2367 quid
1274 2333 1400 2358 scribam.
1442 2334 1532 2366 ltaque
1544 2332 1651 2357 silentio
1663 2338 1726 2366 puto

933 2380 975 2397 ine
992 2380 1118 2399 usurum:
1143 2371 1194 2396 nisi
1213 2370 1279 2404 quid
1296 2369 1369 2395 nliud
1387 2370 1435 2395 tibi
1453 2369 1568 2395 ridetur.
1609 2370 1655 2395 stu
1678 2369 1725 2395 uhi

932 2408 998 2443 quid
1012 2409 1084 2434 venit
1099 2408 1124 2433 in
1138 2412 1267 2434 utenti-tn.
1281 2407 1378 2435 sei-ibe,
1392 2415 1501 2441 «punem.
1543 2407 1652 2432 Cassius
1665 2415 1726 2432 vero

934 2446 1105 2471 vehementer
1119 2450 1174 2470 orm
1191 2453 1220 2469 ιιι·
1236 2444 1314 2478 petit,
1333 2449 1360 2470 ιιι
1373 2444 1486 2469 llirtiuin
1501 2452 1581 2478 «pinni
1593 2444 1725 2478 optimum

1080 2482 1180 2508 Sanum
1192 2482 1287 2516 putus?
1297 2483 1325 2506 Ὁ
1337 2492 1401 2517 fre-q
1411 2482 1452 2507 se:
1464 2482 1620 2514 σίι-θριικειὶς.
1662 2481 1726 2515 Epi-

1218 2521 1242 2545 ἓ.
1266 2519 1297 2544 Ut
1309 2523 1335 2544 ιιι
1348 2518 1380 2543 de
1393 2519 1529 2552 provincio
1543 2518 1613 2544 llruti
1626 2523 1649 2544 et
1662 2519 1725 2544 (Ins-

934 2482 1039 2508 faciani.

933 2520 1026 2546 stolum
1040 2519 1088 2545 tibi
1101 2520 1172 2545 misi.

910 2570 911 2578 ι
932 2558 966 2582 sii
979 2566 1025 2591 per
1036 2561 1144 2582 senatus
1155 2556 1316 2585 consultum,
1335 2556 1368 2581 itn
1380 2555 1473 2581 scribit
1485 2560 1509 2581 et
1521 2555 1618 2581 Bulbus
1629 2560 1652 2581 et
1666 2556 1724 2581 llir-

933 2595 1000 2620 tius:
1013 2594 1060 2628 qui
1072 2593 1192 2628 quidem,
1204 2603 1232 2619 se
1244 2597 1372 2619 actutum.
1402 2593 1505 2618 Etenim
1519 2593 1570 2618 iuni
1583 2594 1608 2618 in
1621 2593 1724 2618 Tuscu-

934 2631 994 2657 lano
1004 2636 1056 2657 est:
1074 2631 1209 2665 mihique.
1227 2635 1255 2656 ιιι
1266 2630 1367 2658 absim.
1386 2630 1557 2655 veliementer
1568 2635 1658 2656 nuetor
1670 2636 1721 2656 est:

933 2673 957 2695 et
971 2668 1014 2695 illo
1025 2668 1136 2703 quidem
1149 2667 1262 2703 periculi
1273 2676 1380 2698 caussa,
1399 2667 1471 2702 quod
1483 2667 1536 2693 sibi
1548 2668 1627 2694 etium
1641 2667 1724 2693 fuisse

1448 2717 1493 2740 ssS
1510 2714 1519 2724 “
