1941 3052
198 149 244 172 196

197 227 269 249 mus,
287 219 382 245 essm}
397 218 467 253 apud
483 218 602 244 homines
615 219 680 244 benc
692 219 826 244 institutos
838 217 984 252 plurimum

195 257 228 283 de
252 256 329 283 laudo
352 261 377 282 et
399 257 431 282 ‹le
456 257 590 282 bont-state
608 256 741 285 dicemus,
770 256 939 289 maximeque
956 263 985 280 ea

774 147 810 172 13,
843 146 876 172 Μ.
907 146 936 172 Τ.
968 144 1241 172 CICERONIS

1037 218 1232 252 comparatione
1250 225 1460 253 nonnumquam,
1481 223 1519 249 ιιι,
1537 226 1623 254 quum
1637 218 1670 245 de
1686 220 1826 247 verinimo

1014 272 1015 296 3
1037 259 1188 280 accusatore
1204 254 1368 289 disceptatur
1384 260 1430 281 aut
1446 264 1531 290 quum
1551 256 1703 282 hereditatio
1716 257 1774 283 sine
1788 257 1825 283 lo-

198 295 324 320 virtutum
343 302 437 327 genera
457 294 636 322 tractabimus,
656 301 725 326 quae
744 293 769 318 in
788 293 923 318 communi
939 292 987 318 lio-
1007 299 1015 327 .'

197 332 299 358 minum
325 332 436 357 utilitate
456 330 550 356 tuenda
569 329 742 363 augendaque
758 334 904 355 versantur.
939 328 985 355 Sin
1007 345 1015 373 l*

196 369 266 403 apud
290 369 406 395 indoctos
426 368 613 402 imperitosque
632 367 761 397 dicemus,
783 366 898 396 fructus,
915 374 987 392 cmo-

197 406 326 435 lumenta,
357 405 504 439 voluptates
537 404 728 438 vitationesque
755 403 875 429 dolorum
900 398 1009 438 prol'e-=¹

197 448 300 473 rantur,
331 442 459 468 addantur
482 442 559 467 ctiam
582 440 757 466 contumeliae
775 445 854 475 atque
873 440 987 475 ignomi-

197 481 263 506 niae.
306 480 388 505 Nemo
409 483 448 504 cst
471 479 541 503 cnim
566 483 618 503 tam
641 478 762 510 agrestis,
782 486 863 512 quem
883 486 944 507 non,
963 478 985 504 si

197 518 254 551 ipsa
279 517 368 543 minus
388 516 519 544 honestas,
539 514 698 541 contumelia
717 519 804 540 tamen
823 519 848 540 et
870 514 986 540 dedecus

197 563 293 587 magno
303 562 380 587 opere
396 557 508 578 moveat.
530 552 624 584 Quare,
641 551 712 586 quod
727 552 758 577 ad
774 551 914 577 utilitatem
925 560 987 586 spe-

196 596 255 620 ctat,
272 600 303 616 cx
319 591 360 619 iis,
376 598 444 624 quac
458 589 526 615 dicta
541 594 611 620 sunt,
628 589 786 624 reperietur;
802 591 843 614 93.
859 588 925 623 quid
939 597 985 614 au-

197 634 248 654 tem
272 628 355 662 possit
377 627 445 652 effici
466 635 547 653 necne
566 627 658 661 possit,
681 627 706 652 in
724 635 778 661 quo
795 627 883 652 ctiam.
905 634 985 660 quam

197 665 272 691 facile
288 665 370 699 possit
384 672 519 699 quamque
533 664 663 699 expediat,
677 664 767 698 quaeri
783 663 857 693 solet,
872 664 986 689 maxime

196 711 228 728 cx
242 703 344 728 caussis
360 702 401 733 iis,
416 710 485 736 quae
495 710 630 736 quamque
641 710 694 727 rem
706 700 830 730 efficiant,
844 705 883 726 est
894 700 987 726 viden-

196 740 271 765 dum.
311 739 472 766 Caussarum
491 744 577 765 autem
596 747 691 773 genera
710 743 774 764 sunt
792 737 878 772 plura.
920 738 985 763 Nam

196 781 259 803 sunt
270 776 344 808 aliae,
360 785 428 811 quae
444 777 516 811 ipsae
526 776 682 807 conliciunt;
705 775 779 806 aliae,
792 783 860 810 quac
872 775 925 800 vim
937 775 987 800 ali-

195 822 277 849 quam
295 814 328 840 ad
345 813 538 840 conficiendum
558 813 678 839 afferunt.
716 813 807 847 Itaque
826 812 886 838 illae
905 821 986 846 supe-

197 852 278 878 riores
299 852 467 878 conficientes
491 856 629 882 voventum
657 851 705 876 liae
724 850 841 885 reliquae
856 854 986 884 ponantur

196 889 223 915 in
237 897 268 915 co
279 897 387 924 genere,
404 893 432 914 ut
446 889 503 914 sinc
518 888 559 914 his
573 887 664 914 confici
681 896 731 913 non
747 888 838 922 possit.
861 888 902 913 924.
918 887 986 913 Con-

1037 300 1070 325 μι·
1088 296 1133 317 aut
1151 292 1208 317 sinc
1226 296 1382 318 testamento
1400 293 1497 327 petitur
1511 294 1657 328 possessio:
1684 294 1710 320 in
1723 294 1825 328 quibus

1037 329 1139 354 caussis
1159 328 1224 363 quid
1243 329 1356 363 aequius
1375 330 1601 364 aequissimumve
1615 332 1657 360 sit,
1673 332 1824 365 quae-ritum

1037 374 1105 400 quas
1129 366 1160 391 ad
1184 374 1293 391 caussas
1317 365 1428 392 facultas
1448 368 1545 400 petitur
1566 369 1825 400 argumentationum

1037 411 1070 429 ex
1089 404 1130 432 iis,
1147 402 1179 428 dc
1193 403 1293 437 quibus
1308 411 1369 429 mox
1383 403 1494 433 dicetur.
1514 406 1654 438 aequitatis
1669 405 1743 431 locis.
1782 407 1824 432 99.

1038 441 1125 474 Atque
1142 441 1221 466 ctiam
1240 445 1299 466 ante
1319 440 1448 466 iudicium
1467 440 1500 466 de
1513 442 1698 468 constituendo
1712 442 1770 477 ipso
1783 443 1826 469 iu-

1007 500 1015 523 *l
1037 477 1107 503 dicio
1128 477 1194 503 solet
1211 486 1269 503 csse
1288 478 1428 507 contentio,
1444 486 1528 512 quum
1543 483 1597 509 aut,
1613 480 1680 505 sitne
1694 481 1762 506 actio
1775 479 1824 511 illi,

1037 515 1083 548 qui
1098 515 1159 549 agit,
1176 519 1221 540 aut
1235 515 1321 540 iamne
1335 516 1377 543 sit.
1390 520 1435 540 aut
1446 524 1509 541 num
1521 516 1572 541 iam
1584 524 1642 541 esse
1651 516 1767 546 desierit,
1781 522 1827 543 aut

1038 551 1116 577 illane
1137 551 1202 584 lege.
1224 552 1299 578 hisne
1319 552 1407 578 verbis
1425 553 1459 578 sit
1477 553 1552 582 actio,
1568 554 1714 587 quaeritur.
1753 554 1826 586 Quae

1037 589 1139 615 etiamsi
1154 594 1221 618 ante.
1238 597 1318 623 quam
1334 598 1374 615 res
1389 590 1415 615 in
1430 589 1559 616 iudicium
1572 591 1652 619 venit,
1665 595 1710 616 aut
1719 599 1826 618 concer-

1007 624 1015 662 '3
1039 631 1088 651 tata
1111 631 1155 651 aut
1173 625 1316 652 diiudicata
1335 631 1380 652 aut
1400 626 1517 652 confecta
1537 636 1587 653 non
1606 632 1678 657 sunt.
1698 632 1785 654 tamen
1798 629 1826 655 in

1014 682 1015 685 ,
1039 664 1103 697 ipsis
1115 663 1221 689 iudiciis
1233 672 1406 698 permagnum
1418 673 1496 699 saepe
1507 664 1603 690 liabent
1615 664 1729 699 pondus,
1740 674 1826 700 quum

196 925 288 952 ficiens
306 931 393 952 autem
411 935 503 952 caussa
522 926 571 952 alia
586 930 625 951 cst
639 924 758 950 absoluta
773 929 798 950 ct
812 924 925 959 perfecta
940 932 986 958 per
1014 950 1015 954 ,

196 971 233 993 se
250 963 299 989 alia
313 963 415 998 aliquid
429 963 559 989 adiuvans
573 967 597 989 et
609 962 740 988 efficiendi
755 962 824 988 socia
838 970 884 996 qu
878 961 983 993 aedam;
1014 969 1015 993 1

195 1001 274 1027 cuius
296 1001 401 1036 generis
426 1001 467 1026 vis
491 1001 562 1026 varia
586 1004 625 1026 est
643 1004 667 1026 et
685 1008 764 1034 saepe
781 1003 827 1025 aut
845 999 928 1025 maior
941 1003 986 1024 aut

196 1038 290 1068 minor,
296 1022 341 1064 θυι
354 1039 431 1064 etiam
447 1037 500 1068 illa,
517 1046 584 1072 quae
599 1038 741 1063 maximam
757 1037 811 1062 vim
827 1036 914 1066 habet,
930 1035 984 1061 sola

189 1084 276 1110 ¹saepe
289 1084 381 1101 caussa
394 1075 506 1101 dicatur.
529 1076 597 1101 Sunt
610 1079 697 1100 autem
712 1074 778 1100 aliae
791 1082 909 1103 caussae
917 1081 986 1107 quae

196 1117 242 1139 aut
260 1117 366 1148 propter
379 1113 540 1147 principium
555 1117 599 1138 aut
611 1116 716 1147 propter
729 1112 830 1137 exitum
845 1110 987 1137 conficien-

196 1155 235 1176 tes
255 1155 390 1176 vocantur.

196 1196 270 1213 mum
294 1187 372 1218 factu,
395 1192 440 1213 aut
458 1187 558 1213 utilitas
572 1191 616 1213 aut
630 1195 691 1220 spes
706 1185 837 1212 efficiendi
849 1185 881 1211 ad
895 1193 986 1211 assen-

196 1224 316 1251 tiendum
341 1224 455 1259 impellit
477 1225 587 1250 animos,
630 1223 738 1249 xxvlt.
756 1224 798 1249 95.
813 1223 845 1249 Et
859 1223 985 1257 quoniam

1007 1123 1015 1167 l

424 1150 512 1181 Quum
527 1154 614 1175 autem
629 1149 774 1184 quaeritur,
790 1148 856 1183 quid
870 1149 905 1174 sit
918 1148 987 1182 opti-
1014 1174 1015 1177 ,

1006 1204 1015 1227 ³1*

195 1261 229 1288 de
253 1262 363 1288 utilitate
386 1263 438 1288 iam
456 1261 584 1292 diximus,
605 1261 637 1287 de
655 1260 785 1287 efficiendi
801 1260 900 1286 ratione
913 1260 986 1285 dica·
1006 1262 1015 1307 3⁴

197 1308 266 1325 muS.
307 1298 365 1331 Quo
388 1303 439 1325 toto
461 1307 565 1334 genere,
584 1298 748 1333 quibuscum
767 1302 793 1324 et
804 1302 892 1324 contra
907 1305 983 1331 quos,
1006 1316 1007 1327 ,

196 1345 250 1371 quo
272 1341 389 1371 tempore
411 1341 457 1362 aut
478 1345 532 1371 quo
554 1335 610 1362 loco
632 1339 677 1361 aut
694 1335 795 1370 quibus
814 1334 985 1361 facultatibus
1006 1344 1007 1362 ι

196 1382 338 1404 armorum,
360 1374 495 1408 pecuniae,
516 1374 647 1399 sociorum
663 1380 788 1399 earumve
803 1380 901 1402 rerum,
917 1379 985 1406 quae
1006 1363 1007 1409 1

195 1411 228 1437 ad
242 1419 377 1445 quamque
391 1419 446 1437 rem
460 1410 625 1437 efficiendam
641 1410 780 1444 pertinent,
793 1409 928 1444 possimus
936 1408 982 1438 uti,

195 1448 386 1483 requirendum
401 1452 449 1474 est.
490 1449 583 1482 Neque
596 1447 683 1473 solum
697 1455 727 1473 ea
741 1451 812 1477 sunt,
825 1454 894 1481 quae
908 1445 985 1472 nobis

195 1490 346 1520 suppetant,
367 1485 413 1511 sed
432 1485 510 1511 etiam
531 1485 584 1515 illa,
602 1493 670 1519 quae
688 1483 870 1514 adversentur,
891 1483 986 1509 viden-

195 1522 237 1548 da.
278 1523 320 1554 Et,
345 1523 367 1549 si
387 1531 420 1548 ex
436 1522 602 1548 contentione
620 1521 776 1556 procliviora
795 1525 873 1547 erunt
886 1525 982 1551 nostra,

195 1568 246 1586 non
265 1559 352 1586 solum
371 1559 439 1586 effici
455 1568 541 1594 posse,
557 1567 625 1594 quae
639 1559 793 1589 suademus,
813 1559 863 1584 erit
876 1566 986 1593 persua-
1006 1551 1008 1582 l

195 1597 323 1628 dendum,
340 1597 387 1623 sed
404 1597 552 1623 curandum
571 1597 658 1627 etiam,
674 1600 704 1622 ut
717 1595 762 1622 illa
777 1595 872 1626 facilia,
888 1594 986 1630 procli-

195 1635 247 1665 via,
272 1634 389 1661 iucunda
407 1634 556 1660 videantur.
596 1633 818 1660 Dissuadentibus
834 1637 921 1659 autem
940 1636 986 1658 aut
1006 1630 1008 1666 1

194 1671 295 1698 utilitas
324 1671 503 1698 labefactanda
531 1675 571 1697 est
591 1675 637 1697 aut
659 1669 792 1697 efficiendi
813 1669 985 1696 difficultates
1006 1672 1007 1704 ζ

194 1708 349 1739 offerendae,
362 1717 448 1744 neque
470 1708 529 1734 aliis
547 1717 581 1734 ex
599 1708 755 1742 praeceptis,
776 1707 823 1733 sed
842 1706 937 1733 iisdem
952 1714 986 1733 ex
1006 1716 1015 1743 3,

194 1746 327 1772 suasionis
343 1746 416 1773 locis.
455 1747 496 1772 96.
520 1745 636 1780 Uterque
650 1753 711 1771 vero
724 1744 758 1770 ad
771 1744 923 1780 augendum
938 1744 986 1769 ha-

195 1783 255 1809 beat
276 1783 460 1818 exemplorum
483 1787 528 1809 aut
546 1783 706 1813 recentium,
725 1790 781 1816 quo
802 1782 902 1808 notiora
920 1781 982 1812 sint,

194 1825 240 1846 aut
257 1825 386 1851 veterum,
406 1828 460 1855 quo
478 1819 539 1854 plus
553 1820 714 1846 auctoritatis
728 1819 850 1850 babeant,
866 1819 982 1853 copiam;
1006 1830 1007 1846 l

194 1858 364 1892 maximeque
378 1858 412 1883 sit
426 1858 452 1883 in
467 1857 516 1883 hoc
529 1865 625 1893 genere
638 1856 790 1887 meditatus,
804 1861 834 1882 ut
845 1857 929 1891 possit
942 1855 984 1882 vel

194 1931 297 1958 teferre.

1013 1809 1014 1824 l

1012 1838 1015 1855 l

194 1969 344 2004 proficient,
369 1970 392 1995 si
414 1969 542 1995 incitandi
560 1973 650 1999 erunt,
670 1968 802 1994 eiusmodi
828 1968 982 1998 sententiae,

193 2015 263 2041 quae
281 2011 326 2033 aut
343 2006 376 2032 ad
394 2006 539 2040 explendas
556 2005 717 2040 cupiditates
730 2010 776 2031 aut
789 2005 822 2031 ad
836 2005 928 2032 odium
942 2013 986 2031 sa·
1006 2001 1015 2063 33

194 2043 313 2070 nandum
340 2048 386 2070 aut
410 2043 443 2070 ad
469 2043 635 2069 ulciscendas
665 2043 776 2069 iniurias
802 2042 982 2077 pertinebunt.
1006 2060 1015 2097 33

193 2080 239 2107 Sin
257 2085 345 2107 autem
364 2081 534 2123 reprimendi,
554 2080 587 2106 de
604 2081 703 2106 incerto
716 2084 785 2106 statu
802 2080 920 2106 fortunae
934 2079 986 2105 du-
1006 2095 1007 2107 l

194 2118 300 2152 hiisque
321 2118 423 2144 eventis
439 2126 527 2144 rerum
549 2117 698 2143 futurarum
720 2121 746 2143 et
763 2117 908 2143 retinendis
927 2117 984 2142 suis
1005 2124 1007 2154 3

193 2154 316 2186 fortunis,
342 2156 364 2181 si
387 2160 464 2181 erunt
489 2154 634 2186 secundam
669 2155 711 2181 sin
734 2159 823 2180 autem
847 2154 981 2185 adversae,
1005 2165 1007 2171 ⁴

192 2193 225 2219 de
247 2192 365 2227 periculo
390 2191 584 2218 commonendi.
624 2192 711 2226 Atque
733 2191 761 2218 hi
784 2191 894 2226 quidem
921 2195 984 2217 sunt
1004 2199 1007 2226 3

193 2230 366 2264 perorationis
385 2229 444 2255 loci.
485 2230 526 2255 97.
546 2229 679 2263 Principia
697 2233 785 2255 autem
803 2229 831 2255 in
845 2229 984 2254 sententiis
1004 2242 1006 2266 ἰ

192 2267 312 2293 dicendis
330 2266 420 2293 brevia
438 2274 496 2293 esse
514 2266 620 2292 debent.
661 2267 719 2292 Non
735 2266 807 2292 enim
825 2265 942 2300 supplex
954 2269 984 2291 ut

192 2303 225 2330 ad
247 2304 364 2330 iudicem
385 2304 459 2330 venit
475 2308 569 2335 orator,
590 2303 638 2329 sed
654 2303 771 2330 hortator
789 2307 868 2337 atque
881 2307 981 2329 auctor.

192 2341 278 2373 Quare
292 2349 446 2376 proponere,
459 2349 510 2376 qua
526 2345 613 2366 mente
627 2340 705 2372 dicat,
717 2340 785 2375 quid
796 2340 868 2370 velit,
881 2340 982 2374 quibus

193 2378 225 2404 de
248 2378 327 2404 rebus
350 2378 471 2405 dicturus
489 2379 532 2408 sit,
548 2377 626 2404 debet
639 2377 792 2412 hortarique
805 2377 838 2403 ad
851 2385 880 2403 se
894 2377 983 2403 brevi-

193 2420 231 2441 ter
253 2415 383 2442 dicentem
407 2415 581 2442 audiendum.
624 2415 687 2441 Tota
709 2419 798 2441 autem
815 2415 898 2441 oratio
915 2414 983 2440 sim-
1002 2427 1005 2464 3

194 2451 256 2486 plex
269 2457 294 2478 et
306 2453 395 2487 gravis
409 2457 434 2479 et
447 2452 586 2479 sententiis
599 2452 678 2478 debet
690 2452 806 2479 ornatior
818 2459 887 2482 esse,
899 2459 981 2486 quam

194 2489 291 2514 verbis.

248 2525 367 2552 XXVIII.
383 2528 423 2552 98.
439 2527 468 2553 C.
480 2527 510 2553 F.
521 2526 639 2562 Coonovi
647 2527 700 2552 iam
711 2525 871 2552 laudationis
881 2529 907 2551 et
919 2533 983 2551 sua·
1008 2536 1010 2546 ι

1008 2572 1010 2594 3
1032 2570 1059 2588 re
1073 2570 1125 2588 non
1143 2565 1238 2596 potest.

192 2563 275 2588 sionis
299 2563 381 2589 locos:
404 2572 482 2594 nunc,
503 2571 572 2598 quae
586 2563 694 2589 iudiciis
708 2562 903 2589 accommodata
916 2562 979 2592 sint,

192 2604 329 2634 exspecto
352 2599 432 2634 idque
447 2601 523 2627 nobis
536 2608 622 2636 genus
636 2604 732 2626 restare
747 2608 831 2626 unum
841 2603 916 2634 puto.
950 2598 979 2625 C.

193 2637 220 2662 Ρ.
235 2637 314 2663 Recte
328 2637 465 2672 intelligis.
505 2638 593 2672 Atque
606 2637 664 2663 eius
677 2636 787 2671 quidem
800 2637 935 2672 generiS1
919 2635 981 2662 finis

191 2678 231 2700 est
249 2674 383 2709 aequitas3
409 2682 478 2708 quae
492 2683 543 2701 non
557 2673 715 2708 simpliciter
728 2677 870 2708 spectatur,
886 2672 934 2699 sed
947 2681 980 2699 ex

1038 701 1071 726 ita
1094 700 1204 726 dicitur:
1240 701 1302 728 l'lus
1321 702 1424 735 petisti;
1450 710 1508 727 sero
1527 703 1629 736 petisti;
1652 711 1702 728 non
1718 702 1768 728 fuit
1782 707 1826 729 tua

1039 738 1141 771 petitio,
1165 746 1215 763 non
1229 747 1243 763 a
1259 746 1309 768 me,
1327 747 1376 764 non
1393 739 1440 764 hac
1455 738 1520 773 lege,
1538 748 1588 765 non
1604 739 1646 765 his
1661 739 1758 770 verbis,
1774 748 1827 766 non

1038 775 1086 800 hoc
1101 775 1208 801 iudicio.
1238 777 1294 802 ⁴00.
1309 776 1427 807 Quarum
1441 784 1596 802 caussarum
1608 785 1694 811 genus
1705 782 1744 803 αι
1755 778 1827 812 posi-

1039 816 1094 838 tum
1119 812 1144 838 in
1162 813 1220 838 iure
1237 812 1320 843 civili,
1336 813 1407 847 quod
1421 818 1461 839 est
1475 814 1501 839 in
1516 814 1678 848 privatarum
1693 822 1723 840 ac
1736 814 1828 848 pubii-

1036 858 1127 875 carum
1146 858 1233 875 rerum
1253 849 1310 883 lege
1324 854 1369 875 aut
1386 859 1457 876 more
1472 851 1603 884 posituim
1624 852 1703 877 cuius
1717 852 1826 877 scientia

1037 886 1155 921 neglecta
1181 887 1214 912 ab
1232 887 1380 913 oratoribus
1399 887 1533 922 plerisque
1547 888 1623 914 nobis
1637 888 1669 914 ad
1683 888 1826 915 dicendum

1038 924 1183 949 necessaria
1202 923 1316 950 videtur.
1355 924 1442 956 Quare
1459 924 1492 950 de
1509 925 1703 951 constituendis
1717 926 1827 952 actioni-

1038 961 1097 990 bus,
1113 961 1275 995 accipiendis
1285 961 1488 996 subeundisque
1500 962 1615 991 iudiciis,
1627 962 1660 988 de
1670 963 1827 997 excipienda

1037 998 1175 1033 iniquitate
1189 998 1308 1029 actionis,
1324 998 1357 1024 de
1370 998 1545 1033 comparanda
1559 1000 1698 1034 aequitate.
1711 1000 1783 1035 quod
1796 1009 1827 1026 ea

1037 1035 1090 1061 fere
1103 1036 1208 1071 generis
1222 1036 1280 1061 eius
1294 1041 1365 1066 sunt,
1382 1041 1418 1066 ut,
1434 1045 1597 1071 quamquam
1612 1038 1638 1062 in
1653 1037 1741 1071 ipsum
1756 1038 1828 1064 iudi-

1036 1073 1108 1098 cium
1122 1081 1200 1107 saepe
1213 1072 1379 1103 delabantur,
1396 1078 1482 1099 tamen
1496 1078 1555 1099 ante
1569 1073 1699 1100 iudicium
1714 1079 1828 1102 tractan-

1036 1110 1068 1135 da
1084 1109 1232 1141 videantur,
1245 1110 1395 1144 paullulum
1414 1119 1442 1136 ea
1457 1119 1550 1145 separo
1563 1119 1576 1136 a
1591 1111 1708 1141 iudiciis,
1725 1116 1828 1147 tempo-

1037 1156 1064 1173 re
1078 1148 1163 1183 magis
1177 1147 1282 1183 agendi,
1298 1156 1378 1182 quam
1393 1147 1613 1174 dissimilitudine
1622 1149 1737 1183 generis.
1759 1149 1826 1175 Nam

1035 1185 1132 1215 omnia,
1148 1193 1217 1219 quae
1230 1184 1283 1210 de
1277 1193 1334 1211 iure
1343 1184 1416 1211 civiti
1430 1190 1476 1211 aut
1485 1185 1518 1211 de
1528 1194 1613 1228 aequo
1626 1190 1651 1211 et
1661 1185 1730 1212 bono
1739 1186 1827 1213 disce-

1037 1226 1151 1256 ptantur,
1175 1221 1274 1248 cadunt
1295 1222 1322 1248 in
1340 1230 1397 1248 eam
1412 1222 1533 1252 formam.
1549 1223 1576 1249 in
1590 1231 1651 1257 qua,
1667 1222 1747 1265 quale
1759 1223 1826 1259 quid

1035 1260 1078 1289 sit.
1095 1259 1248 1294 ambigitur,
1267 1258 1300 1285 de
1313 1267 1366 1294 qua
1379 1259 1477 1286 dicturi
1490 1268 1594 1289 sumus,
1609 1268 1679 1294 quae
1692 1261 1720 1286 in
1735 1261 1828 1296 aequi-

1036 1301 1087 1323 tate
1105 1301 1130 1323 et
1146 1297 1204 1322 iure
1222 1297 1338 1322 maxime
1351 1297 1481 1323 consistit.
1510 1297 1610 1323 xxix.
1629 1299 1685 1323 tot.
1698 1297 1726 1324 In
1740 1298 1828 1324 omni-

1036 1334 1088 1360 bus
1106 1334 1188 1369 igitur
1205 1334 1308 1359 caussis
1327 1338 1378 1360 tres
1392 1338 1456 1360 sunt
1469 1333 1578 1369 gradus,
1594 1342 1628 1360 ex
1639 1334 1741 1369 quibus
1755 1343 1827 1362 unus

1036 1371 1134 1406 aliquis
1157 1370 1304 1405 capiendus
1325 1375 1373 1401 est.
1393 1371 1416 1397 si
1436 1370 1527 1405 plures
1541 1380 1593 1397 non
1606 1379 1698 1406 queas,
1714 1371 1747 1398 ad
1760 1373 1828 1399 resi-

1035 1408 1170 1434 stendum.
1205 1408 1271 1434 Nam
1285 1412 1331 1434 aut
1341 1408 1376 1434 ita
1390 1408 1589 1435 consistendum
1603 1413 1650 1439 est,
1663 1413 1692 1435 ut
1705 1408 1742 1440 id,
1753 1409 1828 1444 quod

1035 1446 1167 1476 obiicitur,
1181 1444 1278 1471 factum
1294 1453 1389 1480 neges,
1405 1450 1451 1471 aut
1462 1445 1539 1476 illud,
1551 1445 1624 1480 quod
1634 1445 1732 1472 factum
1746 1445 1829 1473 fatea-

1036 1491 1072 1514 re,
1090 1491 1172 1518 neges
1181 1491 1239 1508 eam
1254 1483 1309 1508 vim
1323 1482 1420 1509 habere
1433 1487 1512 1517 atque
1526 1482 1554 1509 id
1567 1491 1634 1513 esse,
1646 1482 1719 1518 quod
1731 1483 1829 1510 adver-

1036 1521 1122 1546 sarius
1145 1520 1314 1551 criminetur;
1348 1524 1402 1550 aut,
1422 1520 1445 1546 si
1463 1528 1550 1554 neque
1566 1519 1599 1546 de
1613 1519 1680 1546 tacto
1693 1529 1781 1556 neque
1793 1521 1828 1548 de

1036 1557 1098 1584 facti
1120 1556 1296 1592 appellatione
1318 1557 1418 1592 ambigi
1442 1562 1539 1591 potest
1558 1557 1598 1588 id,
1614 1557 1687 1592 quod
1704 1566 1825 1594 arguere.

1037 1603 1118 1630 neges
1131 1594 1183 1620 tale
1196 1602 1263 1624 esse,
1279 1593 1358 1629 quale
1372 1593 1417 1620 ille
1431 1594 1508 1624 dicat,
1521 1598 1547 1620 et
1559 1599 1660 1620 rectum
1673 1602 1742 1626 esse,
1753 1595 1828 1631 quod

1036 1631 1138 1662 feceris,
1151 1630 1385 1658 concedendumve
1398 1630 1535 1657 defendas
1552 1633 1609 1658 ⁴02.
1621 1632 1658 1658 Ita
1667 1640 1771 1667 primus
1780 1632 1828 1660 ille

1036 1673 1121 1695 status
1144 1673 1170 1695 et
1182 1669 1260 1703 quasi
1279 1667 1409 1695 conflictio
1423 1677 1486 1694 cum
1507 1668 1659 1695 adversario
1675 1670 1828 1697 coniectura

1035 1706 1160 1741 quadam,
1185 1705 1321 1732 secundus
1343 1710 1432 1732 autem
1455 1705 1608 1732 definitione
1629 1711 1708 1741 atque
1725 1706 1829 1734 descri-

1006 1753 1014 1781 3*
1036 1744 1125 1778 ptione
1147 1747 1193 1770 aut
1209 1742 1394 1769 informatione
1417 1743 1500 1773 verbi,
1524 1743 1618 1769 tertius
1635 1744 1714 1779 aequi
1731 1748 1757 1770 et
1769 1745 1829 1771 veri

1013 1788 1014 1794 ¹
1035 1786 1061 1807 et
1082 1782 1146 1807 recti
1164 1785 1190 1807 et
1207 1780 1318 1807 humani
1331 1780 1364 1806 ad
1377 1779 1570 1815 ignoscendum
1581 1780 1761 1815 disputatione
1773 1786 1828 1808 tra-

1036 1818 1148 1845 ctandus
1173 1822 1223 1844 est.
1262 1818 1296 1844 Et
1317 1818 1443 1852 quoniam
1465 1826 1571 1852 semper
1587 1818 1620 1848 is,
1635 1818 1683 1853 qui
1695 1818 1825 1850 defendit,

1006 1863 1015 1908 3
1037 1864 1088 1882 non
1106 1855 1193 1882 solum
1212 1856 1317 1881 resistat
1334 1859 1436 1890 oportet
1453 1854 1544 1890 aliquo
1559 1859 1630 1881 statu
1647 1859 1693 1882 aut
1709 1855 1827 1883 infitian-

195 1894 271 1921 utilia
289 1903 318 1921 ac
336 1895 483 1921 necessaria
502 1902 581 1929 saepe
599 1894 717 1920 honestis
735 1893 777 1920 vel
793 1893 857 1920 haec
870 1893 924 1920 illis
938 1902 986 1919 an-
1006 1909 1015 1921 ,ι

346 1931 387 1958 Ad
408 1931 612 1958 commovendos
634 1935 722 1957 autem
744 1931 847 1958 animos
869 1930 985 1957 maxime
1006 1927 1015 1960 1³

1036 1893 1069 1920 do
1082 1898 1128 1919 aut
1141 1892 1291 1919 definiendo
1305 1897 1350 1919 aut
1363 1893 1494 1927 aequitate
1507 1891 1672 1927 opponenda,
1684 1891 1733 1919 sed
1746 1893 1826 1920 etiam

1036 1931 1163 1957 rationem
1190 1930 1316 1956 subiiciat
1339 1930 1512 1956 recusationis
1535 1937 1612 1956 suae:
1650 1930 1755 1964 primus
1779 1929 1827 1957 ille

1036 1973 1121 1994 status
1135 1968 1262 1994 rationem
1276 1967 1356 1993 habet
1368 1967 1455 2002 iniqui
1468 1967 1597 1997 criminis,
1609 1967 1697 2001 ipsam
1708 1968 1827 2003 negatio-

1037 2013 1096 2031 nem
1114 2005 1352 2039 infitiationemque
1371 2003 1446 2036 facti;
1471 2003 1615 2034 secundus,
1635 2003 1708 2039 quod
1725 2013 1778 2031 non
1790 2005 1827 2031 sit

1035 2043 1063 2068 in
1077 2051 1113 2073 re,
1133 2041 1206 2077 quod
1221 2042 1254 2068 ab
1271 2041 1422 2068 adversario
1435 2045 1549 2076 ponatur
1561 2042 1589 2067 in
1603 2042 1698 2074 verbo;
1719 2042 1823 2073 tertius.

1035 2079 1107 2114 quod
1132 2079 1160 2106 id
1183 2084 1252 2105 recte
1270 2078 1368 2105 factum
1387 2086 1445 2104 esse
1463 2077 1595 2109 defendat,
1615 2078 1688 2114 quod
1699 2079 1758 2105 sine
1770 2078 1826 2106 ulla

1035 2117 1151 2143 nominis
1171 2116 1349 2143 controversia
1375 2115 1473 2142 factum
1499 2115 1604 2142 fatetur.
1646 2117 1702 2143 ⁴03.
1725 2115 1826 2143 Deinde

1035 2155 1081 2180 uni
1107 2154 1206 2188 cuique
1229 2153 1322 2179 rationi
1343 2153 1533 2188 opponendum
1557 2157 1598 2179 est
1619 2152 1653 2179 ab
1674 2157 1826 2180 accusatore

1034 2191 1071 2222 id,
1095 2191 1167 2226 quod
1184 2191 1208 2216 si
1226 2198 1277 2217 non
1291 2195 1361 2216 esset
1378 2191 1404 2217 in
1419 2190 1595 2221 accusatione,
1609 2198 1703 2216 caussa
1715 2191 1825 2217 omnino

1033 2236 1092 2254 esse
1105 2236 1157 2255 non
1169 2232 1268 2262 posset.
1288 2228 1379 2262 Itaque
1389 2235 1429 2258 ea,
1440 2235 1509 2262 quae
1521 2228 1561 2254 sic
1570 2226 1728 2258 referuntur,
1740 2228 1826 2254 conti-

1034 2265 1122 2292 nentia
1142 2273 1298 2291 caussarum
1316 2269 1457 2297 vocentur;
1478 2272 1641 2299 quamquam
1659 2272 1711 2291 non
1724 2273 1754 2290 ea
1766 2273 1826 2291 ma-

1033 2303 1088 2338 gis,
1120 2310 1189 2344 quae
1215 2307 1305 2328 contra
1330 2302 1458 2328 rationem
1483 2301 1645 2328 defensionis
1667 2301 1822 2333 afferuntur.

1034 2347 1115 2374 quam
1136 2340 1210 2373 ipsae
1227 2338 1391 2365 defensionis
1413 2339 1526 2365 rationes
1547 2339 1682 2365 continent
1703 2347 1822 2365 caussas.

1034 2375 1087 2402 Sed
1112 2376 1296 2412 distmouendi
1309 2376 1394 2412 gratia
1415 2376 1543 2402 rationem
1569 2375 1736 2410 appellamus
1752 2383 1822 2407 eam,

1033 2422 1103 2456 quae
1124 2413 1230 2439 affertur
1252 2413 1286 2439 ab
1303 2421 1348 2439 reo
1365 2412 1399 2439 ad
1415 2412 1592 2439 recusandum
1607 2411 1759 2446 depellendi
1771 2413 1824 2440 cri-

1008 2471 1011 2485 ,
1033 2451 1113 2477 minis
1125 2459 1234 2481 caussa,
1252 2458 1322 2485 quae
1338 2450 1392 2476 nisi
1408 2453 1486 2479 esset,
1505 2448 1578 2484 quod
1590 2449 1751 2481 defenderet,
1769 2458 1824 2477 non

1033 2487 1154 2521 haberet;
1176 2487 1374 2513 firmamentum
1391 2491 1488 2517 autem,
1507 2485 1579 2521 quod
1597 2491 1686 2513 eontra
1703 2486 1737 2513 ad
1750 2486 1824 2514 labe-

1032 2524 1181 2551 factandam
1198 2525 1326 2551 rationem
1343 2523 1464 2554 refertur,
1482 2523 1541 2549 sine
1557 2531 1612 2565 quo
1624 2524 1757 2550 accusatio
1768 2528 1824 2550 sta-

1278 2561 1367 2587 XXX.
1390 2561 1447 2586 tot.
1465 2560 1508 2586 Ex
1525 2561 1635 2586 rationis
1647 2565 1736 2587 autem
1750 2565 1823 2588 etex

1032 2598 1190 2625 firmamenti
1212 2597 1377 2625 conflictione
1398 2601 1426 2623 et
1444 2598 1522 2631 quasi
1549 2605 1680 2624 concursu
1701 2599 1823 2633 quaestio

1031 2636 1148 2662 exoritur
1170 2634 1316 2670 quaedam,
1340 2642 1421 2670 quam
1444 2633 1664 2669 disceptationem
1684 2643 1763 2668 vooo;
1792 2636 1823 2662 in

1030 2681 1092 2707 qua,
1119 2672 1186 2707 quid
1202 2672 1292 2699 veniat
1308 2672 1336 2698 in
1353 2670 1484 2698 iudicium
1497 2676 1524 2698 et
1536 2671 1570 2698 de
1581 2680 1636 2706 quo
1650 2671 1820 2707 disceptetur,
