<?xml version="1.0" encoding="UTF-8"?>
<!DOCTYPE html PUBLIC "-//W3C//DTD XHTML 1.0 Transitional//EN"
    "http://www.w3.org/TR/xhtml1/DTD/xhtml1-transitional.dtd">
<html xmlns="http://www.w3.org/1999/xhtml" xml:lang="en" lang="en">
 <head>
  <title>
</title>
<meta http-equiv="Content-Type" content="text/html;charset=utf-8" />
  <meta name='ocr-system' content='tesseract 3.04.00' />
  <meta name='ocr-capabilities' content='ocr_page ocr_carea ocr_par ocr_line ocrx_word'/>
</head>
<body>
  <div class='ocr_page' id='page_1' title='image "./operaomniaunovol00ciceuoft_0727.png"; bbox 0 0 1941 3052; ppageno 0'>
   <div class='ocr_carea' id='block_1_1' title="bbox 308 104 1413 133">
    <p class='ocr_par' dir='ltr' id='par_1_1' title="bbox 308 104 1413 133">
     <span class='ocr_line' id='line_1_1' title="bbox 308 104 1413 133; baseline -0.001 -1"><span class='ocrx_word' id='word_1_1' title='bbox 308 105 640 133; x_wconf 79' lang='lat' dir='ltr'>EPISTOLARUM</span> <span class='ocrx_word' id='word_1_2' title='bbox 669 105 723 132; x_wconf 78' lang='lat' dir='ltr'><strong>AD</strong></span> <span class='ocrx_word' id='word_1_3' title='bbox 752 104 988 131; x_wconf 89' lang='lat' dir='ltr'>DIVERSOS</span> <span class='ocrx_word' id='word_1_4' title='bbox 1028 105 1182 131; x_wconf 82' lang='lat' dir='ltr'><strong>LIB.V1.</strong></span> <span class='ocrx_word' id='word_1_5' title='bbox 1213 104 1311 131; x_wconf 74' lang='lat' dir='ltr'><strong>EP.4</strong></span> <span class='ocrx_word' id='word_1_6' title='bbox 1332 106 1413 130; x_wconf 85' lang='grc'><strong>-6.</strong></span> 
     </span>
    </p>
   </div>
   <div class='ocr_carea' id='block_1_2' title="bbox 41 176 840 1182">
    <p class='ocr_par' dir='ltr' id='par_1_2' title="bbox 41 176 840 1182">
     <span class='ocr_line' id='line_1_2' title="bbox 42 176 838 212; baseline -0.001 -8"><span class='ocrx_word' id='word_1_7' title='bbox 42 186 144 209; x_wconf 89' lang='lat' dir='ltr'><strong>vereor,</strong></span> <span class='ocrx_word' id='word_1_8' title='bbox 153 185 185 203; x_wconf 93' lang='lat' dir='ltr'><strong>ne</strong></span> <span class='ocrx_word' id='word_1_9' title='bbox 197 176 345 203; x_wconf 88' lang='lat' dir='ltr'><strong>litterarum</strong></span> <span class='ocrx_word' id='word_1_10' title='bbox 357 185 371 203; x_wconf 90' lang='lat' dir='ltr'><strong>a</strong></span> <span class='ocrx_word' id='word_1_11' title='bbox 382 185 424 202; x_wconf 91' lang='lat' dir='ltr'><strong>me</strong></span> <span class='ocrx_word' id='word_1_12' title='bbox 434 176 555 203; x_wconf 88' lang='lat' dir='ltr'><strong>officium</strong></span> <span class='ocrx_word' id='word_1_13' title='bbox 565 177 700 212; x_wconf 81' lang='lat' dir='ltr'><strong>requiras;</strong></span> <span class='ocrx_word' id='word_1_14' title='bbox 714 177 838 212; x_wconf 92' lang='lat' dir='ltr'><strong>quastibi</strong></span> 
     </span>
     <span class='ocr_line' id='line_1_3' title="bbox 42 214 839 250; baseline -0.003 -8"><span class='ocrx_word' id='word_1_15' title='bbox 42 216 127 242; x_wconf 89' lang='lat' dir='ltr'><strong>etiam</strong></span> <span class='ocrx_word' id='word_1_16' title='bbox 138 214 244 250; x_wconf 84' lang='lat' dir='ltr'>pridem</span> <span class='ocrx_word' id='word_1_17' title='bbox 255 219 281 241; x_wconf 90' lang='lat' dir='ltr'><strong>et</strong></span> <span class='ocrx_word' id='word_1_18' title='bbox 290 223 369 249; x_wconf 81' lang='lat' dir='ltr'>saepe</span> <span class='ocrx_word' id='word_1_19' title='bbox 381 214 527 245; x_wconf 85' lang='lat' dir='ltr'>misissem,</span> <span class='ocrx_word' id='word_1_20' title='bbox 536 215 599 245; x_wconf 91' lang='lat' dir='ltr'><strong>nisi,</strong></span> <span class='ocrx_word' id='word_1_21' title='bbox 607 215 728 249; x_wconf 79' lang='lat' dir='ltr'>quotidie</span> <span class='ocrx_word' id='word_1_22' title='bbox 741 214 839 240; x_wconf 92' lang='lat' dir='ltr'><strong>melius</strong></span> 
     </span>
     <span class='ocr_line' id='line_1_4' title="bbox 42 251 839 287; baseline -0.003 -8"><span class='ocrx_word' id='word_1_23' title='bbox 42 257 214 287; x_wconf 86' lang='lat' dir='ltr'><strong>exspectans,</strong></span> <span class='ocrx_word' id='word_1_24' title='bbox 231 251 437 287; x_wconf 81' lang='lat' dir='ltr'><strong>gratulationem</strong></span> <span class='ocrx_word' id='word_1_25' title='bbox 449 260 530 286; x_wconf 89' lang='lat' dir='ltr'><strong>quam</strong></span> <span class='ocrx_word' id='word_1_26' title='bbox 541 251 769 278; x_wconf 86' lang='lat' dir='ltr'><strong>confirmationem</strong></span> <span class='ocrx_word' id='word_1_27' title='bbox 780 252 839 277; x_wconf 90' lang='lat' dir='ltr'><strong>ani-</strong></span> 
     </span>
     <span class='ocr_line' id='line_1_5' title="bbox 42 288 836 324; baseline -0.003 -7"><span class='ocrx_word' id='word_1_28' title='bbox 42 291 81 317; x_wconf 90' lang='lat' dir='ltr'><strong>mi</strong></span> <span class='ocrx_word' id='word_1_29' title='bbox 91 290 131 316; x_wconf 89' lang='lat' dir='ltr'><strong>tui</strong></span> <span class='ocrx_word' id='word_1_30' title='bbox 142 288 283 324; x_wconf 86' lang='lat' dir='ltr'>complecti</span> <span class='ocrx_word' id='word_1_31' title='bbox 296 288 391 315; x_wconf 89' lang='lat' dir='ltr'><strong>litteris</strong></span> <span class='ocrx_word' id='word_1_32' title='bbox 401 288 568 315; x_wconf 81' lang='lat' dir='ltr'>maluissem.</span> <span class='ocrx_word' id='word_1_33' title='bbox 609 290 695 320; x_wconf 88' lang='lat' dir='ltr'><strong>Nunc,</strong></span> <span class='ocrx_word' id='word_1_34' title='bbox 710 294 739 315; x_wconf 92' lang='lat' dir='ltr'><strong>ut</strong></span> <span class='ocrx_word' id='word_1_35' title='bbox 749 297 836 323; x_wconf 84' lang='lat' dir='ltr'><strong>sper0,</strong></span> 
     </span>
     <span class='ocr_line' id='line_1_6' title="bbox 41 326 840 362; baseline -0.003 -8"><span class='ocrx_word' id='word_1_36' title='bbox 41 327 119 354; x_wconf 91' lang='lat' dir='ltr'><strong>brevi</strong></span> <span class='ocrx_word' id='word_1_37' title='bbox 130 326 337 362; x_wconf 85' lang='lat' dir='ltr'><strong>gratulabimur.</strong></span> <span class='ocrx_word' id='word_1_38' title='bbox 372 327 464 361; x_wconf 86' lang='lat' dir='ltr'><strong>Itaque</strong></span> <span class='ocrx_word' id='word_1_39' title='bbox 476 327 503 352; x_wconf 93' lang='lat' dir='ltr'><strong>in</strong></span> <span class='ocrx_word' id='word_1_40' title='bbox 515 326 589 352; x_wconf 91' lang='lat' dir='ltr'><strong>aliud</strong></span> <span class='ocrx_word' id='word_1_41' title='bbox 600 331 707 361; x_wconf 91' lang='lat' dir='ltr'><strong>tempus</strong></span> <span class='ocrx_word' id='word_1_42' title='bbox 720 326 747 352; x_wconf 88' lang='lat' dir='ltr'><strong>id</strong></span> <span class='ocrx_word' id='word_1_43' title='bbox 759 335 840 361; x_wconf 75' lang='lat' dir='ltr'><strong>argu-</strong></span> 
     </span>
     <span class='ocr_line' id='line_1_7' title="bbox 43 363 839 398; baseline -0.003 -7"><span class='ocrx_word' id='word_1_44' title='bbox 43 368 165 391; x_wconf 87' lang='lat' dir='ltr'><strong>mentum</strong></span> <span class='ocrx_word' id='word_1_45' title='bbox 179 363 308 398; x_wconf 88' lang='lat' dir='ltr'><strong>epistolae</strong></span> <span class='ocrx_word' id='word_1_46' title='bbox 321 363 425 390; x_wconf 85' lang='lat' dir='ltr'><strong>differo.</strong></span> <span class='ocrx_word' id='word_1_47' title='bbox 466 365 491 391; x_wconf 75' lang='grc'><strong>2.</strong></span> <span class='ocrx_word' id='word_1_48' title='bbox 513 364 560 390; x_wconf 86' lang='grc'><strong>1115</strong></span> <span class='ocrx_word' id='word_1_49' title='bbox 572 368 661 390; x_wconf 89' lang='lat' dir='ltr'><strong>autem</strong></span> <span class='ocrx_word' id='word_1_50' title='bbox 674 363 769 390; x_wconf 85' lang='lat' dir='ltr'><strong>litteris</strong></span> <span class='ocrx_word' id='word_1_51' title='bbox 781 364 839 389; x_wconf 90' lang='lat' dir='ltr'><strong>ani-</strong></span> 
     </span>
     <span class='ocr_line' id='line_1_8' title="bbox 43 400 839 436; baseline -0.003 -8"><span class='ocrx_word' id='word_1_52' title='bbox 43 410 118 428; x_wconf 92' lang='lat' dir='ltr'><strong>mum</strong></span> <span class='ocrx_word' id='word_1_53' title='bbox 134 406 224 431; x_wconf 86' lang='lat' dir='ltr'><strong>tuum,</strong></span> <span class='ocrx_word' id='word_1_54' title='bbox 243 409 325 436; x_wconf 89' lang='lat' dir='ltr'><strong>quem</strong></span> <span class='ocrx_word' id='word_1_55' title='bbox 340 401 453 427; x_wconf 85' lang='lat' dir='ltr'><strong>minime</strong></span> <span class='ocrx_word' id='word_1_56' title='bbox 468 400 632 427; x_wconf 84' lang='lat' dir='ltr'>imbecillem</span> <span class='ocrx_word' id='word_1_57' title='bbox 648 410 706 427; x_wconf 91' lang='lat' dir='ltr'><strong>esse</strong></span> <span class='ocrx_word' id='word_1_58' title='bbox 722 406 748 427; x_wconf 88' lang='lat' dir='ltr'><strong>et</strong></span> <span class='ocrx_word' id='word_1_59' title='bbox 758 400 839 426; x_wconf 90' lang='lat' dir='ltr'><strong>audio</strong></span> 
     </span>
     <span class='ocr_line' id='line_1_9' title="bbox 42 438 840 473; baseline -0.004 -7"><span class='ocrx_word' id='word_1_60' title='bbox 42 444 68 466; x_wconf 88' lang='lat' dir='ltr'><strong>et</strong></span> <span class='ocrx_word' id='word_1_61' title='bbox 79 447 170 473; x_wconf 85' lang='lat' dir='ltr'><strong>spero,</strong></span> <span class='ocrx_word' id='word_1_62' title='bbox 188 438 239 465; x_wconf 87' lang='lat' dir='ltr'><strong>etsi</strong></span> <span class='ocrx_word' id='word_1_63' title='bbox 250 447 303 465; x_wconf 88' lang='lat' dir='ltr'><strong>non</strong></span> <span class='ocrx_word' id='word_1_64' title='bbox 315 439 524 472; x_wconf 85' lang='lat' dir='ltr'><strong>sapientissimi,</strong></span> <span class='ocrx_word' id='word_1_65' title='bbox 542 443 568 464; x_wconf 92' lang='lat' dir='ltr'><strong>at</strong></span> <span class='ocrx_word' id='word_1_66' title='bbox 579 439 739 464; x_wconf 87' lang='lat' dir='ltr'><strong>amicissimi</strong></span> <span class='ocrx_word' id='word_1_67' title='bbox 752 438 840 464; x_wconf 90' lang='lat' dir='ltr'><strong>homi-</strong></span> 
     </span>
     <span class='ocr_line' id='line_1_10' title="bbox 42 475 840 510; baseline -0.001 -8"><span class='ocrx_word' id='word_1_68' title='bbox 42 476 85 503; x_wconf 91' lang='lat' dir='ltr'><strong>nis</strong></span> <span class='ocrx_word' id='word_1_69' title='bbox 97 476 266 506; x_wconf 87' lang='lat' dir='ltr'><strong>auctoritate,</strong></span> <span class='ocrx_word' id='word_1_70' title='bbox 284 475 498 502; x_wconf 85' lang='lat' dir='ltr'><strong>confirmandum</strong></span> <span class='ocrx_word' id='word_1_71' title='bbox 514 476 594 502; x_wconf 89' lang='lat' dir='ltr'><strong>etiam</strong></span> <span class='ocrx_word' id='word_1_72' title='bbox 605 480 684 510; x_wconf 86' lang='lat' dir='ltr'><strong>atque</strong></span> <span class='ocrx_word' id='word_1_73' title='bbox 696 476 776 501; x_wconf 88' lang='lat' dir='ltr'><strong>etiam</strong></span> <span class='ocrx_word' id='word_1_74' title='bbox 788 483 840 509; x_wconf 89' lang='lat' dir='ltr'><strong>pu-</strong></span> 
     </span>
     <span class='ocr_line' id='line_1_11' title="bbox 43 511 839 548; baseline -0.003 -8"><span class='ocrx_word' id='word_1_75' title='bbox 43 518 82 540; x_wconf 84' lang='lat' dir='ltr'><strong>to:</strong></span> <span class='ocrx_word' id='word_1_76' title='bbox 95 522 143 540; x_wconf 83' lang='lat' dir='ltr'><strong>nec</strong></span> <span class='ocrx_word' id='word_1_77' title='bbox 155 513 189 539; x_wconf 88' lang='lat' dir='ltr'><strong>iis</strong></span> <span class='ocrx_word' id='word_1_78' title='bbox 201 512 313 548; x_wconf 91' lang='lat' dir='ltr'><strong>quidem</strong></span> <span class='ocrx_word' id='word_1_79' title='bbox 326 513 430 544; x_wconf 91' lang='lat' dir='ltr'><strong>verbis,</strong></span> <span class='ocrx_word' id='word_1_80' title='bbox 448 512 550 547; x_wconf 91' lang='lat' dir='ltr'><strong>quibus</strong></span> <span class='ocrx_word' id='word_1_81' title='bbox 562 517 586 539; x_wconf 91' lang='lat' dir='ltr'><strong>te</strong></span> <span class='ocrx_word' id='word_1_82' title='bbox 597 512 719 539; x_wconf 83' lang='lat' dir='ltr'>consoler</span> <span class='ocrx_word' id='word_1_83' title='bbox 731 516 759 538; x_wconf 91' lang='lat' dir='ltr'><strong>ut</strong></span> <span class='ocrx_word' id='word_1_84' title='bbox 770 511 839 538; x_wconf 84' lang='lat' dir='ltr'><strong>affli-</strong></span> 
     </span>
     <span class='ocr_line' id='line_1_12' title="bbox 42 548 839 585; baseline -0.003 -8"><span class='ocrx_word' id='word_1_85' title='bbox 42 555 116 578; x_wconf 90' lang='lat' dir='ltr'><strong>ctum</strong></span> <span class='ocrx_word' id='word_1_86' title='bbox 126 555 151 577; x_wconf 91' lang='lat' dir='ltr'><strong>et</strong></span> <span class='ocrx_word' id='word_1_87' title='bbox 163 551 216 576; x_wconf 89' lang='lat' dir='ltr'><strong>iam</strong></span> <span class='ocrx_word' id='word_1_88' title='bbox 227 551 301 577; x_wconf 91' lang='lat' dir='ltr'><strong>omni</strong></span> <span class='ocrx_word' id='word_1_89' title='bbox 311 559 359 585; x_wconf 91' lang='lat' dir='ltr'><strong>spe</strong></span> <span class='ocrx_word' id='word_1_90' title='bbox 370 549 465 576; x_wconf 90' lang='lat' dir='ltr'><strong>salutis</strong></span> <span class='ocrx_word' id='word_1_91' title='bbox 476 550 608 581; x_wconf 88' lang='lat' dir='ltr'><strong>orbatum,</strong></span> <span class='ocrx_word' id='word_1_92' title='bbox 621 549 669 576; x_wconf 93' lang='lat' dir='ltr'><strong>sed</strong></span> <span class='ocrx_word' id='word_1_93' title='bbox 681 555 710 576; x_wconf 85' lang='lat' dir='ltr'><strong>ut</strong></span> <span class='ocrx_word' id='word_1_94' title='bbox 720 558 792 580; x_wconf 89' lang='lat' dir='ltr'><strong>eum,</strong></span> <span class='ocrx_word' id='word_1_95' title='bbox 805 548 839 574; x_wconf 87' lang='lat' dir='ltr'><strong>de</strong></span> 
     </span>
     <span class='ocr_line' id='line_1_13' title="bbox 42 587 840 622; baseline -0.004 -8"><span class='ocrx_word' id='word_1_96' title='bbox 42 589 121 614; x_wconf 91' lang='lat' dir='ltr'><strong>cuius</strong></span> <span class='ocrx_word' id='word_1_97' title='bbox 133 587 317 614; x_wconf 85' lang='lat' dir='ltr'><strong>incolumitate</strong></span> <span class='ocrx_word' id='word_1_98' title='bbox 328 596 380 614; x_wconf 92' lang='lat' dir='ltr'><strong>non</strong></span> <span class='ocrx_word' id='word_1_99' title='bbox 390 587 452 622; x_wconf 89' lang='lat' dir='ltr'><strong>plus</strong></span> <span class='ocrx_word' id='word_1_100' title='bbox 464 587 599 618; x_wconf 84' lang='lat' dir='ltr'><strong>dubitem,</strong></span> <span class='ocrx_word' id='word_1_101' title='bbox 613 595 694 622; x_wconf 92' lang='lat' dir='ltr'><strong>quam</strong></span> <span class='ocrx_word' id='word_1_102' title='bbox 705 592 730 612; x_wconf 91' lang='lat' dir='ltr'><strong>te</strong></span> <span class='ocrx_word' id='word_1_103' title='bbox 742 587 840 612; x_wconf 88' lang='lat' dir='ltr'><strong>memi-</strong></span> 
     </span>
     <span class='ocr_line' id='line_1_14' title="bbox 42 623 840 659; baseline -0.003 -8"><span class='ocrx_word' id='word_1_104' title='bbox 42 626 71 652; x_wconf 94' lang='lat' dir='ltr'><strong>ni</strong></span> <span class='ocrx_word' id='word_1_105' title='bbox 83 625 206 651; x_wconf 91' lang='lat' dir='ltr'><strong>dubitare</strong></span> <span class='ocrx_word' id='word_1_106' title='bbox 218 625 250 651; x_wconf 91' lang='lat' dir='ltr'><strong>de</strong></span> <span class='ocrx_word' id='word_1_107' title='bbox 263 633 331 651; x_wconf 89' lang='lat' dir='ltr'><strong>mea.</strong></span> <span class='ocrx_word' id='word_1_108' title='bbox 366 626 433 650; x_wconf 91' lang='lat' dir='ltr'><strong>Nam</strong></span> <span class='ocrx_word' id='word_1_109' title='bbox 445 633 531 659; x_wconf 89' lang='lat' dir='ltr'><strong>quum</strong></span> <span class='ocrx_word' id='word_1_110' title='bbox 542 633 584 650; x_wconf 91' lang='lat' dir='ltr'><strong>me</strong></span> <span class='ocrx_word' id='word_1_111' title='bbox 595 633 629 650; x_wconf 83' lang='lat' dir='ltr'><strong>ex</strong></span> <span class='ocrx_word' id='word_1_112' title='bbox 641 623 780 658; x_wconf 86' lang='lat' dir='ltr'><strong>republica</strong></span> <span class='ocrx_word' id='word_1_113' title='bbox 792 632 840 649; x_wconf 75' lang='lat' dir='ltr'><strong>ex—</strong></span> 
     </span>
     <span class='ocr_line' id='line_1_15' title="bbox 42 661 838 698; baseline -0.003 -10"><span class='ocrx_word' id='word_1_114' title='bbox 42 662 178 698; x_wconf 89' lang='lat' dir='ltr'><strong>pulissent</strong></span> <span class='ocrx_word' id='word_1_115' title='bbox 192 663 224 693; x_wconf 91' lang='lat' dir='ltr'><strong>ii,</strong></span> <span class='ocrx_word' id='word_1_116' title='bbox 243 663 291 697; x_wconf 89' lang='lat' dir='ltr'><strong>qui</strong></span> <span class='ocrx_word' id='word_1_117' title='bbox 307 661 381 688; x_wconf 88' lang='lat' dir='ltr'><strong>illam</strong></span> <span class='ocrx_word' id='word_1_118' title='bbox 396 662 490 688; x_wconf 86' lang='lat' dir='ltr'><strong>cadere</strong></span> <span class='ocrx_word' id='word_1_119' title='bbox 506 670 598 696; x_wconf 80' lang='lat' dir='ltr'><strong>posse,</strong></span> <span class='ocrx_word' id='word_1_120' title='bbox 615 666 701 687; x_wconf 86' lang='lat' dir='ltr'><strong>stante</strong></span> <span class='ocrx_word' id='word_1_121' title='bbox 713 669 768 691; x_wconf 85' lang='lat' dir='ltr'><strong>me,</strong></span> <span class='ocrx_word' id='word_1_122' title='bbox 787 669 838 686; x_wconf 93' lang='lat' dir='ltr'><strong>non</strong></span> 
     </span>
     <span class='ocr_line' id='line_1_16' title="bbox 42 697 839 735; baseline -0.004 -9"><span class='ocrx_word' id='word_1_123' title='bbox 42 704 182 735; x_wconf 88' lang='lat' dir='ltr'><strong>putarant:</strong></span> <span class='ocrx_word' id='word_1_124' title='bbox 205 700 330 729; x_wconf 85' lang='lat' dir='ltr'><strong>memini,</strong></span> <span class='ocrx_word' id='word_1_125' title='bbox 348 707 390 725; x_wconf 91' lang='lat' dir='ltr'><strong>me</strong></span> <span class='ocrx_word' id='word_1_126' title='bbox 406 708 440 725; x_wconf 84' lang='lat' dir='ltr'><strong>ex</strong></span> <span class='ocrx_word' id='word_1_127' title='bbox 455 699 548 725; x_wconf 91' lang='lat' dir='ltr'><strong>multis</strong></span> <span class='ocrx_word' id='word_1_128' title='bbox 559 699 728 733; x_wconf 73' lang='lat' dir='ltr'><strong>hospitibus,</strong></span> <span class='ocrx_word' id='word_1_129' title='bbox 746 699 794 732; x_wconf 90' lang='lat' dir='ltr'><strong>qui</strong></span> <span class='ocrx_word' id='word_1_130' title='bbox 805 697 839 723; x_wconf 91' lang='lat' dir='ltr'><strong>ad</strong></span> 
     </span>
     <span class='ocr_line' id='line_1_17' title="bbox 43 735 838 771; baseline -0.005 -7"><span class='ocrx_word' id='word_1_131' title='bbox 43 746 86 764; x_wconf 89' lang='lat' dir='ltr'><strong>me</strong></span> <span class='ocrx_word' id='word_1_132' title='bbox 102 746 136 764; x_wconf 86' lang='lat' dir='ltr'><strong>ex</strong></span> <span class='ocrx_word' id='word_1_133' title='bbox 146 737 222 767; x_wconf 85' lang='lat' dir='ltr'><strong>Asia,</strong></span> <span class='ocrx_word' id='word_1_134' title='bbox 242 737 269 763; x_wconf 92' lang='lat' dir='ltr'><strong>in</strong></span> <span class='ocrx_word' id='word_1_135' title='bbox 284 745 337 771; x_wconf 88' lang='lat' dir='ltr'><strong>qua</strong></span> <span class='ocrx_word' id='word_1_136' title='bbox 352 741 381 762; x_wconf 91' lang='lat' dir='ltr'><strong>tu</strong></span> <span class='ocrx_word' id='word_1_137' title='bbox 396 745 468 767; x_wconf 87' lang='lat' dir='ltr'><strong>eras,</strong></span> <span class='ocrx_word' id='word_1_138' title='bbox 486 740 626 767; x_wconf 91' lang='lat' dir='ltr'><strong>venerant,</strong></span> <span class='ocrx_word' id='word_1_139' title='bbox 645 735 752 766; x_wconf 79' lang='lat' dir='ltr'><strong>audire,</strong></span> <span class='ocrx_word' id='word_1_140' title='bbox 771 740 794 761; x_wconf 91' lang='lat' dir='ltr'><strong>te</strong></span> <span class='ocrx_word' id='word_1_141' title='bbox 806 735 838 760; x_wconf 89' lang='lat' dir='ltr'><strong>de</strong></span> 
     </span>
     <span class='ocr_line' id='line_1_18' title="bbox 43 772 837 810; baseline -0.004 -9"><span class='ocrx_word' id='word_1_142' title='bbox 43 774 160 810; x_wconf 80' lang='lat' dir='ltr'><strong>glorioso</strong></span> <span class='ocrx_word' id='word_1_143' title='bbox 181 778 207 800; x_wconf 88' lang='lat' dir='ltr'><strong>et</strong></span> <span class='ocrx_word' id='word_1_144' title='bbox 226 773 307 800; x_wconf 90' lang='lat' dir='ltr'><strong>celeri</strong></span> <span class='ocrx_word' id='word_1_145' title='bbox 327 773 415 800; x_wconf 87' lang='lat' dir='ltr'><strong>reditu</strong></span> <span class='ocrx_word' id='word_1_146' title='bbox 436 781 496 799; x_wconf 91' lang='lat' dir='ltr'><strong>meo</strong></span> <span class='ocrx_word' id='word_1_147' title='bbox 511 773 679 799; x_wconf 83' lang='lat' dir='ltr'><strong>confirmare.</strong></span> <span class='ocrx_word' id='word_1_148' title='bbox 721 775 745 799; x_wconf 83' lang='grc'><strong>3.</strong></span> <span class='ocrx_word' id='word_1_149' title='bbox 767 772 797 798; x_wconf 89' lang='lat' dir='ltr'><strong>Si</strong></span> <span class='ocrx_word' id='word_1_150' title='bbox 813 777 837 798; x_wconf 91' lang='lat' dir='ltr'><strong>te</strong></span> 
     </span>
     <span class='ocr_line' id='line_1_19' title="bbox 43 810 836 846; baseline -0.003 -8"><span class='ocrx_word' id='word_1_151' title='bbox 43 813 110 838; x_wconf 89' lang='lat' dir='ltr'><strong>ratio</strong></span> <span class='ocrx_word' id='word_1_152' title='bbox 123 811 256 846; x_wconf 86' lang='lat' dir='ltr'><strong>quaedam</strong></span> <span class='ocrx_word' id='word_1_153' title='bbox 270 811 398 837; x_wconf 80' lang='lat' dir='ltr'><strong>Etruscae</strong></span> <span class='ocrx_word' id='word_1_154' title='bbox 419 810 592 845; x_wconf 90' lang='lat' dir='ltr'><strong>disciplinae,</strong></span> <span class='ocrx_word' id='word_1_155' title='bbox 616 819 698 845; x_wconf 91' lang='lat' dir='ltr'><strong>quam</strong></span> <span class='ocrx_word' id='word_1_156' title='bbox 718 819 732 836; x_wconf 91' lang='lat' dir='ltr'><strong>a</strong></span> <span class='ocrx_word' id='word_1_157' title='bbox 753 815 836 844; x_wconf 83' lang='lat' dir='ltr'><strong>patre,</strong></span> 
     </span>
     <span class='ocr_line' id='line_1_20' title="bbox 43 846 839 883; baseline -0.003 -8"><span class='ocrx_word' id='word_1_158' title='bbox 43 849 214 875; x_wconf 91' lang='lat' dir='ltr'><strong>nobilissimo</strong></span> <span class='ocrx_word' id='word_1_159' title='bbox 225 853 304 883; x_wconf 89' lang='lat' dir='ltr'><strong>atque</strong></span> <span class='ocrx_word' id='word_1_160' title='bbox 317 849 419 883; x_wconf 87' lang='lat' dir='ltr'><strong>optimo</strong></span> <span class='ocrx_word' id='word_1_161' title='bbox 435 849 506 878; x_wconf 90' lang='lat' dir='ltr'><strong>viro,</strong></span> <span class='ocrx_word' id='word_1_162' title='bbox 524 856 678 882; x_wconf 84' lang='lat' dir='ltr'><strong>acceperas,</strong></span> <span class='ocrx_word' id='word_1_163' title='bbox 695 856 747 874; x_wconf 91' lang='lat' dir='ltr'><strong>non</strong></span> <span class='ocrx_word' id='word_1_164' title='bbox 762 846 839 873; x_wconf 85' lang='lat' dir='ltr'><strong>fefel-</strong></span> 
     </span>
     <span class='ocr_line' id='line_1_21' title="bbox 43 885 839 920; baseline -0.003 -8"><span class='ocrx_word' id='word_1_165' title='bbox 43 886 82 917; x_wconf 91' lang='lat' dir='ltr'><strong>lit,</strong></span> <span class='ocrx_word' id='word_1_166' title='bbox 91 894 123 912; x_wconf 91' lang='lat' dir='ltr'><strong>ne</strong></span> <span class='ocrx_word' id='word_1_167' title='bbox 135 894 183 912; x_wconf 92' lang='lat' dir='ltr'><strong>nos</strong></span> <span class='ocrx_word' id='word_1_168' title='bbox 194 885 305 920; x_wconf 89' lang='lat' dir='ltr'><strong>quidem</strong></span> <span class='ocrx_word' id='word_1_169' title='bbox 317 890 405 912; x_wconf 87' lang='lat' dir='ltr'><strong>nostra</strong></span> <span class='ocrx_word' id='word_1_170' title='bbox 416 885 548 912; x_wconf 90' lang='lat' dir='ltr'><strong>divinatio</strong></span> <span class='ocrx_word' id='word_1_171' title='bbox 560 885 645 918; x_wconf 77' lang='lat' dir='ltr'><strong>fallet3</strong></span> <span class='ocrx_word' id='word_1_172' title='bbox 659 894 741 920; x_wconf 88' lang='lat' dir='ltr'><strong>quam</strong></span> <span class='ocrx_word' id='word_1_173' title='bbox 753 893 839 919; x_wconf 91' lang='lat' dir='ltr'><strong>quum</strong></span> 
     </span>
     <span class='ocr_line' id='line_1_22' title="bbox 42 923 840 958; baseline -0.003 -8"><span class='ocrx_word' id='word_1_174' title='bbox 42 924 305 958; x_wconf 88' lang='lat' dir='ltr'><strong>sapientissimorum</strong></span> <span class='ocrx_word' id='word_1_175' title='bbox 316 923 436 949; x_wconf 88' lang='lat' dir='ltr'><strong>virorum</strong></span> <span class='ocrx_word' id='word_1_176' title='bbox 448 923 630 949; x_wconf 86' lang='lat' dir='ltr'><strong>monumentis</strong></span> <span class='ocrx_word' id='word_1_177' title='bbox 641 928 720 958; x_wconf 87' lang='lat' dir='ltr'><strong>atque</strong></span> <span class='ocrx_word' id='word_1_178' title='bbox 730 930 840 957; x_wconf 86' lang='lat' dir='ltr'><strong>praece-</strong></span> 
     </span>
     <span class='ocr_line' id='line_1_23' title="bbox 42 960 839 996; baseline -0.001 -10"><span class='ocrx_word' id='word_1_179' title='bbox 42 961 96 996; x_wconf 87' lang='lat' dir='ltr'><strong>ptis</strong></span> <span class='ocrx_word' id='word_1_180' title='bbox 108 960 289 995; x_wconf 88' lang='lat' dir='ltr'><strong>plurimoque,</strong></span> <span class='ocrx_word' id='word_1_181' title='bbox 303 965 332 986; x_wconf 92' lang='lat' dir='ltr'><strong>ut</strong></span> <span class='ocrx_word' id='word_1_182' title='bbox 342 965 370 986; x_wconf 88' lang='lat' dir='ltr'><strong>tu</strong></span> <span class='ocrx_word' id='word_1_183' title='bbox 382 961 444 991; x_wconf 86' lang='lat' dir='ltr'><strong>scis,</strong></span> <span class='ocrx_word' id='word_1_184' title='bbox 453 960 588 986; x_wconf 89' lang='lat' dir='ltr'><strong>doctrinae</strong></span> <span class='ocrx_word' id='word_1_185' title='bbox 599 960 698 991; x_wconf 88' lang='lat' dir='ltr'><strong>studio,</strong></span> <span class='ocrx_word' id='word_1_186' title='bbox 713 965 770 987; x_wconf 89' lang='lat' dir='ltr'><strong>tum</strong></span> <span class='ocrx_word' id='word_1_187' title='bbox 782 968 839 985; x_wconf 92' lang='lat' dir='ltr'><strong>ma-</strong></span> 
     </span>
     <span class='ocr_line' id='line_1_24' title="bbox 42 997 839 1034; baseline 0 -11"><span class='ocrx_word' id='word_1_188' title='bbox 42 1007 95 1034; x_wconf 82' lang='lat' dir='ltr'><strong>gno</strong></span> <span class='ocrx_word' id='word_1_189' title='bbox 109 998 189 1024; x_wconf 87' lang='lat' dir='ltr'><strong>etiam</strong></span> <span class='ocrx_word' id='word_1_190' title='bbox 206 1006 257 1023; x_wconf 93' lang='lat' dir='ltr'><strong>usu</strong></span> <span class='ocrx_word' id='word_1_191' title='bbox 274 997 425 1023; x_wconf 84' lang='lat' dir='ltr'><strong>tractandae</strong></span> <span class='ocrx_word' id='word_1_192' title='bbox 440 997 606 1032; x_wconf 89' lang='lat' dir='ltr'><strong>reipublicae</strong></span> <span class='ocrx_word' id='word_1_193' title='bbox 623 1006 774 1033; x_wconf 82' lang='lat' dir='ltr'><strong>magnaque</strong></span> <span class='ocrx_word' id='word_1_194' title='bbox 791 1006 839 1023; x_wconf 85' lang='lat' dir='ltr'><strong>no-</strong></span> 
     </span>
     <span class='ocr_line' id='line_1_25' title="bbox 42 1035 838 1069; baseline -0.003 -7"><span class='ocrx_word' id='word_1_195' title='bbox 42 1040 158 1062; x_wconf 89' lang='lat' dir='ltr'><strong>strorum</strong></span> <span class='ocrx_word' id='word_1_196' title='bbox 170 1039 320 1069; x_wconf 89' lang='lat' dir='ltr'><strong>temporum</strong></span> <span class='ocrx_word' id='word_1_197' title='bbox 332 1035 459 1061; x_wconf 88' lang='lat' dir='ltr'><strong>varietate</strong></span> <span class='ocrx_word' id='word_1_198' title='bbox 469 1036 605 1062; x_wconf 85' lang='lat' dir='ltr'><strong>consecuti</strong></span> <span class='ocrx_word' id='word_1_199' title='bbox 617 1044 723 1061; x_wconf 90' lang='lat' dir='ltr'><strong>sumus.</strong></span> <span class='ocrx_word' id='word_1_200' title='bbox 751 1036 775 1061; x_wconf 74' lang='lat' dir='ltr'><strong>t.</strong></span> <span class='ocrx_word' id='word_1_201' title='bbox 788 1035 838 1061; x_wconf 91' lang='lat' dir='ltr'><strong>Cui</strong></span> 
     </span>
     <span class='ocr_line' id='line_1_26' title="bbox 42 1072 839 1108; baseline 0 -10"><span class='ocrx_word' id='word_1_202' title='bbox 42 1072 154 1108; x_wconf 91' lang='lat' dir='ltr'><strong>quidem</strong></span> <span class='ocrx_word' id='word_1_203' title='bbox 165 1072 326 1098; x_wconf 88' lang='lat' dir='ltr'><strong>divinationi</strong></span> <span class='ocrx_word' id='word_1_204' title='bbox 338 1072 387 1098; x_wconf 90' lang='lat' dir='ltr'><strong>hoc</strong></span> <span class='ocrx_word' id='word_1_205' title='bbox 398 1072 460 1107; x_wconf 91' lang='lat' dir='ltr'><strong>plus</strong></span> <span class='ocrx_word' id='word_1_206' title='bbox 471 1072 633 1099; x_wconf 81' lang='lat' dir='ltr'><strong>confidimus</strong></span> <span class='ocrx_word' id='word_1_207' title='bbox 641 1094 647 1104; x_wconf 91' lang='lat'><strong>,</strong></span> <span class='ocrx_word' id='word_1_208' title='bbox 664 1072 737 1108; x_wconf 91' lang='lat' dir='ltr'><strong>quod</strong></span> <span class='ocrx_word' id='word_1_209' title='bbox 749 1081 778 1098; x_wconf 93' lang='lat' dir='ltr'><strong>ea</strong></span> <span class='ocrx_word' id='word_1_210' title='bbox 790 1081 839 1098; x_wconf 89' lang='lat' dir='ltr'><strong>nos</strong></span> 
     </span>
     <span class='ocr_line' id='line_1_27' title="bbox 42 1109 839 1145; baseline 0 -9"><span class='ocrx_word' id='word_1_211' title='bbox 42 1109 125 1141; x_wconf 89' lang='lat' dir='ltr'><strong>nihil,</strong></span> <span class='ocrx_word' id='word_1_212' title='bbox 144 1110 171 1136; x_wconf 92' lang='lat' dir='ltr'><strong>in</strong></span> <span class='ocrx_word' id='word_1_213' title='bbox 187 1109 229 1135; x_wconf 90' lang='lat' dir='ltr'><strong>his</strong></span> <span class='ocrx_word' id='word_1_214' title='bbox 245 1114 299 1136; x_wconf 85' lang='lat' dir='ltr'><strong>tam</strong></span> <span class='ocrx_word' id='word_1_215' title='bbox 314 1110 438 1136; x_wconf 87' lang='lat' dir='ltr'><strong>obscuris</strong></span> <span class='ocrx_word' id='word_1_216' title='bbox 454 1110 535 1136; x_wconf 89' lang='lat' dir='ltr'><strong>rebus</strong></span> <span class='ocrx_word' id='word_1_217' title='bbox 550 1114 659 1145; x_wconf 91' lang='lat' dir='ltr'><strong>tamque</strong></span> <span class='ocrx_word' id='word_1_218' title='bbox 675 1110 839 1144; x_wconf 84' lang='lat' dir='ltr'><strong>perturbatis</strong></span> 
     </span>
     <span class='ocr_line' id='line_1_28' title="bbox 42 1146 839 1182; baseline -0.001 -8"><span class='ocrx_word' id='word_1_219' title='bbox 42 1155 172 1182; x_wconf 89' lang='lat' dir='ltr'><strong>umquam</strong></span> <span class='ocrx_word' id='word_1_220' title='bbox 183 1147 293 1173; x_wconf 91' lang='lat' dir='ltr'><strong>omnino</strong></span> <span class='ocrx_word' id='word_1_221' title='bbox 304 1146 408 1174; x_wconf 84' lang='lat' dir='ltr'><strong>fefellit.</strong></span> <span class='ocrx_word' id='word_1_222' title='bbox 449 1148 583 1178; x_wconf 86' lang='lat' dir='ltr'><strong>Dicerem,</strong></span> <span class='ocrx_word' id='word_1_223' title='bbox 597 1156 666 1182; x_wconf 86' lang='lat' dir='ltr'><strong>quae</strong></span> <span class='ocrx_word' id='word_1_224' title='bbox 678 1152 737 1174; x_wconf 94' lang='lat' dir='ltr'><strong>ante</strong></span> <span class='ocrx_word' id='word_1_225' title='bbox 751 1147 839 1173; x_wconf 86' lang='lat' dir='ltr'><strong>futura</strong></span> 
     </span>
    </p>
   </div>
   <div class='ocr_carea' id='block_1_3' title="bbox 42 1184 868 1220">
    <p class='ocr_par' dir='ltr' id='par_1_3' title="bbox 42 1184 868 1220">
     <span class='ocr_line' id='line_1_29' title="bbox 42 1184 868 1220; baseline 0 -10"><span class='ocrx_word' id='word_1_226' title='bbox 42 1184 188 1216; x_wconf 86' lang='lat' dir='ltr'><strong>dixissem,</strong></span> <span class='ocrx_word' id='word_1_227' title='bbox 206 1185 235 1210; x_wconf 94' lang='lat' dir='ltr'><strong>ni</strong></span> <span class='ocrx_word' id='word_1_228' title='bbox 250 1193 368 1215; x_wconf 88' lang='lat' dir='ltr'><strong>vererer,</strong></span> <span class='ocrx_word' id='word_1_229' title='bbox 386 1193 419 1210; x_wconf 88' lang='lat' dir='ltr'><strong>ne</strong></span> <span class='ocrx_word' id='word_1_230' title='bbox 435 1193 469 1211; x_wconf 80' lang='lat' dir='ltr'><strong>ex</strong></span> <span class='ocrx_word' id='word_1_231' title='bbox 484 1186 588 1211; x_wconf 90' lang='lat' dir='ltr'><strong>eventis</strong></span> <span class='ocrx_word' id='word_1_232' title='bbox 604 1184 704 1220; x_wconf 80' lang='lat' dir='ltr'><strong>fingere</strong></span> <span class='ocrx_word' id='word_1_233' title='bbox 721 1184 837 1211; x_wconf 90' lang='lat' dir='ltr'><strong>viderer.</strong></span> <span class='ocrx_word' id='word_1_234' title='bbox 867 1209 868 1218; x_wconf 56' lang='grc'><strong>,</strong></span> 
     </span>
    </p>
   </div>
   <div class='ocr_carea' id='block_1_4' title="bbox 40 1220 839 2670">
    <p class='ocr_par' dir='ltr' id='par_1_4' title="bbox 40 1220 839 2300">
     <span class='ocr_line' id='line_1_30' title="bbox 42 1220 839 1256; baseline 0.001 -9"><span class='ocrx_word' id='word_1_235' title='bbox 42 1221 96 1248; x_wconf 91' lang='lat' dir='ltr'><strong>Sed</strong></span> <span class='ocrx_word' id='word_1_236' title='bbox 108 1226 195 1248; x_wconf 87' lang='lat' dir='ltr'><strong>tamen</strong></span> <span class='ocrx_word' id='word_1_237' title='bbox 207 1220 319 1256; x_wconf 86' lang='lat' dir='ltr'><strong>plurimi</strong></span> <span class='ocrx_word' id='word_1_238' title='bbox 331 1226 489 1253; x_wconf 86' lang='lat' dir='ltr'><strong>sunttestes,</strong></span> <span class='ocrx_word' id='word_1_239' title='bbox 499 1231 541 1248; x_wconf 89' lang='lat' dir='ltr'><strong>me</strong></span> <span class='ocrx_word' id='word_1_240' title='bbox 551 1227 577 1248; x_wconf 84' lang='lat' dir='ltr'><strong>et</strong></span> <span class='ocrx_word' id='word_1_241' title='bbox 586 1222 672 1253; x_wconf 87' lang='lat' dir='ltr'><strong>initio,</strong></span> <span class='ocrx_word' id='word_1_242' title='bbox 681 1231 714 1248; x_wconf 93' lang='lat' dir='ltr'><strong>ne</strong></span> <span class='ocrx_word' id='word_1_243' title='bbox 725 1222 839 1248; x_wconf 92' lang='lat' dir='ltr'><strong>coniun-</strong></span> 
     </span>
     <span class='ocr_line' id='line_1_31' title="bbox 42 1258 839 1295; baseline 0 -9"><span class='ocrx_word' id='word_1_244' title='bbox 42 1263 117 1295; x_wconf 84' lang='lat' dir='ltr'><strong>geret</strong></span> <span class='ocrx_word' id='word_1_245' title='bbox 131 1267 159 1285; x_wconf 88' lang='lat' dir='ltr'><strong>se</strong></span> <span class='ocrx_word' id='word_1_246' title='bbox 170 1267 233 1284; x_wconf 88' lang='lat' dir='ltr'><strong>cum</strong></span> <span class='ocrx_word' id='word_1_247' title='bbox 244 1258 368 1290; x_wconf 81' lang='lat' dir='ltr'><strong>Caesare,</strong></span> <span class='ocrx_word' id='word_1_248' title='bbox 386 1260 524 1285; x_wconf 85' lang='lat' dir='ltr'><strong>monuisse</strong></span> <span class='ocrx_word' id='word_1_249' title='bbox 536 1260 707 1294; x_wconf 80' lang='lat' dir='ltr'><strong>Pompeium,</strong></span> <span class='ocrx_word' id='word_1_250' title='bbox 725 1264 751 1286; x_wconf 85' lang='lat' dir='ltr'><strong>et</strong></span> <span class='ocrx_word' id='word_1_251' title='bbox 765 1264 839 1294; x_wconf 88' lang='lat' dir='ltr'><strong>post-</strong></span> 
     </span>
     <span class='ocr_line' id='line_1_32' title="bbox 42 1296 836 1332; baseline -0.001 -9"><span class='ocrx_word' id='word_1_252' title='bbox 42 1305 85 1327; x_wconf 88' lang='lat' dir='ltr'><strong>ea,</strong></span> <span class='ocrx_word' id='word_1_253' title='bbox 105 1305 137 1322; x_wconf 91' lang='lat' dir='ltr'><strong>ne</strong></span> <span class='ocrx_word' id='word_1_254' title='bbox 151 1297 319 1331; x_wconf 80' lang='lat' dir='ltr'><strong>seiungeret.</strong></span> <span class='ocrx_word' id='word_1_255' title='bbox 339 1296 532 1323; x_wconf 86' lang='lat' dir='ltr'><strong>Coniunctione</strong></span> <span class='ocrx_word' id='word_1_256' title='bbox 545 1296 631 1332; x_wconf 77' lang='lat' dir='ltr'><strong>frangi</strong></span> <span class='ocrx_word' id='word_1_257' title='bbox 642 1301 752 1323; x_wconf 88' lang='lat' dir='ltr'><strong>senatus</strong></span> <span class='ocrx_word' id='word_1_258' title='bbox 762 1305 836 1331; x_wconf 81' lang='lat' dir='ltr'><strong>opes,</strong></span> 
     </span>
     <span class='ocr_line' id='line_1_33' title="bbox 42 1333 838 1368; baseline 0.001 -9"><span class='ocrx_word' id='word_1_259' title='bbox 42 1334 223 1360; x_wconf 86' lang='lat' dir='ltr'><strong>disiunctione</strong></span> <span class='ocrx_word' id='word_1_260' title='bbox 237 1333 318 1359; x_wconf 91' lang='lat' dir='ltr'><strong>civile</strong></span> <span class='ocrx_word' id='word_1_261' title='bbox 334 1333 437 1360; x_wconf 90' lang='lat' dir='ltr'><strong>bellum</strong></span> <span class='ocrx_word' id='word_1_262' title='bbox 451 1334 562 1360; x_wconf 82' lang='lat' dir='ltr'><strong>excitari</strong></span> <span class='ocrx_word' id='word_1_263' title='bbox 574 1334 710 1360; x_wconf 87' lang='lat' dir='ltr'><strong>videbam.</strong></span> <span class='ocrx_word' id='word_1_264' title='bbox 751 1333 838 1368; x_wconf 80' lang='lat' dir='ltr'><strong>Atque</strong></span> 
     </span>
     <span class='ocr_line' id='line_1_34' title="bbox 42 1370 838 1407; baseline 0 -9"><span class='ocrx_word' id='word_1_265' title='bbox 42 1371 137 1398; x_wconf 88' lang='lat' dir='ltr'><strong>utebar</strong></span> <span class='ocrx_word' id='word_1_266' title='bbox 156 1370 368 1397; x_wconf 82' lang='lat' dir='ltr'><strong>familiarissime</strong></span> <span class='ocrx_word' id='word_1_267' title='bbox 383 1371 508 1398; x_wconf 83' lang='lat' dir='ltr'><strong>Caesare:</strong></span> <span class='ocrx_word' id='word_1_268' title='bbox 532 1372 690 1407; x_wconf 87' lang='lat' dir='ltr'><strong>Pompeium</strong></span> <span class='ocrx_word' id='word_1_269' title='bbox 707 1371 838 1398; x_wconf 76' lang='lat' dir='ltr'><strong>faciebam</strong></span> 
     </span>
     <span class='ocr_line' id='line_1_35' title="bbox 42 1408 839 1444; baseline 0.003 -10"><span class='ocrx_word' id='word_1_270' title='bbox 42 1408 168 1444; x_wconf 88' lang='lat' dir='ltr'><strong>plurimi:</strong></span> <span class='ocrx_word' id='word_1_271' title='bbox 186 1408 234 1434; x_wconf 89' lang='lat' dir='ltr'><strong>sed</strong></span> <span class='ocrx_word' id='word_1_272' title='bbox 249 1413 305 1435; x_wconf 88' lang='lat' dir='ltr'><strong>erat</strong></span> <span class='ocrx_word' id='word_1_273' title='bbox 316 1417 406 1435; x_wconf 90' lang='lat' dir='ltr'><strong>meum</strong></span> <span class='ocrx_word' id='word_1_274' title='bbox 417 1408 562 1436; x_wconf 90' lang='lat' dir='ltr'><strong>consilium</strong></span> <span class='ocrx_word' id='word_1_275' title='bbox 573 1418 659 1444; x_wconf 90' lang='lat' dir='ltr'><strong>quum</strong></span> <span class='ocrx_word' id='word_1_276' title='bbox 671 1410 748 1436; x_wconf 87' lang='lat' dir='ltr'><strong>fidele</strong></span> <span class='ocrx_word' id='word_1_277' title='bbox 760 1411 839 1436; x_wconf 85' lang='lat' dir='ltr'><strong>Pom-</strong></span> 
     </span>
     <span class='ocr_line' id='line_1_36' title="bbox 42 1446 839 1482; baseline 0.001 -10"><span class='ocrx_word' id='word_1_278' title='bbox 42 1447 115 1481; x_wconf 89' lang='lat' dir='ltr'><strong>peio,</strong></span> <span class='ocrx_word' id='word_1_279' title='bbox 134 1451 191 1472; x_wconf 88' lang='lat' dir='ltr'><strong>tum</strong></span> <span class='ocrx_word' id='word_1_280' title='bbox 208 1446 324 1472; x_wconf 89' lang='lat' dir='ltr'><strong>salutare</strong></span> <span class='ocrx_word' id='word_1_281' title='bbox 339 1447 457 1481; x_wconf 91' lang='lat' dir='ltr'><strong>utrique.</strong></span> <span class='ocrx_word' id='word_1_282' title='bbox 498 1448 523 1474; x_wconf 84' lang='lat'><strong>5.</strong></span> <span class='ocrx_word' id='word_1_283' title='bbox 545 1447 618 1480; x_wconf 88' lang='lat' dir='ltr'><strong>Quae</strong></span> <span class='ocrx_word' id='word_1_284' title='bbox 630 1452 765 1482; x_wconf 87' lang='lat' dir='ltr'><strong>praeterea</strong></span> <span class='ocrx_word' id='word_1_285' title='bbox 777 1456 839 1482; x_wconf 85' lang='lat' dir='ltr'><strong>pro-</strong></span> 
     </span>
     <span class='ocr_line' id='line_1_37' title="bbox 42 1483 838 1520; baseline 0.003 -11"><span class='ocrx_word' id='word_1_286' title='bbox 42 1483 170 1514; x_wconf 80' lang='lat' dir='ltr'><strong>viderim,</strong></span> <span class='ocrx_word' id='word_1_287' title='bbox 189 1488 334 1518; x_wconf 88' lang='lat' dir='ltr'><strong>praetereo.</strong></span> <span class='ocrx_word' id='word_1_288' title='bbox 375 1484 441 1510; x_wconf 84' lang='lat' dir='ltr'><strong>Nolo</strong></span> <span class='ocrx_word' id='word_1_289' title='bbox 457 1485 530 1510; x_wconf 90' lang='lat' dir='ltr'><strong>enim</strong></span> <span class='ocrx_word' id='word_1_290' title='bbox 547 1484 619 1510; x_wconf 90' lang='lat' dir='ltr'><strong>hunc</strong></span> <span class='ocrx_word' id='word_1_291' title='bbox 635 1485 667 1510; x_wconf 92' lang='lat' dir='ltr'><strong>de</strong></span> <span class='ocrx_word' id='word_1_292' title='bbox 684 1494 726 1511; x_wconf 88' lang='lat' dir='ltr'><strong>me</strong></span> <span class='ocrx_word' id='word_1_293' title='bbox 737 1486 838 1520; x_wconf 90' lang='lat' dir='ltr'><strong>optime</strong></span> 
     </span>
     <span class='ocr_line' id='line_1_38' title="bbox 41 1521 838 1557; baseline 0.003 -11"><span class='ocrx_word' id='word_1_294' title='bbox 41 1521 169 1547; x_wconf 88' lang='lat' dir='ltr'><strong>meritum</strong></span> <span class='ocrx_word' id='word_1_295' title='bbox 179 1521 344 1552; x_wconf 83' lang='lat' dir='ltr'><strong>existimare,</strong></span> <span class='ocrx_word' id='word_1_296' title='bbox 357 1530 387 1547; x_wconf 89' lang='lat' dir='ltr'><strong>ea</strong></span> <span class='ocrx_word' id='word_1_297' title='bbox 400 1530 441 1548; x_wconf 92' lang='lat' dir='ltr'><strong>me</strong></span> <span class='ocrx_word' id='word_1_298' title='bbox 453 1522 572 1548; x_wconf 86' lang='lat' dir='ltr'><strong>suasisse</strong></span> <span class='ocrx_word' id='word_1_299' title='bbox 583 1523 722 1557; x_wconf 87' lang='lat' dir='ltr'><strong>Pompeio,</strong></span> <span class='ocrx_word' id='word_1_300' title='bbox 736 1523 838 1557; x_wconf 91' lang='lat' dir='ltr'><strong>quibus</strong></span> 
     </span>
     <span class='ocr_line' id='line_1_39' title="bbox 41 1557 839 1596; baseline 0.004 -12"><span class='ocrx_word' id='word_1_301' title='bbox 41 1557 86 1584; x_wconf 88' lang='lat' dir='ltr'><strong>ille</strong></span> <span class='ocrx_word' id='word_1_302' title='bbox 101 1559 125 1584; x_wconf 90' lang='lat' dir='ltr'><strong>si</strong></span> <span class='ocrx_word' id='word_1_303' title='bbox 139 1558 285 1592; x_wconf 83' lang='lat' dir='ltr'><strong>paruisset,</strong></span> <span class='ocrx_word' id='word_1_304' title='bbox 308 1563 379 1585; x_wconf 87' lang='lat' dir='ltr'><strong>esset</strong></span> <span class='ocrx_word' id='word_1_305' title='bbox 399 1558 443 1584; x_wconf 89' lang='lat' dir='ltr'><strong>hic</strong></span> <span class='ocrx_word' id='word_1_306' title='bbox 462 1559 573 1594; x_wconf 85' lang='lat' dir='ltr'><strong>quidem</strong></span> <span class='ocrx_word' id='word_1_307' title='bbox 588 1559 677 1585; x_wconf 88' lang='lat' dir='ltr'><strong>clarus</strong></span> <span class='ocrx_word' id='word_1_308' title='bbox 694 1560 720 1586; x_wconf 94' lang='lat' dir='ltr'><strong>in</strong></span> <span class='ocrx_word' id='word_1_309' title='bbox 738 1565 797 1596; x_wconf 79' lang='lat' dir='ltr'><strong>toga</strong></span> <span class='ocrx_word' id='word_1_310' title='bbox 813 1565 839 1587; x_wconf 85' lang='lat' dir='ltr'><strong>ct</strong></span> 
     </span>
     <span class='ocr_line' id='line_1_40' title="bbox 40 1595 837 1631; baseline 0.004 -10"><span class='ocrx_word' id='word_1_311' title='bbox 40 1595 180 1630; x_wconf 88' lang='lat' dir='ltr'><strong>princeps,</strong></span> <span class='ocrx_word' id='word_1_312' title='bbox 199 1595 246 1621; x_wconf 91' lang='lat' dir='ltr'><strong>sed</strong></span> <span class='ocrx_word' id='word_1_313' title='bbox 264 1600 348 1622; x_wconf 88' lang='lat' dir='ltr'><strong>tantas</strong></span> <span class='ocrx_word' id='word_1_314' title='bbox 362 1604 440 1630; x_wconf 87' lang='lat' dir='ltr'><strong>opes,</strong></span> <span class='ocrx_word' id='word_1_315' title='bbox 458 1601 573 1631; x_wconf 90' lang='lat' dir='ltr'><strong>quantas</strong></span> <span class='ocrx_word' id='word_1_316' title='bbox 589 1606 661 1623; x_wconf 90' lang='lat' dir='ltr'><strong>nunc</strong></span> <span class='ocrx_word' id='word_1_317' title='bbox 673 1597 767 1628; x_wconf 88' lang='lat' dir='ltr'><strong>habet,</strong></span> <span class='ocrx_word' id='word_1_318' title='bbox 786 1607 837 1624; x_wconf 89' lang='lat' dir='ltr'><strong>non</strong></span> 
     </span>
     <span class='ocr_line' id='line_1_41' title="bbox 41 1632 838 1669; baseline 0.004 -11"><span class='ocrx_word' id='word_1_319' title='bbox 41 1632 160 1659; x_wconf 87' lang='lat' dir='ltr'><strong>haberet.</strong></span> <span class='ocrx_word' id='word_1_320' title='bbox 200 1632 326 1659; x_wconf 89' lang='lat' dir='ltr'><strong>Eundum</strong></span> <span class='ocrx_word' id='word_1_321' title='bbox 340 1633 366 1659; x_wconf 91' lang='lat' dir='ltr'><strong>in</strong></span> <span class='ocrx_word' id='word_1_322' title='bbox 382 1634 538 1668; x_wconf 85' lang='lat' dir='ltr'><strong>Hispaniam</strong></span> <span class='ocrx_word' id='word_1_323' title='bbox 553 1635 661 1661; x_wconf 87' lang='lat' dir='ltr'><strong>censui:</strong></span> <span class='ocrx_word' id='word_1_324' title='bbox 679 1635 752 1669; x_wconf 91' lang='lat' dir='ltr'><strong>quod</strong></span> <span class='ocrx_word' id='word_1_325' title='bbox 763 1635 786 1661; x_wconf 92' lang='lat' dir='ltr'><strong>si</strong></span> <span class='ocrx_word' id='word_1_326' title='bbox 799 1635 838 1661; x_wconf 89' lang='lat' dir='ltr'><strong>fe-</strong></span> 
     </span>
     <span class='ocr_line' id='line_1_42' title="bbox 41 1669 838 1700; baseline 0.003 -4"><span class='ocrx_word' id='word_1_327' title='bbox 41 1670 134 1700; x_wconf 85' lang='lat' dir='ltr'><strong>cisset,</strong></span> <span class='ocrx_word' id='word_1_328' title='bbox 152 1670 233 1696; x_wconf 91' lang='lat' dir='ltr'><strong>civile</strong></span> <span class='ocrx_word' id='word_1_329' title='bbox 246 1669 348 1696; x_wconf 88' lang='lat' dir='ltr'><strong>bellum</strong></span> <span class='ocrx_word' id='word_1_330' title='bbox 361 1670 466 1697; x_wconf 90' lang='lat' dir='ltr'><strong>nullum</strong></span> <span class='ocrx_word' id='word_1_331' title='bbox 478 1672 588 1698; x_wconf 90' lang='lat' dir='ltr'><strong>omnino</strong></span> <span class='ocrx_word' id='word_1_332' title='bbox 600 1671 706 1698; x_wconf 82' lang='lat' dir='ltr'><strong>suisset.</strong></span> <span class='ocrx_word' id='word_1_333' title='bbox 748 1673 838 1699; x_wconf 86' lang='lat' dir='ltr'><strong>Ratio-</strong></span> 
     </span>
     <span class='ocr_line' id='line_1_43' title="bbox 41 1706 834 1744; baseline 0.004 -11"><span class='ocrx_word' id='word_1_334' title='bbox 41 1715 102 1733; x_wconf 88' lang='lat' dir='ltr'><strong>nem</strong></span> <span class='ocrx_word' id='word_1_335' title='bbox 122 1706 214 1734; x_wconf 88' lang='lat' dir='ltr'><strong>haberi</strong></span> <span class='ocrx_word' id='word_1_336' title='bbox 235 1707 368 1738; x_wconf 86' lang='lat' dir='ltr'><strong>absentis,</strong></span> <span class='ocrx_word' id='word_1_337' title='bbox 391 1713 513 1735; x_wconf 88' lang='lat' dir='ltr'><strong>nontam</strong></span> <span class='ocrx_word' id='word_1_338' title='bbox 532 1710 666 1744; x_wconf 79' lang='lat' dir='ltr'><strong>pugnavi,</strong></span> <span class='ocrx_word' id='word_1_339' title='bbox 690 1714 719 1736; x_wconf 87' lang='lat' dir='ltr'><strong>ut</strong></span> <span class='ocrx_word' id='word_1_340' title='bbox 735 1709 834 1741; x_wconf 89' lang='lat' dir='ltr'><strong>liceret,</strong></span> 
     </span>
     <span class='ocr_line' id='line_1_44' title="bbox 41 1744 838 1782; baseline 0.005 -12"><span class='ocrx_word' id='word_1_341' title='bbox 41 1752 122 1779; x_wconf 84' lang='lat' dir='ltr'><strong>quam</strong></span> <span class='ocrx_word' id='word_1_342' title='bbox 133 1749 175 1776; x_wconf 85' lang='lat' dir='ltr'><strong>ut,</strong></span> <span class='ocrx_word' id='word_1_343' title='bbox 191 1744 299 1779; x_wconf 87' lang='lat' dir='ltr'><strong>quando</strong></span> <span class='ocrx_word' id='word_1_344' title='bbox 311 1745 370 1779; x_wconf 88' lang='lat' dir='ltr'><strong>ipso</strong></span> <span class='ocrx_word' id='word_1_345' title='bbox 380 1745 490 1772; x_wconf 88' lang='lat' dir='ltr'><strong>consule</strong></span> <span class='ocrx_word' id='word_1_346' title='bbox 502 1751 638 1782; x_wconf 77' lang='lat' dir='ltr'><strong>pugnante</strong></span> <span class='ocrx_word' id='word_1_347' title='bbox 650 1747 768 1782; x_wconf 90' lang='lat' dir='ltr'><strong>populus</strong></span> <span class='ocrx_word' id='word_1_348' title='bbox 780 1748 838 1774; x_wconf 88' lang='lat' dir='ltr'><strong>ius-</strong></span> 
     </span>
     <span class='ocr_line' id='line_1_45' title="bbox 40 1781 837 1821; baseline 0.006 -14"><span class='ocrx_word' id='word_1_349' title='bbox 40 1786 123 1812; x_wconf 85' lang='lat' dir='ltr'><strong>serat,</strong></span> <span class='ocrx_word' id='word_1_350' title='bbox 141 1781 294 1808; x_wconf 47' lang='lat' dir='ltr'><strong>haberetur.</strong></span> <span class='ocrx_word' id='word_1_351' title='bbox 335 1782 434 1809; x_wconf 83' lang='lat' dir='ltr'><strong>Caussa</strong></span> <span class='ocrx_word' id='word_1_352' title='bbox 450 1788 505 1810; x_wconf 89' lang='lat' dir='ltr'><strong>orta</strong></span> <span class='ocrx_word' id='word_1_353' title='bbox 525 1783 590 1810; x_wconf 90' lang='lat' dir='ltr'><strong>belli</strong></span> <span class='ocrx_word' id='word_1_354' title='bbox 610 1789 659 1810; x_wconf 89' lang='lat' dir='ltr'><strong>est.</strong></span> <span class='ocrx_word' id='word_1_355' title='bbox 700 1784 772 1816; x_wconf 88' lang='lat' dir='ltr'><strong>Quid</strong></span> <span class='ocrx_word' id='word_1_356' title='bbox 787 1794 837 1821; x_wconf 77' lang='lat' dir='ltr'><strong>ego</strong></span> 
     </span>
     <span class='ocr_line' id='line_1_46' title="bbox 40 1819 836 1857; baseline 0.006 -13"><span class='ocrx_word' id='word_1_357' title='bbox 40 1819 209 1854; x_wconf 84' lang='lat' dir='ltr'><strong>praetermisi</strong></span> <span class='ocrx_word' id='word_1_358' title='bbox 220 1824 266 1846; x_wconf 91' lang='lat' dir='ltr'><strong>aut</strong></span> <span class='ocrx_word' id='word_1_359' title='bbox 277 1820 439 1846; x_wconf 87' lang='lat' dir='ltr'><strong>monitorum</strong></span> <span class='ocrx_word' id='word_1_360' title='bbox 451 1826 496 1847; x_wconf 91' lang='lat' dir='ltr'><strong>aut</strong></span> <span class='ocrx_word' id='word_1_361' title='bbox 506 1821 687 1855; x_wconf 86' lang='lat' dir='ltr'><strong>querelarum,</strong></span> <span class='ocrx_word' id='word_1_362' title='bbox 696 1830 782 1857; x_wconf 90' lang='lat' dir='ltr'><strong>quum</strong></span> <span class='ocrx_word' id='word_1_363' title='bbox 794 1823 836 1849; x_wconf 87' lang='lat' dir='ltr'><strong>vel</strong></span> 
     </span>
     <span class='ocr_line' id='line_1_47' title="bbox 41 1856 835 1891; baseline 0.006 -10"><span class='ocrx_word' id='word_1_364' title='bbox 41 1856 243 1891; x_wconf 87' lang='lat' dir='ltr'><strong>iniquissimam</strong></span> <span class='ocrx_word' id='word_1_365' title='bbox 255 1865 347 1891; x_wconf 85' lang='lat' dir='ltr'><strong>pacem</strong></span> <span class='ocrx_word' id='word_1_366' title='bbox 360 1857 510 1884; x_wconf 85' lang='lat' dir='ltr'><strong>iustissimo</strong></span> <span class='ocrx_word' id='word_1_367' title='bbox 522 1858 592 1884; x_wconf 90' lang='lat' dir='ltr'><strong>bello</strong></span> <span class='ocrx_word' id='word_1_368' title='bbox 604 1858 776 1886; x_wconf 84' lang='lat' dir='ltr'><strong>anteferrem!</strong></span> <span class='ocrx_word' id='word_1_369' title='bbox 810 1863 835 1886; x_wconf 90' lang='lat'><strong>6.</strong></span> 
     </span>
     <span class='ocr_line' id='line_1_48' title="bbox 40 1893 837 1932; baseline 0.006 -13"><span class='ocrx_word' id='word_1_370' title='bbox 40 1893 115 1920; x_wconf 88' lang='lat' dir='ltr'><strong>Victa</strong></span> <span class='ocrx_word' id='word_1_371' title='bbox 131 1897 172 1920; x_wconf 86' lang='lat' dir='ltr'><strong>est</strong></span> <span class='ocrx_word' id='word_1_372' title='bbox 184 1894 327 1920; x_wconf 82' lang='lat' dir='ltr'><strong>auctoritas</strong></span> <span class='ocrx_word' id='word_1_373' title='bbox 339 1903 411 1926; x_wconf 80' lang='lat' dir='ltr'><strong>mea,</strong></span> <span class='ocrx_word' id='word_1_374' title='bbox 425 1904 476 1921; x_wconf 92' lang='lat' dir='ltr'><strong>non</strong></span> <span class='ocrx_word' id='word_1_375' title='bbox 489 1900 543 1922; x_wconf 92' lang='lat' dir='ltr'><strong>tam</strong></span> <span class='ocrx_word' id='word_1_376' title='bbox 554 1904 568 1922; x_wconf 89' lang='lat' dir='ltr'><strong>a</strong></span> <span class='ocrx_word' id='word_1_377' title='bbox 581 1897 715 1931; x_wconf 84' lang='lat' dir='ltr'><strong>Pompeio,</strong></span> <span class='ocrx_word' id='word_1_378' title='bbox 729 1897 802 1932; x_wconf 91' lang='lat' dir='ltr'><strong>(nam</strong></span> <span class='ocrx_word' id='word_1_379' title='bbox 814 1899 837 1924; x_wconf 88' lang='lat' dir='ltr'><strong>is</strong></span> 
     </span>
     <span class='ocr_line' id='line_1_49' title="bbox 41 1930 837 1969; baseline 0.006 -13"><span class='ocrx_word' id='word_1_380' title='bbox 41 1930 220 1966; x_wconf 86' lang='lat' dir='ltr'><strong>movebatur,)</strong></span> <span class='ocrx_word' id='word_1_381' title='bbox 232 1939 313 1965; x_wconf 88' lang='grc'><strong>(111301</strong></span> <span class='ocrx_word' id='word_1_382' title='bbox 324 1931 358 1957; x_wconf 91' lang='lat' dir='ltr'><strong>ab</strong></span> <span class='ocrx_word' id='word_1_383' title='bbox 370 1932 413 1963; x_wconf 90' lang='lat' dir='ltr'><strong>iis,</strong></span> <span class='ocrx_word' id='word_1_384' title='bbox 426 1933 474 1967; x_wconf 87' lang='lat' dir='ltr'><strong>qui</strong></span> <span class='ocrx_word' id='word_1_385' title='bbox 486 1932 554 1959; x_wconf 88' lang='lat' dir='ltr'><strong>duce</strong></span> <span class='ocrx_word' id='word_1_386' title='bbox 565 1933 692 1968; x_wconf 86' lang='lat' dir='ltr'><strong>Pompeio</strong></span> <span class='ocrx_word' id='word_1_387' title='bbox 704 1933 763 1961; x_wconf 82' lang='lat' dir='ltr'><strong>freti</strong></span> <span class='ocrx_word' id='word_1_388' title='bbox 776 1944 837 1969; x_wconf 76' lang='lat' dir='ltr'><strong>per·-</strong></span> 
     </span>
     <span class='ocr_line' id='line_1_50' title="bbox 40 1968 837 2005; baseline 0.005 -11"><span class='ocrx_word' id='word_1_389' title='bbox 40 1972 218 2002; x_wconf 88' lang='lat' dir='ltr'><strong>opportunam</strong></span> <span class='ocrx_word' id='word_1_390' title='bbox 230 1972 256 1994; x_wconf 87' lang='lat' dir='ltr'><strong>et</strong></span> <span class='ocrx_word' id='word_1_391' title='bbox 266 1968 346 1994; x_wconf 87' lang='lat' dir='ltr'><strong>rebus</strong></span> <span class='ocrx_word' id='word_1_392' title='bbox 358 1968 514 1996; x_wconf 84' lang='lat' dir='ltr'><strong>domesticis</strong></span> <span class='ocrx_word' id='word_1_393' title='bbox 525 1975 551 1996; x_wconf 87' lang='lat' dir='ltr'><strong>et</strong></span> <span class='ocrx_word' id='word_1_394' title='bbox 565 1971 762 2005; x_wconf 83' lang='lat' dir='ltr'><strong>cupiditatibus</strong></span> <span class='ocrx_word' id='word_1_395' title='bbox 778 1973 837 1998; x_wconf 88' lang='lat' dir='ltr'><strong>suis</strong></span> 
     </span>
     <span class='ocr_line' id='line_1_51' title="bbox 41 2004 837 2043; baseline 0.006 -13"><span class='ocrx_word' id='word_1_396' title='bbox 41 2004 116 2031; x_wconf 88' lang='lat' dir='ltr'><strong>illius</strong></span> <span class='ocrx_word' id='word_1_397' title='bbox 130 2004 195 2031; x_wconf 90' lang='lat' dir='ltr'><strong>belli</strong></span> <span class='ocrx_word' id='word_1_398' title='bbox 208 2005 347 2031; x_wconf 88' lang='lat' dir='ltr'><strong>victoriam</strong></span> <span class='ocrx_word' id='word_1_399' title='bbox 360 2005 413 2032; x_wconf 83' lang='lat' dir='ltr'><strong>fore</strong></span> <span class='ocrx_word' id='word_1_400' title='bbox 425 2007 564 2040; x_wconf 84' lang='lat' dir='ltr'><strong>putabant.</strong></span> <span class='ocrx_word' id='word_1_401' title='bbox 605 2008 766 2043; x_wconf 77' lang='lat' dir='ltr'><strong>susceptum</strong></span> <span class='ocrx_word' id='word_1_402' title='bbox 780 2009 837 2035; x_wconf 86' lang='lat' dir='ltr'><strong>bel-</strong></span> 
     </span>
     <span class='ocr_line' id='line_1_52' title="bbox 40 2041 836 2077; baseline 0.006 -9"><span class='ocrx_word' id='word_1_403' title='bbox 40 2041 98 2069; x_wconf 90' lang='lat' dir='ltr'><strong>lum</strong></span> <span class='ocrx_word' id='word_1_404' title='bbox 113 2047 154 2068; x_wconf 89' lang='lat' dir='ltr'><strong>est</strong></span> <span class='ocrx_word' id='word_1_405' title='bbox 168 2042 324 2077; x_wconf 86' lang='lat' dir='ltr'><strong>quiescente</strong></span> <span class='ocrx_word' id='word_1_406' title='bbox 341 2051 395 2075; x_wconf 82' lang='lat' dir='ltr'><strong>me;</strong></span> <span class='ocrx_word' id='word_1_407' title='bbox 419 2043 563 2077; x_wconf 88' lang='lat' dir='ltr'><strong>depulsum</strong></span> <span class='ocrx_word' id='word_1_408' title='bbox 579 2053 612 2071; x_wconf 85' lang='lat' dir='ltr'><strong>ex</strong></span> <span class='ocrx_word' id='word_1_409' title='bbox 628 2045 701 2072; x_wconf 87' lang='lat' dir='ltr'><strong>ltalia</strong></span> <span class='ocrx_word' id='word_1_410' title='bbox 713 2051 836 2073; x_wconf 81' lang='lat' dir='ltr'><strong>manente</strong></span> 
     </span>
     <span class='ocr_line' id='line_1_53' title="bbox 41 2079 837 2118; baseline 0.006 -13"><span class='ocrx_word' id='word_1_411' title='bbox 41 2087 96 2110; x_wconf 86' lang='lat' dir='ltr'><strong>me,</strong></span> <span class='ocrx_word' id='word_1_412' title='bbox 114 2079 203 2114; x_wconf 89' lang='lat' dir='ltr'><strong>quoad</strong></span> <span class='ocrx_word' id='word_1_413' title='bbox 218 2080 304 2114; x_wconf 87' lang='lat' dir='ltr'><strong>potui.</strong></span> <span class='ocrx_word' id='word_1_414' title='bbox 345 2080 399 2106; x_wconf 88' lang='lat' dir='ltr'><strong>Sed</strong></span> <span class='ocrx_word' id='word_1_415' title='bbox 419 2081 504 2107; x_wconf 88' lang='lat' dir='ltr'><strong>valuit</strong></span> <span class='ocrx_word' id='word_1_416' title='bbox 525 2082 597 2116; x_wconf 80' lang='lat' dir='ltr'><strong>apud</strong></span> <span class='ocrx_word' id='word_1_417' title='bbox 614 2091 655 2108; x_wconf 89' lang='lat' dir='ltr'><strong>me</strong></span> <span class='ocrx_word' id='word_1_418' title='bbox 672 2082 734 2117; x_wconf 92' lang='lat' dir='ltr'><strong>plus</strong></span> <span class='ocrx_word' id='word_1_419' title='bbox 750 2084 837 2118; x_wconf 90' lang='lat' dir='ltr'><strong>pudor</strong></span> 
     </span>
     <span class='ocr_line' id='line_1_54' title="bbox 40 2117 837 2155; baseline 0.006 -13"><span class='ocrx_word' id='word_1_420' title='bbox 40 2125 126 2148; x_wconf 83' lang='lat' dir='ltr'><strong>meus,</strong></span> <span class='ocrx_word' id='word_1_421' title='bbox 149 2125 230 2152; x_wconf 88' lang='lat' dir='ltr'><strong>quam</strong></span> <span class='ocrx_word' id='word_1_422' title='bbox 246 2117 334 2143; x_wconf 89' lang='lat' dir='ltr'><strong>timor.</strong></span> <span class='ocrx_word' id='word_1_423' title='bbox 366 2118 473 2144; x_wconf 85' lang='lat' dir='ltr'><strong>Veritus</strong></span> <span class='ocrx_word' id='word_1_424' title='bbox 483 2127 544 2144; x_wconf 90' lang='lat' dir='ltr'><strong>sum</strong></span> <span class='ocrx_word' id='word_1_425' title='bbox 556 2119 650 2145; x_wconf 89' lang='lat' dir='ltr'><strong>deesse</strong></span> <span class='ocrx_word' id='word_1_426' title='bbox 662 2121 781 2155; x_wconf 86' lang='lat' dir='ltr'><strong>Pompeii</strong></span> <span class='ocrx_word' id='word_1_427' title='bbox 793 2130 837 2147; x_wconf 85' lang='lat' dir='ltr'><strong>sa-</strong></span> 
     </span>
     <span class='ocr_line' id='line_1_55' title="bbox 42 2153 836 2193; baseline 0.008 -14"><span class='ocrx_word' id='word_1_428' title='bbox 42 2153 100 2185; x_wconf 87' lang='lat' dir='ltr'><strong>tuti,</strong></span> <span class='ocrx_word' id='word_1_429' title='bbox 113 2163 198 2189; x_wconf 90' lang='lat' dir='ltr'><strong>quum</strong></span> <span class='ocrx_word' id='word_1_430' title='bbox 211 2154 256 2180; x_wconf 89' lang='lat' dir='ltr'><strong>ille</strong></span> <span class='ocrx_word' id='word_1_431' title='bbox 268 2154 414 2189; x_wconf 88' lang='lat' dir='ltr'><strong>aliquando</strong></span> <span class='ocrx_word' id='word_1_432' title='bbox 427 2164 478 2181; x_wconf 91' lang='lat' dir='ltr'><strong>non</strong></span> <span class='ocrx_word' id='word_1_433' title='bbox 490 2155 622 2183; x_wconf 76' lang='lat' dir='ltr'><strong>defuisset</strong></span> <span class='ocrx_word' id='word_1_434' title='bbox 634 2166 717 2184; x_wconf 88' lang='lat' dir='ltr'><strong>meae.</strong></span> <span class='ocrx_word' id='word_1_435' title='bbox 745 2159 836 2193; x_wconf 83' lang='lat' dir='ltr'><strong>ltaque</strong></span> 
     </span>
     <span class='ocr_line' id='line_1_56' title="bbox 41 2190 835 2228; baseline 0.008 -11"><span class='ocrx_word' id='word_1_436' title='bbox 41 2190 83 2218; x_wconf 84' lang='lat' dir='ltr'><strong>vel</strong></span> <span class='ocrx_word' id='word_1_437' title='bbox 94 2191 183 2218; x_wconf 88' lang='lat' dir='ltr'><strong>oflicio</strong></span> <span class='ocrx_word' id='word_1_438' title='bbox 211 2191 253 2218; x_wconf 88' lang='lat' dir='ltr'><strong>vel</strong></span> <span class='ocrx_word' id='word_1_439' title='bbox 266 2191 335 2218; x_wconf 83' lang='lat' dir='ltr'><strong>fama</strong></span> <span class='ocrx_word' id='word_1_440' title='bbox 347 2192 478 2218; x_wconf 88' lang='lat' dir='ltr'><strong>bonorum</strong></span> <span class='ocrx_word' id='word_1_441' title='bbox 492 2193 532 2219; x_wconf 75' lang='lat' dir='ltr'><strong>vel</strong></span> <span class='ocrx_word' id='word_1_442' title='bbox 545 2194 646 2228; x_wconf 89' lang='lat' dir='ltr'><strong>pudore</strong></span> <span class='ocrx_word' id='word_1_443' title='bbox 657 2195 754 2226; x_wconf 82' lang='lat' dir='ltr'><strong>victus.</strong></span> <span class='ocrx_word' id='word_1_444' title='bbox 769 2201 798 2222; x_wconf 89' lang='grc'><strong>111</strong></span> <span class='ocrx_word' id='word_1_445' title='bbox 810 2196 835 2222; x_wconf 92' lang='lat' dir='ltr'><strong>in</strong></span> 
     </span>
     <span class='ocr_line' id='line_1_57' title="bbox 42 2227 743 2265; baseline 0.006 -10"><span class='ocrx_word' id='word_1_446' title='bbox 42 2227 140 2255; x_wconf 79' lang='lat' dir='ltr'><strong>fabulis</strong></span> <span class='ocrx_word' id='word_1_447' title='bbox 152 2228 342 2263; x_wconf 75' lang='lat' dir='ltr'><strong>Amphiaraus,</strong></span> <span class='ocrx_word' id='word_1_448' title='bbox 356 2230 395 2255; x_wconf 86' lang='lat' dir='ltr'><strong>sic</strong></span> <span class='ocrx_word' id='word_1_449' title='bbox 406 2238 464 2265; x_wconf 78' lang='lat' dir='ltr'><strong>ego,</strong></span> <span class='ocrx_word' id='word_1_450' title='bbox 479 2230 598 2264; x_wconf 88' lang='lat' dir='ltr'><strong>prudens</strong></span> <span class='ocrx_word' id='word_1_451' title='bbox 609 2236 635 2258; x_wconf 88' lang='lat' dir='ltr'><strong>ct</strong></span> <span class='ocrx_word' id='word_1_452' title='bbox 645 2233 743 2264; x_wconf 79' lang='lat' dir='ltr'><strong>sciens,</strong></span> 
     </span>
     <span class='ocr_line' id='line_1_58' title="bbox 114 2268 534 2300; baseline 0.002 -8"><span class='ocrx_word' id='word_1_453' title='bbox 114 2268 148 2292; x_wconf 81' lang='lat' dir='ltr'><strong>ad</strong></span> <span class='ocrx_word' id='word_1_454' title='bbox 157 2271 249 2299; x_wconf 74' lang='lat' dir='ltr'><strong>pestem</strong></span> <span class='ocrx_word' id='word_1_455' title='bbox 261 2272 320 2293; x_wconf 72' lang='lat' dir='ltr'><strong>ante</strong></span> <span class='ocrx_word' id='word_1_456' title='bbox 329 2268 415 2293; x_wconf 82' lang='lat' dir='ltr'><strong>oculos</strong></span> <span class='ocrx_word' id='word_1_457' title='bbox 424 2271 534 2300; x_wconf 71' lang='lat' dir='ltr'><strong>posnam</strong></span> 
     </span>
    </p>

    <p class='ocr_par' dir='ltr' id='par_1_5' title="bbox 41 2302 837 2670">
     <span class='ocr_line' id='line_1_59' title="bbox 41 2302 837 2338; baseline 0.004 -9"><span class='ocrx_word' id='word_1_458' title='bbox 41 2310 102 2329; x_wconf 82' lang='lat' dir='ltr'><strong>sum</strong></span> <span class='ocrx_word' id='word_1_459' title='bbox 122 2302 268 2338; x_wconf 85' lang='lat' dir='ltr'><strong>profectus.</strong></span> <span class='ocrx_word' id='word_1_460' title='bbox 309 2303 367 2336; x_wconf 86' lang='lat' dir='ltr'><strong>Quo</strong></span> <span class='ocrx_word' id='word_1_461' title='bbox 389 2305 415 2330; x_wconf 93' lang='lat' dir='ltr'><strong>in</strong></span> <span class='ocrx_word' id='word_1_462' title='bbox 437 2304 507 2330; x_wconf 89' lang='lat' dir='ltr'><strong>bello</strong></span> <span class='ocrx_word' id='word_1_463' title='bbox 529 2304 597 2331; x_wconf 92' lang='lat' dir='ltr'><strong>nihil</strong></span> <span class='ocrx_word' id='word_1_464' title='bbox 617 2305 724 2332; x_wconf 86' lang='lat' dir='ltr'><strong>adversi</strong></span> <span class='ocrx_word' id='word_1_465' title='bbox 739 2306 837 2332; x_wconf 85' lang='lat' dir='ltr'><strong>accidit</strong></span> 
     </span>
     <span class='ocr_line' id='line_1_60' title="bbox 41 2340 836 2379; baseline 0.004 -13"><span class='ocrx_word' id='word_1_466' title='bbox 41 2347 93 2366; x_wconf 86' lang='lat' dir='ltr'><strong>non</strong></span> <span class='ocrx_word' id='word_1_467' title='bbox 103 2340 274 2375; x_wconf 80' lang='lat' dir='ltr'><strong>praedicente</strong></span> <span class='ocrx_word' id='word_1_468' title='bbox 287 2350 338 2367; x_wconf 87' lang='lat' dir='ltr'><strong>me.</strong></span> <span class='ocrx_word' id='word_1_469' title='bbox 370 2342 395 2367; x_wconf 86' lang='lat'><strong>7.</strong></span> <span class='ocrx_word' id='word_1_470' title='bbox 417 2342 513 2373; x_wconf 87' lang='lat' dir='ltr'><strong>Quare.</strong></span> <span class='ocrx_word' id='word_1_471' title='bbox 527 2343 665 2377; x_wconf 77' lang='lat' dir='ltr'><strong>quoniam.</strong></span> <span class='ocrx_word' id='word_1_472' title='bbox 680 2348 708 2369; x_wconf 91' lang='lat' dir='ltr'><strong>ut</strong></span> <span class='ocrx_word' id='word_1_473' title='bbox 719 2352 836 2379; x_wconf 79' lang='lat' dir='ltr'><strong>augures</strong></span> 
     </span>
     <span class='ocr_line' id='line_1_61' title="bbox 41 2377 836 2414; baseline 0.004 -11"><span class='ocrx_word' id='word_1_474' title='bbox 41 2377 298 2414; x_wconf 73' lang='lat' dir='ltr'><strong>etastrologisolent,</strong></span> <span class='ocrx_word' id='word_1_475' title='bbox 307 2388 356 2413; x_wconf 72' lang='lat' dir='ltr'><strong>ego</strong></span> <span class='ocrx_word' id='word_1_476' title='bbox 366 2387 474 2413; x_wconf 83' lang='lat' dir='ltr'><strong>quoque</strong></span> <span class='ocrx_word' id='word_1_477' title='bbox 486 2388 572 2413; x_wconf 66' lang='lat' dir='ltr'><strong>augur</strong></span> <span class='ocrx_word' id='word_1_478' title='bbox 584 2379 711 2414; x_wconf 86' lang='lat' dir='ltr'><strong>publicus</strong></span> <span class='ocrx_word' id='word_1_479' title='bbox 723 2389 756 2407; x_wconf 82' lang='lat' dir='ltr'><strong>ex</strong></span> <span class='ocrx_word' id='word_1_480' title='bbox 768 2381 836 2406; x_wconf 76' lang='lat' dir='ltr'><strong>meis</strong></span> 
     </span>
     <span class='ocr_line' id='line_1_62' title="bbox 41 2415 835 2451; baseline 0.004 -11"><span class='ocrx_word' id='word_1_481' title='bbox 41 2415 227 2449; x_wconf 80' lang='lat' dir='ltr'><strong>superioribus</strong></span> <span class='ocrx_word' id='word_1_482' title='bbox 238 2416 383 2450; x_wconf 83' lang='lat' dir='ltr'><strong>praedictis</strong></span> <span class='ocrx_word' id='word_1_483' title='bbox 394 2417 521 2442; x_wconf 75' lang='lat' dir='ltr'><strong>constitui</strong></span> <span class='ocrx_word' id='word_1_484' title='bbox 533 2417 604 2451; x_wconf 88' lang='lat' dir='ltr'><strong>apud</strong></span> <span class='ocrx_word' id='word_1_485' title='bbox 617 2422 640 2443; x_wconf 91' lang='lat' dir='ltr'><strong>te</strong></span> <span class='ocrx_word' id='word_1_486' title='bbox 652 2419 835 2444; x_wconf 77' lang='lat' dir='ltr'><strong>auctoritatem</strong></span> 
     </span>
     <span class='ocr_line' id='line_1_63' title="bbox 41 2452 835 2487; baseline 0.003 -9"><span class='ocrx_word' id='word_1_487' title='bbox 41 2452 149 2487; x_wconf 74' lang='lat' dir='ltr'><strong>augurii</strong></span> <span class='ocrx_word' id='word_1_488' title='bbox 163 2457 189 2479; x_wconf 86' lang='lat' dir='ltr'><strong>et</strong></span> <span class='ocrx_word' id='word_1_489' title='bbox 203 2452 379 2479; x_wconf 87' lang='lat' dir='ltr'><strong>divinationis</strong></span> <span class='ocrx_word' id='word_1_490' title='bbox 395 2462 482 2484; x_wconf 88' lang='lat' dir='ltr'><strong>meae,</strong></span> <span class='ocrx_word' id='word_1_491' title='bbox 505 2453 615 2480; x_wconf 89' lang='lat' dir='ltr'><strong>dedebit</strong></span> <span class='ocrx_word' id='word_1_492' title='bbox 636 2454 734 2480; x_wconf 84' lang='lat' dir='ltr'><strong>habere</strong></span> <span class='ocrx_word' id='word_1_493' title='bbox 755 2455 835 2481; x_wconf 83' lang='lat' dir='ltr'><strong>iidem</strong></span> 
     </span>
     <span class='ocr_line' id='line_1_64' title="bbox 42 2489 835 2525; baseline 0.005 -11"><span class='ocrx_word' id='word_1_494' title='bbox 42 2493 130 2515; x_wconf 78' lang='lat' dir='ltr'><strong>nostra</strong></span> <span class='ocrx_word' id='word_1_495' title='bbox 145 2489 300 2523; x_wconf 83' lang='lat' dir='ltr'><strong>praedictio.</strong></span> <span class='ocrx_word' id='word_1_496' title='bbox 341 2491 398 2517; x_wconf 78' lang='lat' dir='ltr'><strong>Non</strong></span> <span class='ocrx_word' id='word_1_497' title='bbox 411 2491 537 2525; x_wconf 76' lang='lat' dir='ltr'><strong>igiturex</strong></span> <span class='ocrx_word' id='word_1_498' title='bbox 547 2491 618 2517; x_wconf 82' lang='lat' dir='ltr'><strong>alitis</strong></span> <span class='ocrx_word' id='word_1_499' title='bbox 631 2491 750 2518; x_wconf 85' lang='lat' dir='ltr'><strong>involatu</strong></span> <span class='ocrx_word' id='word_1_500' title='bbox 763 2501 811 2518; x_wconf 84' lang='lat' dir='ltr'><strong>nec</strong></span> <span class='ocrx_word' id='word_1_501' title='bbox 822 2501 835 2518; x_wconf 90' lang='lat' dir='ltr'><strong>e</strong></span> 
     </span>
     <span class='ocr_line' id='line_1_65' title="bbox 41 2527 835 2563; baseline 0.004 -11"><span class='ocrx_word' id='word_1_502' title='bbox 41 2530 120 2552; x_wconf 77' lang='lat' dir='ltr'><strong>cantu</strong></span> <span class='ocrx_word' id='word_1_503' title='bbox 131 2527 239 2553; x_wconf 86' lang='lat' dir='ltr'><strong>sinistro</strong></span> <span class='ocrx_word' id='word_1_504' title='bbox 250 2527 364 2558; x_wconf 89' lang='lat' dir='ltr'><strong>oscinis,</strong></span> <span class='ocrx_word' id='word_1_505' title='bbox 383 2533 412 2554; x_wconf 88' lang='grc'><strong>111</strong></span> <span class='ocrx_word' id='word_1_506' title='bbox 424 2529 450 2554; x_wconf 90' lang='grc'><strong>10</strong></span> <span class='ocrx_word' id='word_1_507' title='bbox 466 2532 554 2554; x_wconf 85' lang='lat' dir='ltr'><strong>nostra</strong></span> <span class='ocrx_word' id='word_1_508' title='bbox 565 2528 709 2563; x_wconf 83' lang='lat' dir='ltr'><strong>disciplina</strong></span> <span class='ocrx_word' id='word_1_509' title='bbox 721 2534 773 2558; x_wconf 75' lang='lat' dir='ltr'><strong>est,</strong></span> <span class='ocrx_word' id='word_1_510' title='bbox 788 2538 835 2556; x_wconf 86' lang='lat' dir='ltr'><strong>nec</strong></span> 
     </span>
     <span class='ocr_line' id='line_1_66' title="bbox 42 2563 834 2601; baseline 0.004 -12"><span class='ocrx_word' id='word_1_511' title='bbox 42 2569 76 2589; x_wconf 83' lang='lat' dir='ltr'><strong>ex</strong></span> <span class='ocrx_word' id='word_1_512' title='bbox 90 2563 216 2598; x_wconf 88' lang='lat' dir='ltr'><strong>tripudiis</strong></span> <span class='ocrx_word' id='word_1_513' title='bbox 231 2564 373 2591; x_wconf 87' lang='lat' dir='ltr'><strong>solistimis</strong></span> <span class='ocrx_word' id='word_1_514' title='bbox 388 2570 433 2591; x_wconf 83' lang='lat' dir='ltr'><strong>aut</strong></span> <span class='ocrx_word' id='word_1_515' title='bbox 448 2566 563 2591; x_wconf 86' lang='lat' dir='ltr'><strong>soniviis</strong></span> <span class='ocrx_word' id='word_1_516' title='bbox 579 2566 628 2591; x_wconf 93' lang='lat' dir='ltr'><strong>tibi</strong></span> <span class='ocrx_word' id='word_1_517' title='bbox 639 2575 769 2601; x_wconf 73' lang='lat' dir='ltr'><strong>auguror:</strong></span> <span class='ocrx_word' id='word_1_518' title='bbox 787 2566 834 2592; x_wconf 81' lang='lat' dir='ltr'><strong>sed</strong></span> 
     </span>
     <span class='ocr_line' id='line_1_67' title="bbox 42 2597 836 2637; baseline 0.006 -12"><span class='ocrx_word' id='word_1_519' title='bbox 42 2597 127 2626; x_wconf 85' lang='lat' dir='ltr'><strong>habeo</strong></span> <span class='ocrx_word' id='word_1_520' title='bbox 137 2600 188 2626; x_wconf 85' lang='lat' dir='ltr'><strong>alia</strong></span> <span class='ocrx_word' id='word_1_521' title='bbox 200 2601 289 2637; x_wconf 74' lang='lat' dir='ltr'><strong>signa,</strong></span> <span class='ocrx_word' id='word_1_522' title='bbox 306 2610 375 2636; x_wconf 83' lang='lat' dir='ltr'><strong>quae</strong></span> <span class='ocrx_word' id='word_1_523' title='bbox 389 2602 544 2635; x_wconf 68' lang='lat' dir='ltr'><strong>observem,</strong></span> <span class='ocrx_word' id='word_1_524' title='bbox 567 2611 636 2637; x_wconf 86' lang='lat' dir='ltr'><strong>quae</strong></span> <span class='ocrx_word' id='word_1_525' title='bbox 647 2604 697 2629; x_wconf 88' lang='lat' dir='ltr'><strong>etsi</strong></span> <span class='ocrx_word' id='word_1_526' title='bbox 710 2613 760 2630; x_wconf 89' lang='lat' dir='ltr'><strong>non</strong></span> <span class='ocrx_word' id='word_1_527' title='bbox 773 2609 836 2630; x_wconf 86' lang='grc'><strong>511111</strong></span> 
     </span>
     <span class='ocr_line' id='line_1_68' title="bbox 42 2637 834 2670; baseline 0.005 -7"><span class='ocrx_word' id='word_1_528' title='bbox 42 2637 151 2663; x_wconf 80' lang='lat' dir='ltr'><strong>certiora</strong></span> <span class='ocrx_word' id='word_1_529' title='bbox 164 2637 227 2670; x_wconf 84' lang='lat' dir='ltr'><strong>illis,</strong></span> <span class='ocrx_word' id='word_1_530' title='bbox 241 2639 331 2665; x_wconf 82' lang='lat' dir='ltr'><strong>minus</strong></span> <span class='ocrx_word' id='word_1_531' title='bbox 344 2644 430 2666; x_wconf 85' lang='lat' dir='ltr'><strong>tamen</strong></span> <span class='ocrx_word' id='word_1_532' title='bbox 445 2639 542 2666; x_wconf 86' lang='lat' dir='ltr'><strong>habent</strong></span> <span class='ocrx_word' id='word_1_533' title='bbox 556 2639 596 2666; x_wconf 89' lang='lat' dir='ltr'><strong>vel</strong></span> <span class='ocrx_word' id='word_1_534' title='bbox 607 2640 780 2667; x_wconf 81' lang='lat' dir='ltr'><strong>obscuritatis</strong></span> <span class='ocrx_word' id='word_1_535' title='bbox 793 2640 834 2667; x_wconf 79' lang='lat' dir='ltr'><strong>vel</strong></span> 
     </span>
    </p>
   </div>
   <div class='ocr_carea' id='block_1_5' title="bbox 865 175 870 1373">
    <p class='ocr_par' dir='ltr' id='par_1_6' title="bbox 865 175 870 1373">
     <span class='ocr_line' id='line_1_69' title="bbox 865 175 870 1373; baseline 0 0"><span class='ocrx_word' id='word_1_536' title='bbox 865 175 870 1373; x_wconf 95' lang='lat' dir='ltr'><strong> </strong></span> 
     </span>
    </p>
   </div>
   <div class='ocr_carea' id='block_1_6' title="bbox 865 1497 870 2278">
    <p class='ocr_par' dir='ltr' id='par_1_7' title="bbox 865 1497 870 2278">
     <span class='ocr_line' id='line_1_70' title="bbox 865 1497 870 2278; baseline 0 0"><span class='ocrx_word' id='word_1_537' title='bbox 865 1497 870 2278; x_wconf 95' lang='lat' dir='ltr'><strong> </strong></span> 
     </span>
    </p>
   </div>
   <div class='ocr_carea' id='block_1_7' title="bbox 859 175 863 2647">
    <p class='ocr_par' dir='ltr' id='par_1_8' title="bbox 859 175 863 2647">
     <span class='ocr_line' id='line_1_71' title="bbox 859 175 863 2647; baseline 0 0"><span class='ocrx_word' id='word_1_538' title='bbox 859 175 863 2647; x_wconf 95' lang='lat' dir='ltr'><strong> </strong></span> 
     </span>
    </p>
   </div>
   <div class='ocr_carea' id='block_1_8' title="bbox 863 2545 866 2666">
    <p class='ocr_par' dir='ltr' id='par_1_9' title="bbox 863 2545 866 2666">
     <span class='ocr_line' id='line_1_72' title="bbox 863 2545 866 2666; baseline 0 386"><span class='ocrx_word' id='word_1_539' title='bbox 863 2545 866 2666; x_wconf 95' lang='lat' dir='ltr'><strong> </strong></span> 
     </span>
    </p>
   </div>
   <div class='ocr_carea' id='block_1_9' title="bbox 1636 106 1685 131">
    <p class='ocr_par' dir='ltr' id='par_1_10' title="bbox 1636 106 1685 131">
     <span class='ocr_line' id='line_1_73' title="bbox 1636 106 1685 131; baseline 0.02 -1"><span class='ocrx_word' id='word_1_540' title='bbox 1636 106 1685 131; x_wconf 80' lang='lat'><strong>703</strong></span> 
     </span>
    </p>
   </div>
   <div class='ocr_carea' id='block_1_10' title="bbox 890 174 1690 1368">
    <p class='ocr_par' dir='ltr' id='par_1_11' title="bbox 890 174 1690 1368">
     <span class='ocr_line' id='line_1_74' title="bbox 890 174 1688 202; baseline 0 0"><span class='ocrx_word' id='word_1_541' title='bbox 890 177 998 202; x_wconf 90' lang='lat' dir='ltr'><strong>erroris.</strong></span> <span class='ocrx_word' id='word_1_542' title='bbox 1040 178 1064 202; x_wconf 91' lang='lat'><strong>8.</strong></span> <span class='ocrx_word' id='word_1_543' title='bbox 1087 177 1217 202; x_wconf 88' lang='lat' dir='ltr'><strong>Notantur</strong></span> <span class='ocrx_word' id='word_1_544' title='bbox 1231 181 1320 202; x_wconf 87' lang='lat' dir='ltr'><strong>autem</strong></span> <span class='ocrx_word' id='word_1_545' title='bbox 1332 175 1401 201; x_wconf 88' lang='lat' dir='ltr'><strong>mihi</strong></span> <span class='ocrx_word' id='word_1_546' title='bbox 1413 174 1445 201; x_wconf 90' lang='lat' dir='ltr'><strong>ad</strong></span> <span class='ocrx_word' id='word_1_547' title='bbox 1457 174 1637 201; x_wconf 89' lang='lat' dir='ltr'><strong>divinandum</strong></span> <span class='ocrx_word' id='word_1_548' title='bbox 1649 176 1688 202; x_wconf 92' lang='lat' dir='ltr'><strong>si-</strong></span> 
     </span>
     <span class='ocr_line' id='line_1_75' title="bbox 890 212 1688 249; baseline -0.001 -10"><span class='ocrx_word' id='word_1_549' title='bbox 890 222 943 249; x_wconf 80' lang='lat' dir='ltr'><strong>gna</strong></span> <span class='ocrx_word' id='word_1_550' title='bbox 954 213 1058 248; x_wconf 92' lang='lat' dir='ltr'><strong>duplici</strong></span> <span class='ocrx_word' id='word_1_551' title='bbox 1069 214 1186 248; x_wconf 89' lang='lat' dir='ltr'><strong>quadam</strong></span> <span class='ocrx_word' id='word_1_552' title='bbox 1197 213 1254 239; x_wconf 88' lang='lat' dir='ltr'><strong>via:</strong></span> <span class='ocrx_word' id='word_1_553' title='bbox 1267 222 1382 248; x_wconf 87' lang='lat' dir='ltr'><strong>quarum</strong></span> <span class='ocrx_word' id='word_1_554' title='bbox 1395 212 1504 238; x_wconf 86' lang='lat' dir='ltr'><strong>alteram</strong></span> <span class='ocrx_word' id='word_1_555' title='bbox 1517 213 1586 239; x_wconf 86' lang='lat' dir='ltr'><strong>duco</strong></span> <span class='ocrx_word' id='word_1_556' title='bbox 1596 222 1611 239; x_wconf 89' lang='lat' dir='ltr'><strong>a</strong></span> <span class='ocrx_word' id='word_1_557' title='bbox 1621 212 1688 239; x_wconf 89' lang='lat' dir='ltr'><strong>Cae—</strong></span> 
     </span>
     <span class='ocr_line' id='line_1_76' title="bbox 890 249 1687 285; baseline -0.001 -8"><span class='ocrx_word' id='word_1_558' title='bbox 890 260 949 277; x_wconf 90' lang='lat' dir='ltr'><strong>sare</strong></span> <span class='ocrx_word' id='word_1_559' title='bbox 962 252 1033 285; x_wconf 89' lang='lat' dir='ltr'><strong>ipso,</strong></span> <span class='ocrx_word' id='word_1_560' title='bbox 1057 251 1166 277; x_wconf 88' lang='lat' dir='ltr'><strong>alteram</strong></span> <span class='ocrx_word' id='word_1_561' title='bbox 1178 260 1191 277; x_wconf 93' lang='lat' dir='ltr'><strong>e</strong></span> <span class='ocrx_word' id='word_1_562' title='bbox 1204 256 1354 285; x_wconf 87' lang='lat' dir='ltr'><strong>temporum</strong></span> <span class='ocrx_word' id='word_1_563' title='bbox 1366 249 1490 276; x_wconf 86' lang='lat' dir='ltr'><strong>civilium</strong></span> <span class='ocrx_word' id='word_1_564' title='bbox 1502 255 1596 276; x_wconf 90' lang='lat' dir='ltr'><strong>natura</strong></span> <span class='ocrx_word' id='word_1_565' title='bbox 1607 255 1687 285; x_wconf 89' lang='lat' dir='ltr'><strong>atque</strong></span> 
     </span>
     <span class='ocr_line' id='line_1_77' title="bbox 891 287 1688 322; baseline -0.001 -8"><span class='ocrx_word' id='word_1_566' title='bbox 891 289 1002 315; x_wconf 88' lang='lat' dir='ltr'><strong>ratione.</strong></span> <span class='ocrx_word' id='word_1_567' title='bbox 1037 289 1067 314; x_wconf 89' lang='lat' dir='ltr'><strong>In</strong></span> <span class='ocrx_word' id='word_1_568' title='bbox 1079 288 1189 314; x_wconf 85' lang='lat' dir='ltr'><strong>Caesare</strong></span> <span class='ocrx_word' id='word_1_569' title='bbox 1202 289 1267 314; x_wconf 87' lang='lat' dir='ltr'><strong>haec</strong></span> <span class='ocrx_word' id='word_1_570' title='bbox 1278 293 1354 314; x_wconf 90' lang='lat' dir='ltr'><strong>sunt:</strong></span> <span class='ocrx_word' id='word_1_571' title='bbox 1369 288 1443 313; x_wconf 87' lang='lat' dir='ltr'><strong>mitis</strong></span> <span class='ocrx_word' id='word_1_572' title='bbox 1455 287 1628 322; x_wconf 90' lang='lat' dir='ltr'><strong>clemensque</strong></span> <span class='ocrx_word' id='word_1_573' title='bbox 1641 296 1688 313; x_wconf 92' lang='lat' dir='ltr'><strong>na-</strong></span> 
     </span>
     <span class='ocr_line' id='line_1_78' title="bbox 891 324 1688 360; baseline -0.001 -9"><span class='ocrx_word' id='word_1_574' title='bbox 891 330 963 356; x_wconf 90' lang='lat' dir='ltr'><strong>tura,</strong></span> <span class='ocrx_word' id='word_1_575' title='bbox 986 325 1076 360; x_wconf 88' lang='lat' dir='ltr'><strong>qualis</strong></span> <span class='ocrx_word' id='word_1_576' title='bbox 1092 326 1254 360; x_wconf 81' lang='lat' dir='ltr'><strong>exprimitur</strong></span> <span class='ocrx_word' id='word_1_577' title='bbox 1268 324 1404 359; x_wconf 88' lang='lat' dir='ltr'><strong>praeclaro</strong></span> <span class='ocrx_word' id='word_1_578' title='bbox 1420 324 1465 351; x_wconf 93' lang='lat' dir='ltr'><strong>illo</strong></span> <span class='ocrx_word' id='word_1_579' title='bbox 1482 324 1551 351; x_wconf 88' lang='lat' dir='ltr'><strong>libro</strong></span> <span class='ocrx_word' id='word_1_580' title='bbox 1564 325 1688 356; x_wconf 81' lang='lat' dir='ltr'><strong>Querela-</strong></span> 
     </span>
     <span class='ocr_line' id='line_1_79' title="bbox 890 361 1689 398; baseline 0 -10"><span class='ocrx_word' id='word_1_581' title='bbox 890 371 948 388; x_wconf 83' lang='lat' dir='ltr'><strong>rum</strong></span> <span class='ocrx_word' id='word_1_582' title='bbox 960 367 1077 389; x_wconf 90' lang='lat' dir='ltr'><strong>tuarum.</strong></span> <span class='ocrx_word' id='word_1_583' title='bbox 1118 363 1241 393; x_wconf 76' lang='lat' dir='ltr'><strong>Accedit,</strong></span> <span class='ocrx_word' id='word_1_584' title='bbox 1259 362 1332 397; x_wconf 86' lang='lat' dir='ltr'><strong>quod</strong></span> <span class='ocrx_word' id='word_1_585' title='bbox 1344 361 1456 388; x_wconf 77' lang='lat' dir='ltr'><strong>mirifice</strong></span> <span class='ocrx_word' id='word_1_586' title='bbox 1469 362 1587 398; x_wconf 78' lang='lat' dir='ltr'><strong>ingeniis</strong></span> <span class='ocrx_word' id='word_1_587' title='bbox 1598 361 1689 388; x_wconf 74' lang='lat' dir='ltr'><strong>excel-</strong></span> 
     </span>
     <span class='ocr_line' id='line_1_80' title="bbox 892 399 1690 434; baseline 0 -9"><span class='ocrx_word' id='word_1_588' title='bbox 892 399 1019 431; x_wconf 76' lang='lat' dir='ltr'><strong>lentibus,</strong></span> <span class='ocrx_word' id='word_1_589' title='bbox 1032 399 1112 434; x_wconf 90' lang='lat' dir='ltr'><strong>quale</strong></span> <span class='ocrx_word' id='word_1_590' title='bbox 1123 405 1163 426; x_wconf 90' lang='lat' dir='ltr'><strong>est</strong></span> <span class='ocrx_word' id='word_1_591' title='bbox 1174 405 1260 430; x_wconf 92' lang='lat' dir='ltr'><strong>tuum,</strong></span> <span class='ocrx_word' id='word_1_592' title='bbox 1273 399 1428 425; x_wconf 85' lang='lat' dir='ltr'><strong>delectatur.</strong></span> <span class='ocrx_word' id='word_1_593' title='bbox 1470 400 1607 426; x_wconf 87' lang='lat' dir='ltr'><strong>Praeterea</strong></span> <span class='ocrx_word' id='word_1_594' title='bbox 1617 399 1690 426; x_wconf 86' lang='lat' dir='ltr'><strong>cedit</strong></span> 
     </span>
     <span class='ocr_line' id='line_1_81' title="bbox 892 436 1689 471; baseline -0.001 -8"><span class='ocrx_word' id='word_1_595' title='bbox 892 437 1037 463; x_wconf 88' lang='lat' dir='ltr'><strong>multorum</strong></span> <span class='ocrx_word' id='word_1_596' title='bbox 1050 438 1128 463; x_wconf 85' lang='lat' dir='ltr'><strong>iustis</strong></span> <span class='ocrx_word' id='word_1_597' title='bbox 1140 437 1276 471; x_wconf 70' lang='lat' dir='ltr'><strong>precibus.v</strong></span> <span class='ocrx_word' id='word_1_598' title='bbox 1290 441 1316 462; x_wconf 85' lang='lat' dir='ltr'><strong>et</strong></span> <span class='ocrx_word' id='word_1_599' title='bbox 1325 436 1413 462; x_wconf 83' lang='lat' dir='ltr'><strong>officio</strong></span> <span class='ocrx_word' id='word_1_600' title='bbox 1426 437 1552 468; x_wconf 86' lang='lat' dir='ltr'><strong>incensis,</strong></span> <span class='ocrx_word' id='word_1_601' title='bbox 1566 445 1618 463; x_wconf 88' lang='lat' dir='ltr'><strong>non</strong></span> <span class='ocrx_word' id='word_1_602' title='bbox 1630 437 1689 462; x_wconf 88' lang='lat' dir='ltr'><strong>ina-</strong></span> 
     </span>
     <span class='ocr_line' id='line_1_82' title="bbox 891 474 1689 509; baseline 0 -9"><span class='ocrx_word' id='word_1_603' title='bbox 891 474 973 500; x_wconf 91' lang='lat' dir='ltr'><strong>nibus</strong></span> <span class='ocrx_word' id='word_1_604' title='bbox 985 479 1031 500; x_wconf 91' lang='lat' dir='ltr'><strong>aut</strong></span> <span class='ocrx_word' id='word_1_605' title='bbox 1041 475 1201 505; x_wconf 84' lang='lat' dir='ltr'><strong>ambitiosis,</strong></span> <span class='ocrx_word' id='word_1_606' title='bbox 1216 474 1410 500; x_wconf 82' lang='lat' dir='ltr'><strong>voluntatibus.</strong></span> <span class='ocrx_word' id='word_1_607' title='bbox 1438 474 1466 500; x_wconf 93' lang='lat' dir='ltr'><strong>In</strong></span> <span class='ocrx_word' id='word_1_608' title='bbox 1478 483 1531 509; x_wconf 92' lang='lat' dir='ltr'><strong>quo</strong></span> <span class='ocrx_word' id='word_1_609' title='bbox 1541 474 1689 500; x_wconf 86' lang='lat' dir='ltr'><strong>vehemen-</strong></span> 
     </span>
     <span class='ocr_line' id='line_1_83' title="bbox 891 511 1689 538; baseline 0 -1"><span class='ocrx_word' id='word_1_610' title='bbox 891 516 930 538; x_wconf 88' lang='lat' dir='ltr'><strong>ter</strong></span> <span class='ocrx_word' id='word_1_611' title='bbox 945 520 1008 537; x_wconf 87' lang='lat' dir='ltr'><strong>eum</strong></span> <span class='ocrx_word' id='word_1_612' title='bbox 1024 513 1195 537; x_wconf 90' lang='lat' dir='ltr'><strong>consentiens</strong></span> <span class='ocrx_word' id='word_1_613' title='bbox 1210 512 1317 537; x_wconf 88' lang='lat' dir='ltr'><strong>Etruria</strong></span> <span class='ocrx_word' id='word_1_614' title='bbox 1337 511 1466 537; x_wconf 90' lang='lat' dir='ltr'><strong>movebit.</strong></span> <span class='ocrx_word' id='word_1_615' title='bbox 1507 513 1532 538; x_wconf 85' lang='lat'><strong>9.</strong></span> <span class='ocrx_word' id='word_1_616' title='bbox 1554 511 1608 538; x_wconf 92' lang='lat' dir='ltr'><strong>Cur</strong></span> <span class='ocrx_word' id='word_1_617' title='bbox 1623 511 1689 537; x_wconf 86' lang='lat' dir='ltr'><strong>haec</strong></span> 
     </span>
     <span class='ocr_line' id='line_1_84' title="bbox 892 547 1689 583; baseline 0 -9"><span class='ocrx_word' id='word_1_618' title='bbox 892 549 976 583; x_wconf 77' lang='lat' dir='ltr'><strong>igitur</strong></span> <span class='ocrx_word' id='word_1_619' title='bbox 990 548 1079 574; x_wconf 85' lang='lat' dir='ltr'><strong>adhuc</strong></span> <span class='ocrx_word' id='word_1_620' title='bbox 1094 557 1189 583; x_wconf 89' lang='lat' dir='ltr'><strong>parum</strong></span> <span class='ocrx_word' id='word_1_621' title='bbox 1205 547 1393 583; x_wconf 73' lang='lat' dir='ltr'><strong>profecerunt?</strong></span> <span class='ocrx_word' id='word_1_622' title='bbox 1417 548 1485 580; x_wconf 87' lang='lat' dir='ltr'><strong>Quia</strong></span> <span class='ocrx_word' id='word_1_623' title='bbox 1502 558 1553 575; x_wconf 90' lang='lat' dir='ltr'><strong>non</strong></span> <span class='ocrx_word' id='word_1_624' title='bbox 1569 554 1644 583; x_wconf 88' lang='lat' dir='ltr'><strong>putat</strong></span> <span class='ocrx_word' id='word_1_625' title='bbox 1659 557 1689 574; x_wconf 88' lang='lat' dir='ltr'><strong>se</strong></span> 
     </span>
     <span class='ocr_line' id='line_1_85' title="bbox 891 585 1689 620; baseline 0.001 -9"><span class='ocrx_word' id='word_1_626' title='bbox 891 587 1024 612; x_wconf 89' lang='lat' dir='ltr'><strong>sustinere</strong></span> <span class='ocrx_word' id='word_1_627' title='bbox 1036 595 1146 612; x_wconf 87' lang='lat' dir='ltr'><strong>caussas</strong></span> <span class='ocrx_word' id='word_1_628' title='bbox 1156 595 1235 620; x_wconf 89' lang='lat' dir='ltr'><strong>posse</strong></span> <span class='ocrx_word' id='word_1_629' title='bbox 1246 585 1406 616; x_wconf 86' lang='lat' dir='ltr'><strong>multorum,</strong></span> <span class='ocrx_word' id='word_1_630' title='bbox 1420 586 1444 611; x_wconf 87' lang='lat' dir='ltr'><strong>si</strong></span> <span class='ocrx_word' id='word_1_631' title='bbox 1456 586 1519 617; x_wconf 87' lang='lat' dir='ltr'><strong>tibi,</strong></span> <span class='ocrx_word' id='word_1_632' title='bbox 1533 587 1578 612; x_wconf 92' lang='lat' dir='ltr'><strong>cui</strong></span> <span class='ocrx_word' id='word_1_633' title='bbox 1590 586 1689 612; x_wconf 87' lang='lat' dir='ltr'><strong>iustius</strong></span> 
     </span>
     <span class='ocr_line' id='line_1_86' title="bbox 890 623 1689 658; baseline 0.001 -9"><span class='ocrx_word' id='word_1_634' title='bbox 890 623 998 649; x_wconf 84' lang='lat' dir='ltr'><strong>videtur</strong></span> <span class='ocrx_word' id='word_1_635' title='bbox 1010 623 1089 649; x_wconf 89' lang='lat' dir='ltr'><strong>irasci</strong></span> <span class='ocrx_word' id='word_1_636' title='bbox 1100 632 1189 657; x_wconf 87' lang='lat' dir='ltr'><strong>posse,</strong></span> <span class='ocrx_word' id='word_1_637' title='bbox 1202 623 1374 649; x_wconf 84' lang='lat' dir='ltr'><strong>concesserit.</strong></span> <span class='ocrx_word' id='word_1_638' title='bbox 1405 623 1478 655; x_wconf 90' lang='lat' dir='ltr'><strong>Quae</strong></span> <span class='ocrx_word' id='word_1_639' title='bbox 1489 628 1529 649; x_wconf 89' lang='lat' dir='ltr'><strong>est</strong></span> <span class='ocrx_word' id='word_1_640' title='bbox 1542 624 1632 658; x_wconf 77' lang='lat' dir='ltr'><strong>igitur,</strong></span> <span class='ocrx_word' id='word_1_641' title='bbox 1646 624 1689 650; x_wconf 94' lang='lat' dir='ltr'><strong>in-</strong></span> 
     </span>
     <span class='ocr_line' id='line_1_87' title="bbox 890 659 1689 695; baseline 0.001 -9"><span class='ocrx_word' id='word_1_642' title='bbox 890 661 982 695; x_wconf 88' lang='lat' dir='ltr'><strong>quies,</strong></span> <span class='ocrx_word' id='word_1_643' title='bbox 1000 669 1062 695; x_wconf 91' lang='lat' dir='ltr'><strong>spes</strong></span> <span class='ocrx_word' id='word_1_644' title='bbox 1078 661 1112 686; x_wconf 89' lang='lat' dir='ltr'><strong>ab</strong></span> <span class='ocrx_word' id='word_1_645' title='bbox 1129 660 1211 687; x_wconf 74' lang='lat' dir='ltr'><strong>irato?</strong></span> <span class='ocrx_word' id='word_1_646' title='bbox 1230 660 1331 686; x_wconf 89' lang='lat' dir='ltr'><strong>Eodem</strong></span> <span class='ocrx_word' id='word_1_647' title='bbox 1348 659 1418 686; x_wconf 86' lang='lat' dir='ltr'><strong>fonte</strong></span> <span class='ocrx_word' id='word_1_648' title='bbox 1434 669 1462 686; x_wconf 88' lang='lat' dir='ltr'><strong>se</strong></span> <span class='ocrx_word' id='word_1_649' title='bbox 1474 660 1634 686; x_wconf 87' lang='lat' dir='ltr'><strong>hausturum</strong></span> <span class='ocrx_word' id='word_1_650' title='bbox 1646 661 1689 687; x_wconf 91' lang='lat' dir='ltr'><strong>in-</strong></span> 
     </span>
     <span class='ocr_line' id='line_1_88' title="bbox 890 697 1689 733; baseline 0.001 -10"><span class='ocrx_word' id='word_1_651' title='bbox 890 697 989 733; x_wconf 81' lang='lat' dir='ltr'><strong>telligit</strong></span> <span class='ocrx_word' id='word_1_652' title='bbox 1006 697 1099 724; x_wconf 88' lang='lat' dir='ltr'><strong>laudes</strong></span> <span class='ocrx_word' id='word_1_653' title='bbox 1115 707 1191 728; x_wconf 88' lang='lat' dir='ltr'><strong>suas,</strong></span> <span class='ocrx_word' id='word_1_654' title='bbox 1209 706 1223 723; x_wconf 92' lang='lat' dir='ltr'><strong>e</strong></span> <span class='ocrx_word' id='word_1_655' title='bbox 1239 706 1293 732; x_wconf 90' lang='lat' dir='ltr'><strong>quo</strong></span> <span class='ocrx_word' id='word_1_656' title='bbox 1307 698 1343 723; x_wconf 88' lang='lat' dir='ltr'><strong>sit</strong></span> <span class='ocrx_word' id='word_1_657' title='bbox 1355 697 1449 723; x_wconf 84' lang='lat' dir='ltr'><strong>leviter</strong></span> <span class='ocrx_word' id='word_1_658' title='bbox 1460 706 1597 732; x_wconf 88' lang='lat' dir='ltr'><strong>aspersus.</strong></span> <span class='ocrx_word' id='word_1_659' title='bbox 1639 699 1689 724; x_wconf 90' lang='lat' dir='ltr'><strong>Po-</strong></span> 
     </span>
     <span class='ocr_line' id='line_1_89' title="bbox 890 734 1686 769; baseline 0 -9"><span class='ocrx_word' id='word_1_660' title='bbox 890 739 990 761; x_wconf 87' lang='lat' dir='ltr'><strong>stremo</strong></span> <span class='ocrx_word' id='word_1_661' title='bbox 1006 735 1086 761; x_wconf 92' lang='lat' dir='ltr'><strong>homo</strong></span> <span class='ocrx_word' id='word_1_662' title='bbox 1102 735 1180 760; x_wconf 89' lang='lat' dir='ltr'><strong>valde</strong></span> <span class='ocrx_word' id='word_1_663' title='bbox 1196 739 1236 761; x_wconf 86' lang='lat' dir='ltr'><strong>est</strong></span> <span class='ocrx_word' id='word_1_664' title='bbox 1251 739 1345 760; x_wconf 88' lang='lat' dir='ltr'><strong>acutus</strong></span> <span class='ocrx_word' id='word_1_665' title='bbox 1361 739 1387 760; x_wconf 89' lang='lat' dir='ltr'><strong>et</strong></span> <span class='ocrx_word' id='word_1_666' title='bbox 1398 734 1514 760; x_wconf 90' lang='lat' dir='ltr'><strong>multum</strong></span> <span class='ocrx_word' id='word_1_667' title='bbox 1526 735 1686 769; x_wconf 85' lang='lat' dir='ltr'><strong>providens:</strong></span> 
     </span>
     <span class='ocr_line' id='line_1_90' title="bbox 891 771 1690 807; baseline 0 -9"><span class='ocrx_word' id='word_1_668' title='bbox 891 771 1020 807; x_wconf 81' lang='lat' dir='ltr'><strong>intelligit</strong></span> <span class='ocrx_word' id='word_1_669' title='bbox 1036 777 1073 803; x_wconf 89' lang='lat' dir='ltr'><strong>te,</strong></span> <span class='ocrx_word' id='word_1_670' title='bbox 1096 772 1234 798; x_wconf 89' lang='lat' dir='ltr'><strong>hominem</strong></span> <span class='ocrx_word' id='word_1_671' title='bbox 1250 772 1278 798; x_wconf 93' lang='lat' dir='ltr'><strong>in</strong></span> <span class='ocrx_word' id='word_1_672' title='bbox 1294 776 1367 805; x_wconf 91' lang='lat' dir='ltr'><strong>parte</strong></span> <span class='ocrx_word' id='word_1_673' title='bbox 1384 771 1474 797; x_wconf 89' lang='lat' dir='ltr'><strong>Italiae</strong></span> <span class='ocrx_word' id='word_1_674' title='bbox 1494 773 1606 798; x_wconf 89' lang='lat' dir='ltr'><strong>minime</strong></span> <span class='ocrx_word' id='word_1_675' title='bbox 1625 782 1690 799; x_wconf 83' lang='lat' dir='ltr'><strong>con-</strong></span> 
     </span>
     <span class='ocr_line' id='line_1_91' title="bbox 891 808 1689 836; baseline 0 -1"><span class='ocrx_word' id='word_1_676' title='bbox 891 809 1034 835; x_wconf 88' lang='lat' dir='ltr'><strong>temnenda</strong></span> <span class='ocrx_word' id='word_1_677' title='bbox 1047 809 1125 835; x_wconf 83' lang='lat' dir='ltr'><strong>facile</strong></span> <span class='ocrx_word' id='word_1_678' title='bbox 1135 809 1258 835; x_wconf 87' lang='lat' dir='ltr'><strong>omnium</strong></span> <span class='ocrx_word' id='word_1_679' title='bbox 1270 808 1473 834; x_wconf 88' lang='lat' dir='ltr'><strong>nobilissimum</strong></span> <span class='ocrx_word' id='word_1_680' title='bbox 1485 810 1543 835; x_wconf 91' lang='lat' dir='ltr'><strong>etin</strong></span> <span class='ocrx_word' id='word_1_681' title='bbox 1551 810 1689 836; x_wconf 90' lang='lat' dir='ltr'><strong>communi</strong></span> 
     </span>
     <span class='ocr_line' id='line_1_92' title="bbox 891 846 1690 882; baseline 0 -9"><span class='ocrx_word' id='word_1_682' title='bbox 891 846 1030 882; x_wconf 85' lang='lat' dir='ltr'><strong>republica</strong></span> <span class='ocrx_word' id='word_1_683' title='bbox 1046 847 1135 873; x_wconf 87' lang='lat' dir='ltr'><strong>cuivis</strong></span> <span class='ocrx_word' id='word_1_684' title='bbox 1153 855 1323 873; x_wconf 89' lang='lat' dir='ltr'><strong>summorum</strong></span> <span class='ocrx_word' id='word_1_685' title='bbox 1340 851 1399 872; x_wconf 91' lang='lat' dir='ltr'><strong>tuae</strong></span> <span class='ocrx_word' id='word_1_686' title='bbox 1415 847 1508 872; x_wconf 86' lang='lat' dir='ltr'><strong>aetatis</strong></span> <span class='ocrx_word' id='word_1_687' title='bbox 1526 846 1568 872; x_wconf 85' lang='lat' dir='ltr'><strong>vel</strong></span> <span class='ocrx_word' id='word_1_688' title='bbox 1580 847 1690 882; x_wconf 82' lang='lat' dir='ltr'><strong>ingenio</strong></span> 
     </span>
     <span class='ocr_line' id='line_1_93' title="bbox 892 883 1690 920; baseline 0 -10"><span class='ocrx_word' id='word_1_689' title='bbox 892 885 933 911; x_wconf 93' lang='lat' dir='ltr'><strong>vel</strong></span> <span class='ocrx_word' id='word_1_690' title='bbox 949 885 1034 920; x_wconf 84' lang='lat' dir='ltr'><strong>gratia</strong></span> <span class='ocrx_word' id='word_1_691' title='bbox 1052 884 1093 910; x_wconf 87' lang='lat' dir='ltr'><strong>vel</strong></span> <span class='ocrx_word' id='word_1_692' title='bbox 1110 884 1179 910; x_wconf 88' lang='lat' dir='ltr'><strong>fama</strong></span> <span class='ocrx_word' id='word_1_693' title='bbox 1191 883 1286 918; x_wconf 91' lang='lat' dir='ltr'><strong>populi</strong></span> <span class='ocrx_word' id='word_1_694' title='bbox 1297 884 1410 910; x_wconf 88' lang='lat' dir='ltr'><strong>Romani</strong></span> <span class='ocrx_word' id='word_1_695' title='bbox 1421 892 1526 918; x_wconf 87' lang='lat' dir='ltr'><strong>parem,</strong></span> <span class='ocrx_word' id='word_1_696' title='bbox 1546 892 1598 910; x_wconf 89' lang='lat' dir='ltr'><strong>non</strong></span> <span class='ocrx_word' id='word_1_697' title='bbox 1610 892 1690 919; x_wconf 85' lang='lat' dir='ltr'><strong>posse</strong></span> 
     </span>
     <span class='ocr_line' id='line_1_94' title="bbox 890 920 1690 957; baseline 0 -9"><span class='ocrx_word' id='word_1_698' title='bbox 890 922 1030 957; x_wconf 89' lang='lat' dir='ltr'><strong>prohiberi</strong></span> <span class='ocrx_word' id='word_1_699' title='bbox 1042 922 1181 956; x_wconf 88' lang='lat' dir='ltr'><strong>republica</strong></span> <span class='ocrx_word' id='word_1_700' title='bbox 1192 921 1307 947; x_wconf 83' lang='lat' dir='ltr'><strong>diutius.</strong></span> <span class='ocrx_word' id='word_1_701' title='bbox 1348 920 1424 947; x_wconf 84' lang='lat' dir='ltr'><strong>Nolet</strong></span> <span class='ocrx_word' id='word_1_702' title='bbox 1436 921 1486 947; x_wconf 91' lang='lat' dir='ltr'><strong>hoc</strong></span> <span class='ocrx_word' id='word_1_703' title='bbox 1498 922 1625 956; x_wconf 86' lang='lat' dir='ltr'><strong>temporis</strong></span> <span class='ocrx_word' id='word_1_704' title='bbox 1641 930 1690 956; x_wconf 86' lang='lat' dir='ltr'><strong>po-</strong></span> 
     </span>
     <span class='ocr_line' id='line_1_95' title="bbox 891 958 1687 994; baseline -0.001 -9"><span class='ocrx_word' id='word_1_705' title='bbox 891 960 945 985; x_wconf 91' lang='lat' dir='ltr'><strong>tius</strong></span> <span class='ocrx_word' id='word_1_706' title='bbox 956 968 1016 986; x_wconf 89' lang='lat' dir='ltr'><strong>esse</strong></span> <span class='ocrx_word' id='word_1_707' title='bbox 1027 959 1173 994; x_wconf 89' lang='lat' dir='ltr'><strong>aliquando</strong></span> <span class='ocrx_word' id='word_1_708' title='bbox 1183 958 1355 989; x_wconf 81' lang='lat' dir='ltr'><strong>beneficium,</strong></span> <span class='ocrx_word' id='word_1_709' title='bbox 1370 967 1452 993; x_wconf 90' lang='lat' dir='ltr'><strong>quam</strong></span> <span class='ocrx_word' id='word_1_710' title='bbox 1464 959 1517 984; x_wconf 92' lang='lat' dir='ltr'><strong>iam</strong></span> <span class='ocrx_word' id='word_1_711' title='bbox 1528 967 1619 985; x_wconf 83' lang='lat' dir='ltr'><strong>suum.</strong></span> <span class='ocrx_word' id='word_1_712' title='bbox 1648 960 1687 984; x_wconf 80' lang='lat' dir='ltr'><strong>to.</strong></span> 
     </span>
     <span class='ocr_line' id='line_1_96' title="bbox 890 995 1689 1031; baseline -0.001 -8"><span class='ocrx_word' id='word_1_713' title='bbox 890 998 952 1023; x_wconf 83' lang='lat' dir='ltr'><strong>Dixi</strong></span> <span class='ocrx_word' id='word_1_714' title='bbox 963 997 997 1023; x_wconf 93' lang='lat' dir='ltr'><strong>de</strong></span> <span class='ocrx_word' id='word_1_715' title='bbox 1008 997 1135 1024; x_wconf 85' lang='lat' dir='ltr'><strong>Caesare:</strong></span> <span class='ocrx_word' id='word_1_716' title='bbox 1153 1004 1226 1022; x_wconf 88' lang='lat' dir='ltr'><strong>nunc</strong></span> <span class='ocrx_word' id='word_1_717' title='bbox 1236 995 1325 1021; x_wconf 88' lang='lat' dir='ltr'><strong>dicam</strong></span> <span class='ocrx_word' id='word_1_718' title='bbox 1337 995 1369 1022; x_wconf 93' lang='lat' dir='ltr'><strong>de</strong></span> <span class='ocrx_word' id='word_1_719' title='bbox 1381 1000 1532 1031; x_wconf 90' lang='lat' dir='ltr'><strong>temporum</strong></span> <span class='ocrx_word' id='word_1_720' title='bbox 1544 1004 1689 1031; x_wconf 90' lang='lat' dir='ltr'><strong>rerumque</strong></span> 
     </span>
     <span class='ocr_line' id='line_1_97' title="bbox 891 1033 1689 1068; baseline -0.003 -7"><span class='ocrx_word' id='word_1_721' title='bbox 891 1039 995 1061; x_wconf 83' lang='lat' dir='ltr'><strong>natura.</strong></span> <span class='ocrx_word' id='word_1_722' title='bbox 1036 1035 1120 1060; x_wconf 90' lang='lat' dir='ltr'><strong>Nemo</strong></span> <span class='ocrx_word' id='word_1_723' title='bbox 1138 1038 1179 1061; x_wconf 86' lang='lat' dir='ltr'><strong>est</strong></span> <span class='ocrx_word' id='word_1_724' title='bbox 1199 1039 1254 1060; x_wconf 84' lang='lat' dir='ltr'><strong>tam</strong></span> <span class='ocrx_word' id='word_1_725' title='bbox 1272 1033 1401 1059; x_wconf 90' lang='lat' dir='ltr'><strong>inimicus</strong></span> <span class='ocrx_word' id='word_1_726' title='bbox 1418 1034 1443 1059; x_wconf 88' lang='lat' dir='ltr'><strong>ei</strong></span> <span class='ocrx_word' id='word_1_727' title='bbox 1459 1042 1584 1065; x_wconf 86' lang='lat' dir='ltr'><strong>caussae,</strong></span> <span class='ocrx_word' id='word_1_728' title='bbox 1607 1042 1689 1068; x_wconf 91' lang='lat' dir='ltr'><strong>quam</strong></span> 
     </span>
     <span class='ocr_line' id='line_1_98' title="bbox 890 1070 1687 1107; baseline -0.003 -8"><span class='ocrx_word' id='word_1_729' title='bbox 890 1072 1036 1107; x_wconf 85' lang='lat' dir='ltr'><strong>Pompeius</strong></span> <span class='ocrx_word' id='word_1_730' title='bbox 1052 1073 1187 1098; x_wconf 89' lang='lat' dir='ltr'><strong>animatus</strong></span> <span class='ocrx_word' id='word_1_731' title='bbox 1198 1070 1298 1097; x_wconf 88' lang='lat' dir='ltr'><strong>melius</strong></span> <span class='ocrx_word' id='word_1_732' title='bbox 1310 1080 1391 1105; x_wconf 87' lang='lat' dir='ltr'><strong>quarn</strong></span> <span class='ocrx_word' id='word_1_733' title='bbox 1403 1076 1511 1105; x_wconf 91' lang='lat' dir='ltr'><strong>paratus</strong></span> <span class='ocrx_word' id='word_1_734' title='bbox 1522 1076 1687 1106; x_wconf 84' lang='lat' dir='ltr'><strong>susceperat,</strong></span> 
     </span>
     <span class='ocr_line' id='line_1_99' title="bbox 890 1108 1689 1144; baseline -0.003 -8"><span class='ocrx_word' id='word_1_735' title='bbox 890 1110 939 1144; x_wconf 88' lang='lat' dir='ltr'><strong>qui</strong></span> <span class='ocrx_word' id='word_1_736' title='bbox 950 1118 998 1136; x_wconf 87' lang='lat' dir='ltr'><strong>nos</strong></span> <span class='ocrx_word' id='word_1_737' title='bbox 1010 1109 1095 1136; x_wconf 90' lang='lat' dir='ltr'><strong>malos</strong></span> <span class='ocrx_word' id='word_1_738' title='bbox 1106 1110 1180 1135; x_wconf 87' lang='lat' dir='ltr'><strong>cives</strong></span> <span class='ocrx_word' id='word_1_739' title='bbox 1191 1108 1290 1138; x_wconf 84' lang='lat' dir='ltr'><strong>dicere,</strong></span> <span class='ocrx_word' id='word_1_740' title='bbox 1300 1113 1345 1134; x_wconf 88' lang='lat' dir='ltr'><strong>aut</strong></span> <span class='ocrx_word' id='word_1_741' title='bbox 1357 1108 1479 1135; x_wconf 89' lang='lat' dir='ltr'><strong>homines</strong></span> <span class='ocrx_word' id='word_1_742' title='bbox 1492 1108 1629 1143; x_wconf 89' lang='lat' dir='ltr'><strong>improbos</strong></span> <span class='ocrx_word' id='word_1_743' title='bbox 1641 1117 1689 1134; x_wconf 90' lang='lat' dir='ltr'><strong>au—</strong></span> 
     </span>
     <span class='ocr_line' id='line_1_100' title="bbox 890 1146 1688 1182; baseline -0.001 -9"><span class='ocrx_word' id='word_1_744' title='bbox 890 1147 961 1173; x_wconf 76' lang='lat' dir='ltr'><strong>deat,</strong></span> <span class='ocrx_word' id='word_1_745' title='bbox 1002 1148 1030 1173; x_wconf 90' lang='lat' dir='ltr'><strong>ln</strong></span> <span class='ocrx_word' id='word_1_746' title='bbox 1046 1156 1100 1182; x_wconf 89' lang='lat' dir='ltr'><strong>quo</strong></span> <span class='ocrx_word' id='word_1_747' title='bbox 1116 1146 1245 1172; x_wconf 89' lang='lat' dir='ltr'><strong>admirari</strong></span> <span class='ocrx_word' id='word_1_748' title='bbox 1258 1146 1332 1172; x_wconf 90' lang='lat' dir='ltr'><strong>soleo</strong></span> <span class='ocrx_word' id='word_1_749' title='bbox 1346 1146 1505 1181; x_wconf 82' lang='lat' dir='ltr'><strong>gravitatem</strong></span> <span class='ocrx_word' id='word_1_750' title='bbox 1520 1151 1546 1172; x_wconf 86' lang='lat' dir='ltr'><strong>et</strong></span> <span class='ocrx_word' id='word_1_751' title='bbox 1558 1147 1688 1172; x_wconf 87' lang='lat' dir='ltr'><strong>iustitiam</strong></span> 
     </span>
     <span class='ocr_line' id='line_1_101' title="bbox 890 1183 1690 1219; baseline -0.001 -9"><span class='ocrx_word' id='word_1_752' title='bbox 890 1189 916 1210; x_wconf 95' lang='lat' dir='ltr'><strong>et</strong></span> <span class='ocrx_word' id='word_1_753' title='bbox 926 1185 1086 1219; x_wconf 80' lang='lat' dir='ltr'><strong>sapientiam</strong></span> <span class='ocrx_word' id='word_1_754' title='bbox 1098 1184 1234 1215; x_wconf 73' lang='lat' dir='ltr'><strong>Caesaris,</strong></span> <span class='ocrx_word' id='word_1_755' title='bbox 1248 1192 1398 1218; x_wconf 88' lang='lat' dir='ltr'><strong>numquam</strong></span> <span class='ocrx_word' id='word_1_756' title='bbox 1409 1184 1462 1209; x_wconf 86' lang='lat' dir='ltr'><strong>nisi</strong></span> <span class='ocrx_word' id='word_1_757' title='bbox 1475 1183 1690 1210; x_wconf 85' lang='lat' dir='ltr'><strong>honorificentis-</strong></span> 
     </span>
     <span class='ocr_line' id='line_1_102' title="bbox 890 1220 1689 1256; baseline -0.003 -8"><span class='ocrx_word' id='word_1_758' title='bbox 890 1222 959 1248; x_wconf 88' lang='lat' dir='ltr'><strong>sime</strong></span> <span class='ocrx_word' id='word_1_759' title='bbox 971 1222 1130 1256; x_wconf 87' lang='lat' dir='ltr'><strong>Pompeium</strong></span> <span class='ocrx_word' id='word_1_760' title='bbox 1142 1220 1268 1256; x_wconf 81' lang='lat' dir='ltr'><strong>appellat.</strong></span> <span class='ocrx_word' id='word_1_761' title='bbox 1309 1221 1342 1247; x_wconf 84' lang='lat' dir='ltr'><strong>At</strong></span> <span class='ocrx_word' id='word_1_762' title='bbox 1354 1221 1380 1247; x_wconf 91' lang='lat' dir='ltr'><strong>in</strong></span> <span class='ocrx_word' id='word_1_763' title='bbox 1393 1221 1451 1247; x_wconf 87' lang='lat' dir='ltr'><strong>eius</strong></span> <span class='ocrx_word' id='word_1_764' title='bbox 1464 1230 1605 1255; x_wconf 87' lang='lat' dir='ltr'><strong>personam</strong></span> <span class='ocrx_word' id='word_1_765' title='bbox 1618 1220 1689 1246; x_wconf 90' lang='lat' dir='ltr'><strong>mul·</strong></span> 
     </span>
     <span class='ocr_line' id='line_1_103' title="bbox 891 1257 1690 1293; baseline -0.001 -8"><span class='ocrx_word' id='word_1_766' title='bbox 891 1263 916 1285; x_wconf 89' lang='lat' dir='ltr'><strong>ta</strong></span> <span class='ocrx_word' id='word_1_767' title='bbox 928 1259 990 1285; x_wconf 85' lang='lat' dir='ltr'><strong>fecit</strong></span> <span class='ocrx_word' id='word_1_768' title='bbox 1001 1260 1135 1293; x_wconf 82' lang='lat' dir='ltr'><strong>asperius.</strong></span> <span class='ocrx_word' id='word_1_769' title='bbox 1176 1259 1319 1285; x_wconf 79' lang='lat' dir='ltr'><strong>Armorum</strong></span> <span class='ocrx_word' id='word_1_770' title='bbox 1335 1258 1384 1284; x_wconf 84' lang='lat' dir='ltr'><strong>ista</strong></span> <span class='ocrx_word' id='word_1_771' title='bbox 1401 1263 1426 1284; x_wconf 89' lang='lat' dir='ltr'><strong>et</strong></span> <span class='ocrx_word' id='word_1_772' title='bbox 1438 1259 1565 1284; x_wconf 89' lang='lat' dir='ltr'><strong>victoriae</strong></span> <span class='ocrx_word' id='word_1_773' title='bbox 1576 1263 1639 1285; x_wconf 89' lang='lat' dir='ltr'><strong>sunt</strong></span> <span class='ocrx_word' id='word_1_774' title='bbox 1651 1257 1690 1284; x_wconf 85' lang='lat' dir='ltr'><strong>fa-</strong></span> 
     </span>
     <span class='ocr_line' id='line_1_104' title="bbox 890 1295 1690 1330; baseline -0.001 -8"><span class='ocrx_word' id='word_1_775' title='bbox 890 1301 944 1326; x_wconf 85' lang='lat' dir='ltr'><strong>cta,</strong></span> <span class='ocrx_word' id='word_1_776' title='bbox 963 1305 1015 1322; x_wconf 88' lang='lat' dir='ltr'><strong>non</strong></span> <span class='ocrx_word' id='word_1_777' title='bbox 1031 1296 1163 1323; x_wconf 76' lang='lat' dir='ltr'><strong>Caesaris.</strong></span> <span class='ocrx_word' id='word_1_778' title='bbox 1203 1296 1237 1321; x_wconf 87' lang='lat' dir='ltr'><strong>At</strong></span> <span class='ocrx_word' id='word_1_779' title='bbox 1251 1304 1299 1321; x_wconf 89' lang='lat' dir='ltr'><strong>nos</strong></span> <span class='ocrx_word' id='word_1_780' title='bbox 1314 1295 1544 1330; x_wconf 86' lang='lat' dir='ltr'><strong>quemadmodum</strong></span> <span class='ocrx_word' id='word_1_781' title='bbox 1560 1301 1601 1322; x_wconf 88' lang='lat' dir='ltr'><strong>est</strong></span> <span class='ocrx_word' id='word_1_782' title='bbox 1615 1304 1690 1322; x_wconf 86' lang='lat' dir='ltr'><strong>com-</strong></span> 
     </span>
     <span class='ocr_line' id='line_1_105' title="bbox 891 1332 1690 1368; baseline -0.001 -9"><span class='ocrx_word' id='word_1_783' title='bbox 891 1333 1001 1368; x_wconf 80' lang='lat' dir='ltr'><strong>plexus!</strong></span> <span class='ocrx_word' id='word_1_784' title='bbox 1015 1333 1139 1360; x_wconf 88' lang='lat' dir='ltr'><strong>Cassium</strong></span> <span class='ocrx_word' id='word_1_785' title='bbox 1151 1333 1206 1359; x_wconf 89' lang='lat' dir='ltr'><strong>sibi</strong></span> <span class='ocrx_word' id='word_1_786' title='bbox 1219 1332 1330 1368; x_wconf 64' lang='lat' dir='ltr'><strong>legavit,</strong></span> <span class='ocrx_word' id='word_1_787' title='bbox 1345 1333 1456 1359; x_wconf 86' lang='lat' dir='ltr'><strong>Brutum</strong></span> <span class='ocrx_word' id='word_1_788' title='bbox 1470 1332 1573 1359; x_wconf 90' lang='lat' dir='ltr'><strong>Galliae</strong></span> <span class='ocrx_word' id='word_1_789' title='bbox 1585 1332 1690 1367; x_wconf 87' lang='lat' dir='ltr'><strong>praefe-</strong></span> 
     </span>
    </p>
   </div>
   <div class='ocr_carea' id='block_1_11' title="bbox 860 1370 1690 1406">
    <p class='ocr_par' dir='ltr' id='par_1_12' title="bbox 860 1370 1690 1406">
     <span class='ocr_line' id='line_1_106' title="bbox 860 1370 1690 1406; baseline -0.001 -9"><span class='ocrx_word' id='word_1_790' title='bbox 860 1382 868 1402; x_wconf 47' lang='grc'><strong>1</strong></span> <span class='ocrx_word' id='word_1_791' title='bbox 890 1370 1245 1406; x_wconf 76' lang='lat' dir='ltr'><strong>cit,SulpiciumGraeciae;</strong></span> <span class='ocrx_word' id='word_1_792' title='bbox 1260 1370 1425 1401; x_wconf 79' lang='lat' dir='ltr'><strong>Marcellum,</strong></span> <span class='ocrx_word' id='word_1_793' title='bbox 1441 1371 1486 1396; x_wconf 89' lang='lat' dir='ltr'><strong>cui</strong></span> <span class='ocrx_word' id='word_1_794' title='bbox 1498 1371 1615 1396; x_wconf 79' lang='lat' dir='ltr'><strong>maxime</strong></span> <span class='ocrx_word' id='word_1_795' title='bbox 1627 1378 1690 1396; x_wconf 87' lang='lat' dir='ltr'><strong>suc-</strong></span> 
     </span>
    </p>
   </div>
   <div class='ocr_carea' id='block_1_12' title="bbox 888 1408 1690 2266">
    <p class='ocr_par' dir='ltr' id='par_1_13' title="bbox 888 1408 1690 2266">
     <span class='ocr_line' id='line_1_107' title="bbox 891 1408 1687 1443; baseline -0.003 -8"><span class='ocrx_word' id='word_1_796' title='bbox 891 1410 1030 1440; x_wconf 83' lang='lat' dir='ltr'><strong>censebat,</strong></span> <span class='ocrx_word' id='word_1_797' title='bbox 1048 1418 1111 1435; x_wconf 89' lang='lat' dir='ltr'><strong>cum</strong></span> <span class='ocrx_word' id='word_1_798' title='bbox 1127 1417 1233 1435; x_wconf 88' lang='lat' dir='ltr'><strong>summa</strong></span> <span class='ocrx_word' id='word_1_799' title='bbox 1251 1408 1324 1434; x_wconf 85' lang='lat' dir='ltr'><strong>illius</strong></span> <span class='ocrx_word' id='word_1_800' title='bbox 1340 1408 1470 1443; x_wconf 78' lang='lat' dir='ltr'><strong>dignitate</strong></span> <span class='ocrx_word' id='word_1_801' title='bbox 1488 1408 1613 1434; x_wconf 79' lang='lat' dir='ltr'><strong>restituit.</strong></span> <span class='ocrx_word' id='word_1_802' title='bbox 1650 1409 1687 1433; x_wconf 89' lang='lat' dir='ltr'><strong>ll.</strong></span> 
     </span>
     <span class='ocr_line' id='line_1_108' title="bbox 890 1445 1690 1482; baseline -0.004 -9"><span class='ocrx_word' id='word_1_803' title='bbox 890 1448 949 1479; x_wconf 86' lang='lat' dir='ltr'><strong>Quo</strong></span> <span class='ocrx_word' id='word_1_804' title='bbox 966 1447 1048 1482; x_wconf 83' lang='lat' dir='ltr'><strong>igitur</strong></span> <span class='ocrx_word' id='word_1_805' title='bbox 1064 1447 1129 1472; x_wconf 85' lang='lat' dir='ltr'><strong>haec</strong></span> <span class='ocrx_word' id='word_1_806' title='bbox 1144 1445 1282 1480; x_wconf 76' lang='lat' dir='ltr'><strong>spectant?</strong></span> <span class='ocrx_word' id='word_1_807' title='bbox 1304 1446 1402 1471; x_wconf 75' lang='lat' dir='ltr'><strong>lterum</strong></span> <span class='ocrx_word' id='word_1_808' title='bbox 1419 1445 1468 1471; x_wconf 84' lang='lat' dir='ltr'><strong>hoe</strong></span> <span class='ocrx_word' id='word_1_809' title='bbox 1481 1450 1573 1471; x_wconf 88' lang='lat' dir='ltr'><strong>natura</strong></span> <span class='ocrx_word' id='word_1_810' title='bbox 1584 1450 1609 1471; x_wconf 91' lang='lat' dir='ltr'><strong>et</strong></span> <span class='ocrx_word' id='word_1_811' title='bbox 1619 1445 1690 1471; x_wconf 83' lang='lat' dir='ltr'><strong>civi·</strong></span> 
     </span>
     <span class='ocr_line' id='line_1_109' title="bbox 892 1482 1690 1519; baseline -0.003 -9"><span class='ocrx_word' id='word_1_812' title='bbox 892 1484 959 1510; x_wconf 90' lang='lat' dir='ltr'><strong>lium</strong></span> <span class='ocrx_word' id='word_1_813' title='bbox 975 1490 1127 1519; x_wconf 89' lang='lat' dir='ltr'><strong>temporum</strong></span> <span class='ocrx_word' id='word_1_814' title='bbox 1143 1492 1195 1509; x_wconf 89' lang='lat' dir='ltr'><strong>non</strong></span> <span class='ocrx_word' id='word_1_815' title='bbox 1210 1483 1338 1517; x_wconf 82' lang='lat' dir='ltr'><strong>patietur:</strong></span> <span class='ocrx_word' id='word_1_816' title='bbox 1363 1482 1528 1517; x_wconf 86' lang='lat' dir='ltr'><strong>reipublicae</strong></span> <span class='ocrx_word' id='word_1_817' title='bbox 1540 1482 1551 1494; x_wconf 71' lang='lat'><strong><em>⁴</em></strong></span> <span class='ocrx_word' id='word_1_818' title='bbox 1569 1492 1616 1508; x_wconf 83' lang='lat' dir='ltr'><strong>nec</strong></span> <span class='ocrx_word' id='word_1_819' title='bbox 1632 1490 1690 1508; x_wconf 89' lang='grc'><strong>013-</strong></span> 
     </span>
     <span class='ocr_line' id='line_1_110' title="bbox 890 1520 1688 1555; baseline -0.004 -7"><span class='ocrx_word' id='word_1_820' title='bbox 890 1531 966 1552; x_wconf 85' lang='lat' dir='ltr'><strong>nens,</strong></span> <span class='ocrx_word' id='word_1_821' title='bbox 981 1531 1029 1548; x_wconf 87' lang='lat' dir='ltr'><strong>nec</strong></span> <span class='ocrx_word' id='word_1_822' title='bbox 1041 1526 1141 1547; x_wconf 88' lang='lat' dir='ltr'><strong>mutata</strong></span> <span class='ocrx_word' id='word_1_823' title='bbox 1153 1521 1219 1547; x_wconf 89' lang='lat' dir='ltr'><strong>ratio</strong></span> <span class='ocrx_word' id='word_1_824' title='bbox 1231 1520 1296 1546; x_wconf 85' lang='lat' dir='ltr'><strong>feret</strong></span> <span class='ocrx_word' id='word_1_825' title='bbox 1308 1521 1435 1555; x_wconf 76' lang='lat' dir='ltr'><strong>primum,</strong></span> <span class='ocrx_word' id='word_1_826' title='bbox 1451 1525 1542 1546; x_wconf 92' lang='lat' dir='ltr'><strong>utnon</strong></span> <span class='ocrx_word' id='word_1_827' title='bbox 1557 1520 1582 1546; x_wconf 92' lang='lat' dir='ltr'><strong>in</strong></span> <span class='ocrx_word' id='word_1_828' title='bbox 1593 1528 1688 1545; x_wconf 79' lang='lat' dir='ltr'><strong>caussa</strong></span> 
     </span>
     <span class='ocr_line' id='line_1_111' title="bbox 890 1556 1686 1594; baseline -0.004 -8"><span class='ocrx_word' id='word_1_829' title='bbox 890 1560 948 1594; x_wconf 88' lang='lat' dir='ltr'><strong>pari</strong></span> <span class='ocrx_word' id='word_1_830' title='bbox 959 1559 1053 1586; x_wconf 86' lang='lat' dir='ltr'><strong>eadem</strong></span> <span class='ocrx_word' id='word_1_831' title='bbox 1065 1559 1100 1585; x_wconf 84' lang='lat' dir='ltr'><strong>sit</strong></span> <span class='ocrx_word' id='word_1_832' title='bbox 1112 1564 1137 1585; x_wconf 88' lang='lat' dir='ltr'><strong>et</strong></span> <span class='ocrx_word' id='word_1_833' title='bbox 1147 1558 1266 1584; x_wconf 85' lang='lat' dir='ltr'><strong>conditio</strong></span> <span class='ocrx_word' id='word_1_834' title='bbox 1276 1563 1302 1584; x_wconf 87' lang='lat' dir='ltr'><strong>et</strong></span> <span class='ocrx_word' id='word_1_835' title='bbox 1314 1557 1417 1584; x_wconf 89' lang='lat' dir='ltr'><strong>fortuna</strong></span> <span class='ocrx_word' id='word_1_836' title='bbox 1428 1558 1564 1587; x_wconf 84' lang='lat' dir='ltr'><strong>omnium;</strong></span> <span class='ocrx_word' id='word_1_837' title='bbox 1579 1556 1686 1587; x_wconf 83' lang='lat' dir='ltr'><strong>deinde.</strong></span> 
     </span>
     <span class='ocr_line' id='line_1_112' title="bbox 890 1594 1690 1629; baseline -0.004 -6"><span class='ocrx_word' id='word_1_838' title='bbox 890 1602 919 1623; x_wconf 90' lang='lat' dir='ltr'><strong>ut</strong></span> <span class='ocrx_word' id='word_1_839' title='bbox 932 1597 1028 1623; x_wconf 87' lang='lat' dir='ltr'><strong>ineam</strong></span> <span class='ocrx_word' id='word_1_840' title='bbox 1039 1597 1177 1622; x_wconf 89' lang='lat' dir='ltr'><strong>civitatem</strong></span> <span class='ocrx_word' id='word_1_841' title='bbox 1189 1596 1253 1621; x_wconf 90' lang='lat' dir='ltr'><strong>boni</strong></span> <span class='ocrx_word' id='word_1_842' title='bbox 1264 1595 1316 1621; x_wconf 87' lang='lat' dir='ltr'><strong>viri</strong></span> <span class='ocrx_word' id='word_1_843' title='bbox 1328 1600 1353 1621; x_wconf 89' lang='lat' dir='ltr'><strong>et</strong></span> <span class='ocrx_word' id='word_1_844' title='bbox 1364 1595 1427 1621; x_wconf 91' lang='lat' dir='ltr'><strong>boni</strong></span> <span class='ocrx_word' id='word_1_845' title='bbox 1438 1596 1512 1621; x_wconf 87' lang='lat' dir='ltr'><strong>cives</strong></span> <span class='ocrx_word' id='word_1_846' title='bbox 1525 1594 1598 1620; x_wconf 93' lang='lat' dir='ltr'><strong>nulla</strong></span> <span class='ocrx_word' id='word_1_847' title='bbox 1611 1595 1690 1629; x_wconf 78' lang='lat' dir='ltr'><strong>igno·</strong></span> 
     </span>
     <span class='ocr_line' id='line_1_113' title="bbox 890 1631 1688 1667; baseline -0.003 -7"><span class='ocrx_word' id='word_1_848' title='bbox 890 1635 974 1661; x_wconf 90' lang='lat' dir='ltr'><strong>minia</strong></span> <span class='ocrx_word' id='word_1_849' title='bbox 985 1635 1067 1660; x_wconf 87' lang='lat' dir='ltr'><strong>notati</strong></span> <span class='ocrx_word' id='word_1_850' title='bbox 1079 1642 1132 1659; x_wconf 93' lang='lat' dir='ltr'><strong>non</strong></span> <span class='ocrx_word' id='word_1_851' title='bbox 1144 1638 1325 1663; x_wconf 81' lang='lat' dir='ltr'><strong>revertantur,</strong></span> <span class='ocrx_word' id='word_1_852' title='bbox 1344 1633 1370 1658; x_wconf 93' lang='lat' dir='ltr'><strong>in</strong></span> <span class='ocrx_word' id='word_1_853' title='bbox 1382 1641 1464 1667; x_wconf 86' lang='grc'><strong>(111301</strong></span> <span class='ocrx_word' id='word_1_854' title='bbox 1478 1637 1513 1659; x_wconf 88' lang='grc'><strong>101</strong></span> <span class='ocrx_word' id='word_1_855' title='bbox 1525 1631 1688 1658; x_wconf 86' lang='lat' dir='ltr'><strong>nefariorum</strong></span> 
     </span>
     <span class='ocr_line' id='line_1_114' title="bbox 889 1669 1689 1704; baseline -0.004 -6"><span class='ocrx_word' id='word_1_856' title='bbox 889 1672 1022 1698; x_wconf 83' lang='lat' dir='ltr'><strong>scelerum</strong></span> <span class='ocrx_word' id='word_1_857' title='bbox 1034 1671 1205 1697; x_wconf 87' lang='lat' dir='ltr'><strong>condemnati</strong></span> <span class='ocrx_word' id='word_1_858' title='bbox 1222 1675 1398 1696; x_wconf 85' lang='lat' dir='ltr'><strong>reverterunt.</strong></span> <span class='ocrx_word' id='word_1_859' title='bbox 1445 1672 1481 1696; x_wconf 77' lang='grc'><strong>12.</strong></span> <span class='ocrx_word' id='word_1_860' title='bbox 1504 1669 1591 1695; x_wconf 86' lang='grc'><strong>1131105</strong></span> <span class='ocrx_word' id='word_1_861' title='bbox 1603 1678 1689 1704; x_wconf 66' lang='lat' dir='ltr'><strong>augu-</strong></span> 
     </span>
     <span class='ocr_line' id='line_1_115' title="bbox 889 1707 1689 1743; baseline -0.004 -8"><span class='ocrx_word' id='word_1_862' title='bbox 889 1710 960 1736; x_wconf 88' lang='lat' dir='ltr'><strong>rium</strong></span> <span class='ocrx_word' id='word_1_863' title='bbox 977 1717 1082 1739; x_wconf 90' lang='lat' dir='ltr'><strong>meum,</strong></span> <span class='ocrx_word' id='word_1_864' title='bbox 1100 1717 1167 1743; x_wconf 93' lang='lat' dir='ltr'><strong>quo,</strong></span> <span class='ocrx_word' id='word_1_865' title='bbox 1185 1708 1208 1733; x_wconf 90' lang='lat' dir='ltr'><strong>si</strong></span> <span class='ocrx_word' id='word_1_866' title='bbox 1223 1707 1290 1741; x_wconf 92' lang='lat' dir='ltr'><strong>quid</strong></span> <span class='ocrx_word' id='word_1_867' title='bbox 1310 1707 1512 1738; x_wconf 79' lang='lat' dir='ltr'><strong>addubitarem,</strong></span> <span class='ocrx_word' id='word_1_868' title='bbox 1531 1716 1582 1733; x_wconf 91' lang='grc'><strong>1100</strong></span> <span class='ocrx_word' id='word_1_869' title='bbox 1599 1708 1689 1741; x_wconf 84' lang='lat' dir='ltr'><strong>potius</strong></span> 
     </span>
     <span class='ocr_line' id='line_1_116' title="bbox 889 1744 1689 1781; baseline -0.004 -8"><span class='ocrx_word' id='word_1_870' title='bbox 889 1752 986 1777; x_wconf 78' lang='lat' dir='ltr'><strong>uterer,</strong></span> <span class='ocrx_word' id='word_1_871' title='bbox 995 1754 1077 1781; x_wconf 87' lang='grc'><strong>(1113111</strong></span> <span class='ocrx_word' id='word_1_872' title='bbox 1090 1746 1135 1771; x_wconf 92' lang='grc'><strong>1113</strong></span> <span class='ocrx_word' id='word_1_873' title='bbox 1145 1744 1481 1780; x_wconf 80' lang='lat' dir='ltr'><strong>consolatione,quafaeile</strong></span> <span class='ocrx_word' id='word_1_874' title='bbox 1493 1744 1587 1771; x_wconf 86' lang='lat' dir='ltr'><strong>fortem</strong></span> <span class='ocrx_word' id='word_1_875' title='bbox 1599 1744 1689 1770; x_wconf 87' lang='lat' dir='ltr'><strong>virum</strong></span> 
     </span>
     <span class='ocr_line' id='line_1_117' title="bbox 889 1781 1690 1816; baseline -0.004 -6"><span class='ocrx_word' id='word_1_876' title='bbox 889 1789 1083 1810; x_wconf 84' lang='lat' dir='ltr'><strong>sustentarem:</strong></span> <span class='ocrx_word' id='word_1_877' title='bbox 1107 1788 1144 1813; x_wconf 88' lang='lat' dir='ltr'><strong>te,</strong></span> <span class='ocrx_word' id='word_1_878' title='bbox 1162 1783 1185 1808; x_wconf 88' lang='lat' dir='ltr'><strong>si</strong></span> <span class='ocrx_word' id='word_1_879' title='bbox 1197 1781 1334 1816; x_wconf 81' lang='lat' dir='ltr'><strong>explorata</strong></span> <span class='ocrx_word' id='word_1_880' title='bbox 1346 1783 1457 1809; x_wconf 86' lang='lat' dir='ltr'><strong>victoria</strong></span> <span class='ocrx_word' id='word_1_881' title='bbox 1469 1790 1541 1808; x_wconf 90' lang='lat' dir='ltr'><strong>arma</strong></span> <span class='ocrx_word' id='word_1_882' title='bbox 1553 1782 1690 1816; x_wconf 81' lang='lat' dir='ltr'><strong>sumpsis-</strong></span> 
     </span>
     <span class='ocr_line' id='line_1_118' title="bbox 889 1819 1689 1856; baseline -0.003 -9"><span class='ocrx_word' id='word_1_883' title='bbox 889 1830 932 1847; x_wconf 90' lang='lat' dir='ltr'><strong>ses</strong></span> <span class='ocrx_word' id='word_1_884' title='bbox 944 1830 991 1856; x_wconf 93' lang='lat' dir='ltr'><strong>pro</strong></span> <span class='ocrx_word' id='word_1_885' title='bbox 1003 1820 1155 1856; x_wconf 86' lang='lat' dir='ltr'><strong>republica,</strong></span> <span class='ocrx_word' id='word_1_886' title='bbox 1169 1820 1216 1853; x_wconf 90' lang='lat' dir='ltr'><strong>(ita</strong></span> <span class='ocrx_word' id='word_1_887' title='bbox 1227 1820 1300 1846; x_wconf 87' lang='lat' dir='ltr'><strong>enim</strong></span> <span class='ocrx_word' id='word_1_888' title='bbox 1313 1826 1369 1847; x_wconf 90' lang='lat' dir='ltr'><strong>tum</strong></span> <span class='ocrx_word' id='word_1_889' title='bbox 1382 1819 1496 1855; x_wconf 85' lang='lat' dir='ltr'><strong>putabas</strong></span> <span class='ocrx_word' id='word_1_890' title='bbox 1505 1819 1522 1854; x_wconf 91' lang='lat'><strong>:)</strong></span> <span class='ocrx_word' id='word_1_891' title='bbox 1534 1828 1585 1845; x_wconf 91' lang='lat' dir='ltr'><strong>non</strong></span> <span class='ocrx_word' id='word_1_892' title='bbox 1598 1819 1689 1845; x_wconf 87' lang='lat' dir='ltr'><strong>minus</strong></span> 
     </span>
     <span class='ocr_line' id='line_1_119' title="bbox 889 1857 1689 1892; baseline -0.004 -7"><span class='ocrx_word' id='word_1_893' title='bbox 889 1868 948 1885; x_wconf 87' lang='lat' dir='ltr'><strong>esse</strong></span> <span class='ocrx_word' id='word_1_894' title='bbox 962 1858 1140 1885; x_wconf 87' lang='lat' dir='ltr'><strong>laudandum:</strong></span> <span class='ocrx_word' id='word_1_895' title='bbox 1159 1858 1201 1883; x_wconf 92' lang='lat' dir='ltr'><strong>sin</strong></span> <span class='ocrx_word' id='word_1_896' title='bbox 1217 1863 1324 1892; x_wconf 88' lang='lat' dir='ltr'><strong>propter</strong></span> <span class='ocrx_word' id='word_1_897' title='bbox 1336 1859 1450 1885; x_wconf 81' lang='lat' dir='ltr'><strong>incertos</strong></span> <span class='ocrx_word' id='word_1_898' title='bbox 1461 1857 1550 1883; x_wconf 75' lang='lat' dir='ltr'><strong>exitus</strong></span> <span class='ocrx_word' id='word_1_899' title='bbox 1561 1861 1689 1883; x_wconf 82' lang='lat' dir='ltr'><strong>eventus-</strong></span> 
     </span>
     <span class='ocr_line' id='line_1_120' title="bbox 889 1896 1689 1931; baseline -0.003 -10"><span class='ocrx_word' id='word_1_900' title='bbox 889 1905 942 1931; x_wconf 88' lang='lat' dir='ltr'><strong>que</strong></span> <span class='ocrx_word' id='word_1_901' title='bbox 959 1896 1091 1923; x_wconf 86' lang='lat' dir='ltr'><strong>bellorum</strong></span> <span class='ocrx_word' id='word_1_902' title='bbox 1108 1904 1186 1930; x_wconf 85' lang='lat' dir='ltr'><strong>posse</strong></span> <span class='ocrx_word' id='word_1_903' title='bbox 1202 1896 1336 1926; x_wconf 78' lang='lat' dir='ltr'><strong>accidere,</strong></span> <span class='ocrx_word' id='word_1_904' title='bbox 1354 1901 1381 1922; x_wconf 88' lang='lat' dir='ltr'><strong>ut</strong></span> <span class='ocrx_word' id='word_1_905' title='bbox 1394 1896 1577 1924; x_wconf 82' lang='lat' dir='ltr'><strong>vinceremur,</strong></span> <span class='ocrx_word' id='word_1_906' title='bbox 1596 1899 1689 1928; x_wconf 89' lang='lat' dir='ltr'><strong>putas-</strong></span> 
     </span>
     <span class='ocr_line' id='line_1_121' title="bbox 889 1931 1689 1966; baseline -0.005 -6"><span class='ocrx_word' id='word_1_907' title='bbox 889 1943 946 1966; x_wconf 69' lang='lat' dir='ltr'><strong>ses,</strong></span> <span class='ocrx_word' id='word_1_908' title='bbox 965 1943 1017 1960; x_wconf 88' lang='lat' dir='ltr'><strong>non</strong></span> <span class='ocrx_word' id='word_1_909' title='bbox 1033 1933 1131 1959; x_wconf 81' lang='lat' dir='ltr'><strong>debere</strong></span> <span class='ocrx_word' id='word_1_910' title='bbox 1145 1937 1168 1959; x_wconf 84' lang='lat' dir='ltr'><strong>te</strong></span> <span class='ocrx_word' id='word_1_911' title='bbox 1181 1932 1213 1958; x_wconf 86' lang='lat' dir='ltr'><strong>ad</strong></span> <span class='ocrx_word' id='word_1_912' title='bbox 1225 1933 1373 1959; x_wconf 79' lang='lat' dir='ltr'><strong>secundam</strong></span> <span class='ocrx_word' id='word_1_913' title='bbox 1386 1932 1519 1959; x_wconf 85' lang='lat' dir='ltr'><strong>fortunam</strong></span> <span class='ocrx_word' id='word_1_914' title='bbox 1532 1931 1599 1958; x_wconf 85' lang='lat' dir='ltr'><strong>bene</strong></span> <span class='ocrx_word' id='word_1_915' title='bbox 1612 1940 1689 1966; x_wconf 84' lang='lat' dir='ltr'><strong>para-</strong></span> 
     </span>
     <span class='ocr_line' id='line_1_122' title="bbox 889 1969 1688 2004; baseline -0.004 -7"><span class='ocrx_word' id='word_1_916' title='bbox 889 1976 946 1997; x_wconf 88' lang='lat' dir='ltr'><strong>tum</strong></span> <span class='ocrx_word' id='word_1_917' title='bbox 959 1971 1051 2001; x_wconf 80' lang='lat' dir='ltr'><strong>fuisse,</strong></span> <span class='ocrx_word' id='word_1_918' title='bbox 1066 1971 1208 1996; x_wconf 82' lang='lat' dir='ltr'><strong>adversam</strong></span> <span class='ocrx_word' id='word_1_919' title='bbox 1220 1970 1287 1997; x_wconf 81' lang='lat' dir='ltr'><strong>ferre</strong></span> <span class='ocrx_word' id='word_1_920' title='bbox 1300 1970 1374 1997; x_wconf 92' lang='lat' dir='ltr'><strong>nullo</strong></span> <span class='ocrx_word' id='word_1_921' title='bbox 1386 1969 1464 1996; x_wconf 90' lang='lat' dir='ltr'><strong>modo</strong></span> <span class='ocrx_word' id='word_1_922' title='bbox 1475 1978 1564 2004; x_wconf 87' lang='lat' dir='ltr'><strong>posse.</strong></span> <span class='ocrx_word' id='word_1_923' title='bbox 1589 1969 1688 2003; x_wconf 81' lang='lat' dir='ltr'><strong>Dispu—</strong></span> 
     </span>
     <span class='ocr_line' id='line_1_123' title="bbox 889 2005 1686 2042; baseline -0.004 -8"><span class='ocrx_word' id='word_1_924' title='bbox 889 2013 972 2035; x_wconf 88' lang='lat' dir='ltr'><strong>tarem</strong></span> <span class='ocrx_word' id='word_1_925' title='bbox 984 2009 1078 2039; x_wconf 86' lang='lat' dir='ltr'><strong>etiam,</strong></span> <span class='ocrx_word' id='word_1_926' title='bbox 1097 2012 1197 2042; x_wconf 84' lang='grc'><strong>(1113010</strong></span> <span class='ocrx_word' id='word_1_927' title='bbox 1213 2008 1307 2035; x_wconf 84' lang='grc'><strong>5013110</strong></span> <span class='ocrx_word' id='word_1_928' title='bbox 1323 2008 1372 2034; x_wconf 83' lang='grc'><strong>11111</strong></span> <span class='ocrx_word' id='word_1_929' title='bbox 1388 2007 1551 2033; x_wconf 76' lang='lat' dir='ltr'><strong>conscientia</strong></span> <span class='ocrx_word' id='word_1_930' title='bbox 1565 2006 1603 2032; x_wconf 92' lang='lat' dir='ltr'><strong>tui</strong></span> <span class='ocrx_word' id='word_1_931' title='bbox 1616 2005 1686 2035; x_wconf 79' lang='lat' dir='ltr'><strong>facti,</strong></span> 
     </span>
     <span class='ocr_line' id='line_1_124' title="bbox 888 2043 1688 2080; baseline -0.003 -10"><span class='ocrx_word' id='word_1_932' title='bbox 888 2051 1039 2080; x_wconf 83' lang='lat' dir='ltr'><strong>quantaeve</strong></span> <span class='ocrx_word' id='word_1_933' title='bbox 1055 2045 1226 2072; x_wconf 76' lang='lat' dir='ltr'><strong>delectationi</strong></span> <span class='ocrx_word' id='word_1_934' title='bbox 1244 2046 1269 2072; x_wconf 87' lang='lat' dir='ltr'><strong>in</strong></span> <span class='ocrx_word' id='word_1_935' title='bbox 1287 2045 1367 2071; x_wconf 88' lang='lat' dir='ltr'><strong>rebus</strong></span> <span class='ocrx_word' id='word_1_936' title='bbox 1381 2045 1504 2070; x_wconf 83' lang='lat' dir='ltr'><strong>adversis</strong></span> <span class='ocrx_word' id='word_1_937' title='bbox 1518 2043 1619 2070; x_wconf 84' lang='lat' dir='ltr'><strong>litterae</strong></span> <span class='ocrx_word' id='word_1_938' title='bbox 1629 2052 1688 2069; x_wconf 79' lang='lat' dir='ltr'><strong>esse</strong></span> 
     </span>
     <span class='ocr_line' id='line_1_125' title="bbox 889 2079 1688 2110; baseline -0.005 -1"><span class='ocrx_word' id='word_1_939' title='bbox 889 2083 1027 2110; x_wconf 86' lang='lat' dir='ltr'><strong>deberent.</strong></span> <span class='ocrx_word' id='word_1_940' title='bbox 1068 2083 1312 2109; x_wconf 76' lang='lat' dir='ltr'><strong>Commemorarem</strong></span> <span class='ocrx_word' id='word_1_941' title='bbox 1324 2091 1375 2109; x_wconf 94' lang='lat' dir='ltr'><strong>non</strong></span> <span class='ocrx_word' id='word_1_942' title='bbox 1386 2082 1474 2108; x_wconf 89' lang='grc'><strong>50111111</strong></span> <span class='ocrx_word' id='word_1_943' title='bbox 1488 2086 1622 2109; x_wconf 71' lang='lat' dir='ltr'><strong>veterum,</strong></span> <span class='ocrx_word' id='word_1_944' title='bbox 1640 2079 1688 2106; x_wconf 76' lang='lat' dir='ltr'><strong>sed</strong></span> 
     </span>
     <span class='ocr_line' id='line_1_126' title="bbox 890 2118 1688 2149; baseline -0.005 -3"><span class='ocrx_word' id='word_1_945' title='bbox 890 2120 985 2146; x_wconf 88' lang='lat' dir='ltr'><strong>horum</strong></span> <span class='ocrx_word' id='word_1_946' title='bbox 997 2121 1077 2146; x_wconf 84' lang='lat' dir='ltr'><strong>etium</strong></span> <span class='ocrx_word' id='word_1_947' title='bbox 1090 2121 1238 2146; x_wconf 86' lang='lat' dir='ltr'><strong>recentium</strong></span> <span class='ocrx_word' id='word_1_948' title='bbox 1251 2119 1292 2146; x_wconf 88' lang='lat' dir='ltr'><strong>vel</strong></span> <span class='ocrx_word' id='word_1_949' title='bbox 1304 2120 1419 2149; x_wconf 84' lang='lat' dir='ltr'><strong>ducum,</strong></span> <span class='ocrx_word' id='word_1_950' title='bbox 1434 2118 1475 2144; x_wconf 82' lang='lat' dir='ltr'><strong>vel</strong></span> <span class='ocrx_word' id='word_1_951' title='bbox 1487 2119 1616 2144; x_wconf 76' lang='lat' dir='ltr'><strong>comitum</strong></span> <span class='ocrx_word' id='word_1_952' title='bbox 1630 2123 1688 2143; x_wconf 88' lang='lat' dir='ltr'><strong>tuo-</strong></span> 
     </span>
     <span class='ocr_line' id='line_1_127' title="bbox 889 2154 1688 2193; baseline -0.004 -11"><span class='ocrx_word' id='word_1_953' title='bbox 889 2166 948 2183; x_wconf 90' lang='lat' dir='ltr'><strong>rum</strong></span> <span class='ocrx_word' id='word_1_954' title='bbox 960 2158 1137 2193; x_wconf 71' lang='lat' dir='ltr'><strong>gravissimos</strong></span> <span class='ocrx_word' id='word_1_955' title='bbox 1149 2166 1240 2188; x_wconf 72' lang='lat' dir='ltr'><strong>casus,</strong></span> <span class='ocrx_word' id='word_1_956' title='bbox 1264 2158 1344 2183; x_wconf 85' lang='lat' dir='ltr'><strong>etiam</strong></span> <span class='ocrx_word' id='word_1_957' title='bbox 1357 2161 1480 2182; x_wconf 79' lang='lat' dir='ltr'><strong>externos</strong></span> <span class='ocrx_word' id='word_1_958' title='bbox 1493 2155 1591 2181; x_wconf 83' lang='lat' dir='ltr'><strong>multos</strong></span> <span class='ocrx_word' id='word_1_959' title='bbox 1603 2154 1688 2180; x_wconf 77' lang='lat' dir='ltr'><strong>claros</strong></span> 
     </span>
     <span class='ocr_line' id='line_1_128' title="bbox 890 2192 1687 2221; baseline -0.004 -1"><span class='ocrx_word' id='word_1_960' title='bbox 890 2195 962 2221; x_wconf 78' lang='lat' dir='ltr'><strong>viros</strong></span> <span class='ocrx_word' id='word_1_961' title='bbox 984 2195 1161 2220; x_wconf 81' lang='lat' dir='ltr'><strong>nominarem.</strong></span> <span class='ocrx_word' id='word_1_962' title='bbox 1203 2195 1285 2220; x_wconf 77' lang='lat' dir='ltr'><strong>Levat</strong></span> <span class='ocrx_word' id='word_1_963' title='bbox 1305 2194 1377 2219; x_wconf 86' lang='lat' dir='ltr'><strong>enim</strong></span> <span class='ocrx_word' id='word_1_964' title='bbox 1399 2192 1517 2219; x_wconf 83' lang='lat' dir='ltr'><strong>dolorem</strong></span> <span class='ocrx_word' id='word_1_965' title='bbox 1534 2192 1687 2217; x_wconf 79' lang='lat' dir='ltr'><strong>eommunis</strong></span> 
     </span>
     <span class='ocr_line' id='line_1_129' title="bbox 889 2229 1686 2266; baseline -0.004 -9"><span class='ocrx_word' id='word_1_966' title='bbox 889 2233 968 2266; x_wconf 82' lang='lat' dir='ltr'><strong>quasi</strong></span> <span class='ocrx_word' id='word_1_967' title='bbox 981 2231 1048 2265; x_wconf 65' lang='lat' dir='ltr'><strong>legis</strong></span> <span class='ocrx_word' id='word_1_968' title='bbox 1059 2237 1084 2257; x_wconf 71' lang='lat' dir='ltr'><strong>et</strong></span> <span class='ocrx_word' id='word_1_969' title='bbox 1096 2231 1228 2257; x_wconf 82' lang='grc'><strong>1111111110110</strong></span> <span class='ocrx_word' id='word_1_970' title='bbox 1240 2231 1403 2257; x_wconf 79' lang='lat' dir='ltr'><strong>conditionis</strong></span> <span class='ocrx_word' id='word_1_971' title='bbox 1410 2229 1566 2256; x_wconf 80' lang='lat' dir='ltr'><strong>recordatio.</strong></span> <span class='ocrx_word' id='word_1_972' title='bbox 1586 2231 1624 2255; x_wconf 78' lang='grc'><strong>43.</strong></span> <span class='ocrx_word' id='word_1_973' title='bbox 1634 2229 1686 2254; x_wconf 73' lang='lat' dir='ltr'><strong>Ex—</strong></span> 
     </span>
    </p>
   </div>
   <div class='ocr_carea' id='block_1_13' title="bbox 865 2267 1687 2341">
    <p class='ocr_par' dir='ltr' id='par_1_14' title="bbox 865 2267 1687 2341">
     <span class='ocr_line' id='line_1_130' title="bbox 865 2267 1687 2304; baseline -0.005 -9"><span class='ocrx_word' id='word_1_974' title='bbox 865 2279 867 2304; x_wconf 70' lang='lat'>3</span> <span class='ocrx_word' id='word_1_975' title='bbox 890 2278 1015 2303; x_wconf 85' lang='lat' dir='ltr'><strong>ponerem</strong></span> <span class='ocrx_word' id='word_1_976' title='bbox 1027 2269 1117 2297; x_wconf 82' lang='grc'><strong>01111111,</strong></span> <span class='ocrx_word' id='word_1_977' title='bbox 1131 2267 1362 2303; x_wconf 79' lang='grc'><strong>(1110011111010111110</strong></span> <span class='ocrx_word' id='word_1_978' title='bbox 1375 2267 1427 2297; x_wconf 78' lang='lat' dir='ltr'><strong>hic,</strong></span> <span class='ocrx_word' id='word_1_979' title='bbox 1443 2272 1468 2292; x_wconf 84' lang='grc'><strong>01</strong></span> <span class='ocrx_word' id='word_1_980' title='bbox 1479 2272 1578 2301; x_wconf 76' lang='grc'><strong>(1111111111</strong></span> <span class='ocrx_word' id='word_1_981' title='bbox 1592 2267 1617 2292; x_wconf 93' lang='lat' dir='ltr'><strong>in</strong></span> <span class='ocrx_word' id='word_1_982' title='bbox 1631 2271 1687 2291; x_wconf 87' lang='lat' dir='ltr'><strong>tur-</strong></span> 
     </span>
     <span class='ocr_line' id='line_1_131' title="bbox 865 2304 1686 2341; baseline -0.006 -9"><span class='ocrx_word' id='word_1_983' title='bbox 865 2310 866 2314; x_wconf 59' lang='lat'><em>*</em></span> <span class='ocrx_word' id='word_1_984' title='bbox 889 2307 935 2337; x_wconf 82' lang='grc'><strong>1111,</strong></span> <span class='ocrx_word' id='word_1_985' title='bbox 953 2310 1108 2341; x_wconf 80' lang='lat' dir='ltr'><strong>quantaque</strong></span> <span class='ocrx_word' id='word_1_986' title='bbox 1125 2306 1150 2331; x_wconf 92' lang='lat' dir='ltr'><strong>in</strong></span> <span class='ocrx_word' id='word_1_987' title='bbox 1166 2305 1324 2331; x_wconf 76' lang='lat' dir='ltr'><strong>contusione</strong></span> <span class='ocrx_word' id='word_1_988' title='bbox 1341 2313 1429 2331; x_wconf 83' lang='lat' dir='ltr'><strong>rerum</strong></span> <span class='ocrx_word' id='word_1_989' title='bbox 1445 2304 1567 2329; x_wconf 85' lang='lat' dir='ltr'><strong>omnium</strong></span> <span class='ocrx_word' id='word_1_990' title='bbox 1581 2304 1686 2328; x_wconf 79' lang='lat' dir='ltr'><strong>vivere-</strong></span> 
     </span>
    </p>
   </div>
   <div class='ocr_carea' id='block_1_14' title="bbox 887 2340 1686 2678">
    <p class='ocr_par' dir='ltr' id='par_1_15' title="bbox 887 2340 1686 2678">
     <span class='ocr_line' id='line_1_132' title="bbox 889 2340 1686 2374; baseline -0.005 -5"><span class='ocrx_word' id='word_1_991' title='bbox 889 2352 960 2370; x_wconf 77' lang='lat' dir='ltr'><strong>mus.</strong></span> <span class='ocrx_word' id='word_1_992' title='bbox 1003 2344 1115 2369; x_wconf 73' lang='lat' dir='ltr'><strong>Necesse</strong></span> <span class='ocrx_word' id='word_1_993' title='bbox 1131 2347 1171 2368; x_wconf 78' lang='grc'><strong>051</strong></span> <span class='ocrx_word' id='word_1_994' title='bbox 1182 2343 1254 2368; x_wconf 84' lang='lat' dir='ltr'><strong>enim</strong></span> <span class='ocrx_word' id='word_1_995' title='bbox 1267 2343 1368 2368; x_wconf 90' lang='lat' dir='ltr'><strong>minore</strong></span> <span class='ocrx_word' id='word_1_996' title='bbox 1380 2340 1516 2367; x_wconf 77' lang='lat' dir='ltr'><strong>desiderio</strong></span> <span class='ocrx_word' id='word_1_997' title='bbox 1529 2340 1632 2374; x_wconf 81' lang='lat' dir='ltr'><strong>perdita</strong></span> <span class='ocrx_word' id='word_1_998' title='bbox 1646 2349 1686 2365; x_wconf 70' lang='lat' dir='ltr'><strong>rt·-</strong></span> 
     </span>
     <span class='ocr_line' id='line_1_133' title="bbox 889 2376 1685 2415; baseline -0.004 -9"><span class='ocrx_word' id='word_1_999' title='bbox 889 2380 998 2415; x_wconf 73' lang='lat' dir='ltr'><strong>pnblicn</strong></span> <span class='ocrx_word' id='word_1_1000' title='bbox 1019 2389 1122 2408; x_wconf 70' lang='lat' dir='ltr'><strong>carere.</strong></span> <span class='ocrx_word' id='word_1_1001' title='bbox 1146 2388 1227 2414; x_wconf 81' lang='lat' dir='ltr'><strong>qttum</strong></span> <span class='ocrx_word' id='word_1_1002' title='bbox 1246 2379 1324 2405; x_wconf 85' lang='lat' dir='ltr'><strong>bona.</strong></span> <span class='ocrx_word' id='word_1_1003' title='bbox 1365 2378 1416 2405; x_wconf 73' lang='lat' dir='ltr'><strong>Sed</strong></span> <span class='ocrx_word' id='word_1_1004' title='bbox 1434 2379 1482 2404; x_wconf 84' lang='grc'><strong>1101·</strong></span> <span class='ocrx_word' id='word_1_1005' title='bbox 1502 2387 1599 2411; x_wconf 64' lang='lat' dir='ltr'><strong>genere</strong></span> <span class='ocrx_word' id='word_1_1006' title='bbox 1617 2376 1685 2403; x_wconf 87' lang='lat' dir='ltr'><strong>nihil</strong></span> 
     </span>
     <span class='ocr_line' id='line_1_134' title="bbox 887 2414 1686 2452; baseline -0.003 -9"><span class='ocrx_word' id='word_1_1007' title='bbox 887 2427 956 2452; x_wconf 73' lang='lat' dir='ltr'><strong>opus</strong></span> <span class='ocrx_word' id='word_1_1008' title='bbox 967 2423 1016 2444; x_wconf 79' lang='lat' dir='ltr'><strong>est.</strong></span> <span class='ocrx_word' id='word_1_1009' title='bbox 1059 2416 1222 2443; x_wconf 80' lang='lat' dir='ltr'><strong>incolumem</strong></span> <span class='ocrx_word' id='word_1_1010' title='bbox 1235 2422 1258 2443; x_wconf 80' lang='lat' dir='ltr'><strong>te</strong></span> <span class='ocrx_word' id='word_1_1011' title='bbox 1270 2417 1334 2443; x_wconf 75' lang='lat' dir='ltr'><strong>rito.</strong></span> <span class='ocrx_word' id='word_1_1012' title='bbox 1349 2421 1376 2442; x_wconf 83' lang='lat' dir='ltr'><strong>ut</strong></span> <span class='ocrx_word' id='word_1_1013' title='bbox 1388 2424 1475 2450; x_wconf 82' lang='lat' dir='ltr'><strong>spero.</strong></span> <span class='ocrx_word' id='word_1_1014' title='bbox 1492 2414 1532 2440; x_wconf 78' lang='lat' dir='ltr'><strong>vel</strong></span> <span class='ocrx_word' id='word_1_1015' title='bbox 1545 2416 1643 2449; x_wconf 76' lang='lat' dir='ltr'><strong>potius.</strong></span> <span class='ocrx_word' id='word_1_1016' title='bbox 1658 2419 1686 2441; x_wconf 86' lang='grc'><strong>111</strong></span> 
     </span>
     <span class='ocr_line' id='line_1_135' title="bbox 889 2451 1683 2489; baseline -0.006 -8"><span class='ocrx_word' id='word_1_1017' title='bbox 889 2455 1036 2489; x_wconf 70' lang='grc'><strong>111-15111010,</strong></span> <span class='ocrx_word' id='word_1_1018' title='bbox 1056 2454 1221 2480; x_wconf 75' lang='lat' dir='ltr'><strong>videbimus,</strong></span> <span class='ocrx_word' id='word_1_1019' title='bbox 1264 2455 1363 2479; x_wconf 78' lang='lat' dir='ltr'><strong>lnterea</strong></span> <span class='ocrx_word' id='word_1_1020' title='bbox 1376 2453 1424 2479; x_wconf 87' lang='lat' dir='ltr'><strong>tibi</strong></span> <span class='ocrx_word' id='word_1_1021' title='bbox 1437 2452 1555 2481; x_wconf 69' lang='lat' dir='ltr'><strong>absenti,</strong></span> <span class='ocrx_word' id='word_1_1022' title='bbox 1573 2457 1597 2477; x_wconf 84' lang='lat' dir='ltr'><strong>et</strong></span> <span class='ocrx_word' id='word_1_1023' title='bbox 1611 2451 1683 2481; x_wconf 72' lang='lat' dir='ltr'><strong>huic,</strong></span> 
     </span>
     <span class='ocr_line' id='line_1_136' title="bbox 888 2489 1685 2527; baseline -0.005 -9"><span class='ocrx_word' id='word_1_1024' title='bbox 888 2492 1030 2527; x_wconf 76' lang='grc'><strong>(1111011051,</strong></span> <span class='ocrx_word' id='word_1_1025' title='bbox 1046 2492 1157 2526; x_wconf 62' lang='lat' dir='ltr'><strong>imagini</strong></span> <span class='ocrx_word' id='word_1_1026' title='bbox 1169 2492 1252 2517; x_wconf 82' lang='lat' dir='ltr'><strong>animi</strong></span> <span class='ocrx_word' id='word_1_1027' title='bbox 1265 2496 1289 2517; x_wconf 79' lang='lat' dir='ltr'><strong>et</strong></span> <span class='ocrx_word' id='word_1_1028' title='bbox 1301 2490 1420 2524; x_wconf 75' lang='lat' dir='ltr'><strong>eorporis</strong></span> <span class='ocrx_word' id='word_1_1029' title='bbox 1432 2490 1483 2518; x_wconf 80' lang='lat' dir='ltr'><strong>tui.</strong></span> <span class='ocrx_word' id='word_1_1030' title='bbox 1497 2489 1685 2515; x_wconf 75' lang='lat' dir='ltr'><strong>constantissi-</strong></span> 
     </span>
     <span class='ocr_line' id='line_1_137' title="bbox 889 2527 1682 2564; baseline -0.005 -9"><span class='ocrx_word' id='word_1_1031' title='bbox 889 2534 1021 2564; x_wconf 80' lang='grc' dir='ltr'><strong>1110111111ιο</strong></span> <span class='ocrx_word' id='word_1_1032' title='bbox 1032 2529 1134 2563; x_wconf 87' lang='lat' dir='ltr'><strong>optimo</strong></span> <span class='ocrx_word' id='word_1_1033' title='bbox 1146 2529 1200 2554; x_wconf 89' lang='lat' dir='ltr'><strong>lilio</strong></span> <span class='ocrx_word' id='word_1_1034' title='bbox 1212 2534 1265 2557; x_wconf 84' lang='grc'><strong>1110,</strong></span> <span class='ocrx_word' id='word_1_1035' title='bbox 1279 2528 1410 2555; x_wconf 83' lang='lat' dir='ltr'><strong>studium.</strong></span> <span class='ocrx_word' id='word_1_1036' title='bbox 1419 2527 1548 2556; x_wconf 79' lang='lat' dir='ltr'><strong>osticium.</strong></span> <span class='ocrx_word' id='word_1_1037' title='bbox 1564 2535 1682 2561; x_wconf 76' lang='lat' dir='ltr'><strong>operam,</strong></span> 
     </span>
     <span class='ocr_line' id='line_1_138' title="bbox 889 2563 1684 2600; baseline -0.004 -8"><span class='ocrx_word' id='word_1_1038' title='bbox 889 2566 1006 2592; x_wconf 85' lang='grc'><strong>1111101001</strong></span> <span class='ocrx_word' id='word_1_1039' title='bbox 1023 2575 1111 2592; x_wconf 88' lang='grc'><strong>111011111</strong></span> <span class='ocrx_word' id='word_1_1040' title='bbox 1129 2566 1288 2600; x_wconf 79' lang='lat' dir='ltr'><strong>iampridem</strong></span> <span class='ocrx_word' id='word_1_1041' title='bbox 1305 2570 1329 2591; x_wconf 88' lang='grc'><strong>01</strong></span> <span class='ocrx_word' id='word_1_1042' title='bbox 1346 2565 1483 2599; x_wconf 77' lang='lat' dir='ltr'><strong>pollicitus</strong></span> <span class='ocrx_word' id='word_1_1043' title='bbox 1497 2572 1558 2590; x_wconf 88' lang='lat' dir='ltr'><strong>sum</strong></span> <span class='ocrx_word' id='word_1_1044' title='bbox 1569 2563 1684 2590; x_wconf 79' lang='grc'><strong>01110111-</strong></span> 
     </span>
     <span class='ocr_line' id='line_1_139' title="bbox 889 2600 1683 2638; baseline -0.005 -8"><span class='ocrx_word' id='word_1_1045' title='bbox 889 2604 920 2630; x_wconf 89' lang='lat' dir='ltr'><strong>li:</strong></span> <span class='ocrx_word' id='word_1_1046' title='bbox 935 2613 1006 2630; x_wconf 79' lang='grc'><strong>01100</strong></span> <span class='ocrx_word' id='word_1_1047' title='bbox 1019 2603 1067 2630; x_wconf 83' lang='lat' dir='ltr'><strong>boe</strong></span> <span class='ocrx_word' id='word_1_1048' title='bbox 1079 2603 1211 2638; x_wconf 75' lang='grc'><strong>0011111115,</strong></span> <span class='ocrx_word' id='word_1_1049' title='bbox 1234 2602 1306 2637; x_wconf 84' lang='lat' dir='ltr'><strong>quod</strong></span> <span class='ocrx_word' id='word_1_1050' title='bbox 1324 2611 1365 2628; x_wconf 83' lang='grc'><strong>1110</strong></span> <span class='ocrx_word' id='word_1_1051' title='bbox 1381 2602 1546 2628; x_wconf 78' lang='lat' dir='ltr'><strong>amicissime</strong></span> <span class='ocrx_word' id='word_1_1052' title='bbox 1561 2600 1683 2636; x_wconf 86' lang='lat' dir='ltr'><strong>quotidie</strong></span> 
     </span>
     <span class='ocr_line' id='line_1_140' title="bbox 888 2638 1680 2678; baseline -0.005 -11"><span class='ocrx_word' id='word_1_1053' title='bbox 888 2642 974 2678; x_wconf 70' lang='lat' dir='ltr'><strong>magis</strong></span> <span class='ocrx_word' id='word_1_1054' title='bbox 990 2642 1087 2668; x_wconf 80' lang='lat' dir='ltr'><strong>Caesar</strong></span> <span class='ocrx_word' id='word_1_1055' title='bbox 1107 2640 1290 2676; x_wconf 74' lang='lat' dir='ltr'><strong>utnplertittu·;</strong></span> <span class='ocrx_word' id='word_1_1056' title='bbox 1315 2639 1460 2666; x_wconf 77' lang='grc' dir='ltr'><strong>11111ιίΙί11105</strong></span> <span class='ocrx_word' id='word_1_1057' title='bbox 1479 2638 1590 2675; x_wconf 82' lang='lat' dir='ltr'><strong>quidem</strong></span> <span class='ocrx_word' id='word_1_1058' title='bbox 1612 2639 1680 2667; x_wconf 79' lang='lat' dir='ltr'><strong>eins.</strong></span> 
     </span>
    </p>
   </div>
  </div>
 </body>
</html>
