<?xml version="1.0" encoding="UTF-8"?>
<!DOCTYPE html PUBLIC "-//W3C//DTD XHTML 1.0 Transitional//EN"
    "http://www.w3.org/TR/xhtml1/DTD/xhtml1-transitional.dtd">
<html xmlns="http://www.w3.org/1999/xhtml" xml:lang="en" lang="en">
 <head>
  <title>
</title>
<meta http-equiv="Content-Type" content="text/html;charset=utf-8" />
  <meta name='ocr-system' content='tesseract 3.04.00' />
  <meta name='ocr-capabilities' content='ocr_page ocr_carea ocr_par ocr_line ocrx_word'/>
</head>
<body>
  <div class='ocr_page' id='page_1' title='image "./operaomniaunovol00ciceuoft_0980.png"; bbox 0 0 1941 3052; ppageno 0'>
   <div class='ocr_carea' id='block_1_1' title="bbox 223 107 980 136">
    <p class='ocr_par' dir='ltr' id='par_1_1' title="bbox 223 107 980 136">
     <span class='ocr_line' id='line_1_1' title="bbox 223 107 980 136; baseline -0.003 -1"><span class='ocrx_word' id='word_1_1' title='bbox 223 111 271 136; x_wconf 70' lang='lat'>956</span> <span class='ocrx_word' id='word_1_2' title='bbox 792 109 848 134; x_wconf 74' lang='grc'>406.</span> <span class='ocrx_word' id='word_1_3' title='bbox 879 108 915 134; x_wconf 87' lang='grc' dir='ltr'>Μ.</span> <span class='ocrx_word' id='word_1_4' title='bbox 949 107 980 134; x_wconf 89' lang='grc' dir='ltr'>Τ.</span> 
     </span>
    </p>
   </div>
   <div class='ocr_carea' id='block_1_2' title="bbox 222 177 1316 214">
    <p class='ocr_par' dir='ltr' id='par_1_2' title="bbox 222 177 1316 214">
     <span class='ocr_line' id='line_1_2' title="bbox 222 177 1316 214; baseline -0.002 -8"><span class='ocrx_word' id='word_1_5' title='bbox 222 185 247 206; x_wconf 88' lang='lat' dir='ltr'>et</span> <span class='ocrx_word' id='word_1_6' title='bbox 270 180 366 214; x_wconf 69' lang='lat' dir='ltr'>scripsi</span> <span class='ocrx_word' id='word_1_7' title='bbox 388 179 420 205; x_wconf 82' lang='lat' dir='ltr'>ad</span> <span class='ocrx_word' id='word_1_8' title='bbox 441 187 516 208; x_wconf 72' lang='lat' dir='ltr'>eum,</span> <span class='ocrx_word' id='word_1_9' title='bbox 542 183 569 203; x_wconf 86' lang='lat' dir='ltr'>ut</span> <span class='ocrx_word' id='word_1_10' title='bbox 591 178 657 204; x_wconf 80' lang='lat' dir='ltr'>milii</span> <span class='ocrx_word' id='word_1_11' title='bbox 680 177 830 204; x_wconf 72' lang='lat' dir='ltr'>Ili-raclcam</span> <span class='ocrx_word' id='word_1_12' title='bbox 852 182 1012 204; x_wconf 81' lang='lat' dir='ltr'>occurreret.</span> <span class='ocrx_word' id='word_1_13' title='bbox 1040 178 1042 211; x_wconf 67' lang='grc' dir='ltr'><em>Ξ</em></span> <span class='ocrx_word' id='word_1_14' title='bbox 1066 187 1125 204; x_wconf 88' lang='lat' dir='ltr'>nem</span> <span class='ocrx_word' id='word_1_15' title='bbox 1146 178 1316 213; x_wconf 74' lang='lat' dir='ltr'>diligentius.</span> 
     </span>
    </p>
   </div>
   <div class='ocr_carea' id='block_1_3' title="bbox 217 215 1015 506">
    <p class='ocr_par' dir='ltr' id='par_1_3' title="bbox 217 215 1015 506">
     <span class='ocr_line' id='line_1_3' title="bbox 217 215 1014 249; baseline -0.004 -6"><span class='ocrx_word' id='word_1_16' title='bbox 217 218 311 249; x_wconf 79' lang='lat' dir='ltr'>Quum</span> <span class='ocrx_word' id='word_1_17' title='bbox 324 225 385 242; x_wconf 82' lang='lat' dir='ltr'>eum</span> <span class='ocrx_word' id='word_1_18' title='bbox 399 216 499 245; x_wconf 64' lang='lat' dir='ltr'>vnn-ro,</span> <span class='ocrx_word' id='word_1_19' title='bbox 513 216 638 249; x_wconf 84' lang='lat' dir='ltr'>quoniam</span> <span class='ocrx_word' id='word_1_20' title='bbox 652 215 878 249; x_wconf 61' lang='lat' dir='ltr'>nobispcrmittiS,</span> <span class='ocrx_word' id='word_1_21' title='bbox 892 223 1014 240; x_wconf 88' lang='lat' dir='ltr'>commu-</span> 
     </span>
     <span class='ocr_line' id='line_1_4' title="bbox 223 252 1015 286; baseline -0.003 -6"><span class='ocrx_word' id='word_1_22' title='bbox 223 255 291 280; x_wconf 73' lang='lat' dir='ltr'>niu-r</span> <span class='ocrx_word' id='word_1_23' title='bbox 309 254 502 279; x_wconf 67' lang='lat' dir='ltr'>constitut-nius</span> <span class='ocrx_word' id='word_1_24' title='bbox 520 252 553 277; x_wconf 84' lang='lat' dir='ltr'>‹lc</span> <span class='ocrx_word' id='word_1_25' title='bbox 570 252 655 277; x_wconf 76' lang='lat' dir='ltr'>reditu</span> <span class='ocrx_word' id='word_1_26' title='bbox 672 253 731 278; x_wconf 75' lang='lat' dir='ltr'>eius</span> <span class='ocrx_word' id='word_1_27' title='bbox 743 252 774 277; x_wconf 88' lang='lat' dir='ltr'>ad</span> <span class='ocrx_word' id='word_1_28' title='bbox 788 253 942 286; x_wconf 71' lang='lat' dir='ltr'><strong>petitionem</strong></span> <span class='ocrx_word' id='word_1_29' title='bbox 952 273 957 282; x_wconf 83' lang='lat'>,</span> <span class='ocrx_word' id='word_1_30' title='bbox 970 257 1015 278; x_wconf 80' lang='lat' dir='ltr'>aut</span> 
     </span>
     <span class='ocr_line' id='line_1_5' title="bbox 223 289 1014 319; baseline -0.001 -4"><span class='ocrx_word' id='word_1_31' title='bbox 223 291 254 317; x_wconf 66' lang='lat' dir='ltr'>acl</span> <span class='ocrx_word' id='word_1_32' title='bbox 267 289 525 317; x_wconf 76' lang='lat' dir='ltr'>commendationem</span> <span class='ocrx_word' id='word_1_33' title='bbox 539 289 655 315; x_wconf 75' lang='lat' dir='ltr'>lionoris.</span> <span class='ocrx_word' id='word_1_34' title='bbox 687 292 711 315; x_wconf 68' lang='lat'>2².</span> <span class='ocrx_word' id='word_1_35' title='bbox 725 289 784 315; x_wconf 88' lang='lat' dir='ltr'>&#39;l&#39;ibi</span> <span class='ocrx_word' id='word_1_36' title='bbox 797 289 943 319; x_wconf 79' lang='lat' dir='ltr'>Glaucona,</span> <span class='ocrx_word' id='word_1_37' title='bbox 958 298 1014 315; x_wconf 83' lang='lat' dir='ltr'>rne-</span> 
     </span>
     <span class='ocr_line' id='line_1_6' title="bbox 222 326 1015 360; baseline -0.003 -6"><span class='ocrx_word' id='word_1_38' title='bbox 222 328 314 354; x_wconf 83' lang='lat' dir='ltr'>dicum</span> <span class='ocrx_word' id='word_1_39' title='bbox 332 328 445 356; x_wconf 73' lang='lat' dir='ltr'>I’unsae,</span> <span class='ocrx_word' id='word_1_40' title='bbox 467 327 514 360; x_wconf 82' lang='lat' dir='ltr'>qui</span> <span class='ocrx_word' id='word_1_41' title='bbox 530 335 646 352; x_wconf 79' lang='lat' dir='ltr'>sororem</span> <span class='ocrx_word' id='word_1_42' title='bbox 663 326 798 352; x_wconf 76' lang='lat' dir='ltr'>Achilleos</span> <span class='ocrx_word' id='word_1_43' title='bbox 815 327 897 352; x_wconf 82' lang='lat' dir='ltr'>nostri</span> <span class='ocrx_word' id='word_1_44' title='bbox 915 327 940 352; x_wconf 92' lang='lat' dir='ltr'>in</span> <span class='ocrx_word' id='word_1_45' title='bbox 959 335 1015 352; x_wconf 83' lang='lat' dir='ltr'>ma-</span> 
     </span>
     <span class='ocr_line' id='line_1_7' title="bbox 224 362 1014 397; baseline -0.003 -6"><span class='ocrx_word' id='word_1_46' title='bbox 224 365 348 391; x_wconf 88' lang='lat' dir='ltr'>trimonio</span> <span class='ocrx_word' id='word_1_47' title='bbox 361 363 448 393; x_wconf 85' lang='lat' dir='ltr'>babet,</span> <span class='ocrx_word' id='word_1_48' title='bbox 462 362 670 397; x_wconf 67' lang='lat' dir='ltr'>diligentissime</span> <span class='ocrx_word' id='word_1_49' title='bbox 690 364 858 390; x_wconf 86' lang='lat' dir='ltr'>commendo.</span> <span class='ocrx_word' id='word_1_50' title='bbox 880 363 1014 389; x_wconf 80' lang='lat' dir='ltr'>Audimus</span> 
     </span>
     <span class='ocr_line' id='line_1_8' title="bbox 221 400 1014 436; baseline -0.003 -8"><span class='ocrx_word' id='word_1_51' title='bbox 221 411 283 428; x_wconf 89' lang='lat' dir='ltr'>eum</span> <span class='ocrx_word' id='word_1_52' title='bbox 301 401 406 426; x_wconf 77' lang='lat' dir='ltr'>venisse</span> <span class='ocrx_word' id='word_1_53' title='bbox 424 401 449 426; x_wconf 92' lang='lat' dir='ltr'>in</span> <span class='ocrx_word' id='word_1_54' title='bbox 465 400 647 434; x_wconf 80' lang='lat' dir='ltr'>suspicionem</span> <span class='ocrx_word' id='word_1_55' title='bbox 664 401 796 436; x_wconf 81' lang='lat' dir='ltr'>Torquato</span> <span class='ocrx_word' id='word_1_56' title='bbox 807 401 840 426; x_wconf 88' lang='lat' dir='ltr'>de</span> <span class='ocrx_word' id='word_1_57' title='bbox 853 407 934 427; x_wconf 90' lang='lat' dir='ltr'>morte</span> <span class='ocrx_word' id='word_1_58' title='bbox 948 401 1014 427; x_wconf 87' lang='lat' dir='ltr'>I‘an-</span> 
     </span>
     <span class='ocr_line' id='line_1_9' title="bbox 221 437 1015 472; baseline 0 -8"><span class='ocrx_word' id='word_1_59' title='bbox 221 447 265 465; x_wconf 86' lang='lat' dir='ltr'>sac</span> <span class='ocrx_word' id='word_1_60' title='bbox 285 437 469 472; x_wconf 74' lang='lat' dir='ltr'>custodirique</span> <span class='ocrx_word' id='word_1_61' title='bbox 491 441 519 463; x_wconf 89' lang='lat' dir='ltr'>ut</span> <span class='ocrx_word' id='word_1_62' title='bbox 538 437 709 472; x_wconf 83' lang='lat' dir='ltr'>parricidam.</span> <span class='ocrx_word' id='word_1_63' title='bbox 751 438 824 464; x_wconf 83' lang='lat' dir='ltr'>Nibil</span> <span class='ocrx_word' id='word_1_64' title='bbox 847 439 937 464; x_wconf 79' lang='lat' dir='ltr'>minus</span> <span class='ocrx_word' id='word_1_65' title='bbox 957 447 1015 464; x_wconf 87' lang='lat' dir='ltr'>cre-</span> 
     </span>
     <span class='ocr_line' id='line_1_10' title="bbox 221 474 1015 506; baseline 0 -5"><span class='ocrx_word' id='word_1_66' title='bbox 221 475 340 501; x_wconf 87' lang='lat' dir='ltr'>dendum</span> <span class='ocrx_word' id='word_1_67' title='bbox 357 479 406 500; x_wconf 84' lang='lat' dir='ltr'>est.</span> <span class='ocrx_word' id='word_1_68' title='bbox 447 474 514 506; x_wconf 81' lang='lat' dir='ltr'>Quis</span> <span class='ocrx_word' id='word_1_69' title='bbox 530 475 601 500; x_wconf 89' lang='lat' dir='ltr'>enim</span> <span class='ocrx_word' id='word_1_70' title='bbox 615 476 741 501; x_wconf 87' lang='lat' dir='ltr'>maiorem</span> <span class='ocrx_word' id='word_1_71' title='bbox 753 475 931 502; x_wconf 79' lang='lat' dir='ltr'>calamitatem</span> <span class='ocrx_word' id='word_1_72' title='bbox 944 484 1015 502; x_wconf 90' lang='lat' dir='ltr'>mor-</span> 
     </span>
    </p>
   </div>
   <div class='ocr_carea' id='block_1_4' title="bbox 221 510 1036 622">
    <p class='ocr_par' dir='ltr' id='par_1_4' title="bbox 221 510 1036 622">
     <span class='ocr_line' id='line_1_11' title="bbox 221 510 1036 546; baseline -0.001 -7"><span class='ocrx_word' id='word_1_73' title='bbox 221 517 245 539; x_wconf 87' lang='lat' dir='ltr'>te</span> <span class='ocrx_word' id='word_1_74' title='bbox 267 513 367 538; x_wconf 84' lang='lat' dir='ltr'>Pansae</span> <span class='ocrx_word' id='word_1_75' title='bbox 388 510 509 546; x_wconf 82' lang='lat' dir='ltr'>accepit‘?</span> <span class='ocrx_word' id='word_1_76' title='bbox 534 512 668 538; x_wconf 80' lang='lat' dir='ltr'>Praeterea</span> <span class='ocrx_word' id='word_1_77' title='bbox 685 517 725 539; x_wconf 87' lang='lat' dir='ltr'>est</span> <span class='ocrx_word' id='word_1_78' title='bbox 741 513 879 539; x_wconf 84' lang='lat' dir='ltr'>modestus</span> <span class='ocrx_word' id='word_1_79' title='bbox 896 512 974 539; x_wconf 89' lang='lat' dir='ltr'>bomo</span> <span class='ocrx_word' id='word_1_80' title='bbox 989 517 1015 538; x_wconf 89' lang='lat' dir='ltr'>et</span> <span class='ocrx_word' id='word_1_81' title='bbox 1035 515 1036 518; x_wconf 78' lang='grc'>’</span> 
     </span>
     <span class='ocr_line' id='line_1_12' title="bbox 222 548 1035 585; baseline 0 -9"><span class='ocrx_word' id='word_1_82' title='bbox 222 549 307 585; x_wconf 79' lang='lat' dir='ltr'>frugi:</span> <span class='ocrx_word' id='word_1_83' title='bbox 340 557 421 583; x_wconf 85' lang='lat' dir='ltr'>quem</span> <span class='ocrx_word' id='word_1_84' title='bbox 438 557 470 575; x_wconf 92' lang='lat' dir='ltr'>ne</span> <span class='ocrx_word' id='word_1_85' title='bbox 486 548 587 575; x_wconf 87' lang='lat' dir='ltr'>utilitas</span> <span class='ocrx_word' id='word_1_86' title='bbox 603 549 713 584; x_wconf 81' lang='lat' dir='ltr'>quidem</span> <span class='ocrx_word' id='word_1_87' title='bbox 731 549 1014 584; x_wconf 77' lang='lat' dir='ltr'>videaturimpulsura</span> <span class='ocrx_word' id='word_1_88' title='bbox 1034 579 1035 583; x_wconf 16' lang='grc' dir='ltr'><strong>Ἰ</strong></span> 
     </span>
     <span class='ocr_line' id='line_1_13' title="bbox 539 586 1036 622; baseline 0.002 -10"><span class='ocrx_word' id='word_1_89' title='bbox 539 587 611 621; x_wconf 76' lang='lat' dir='ltr'>Rogo</span> <span class='ocrx_word' id='word_1_90' title='bbox 628 591 666 617; x_wconf 88' lang='lat' dir='ltr'>tc,</span> <span class='ocrx_word' id='word_1_91' title='bbox 684 592 709 613; x_wconf 89' lang='lat' dir='ltr'>et</span> <span class='ocrx_word' id='word_1_92' title='bbox 724 587 834 622; x_wconf 86' lang='lat' dir='ltr'>quidem</span> <span class='ocrx_word' id='word_1_93' title='bbox 851 586 928 613; x_wconf 88' lang='lat' dir='ltr'>valde</span> <span class='ocrx_word' id='word_1_94' title='bbox 940 596 1012 622; x_wconf 84' lang='lat' dir='ltr'>rogo,</span> <span class='ocrx_word' id='word_1_95' title='bbox 1034 590 1036 620; x_wconf 52' lang='grc' dir='ltr'>ζ</span> 
     </span>
    </p>
   </div>
   <div class='ocr_carea' id='block_1_5' title="bbox 221 586 1015 1247">
    <p class='ocr_par' dir='ltr' id='par_1_5' title="bbox 221 586 1015 1247">
     <span class='ocr_line' id='line_1_14' title="bbox 222 586 498 613; baseline -0.004 0"><span class='ocrx_word' id='word_1_96' title='bbox 222 586 306 613; x_wconf 80' lang='lat' dir='ltr'>fuisse</span> <span class='ocrx_word' id='word_1_97' title='bbox 326 586 358 612; x_wconf 86' lang='lat' dir='ltr'>ad</span> <span class='ocrx_word' id='word_1_98' title='bbox 384 586 498 612; x_wconf 81' lang='lat' dir='ltr'>facinus.</span> 
     </span>
     <span class='ocr_line' id='line_1_15' title="bbox 221 623 1012 659; baseline 0 -9"><span class='ocrx_word' id='word_1_99' title='bbox 221 625 292 659; x_wconf 83' lang='lat' dir='ltr'>(nam</span> <span class='ocrx_word' id='word_1_100' title='bbox 307 623 447 650; x_wconf 80' lang='lat' dir='ltr'>Achilleus</span> <span class='ocrx_word' id='word_1_101' title='bbox 460 627 548 649; x_wconf 89' lang='lat' dir='ltr'>noster</span> <span class='ocrx_word' id='word_1_102' title='bbox 559 632 611 650; x_wconf 90' lang='lat' dir='ltr'>non</span> <span class='ocrx_word' id='word_1_103' title='bbox 624 624 715 650; x_wconf 80' lang='lat' dir='ltr'>minus</span> <span class='ocrx_word' id='word_1_104' title='bbox 724 645 730 655; x_wconf 79' lang='grc'>,</span> <span class='ocrx_word' id='word_1_105' title='bbox 742 633 824 659; x_wconf 85' lang='lat' dir='ltr'>quam</span> <span class='ocrx_word' id='word_1_106' title='bbox 836 633 952 659; x_wconf 90' lang='lat' dir='ltr'>aequum</span> <span class='ocrx_word' id='word_1_107' title='bbox 963 629 1012 655; x_wconf 85' lang='lat' dir='ltr'>est,</span> 
     </span>
     <span class='ocr_line' id='line_1_16' title="bbox 222 660 361 696; baseline 0 -9"><span class='ocrx_word' id='word_1_108' title='bbox 222 660 361 696; x_wconf 76' lang='lat' dir='ltr'>elaborat.)</span> 
     </span>
     <span class='ocr_line' id='line_1_17' title="bbox 222 697 1012 734; baseline 0.001 -10"><span class='ocrx_word' id='word_1_109' title='bbox 222 699 275 725; x_wconf 85' lang='lat' dir='ltr'>IIoc</span> <span class='ocrx_word' id='word_1_110' title='bbox 290 707 339 734; x_wconf 81' lang='lat' dir='ltr'>ego</span> <span class='ocrx_word' id='word_1_111' title='bbox 355 698 387 724; x_wconf 85' lang='lat' dir='ltr'>ad</span> <span class='ocrx_word' id='word_1_112' title='bbox 404 706 494 724; x_wconf 89' lang='lat' dir='ltr'>mcum</span> <span class='ocrx_word' id='word_1_113' title='bbox 506 697 626 724; x_wconf 78' lang='lat' dir='ltr'>officium</span> <span class='ocrx_word' id='word_1_114' title='bbox 638 699 804 733; x_wconf 79' lang='lat' dir='ltr'>privatarum</span> <span class='ocrx_word' id='word_1_115' title='bbox 817 708 905 726; x_wconf 91' lang='lat' dir='ltr'>rerum</span> <span class='ocrx_word' id='word_1_116' title='bbox 917 707 1012 734; x_wconf 78' lang='lat' dir='ltr'>aeque,</span> 
     </span>
     <span class='ocr_line' id='line_1_18' title="bbox 221 735 846 771; baseline 0.003 -10"><span class='ocrx_word' id='word_1_117' title='bbox 221 741 300 771; x_wconf 86' lang='lat' dir='ltr'>atque</span> <span class='ocrx_word' id='word_1_118' title='bbox 313 735 394 762; x_wconf 85' lang='lat' dir='ltr'>ullam</span> <span class='ocrx_word' id='word_1_119' title='bbox 407 735 486 762; x_wconf 83' lang='lat' dir='ltr'>aliam</span> <span class='ocrx_word' id='word_1_120' title='bbox 499 744 563 766; x_wconf 89' lang='lat' dir='ltr'>rem,</span> <span class='ocrx_word' id='word_1_121' title='bbox 581 737 712 770; x_wconf 87' lang='lat' dir='ltr'>pertinere</span> <span class='ocrx_word' id='word_1_122' title='bbox 724 737 846 763; x_wconf 81' lang='lat' dir='ltr'>arbitror.</span> 
     </span>
     <span class='ocr_line' id='line_1_19' title="bbox 222 772 1012 809; baseline 0.003 -11"><span class='ocrx_word' id='word_1_123' title='bbox 222 773 270 799; x_wconf 86' lang='lat' dir='ltr'>has</span> <span class='ocrx_word' id='word_1_124' title='bbox 291 773 323 799; x_wconf 89' lang='lat' dir='ltr'>ad</span> <span class='ocrx_word' id='word_1_125' title='bbox 344 777 368 799; x_wconf 82' lang='lat' dir='ltr'>te</span> <span class='ocrx_word' id='word_1_126' title='bbox 391 773 537 799; x_wconf 81' lang='lat' dir='ltr'>scriberem</span> <span class='ocrx_word' id='word_1_127' title='bbox 559 772 671 804; x_wconf 81' lang='lat' dir='ltr'>litteras,</span> <span class='ocrx_word' id='word_1_128' title='bbox 694 774 727 800; x_wconf 87' lang='lat' dir='ltr'>ab</span> <span class='ocrx_word' id='word_1_129' title='bbox 748 774 846 804; x_wconf 87' lang='lat' dir='ltr'>Satrio,</span> <span class='ocrx_word' id='word_1_130' title='bbox 874 773 960 809; x_wconf 81' lang='lat' dir='ltr'>legato</span> <span class='ocrx_word' id='word_1_131' title='bbox 983 774 1012 801; x_wconf 92' lang='lat' dir='ltr'>C.</span> 
     </span>
     <span class='ocr_line' id='line_1_20' title="bbox 222 810 1015 846; baseline 0.001 -10"><span class='ocrx_word' id='word_1_132' title='bbox 222 810 362 841; x_wconf 90' lang='lat' dir='ltr'>Trebonii,</span> <span class='ocrx_word' id='word_1_133' title='bbox 386 810 488 836; x_wconf 88' lang='lat' dir='ltr'>reddita</span> <span class='ocrx_word' id='word_1_134' title='bbox 509 815 549 836; x_wconf 89' lang='lat' dir='ltr'>est</span> <span class='ocrx_word' id='word_1_135' title='bbox 565 811 632 837; x_wconf 90' lang='lat' dir='ltr'>mibi</span> <span class='ocrx_word' id='word_1_136' title='bbox 647 811 773 846; x_wconf 82' lang='lat' dir='ltr'>epistola,</span> <span class='ocrx_word' id='word_1_137' title='bbox 787 820 800 837; x_wconf 94' lang='lat' dir='ltr'>a</span> <span class='ocrx_word' id='word_1_138' title='bbox 812 810 891 837; x_wconf 87' lang='lat' dir='ltr'>Tillio</span> <span class='ocrx_word' id='word_1_139' title='bbox 902 816 927 837; x_wconf 88' lang='lat' dir='ltr'>et</span> <span class='ocrx_word' id='word_1_140' title='bbox 937 811 1015 837; x_wconf 89' lang='lat' dir='ltr'>Deio-</span> 
     </span>
     <span class='ocr_line' id='line_1_21' title="bbox 222 847 1010 883; baseline 0.001 -10"><span class='ocrx_word' id='word_1_141' title='bbox 222 853 277 874; x_wconf 83' lang='lat' dir='ltr'>taro</span> <span class='ocrx_word' id='word_1_142' title='bbox 289 847 451 873; x_wconf 86' lang='lat' dir='ltr'>Dolabellam</span> <span class='ocrx_word' id='word_1_143' title='bbox 463 856 570 873; x_wconf 85' lang='lat' dir='ltr'>caesum</span> <span class='ocrx_word' id='word_1_144' title='bbox 584 847 760 883; x_wconf 75' lang='lat' dir='ltr'>fugatumque</span> <span class='ocrx_word' id='word_1_145' title='bbox 772 857 841 875; x_wconf 86' lang='lat' dir='ltr'>esse.</span> <span class='ocrx_word' id='word_1_146' title='bbox 882 848 1010 875; x_wconf 81' lang='lat' dir='ltr'>Graecam</span> 
     </span>
     <span class='ocr_line' id='line_1_22' title="bbox 221 884 1013 920; baseline 0.001 -9"><span class='ocrx_word' id='word_1_147' title='bbox 221 885 361 920; x_wconf 80' lang='lat' dir='ltr'>epistolam</span> <span class='ocrx_word' id='word_1_148' title='bbox 386 884 435 911; x_wconf 91' lang='lat' dir='ltr'>tibi</span> <span class='ocrx_word' id='word_1_149' title='bbox 457 885 519 911; x_wconf 85' lang='lat' dir='ltr'>misi</span> <span class='ocrx_word' id='word_1_150' title='bbox 538 885 650 912; x_wconf 82' lang='lat' dir='ltr'>Cicereii</span> <span class='ocrx_word' id='word_1_151' title='bbox 666 885 822 915; x_wconf 83' lang='lat' dir='ltr'>cuiusdam,</span> <span class='ocrx_word' id='word_1_152' title='bbox 840 885 873 911; x_wconf 86' lang='lat' dir='ltr'>ad</span> <span class='ocrx_word' id='word_1_153' title='bbox 895 886 1013 912; x_wconf 84' lang='lat' dir='ltr'>Satrium</span> 
     </span>
     <span class='ocr_line' id='line_1_23' title="bbox 222 921 1014 958; baseline 0.001 -10"><span class='ocrx_word' id='word_1_154' title='bbox 222 923 343 949; x_wconf 87' lang='lat' dir='ltr'>missam.</span> <span class='ocrx_word' id='word_1_155' title='bbox 365 923 388 948; x_wconf 70' lang='lat'>4.</span> <span class='ocrx_word' id='word_1_156' title='bbox 405 921 514 948; x_wconf 87' lang='lat' dir='ltr'>Flavius</span> <span class='ocrx_word' id='word_1_157' title='bbox 526 927 614 949; x_wconf 88' lang='lat' dir='ltr'>noster</span> <span class='ocrx_word' id='word_1_158' title='bbox 625 923 658 949; x_wconf 80' lang='lat' dir='ltr'>de</span> <span class='ocrx_word' id='word_1_159' title='bbox 669 924 952 958; x_wconf 48' lang='lat' dir='ltr'>controversiasquam</span> <span class='ocrx_word' id='word_1_160' title='bbox 966 923 1014 949; x_wconf 88' lang='lat' dir='ltr'>ba-</span> 
     </span>
     <span class='ocr_line' id='line_1_24' title="bbox 221 959 1014 995; baseline 0.001 -10"><span class='ocrx_word' id='word_1_161' title='bbox 221 959 267 994; x_wconf 75' lang='lat' dir='ltr'>bet</span> <span class='ocrx_word' id='word_1_162' title='bbox 286 968 348 985; x_wconf 93' lang='lat' dir='ltr'>cum</span> <span class='ocrx_word' id='word_1_163' title='bbox 369 959 562 995; x_wconf 80' lang='lat' dir='ltr'>Dyrrhachinis</span> <span class='ocrx_word' id='word_1_164' title='bbox 579 960 780 991; x_wconf 85' lang='lat' dir='ltr'>hereditariam,</span> <span class='ocrx_word' id='word_1_165' title='bbox 798 961 915 995; x_wconf 83' lang='lat' dir='ltr'>sumpsit</span> <span class='ocrx_word' id='word_1_166' title='bbox 931 965 954 986; x_wconf 88' lang='lat' dir='ltr'>te</span> <span class='ocrx_word' id='word_1_167' title='bbox 971 961 1014 986; x_wconf 93' lang='lat' dir='ltr'>iu-</span> 
     </span>
     <span class='ocr_line' id='line_1_25' title="bbox 221 996 1014 1033; baseline 0.001 -11"><span class='ocrx_word' id='word_1_168' title='bbox 221 996 320 1023; x_wconf 86' lang='lat' dir='ltr'>dicem.</span> <span class='ocrx_word' id='word_1_169' title='bbox 361 996 432 1032; x_wconf 80' lang='lat' dir='ltr'>Rogo</span> <span class='ocrx_word' id='word_1_170' title='bbox 449 1001 486 1027; x_wconf 90' lang='lat' dir='ltr'>te,</span> <span class='ocrx_word' id='word_1_171' title='bbox 505 996 610 1028; x_wconf 90' lang='lat' dir='ltr'>Cicero,</span> <span class='ocrx_word' id='word_1_172' title='bbox 628 1002 653 1024; x_wconf 86' lang='lat' dir='ltr'>et</span> <span class='ocrx_word' id='word_1_173' title='bbox 665 998 774 1023; x_wconf 63' lang='lat' dir='ltr'>I‘Iavius</span> <span class='ocrx_word' id='word_1_174' title='bbox 786 1002 868 1033; x_wconf 75' lang='lat' dir='ltr'>rogat,</span> <span class='ocrx_word' id='word_1_175' title='bbox 883 1006 937 1023; x_wconf 90' lang='lat' dir='ltr'>rem</span> <span class='ocrx_word' id='word_1_176' title='bbox 949 1006 1014 1024; x_wconf 94' lang='lat' dir='ltr'>con-</span> 
     </span>
     <span class='ocr_line' id='line_1_26' title="bbox 222 1033 1013 1069; baseline 0 -9"><span class='ocrx_word' id='word_1_177' title='bbox 222 1034 306 1060; x_wconf 78' lang='lat' dir='ltr'>ncias.</span> <span class='ocrx_word' id='word_1_178' title='bbox 328 1033 399 1066; x_wconf 86' lang='lat' dir='ltr'>Quin</span> <span class='ocrx_word' id='word_1_179' title='bbox 410 1034 444 1064; x_wconf 88' lang='lat' dir='ltr'>ei,</span> <span class='ocrx_word' id='word_1_180' title='bbox 457 1034 505 1068; x_wconf 87' lang='lat' dir='ltr'>qui</span> <span class='ocrx_word' id='word_1_181' title='bbox 517 1033 640 1060; x_wconf 91' lang='lat' dir='ltr'>Flavium</span> <span class='ocrx_word' id='word_1_182' title='bbox 654 1034 715 1061; x_wconf 80' lang='lat' dir='ltr'>fecit</span> <span class='ocrx_word' id='word_1_183' title='bbox 727 1035 861 1064; x_wconf 87' lang='lat' dir='ltr'>beredcm,</span> <span class='ocrx_word' id='word_1_184' title='bbox 871 1036 1013 1069; x_wconf 87' lang='lat' dir='ltr'>pecuniam</span> 
     </span>
     <span class='ocr_line' id='line_1_27' title="bbox 221 1071 1013 1107; baseline 0.001 -10"><span class='ocrx_word' id='word_1_185' title='bbox 221 1071 346 1097; x_wconf 81' lang='lat' dir='ltr'>debuerit</span> <span class='ocrx_word' id='word_1_186' title='bbox 356 1071 461 1102; x_wconf 88' lang='lat' dir='ltr'>civitas,</span> <span class='ocrx_word' id='word_1_187' title='bbox 476 1080 527 1097; x_wconf 89' lang='lat' dir='ltr'>non</span> <span class='ocrx_word' id='word_1_188' title='bbox 540 1076 579 1097; x_wconf 87' lang='lat' dir='ltr'>est</span> <span class='ocrx_word' id='word_1_189' title='bbox 590 1071 719 1098; x_wconf 86' lang='lat' dir='ltr'>dubium:</span> <span class='ocrx_word' id='word_1_190' title='bbox 743 1072 1013 1107; x_wconf 87' lang='lat' dir='ltr'>nequeDyrrbacbini</span> 
     </span>
     <span class='ocr_line' id='line_1_28' title="bbox 221 1108 1014 1141; baseline 0 -6"><span class='ocrx_word' id='word_1_191' title='bbox 221 1108 383 1141; x_wconf 65' lang='lat' dir='ltr'>infitiantur,</span> <span class='ocrx_word' id='word_1_192' title='bbox 413 1108 461 1134; x_wconf 87' lang='lat' dir='ltr'>sed</span> <span class='ocrx_word' id='word_1_193' title='bbox 477 1108 530 1134; x_wconf 87' lang='lat' dir='ltr'>sibi</span> <span class='ocrx_word' id='word_1_194' title='bbox 547 1108 674 1135; x_wconf 91' lang='lat' dir='ltr'>donatum</span> <span class='ocrx_word' id='word_1_195' title='bbox 691 1118 735 1135; x_wconf 86' lang='lat' dir='ltr'>aes</span> <span class='ocrx_word' id='word_1_196' title='bbox 747 1109 865 1135; x_wconf 86' lang='lat' dir='ltr'>alienum</span> <span class='ocrx_word' id='word_1_197' title='bbox 878 1118 891 1135; x_wconf 89' lang='lat' dir='ltr'>a</span> <span class='ocrx_word' id='word_1_198' title='bbox 903 1109 1014 1136; x_wconf 83' lang='lat' dir='ltr'>Caesare</span> 
     </span>
     <span class='ocr_line' id='line_1_29' title="bbox 221 1145 1015 1180; baseline 0.001 -9"><span class='ocrx_word' id='word_1_199' title='bbox 221 1145 325 1172; x_wconf 90' lang='lat' dir='ltr'>dicunt.</span> <span class='ocrx_word' id='word_1_200' title='bbox 366 1145 425 1171; x_wconf 90' lang='lat' dir='ltr'>Noli</span> <span class='ocrx_word' id='word_1_201' title='bbox 437 1146 492 1180; x_wconf 90' lang='lat' dir='ltr'>pati</span> <span class='ocrx_word' id='word_1_202' title='bbox 516 1155 530 1172; x_wconf 89' lang='lat' dir='ltr'>a</span> <span class='ocrx_word' id='word_1_203' title='bbox 546 1147 705 1173; x_wconf 83' lang='lat' dir='ltr'>necessariis</span> <span class='ocrx_word' id='word_1_204' title='bbox 724 1147 778 1173; x_wconf 90' lang='lat' dir='ltr'>tuis</span> <span class='ocrx_word' id='word_1_205' title='bbox 790 1147 940 1173; x_wconf 87' lang='lat' dir='ltr'>necessario</span> <span class='ocrx_word' id='word_1_206' title='bbox 956 1155 1015 1173; x_wconf 90' lang='lat' dir='ltr'>meo</span> 
     </span>
     <span class='ocr_line' id='line_1_30' title="bbox 221 1182 1015 1211; baseline 0.001 -2"><span class='ocrx_word' id='word_1_207' title='bbox 221 1183 349 1209; x_wconf 89' lang='lat' dir='ltr'>iniuriam</span> <span class='ocrx_word' id='word_1_208' title='bbox 370 1182 437 1208; x_wconf 82' lang='lat' dir='ltr'>sieri.</span> <span class='ocrx_word' id='word_1_209' title='bbox 492 1190 559 1209; x_wconf 87' lang='lat' dir='ltr'>xvn.</span> <span class='ocrx_word' id='word_1_210' title='bbox 593 1183 706 1210; x_wconf 84' lang='lat' dir='ltr'>Kalend.</span> <span class='ocrx_word' id='word_1_211' title='bbox 729 1184 789 1210; x_wconf 87' lang='lat' dir='ltr'>lun.</span> <span class='ocrx_word' id='word_1_212' title='bbox 815 1192 849 1210; x_wconf 84' lang='lat' dir='ltr'>ex</span> <span class='ocrx_word' id='word_1_213' title='bbox 867 1184 961 1211; x_wconf 85' lang='lat' dir='ltr'>castris</span> <span class='ocrx_word' id='word_1_214' title='bbox 982 1183 1015 1210; x_wconf 89' lang='lat' dir='ltr'>ad</span> 
     </span>
     <span class='ocr_line' id='line_1_31' title="bbox 222 1219 498 1247; baseline 0 -1"><span class='ocrx_word' id='word_1_215' title='bbox 222 1221 303 1246; x_wconf 89' lang='lat' dir='ltr'>imam</span> <span class='ocrx_word' id='word_1_216' title='bbox 323 1219 498 1247; x_wconf 86' lang='lat' dir='ltr'>Candaviam.</span> 
     </span>
    </p>
   </div>
   <div class='ocr_carea' id='block_1_6' title="bbox 220 1296 1016 1492">
    <p class='ocr_par' dir='ltr' id='par_1_6' title="bbox 220 1296 1016 1492">
     <span class='ocr_line' id='line_1_32' title="bbox 276 1296 1015 1324; baseline 0.003 -6"><span class='ocrx_word' id='word_1_217' title='bbox 276 1297 326 1318; x_wconf 72' lang='lat' dir='ltr'>vn.</span> <span class='ocrx_word' id='word_1_218' title='bbox 343 1297 420 1317; x_wconf 69' lang='lat' dir='ltr'>ARG.</span> <span class='ocrx_word' id='word_1_219' title='bbox 453 1297 476 1317; x_wconf 79' lang='lat' dir='ltr'>L.</span> <span class='ocrx_word' id='word_1_220' title='bbox 503 1296 604 1317; x_wconf 81' lang='lat' dir='ltr'>Bibulum</span> <span class='ocrx_word' id='word_1_221' title='bbox 630 1302 654 1318; x_wconf 84' lang='lat' dir='ltr'>ut</span> <span class='ocrx_word' id='word_1_222' title='bbox 673 1298 695 1318; x_wconf 92' lang='lat' dir='ltr'>in</span> <span class='ocrx_word' id='word_1_223' title='bbox 714 1299 802 1319; x_wconf 74' lang='lat' dir='ltr'>Pansae</span> <span class='ocrx_word' id='word_1_224' title='bbox 819 1298 890 1319; x_wconf 78' lang='lat' dir='ltr'>Iocum</span> <span class='ocrx_word' id='word_1_225' title='bbox 910 1298 1015 1324; x_wconf 75' lang='lat' dir='ltr'>nominer,</span> 
     </span>
     <span class='ocr_line' id='line_1_33' title="bbox 221 1332 1016 1360; baseline 0.003 -8"><span class='ocrx_word' id='word_1_226' title='bbox 221 1335 290 1357; x_wconf 74' lang='lat' dir='ltr'>rogat.</span> <span class='ocrx_word' id='word_1_227' title='bbox 315 1332 378 1356; x_wconf 80' lang='lat' dir='ltr'>Quod</span> <span class='ocrx_word' id='word_1_228' title='bbox 398 1335 469 1352; x_wconf 74' lang='lat' dir='ltr'>autem</span> <span class='ocrx_word' id='word_1_229' title='bbox 489 1332 563 1352; x_wconf 70' lang='lat' dir='ltr'>Pansa</span> <span class='ocrx_word' id='word_1_230' title='bbox 578 1335 599 1352; x_wconf 82' lang='lat' dir='ltr'>et</span> <span class='ocrx_word' id='word_1_231' title='bbox 614 1332 691 1353; x_wconf 73' lang='lat' dir='ltr'>consul</span> <span class='ocrx_word' id='word_1_232' title='bbox 707 1337 752 1353; x_wconf 82' lang='lat' dir='ltr'>emt</span> <span class='ocrx_word' id='word_1_233' title='bbox 768 1337 790 1354; x_wconf 85' lang='lat' dir='ltr'>et</span> <span class='ocrx_word' id='word_1_234' title='bbox 804 1333 919 1360; x_wconf 74' lang='lat' dir='ltr'>pontifex.</span> <span class='ocrx_word' id='word_1_235' title='bbox 936 1334 1016 1354; x_wconf 70' lang='lat' dir='ltr'>Brutus</span> 
     </span>
     <span class='ocr_line' id='line_1_34' title="bbox 220 1366 1016 1389; baseline 0.004 -3"><span class='ocrx_word' id='word_1_236' title='bbox 220 1366 350 1387; x_wconf 74' lang='lat' dir='ltr'>alterutrum</span> <span class='ocrx_word' id='word_1_237' title='bbox 362 1374 440 1387; x_wconf 68' lang='lat' dir='ltr'>munus</span> <span class='ocrx_word' id='word_1_238' title='bbox 450 1373 570 1387; x_wconf 74' lang='lat' dir='ltr'>memorare</span> <span class='ocrx_word' id='word_1_239' title='bbox 579 1367 684 1388; x_wconf 72' lang='lat' dir='ltr'>debuisse</span> <span class='ocrx_word' id='word_1_240' title='bbox 690 1368 924 1389; x_wconf 64' lang='lat' dir='ltr'>Marklantlnvitletur.</span> <span class='ocrx_word' id='word_1_241' title='bbox 940 1369 1016 1389; x_wconf 70' lang='lat' dir='ltr'>Eidem</span> 
     </span>
     <span class='ocr_line' id='line_1_35' title="bbox 220 1401 1016 1430; baseline 0.004 -9"><span class='ocrx_word' id='word_1_242' title='bbox 220 1401 290 1426; x_wconf 68' lang='lat' dir='ltr'>igitur</span> <span class='ocrx_word' id='word_1_243' title='bbox 300 1401 341 1422; x_wconf 82' lang='lat' dir='ltr'>hoe</span> <span class='ocrx_word' id='word_1_244' title='bbox 351 1401 416 1422; x_wconf 85' lang='lat' dir='ltr'>titulo</span> <span class='ocrx_word' id='word_1_245' title='bbox 428 1406 531 1429; x_wconf 67' lang='lat' dir='ltr'>suspecta</span> <span class='ocrx_word' id='word_1_246' title='bbox 537 1405 570 1422; x_wconf 78' lang='lat' dir='ltr'>est</span> <span class='ocrx_word' id='word_1_247' title='bbox 580 1402 681 1429; x_wconf 79' lang='lat' dir='ltr'>epistola.</span> <span class='ocrx_word' id='word_1_248' title='bbox 701 1403 811 1424; x_wconf 71' lang='lat' dir='ltr'>Accedere</span> <span class='ocrx_word' id='word_1_249' title='bbox 818 1410 868 1424; x_wconf 64' lang='lat' dir='ltr'>vero</span> <span class='ocrx_word' id='word_1_250' title='bbox 876 1403 949 1428; x_wconf 77' lang='lat' dir='ltr'>etiam,</span> <span class='ocrx_word' id='word_1_251' title='bbox 960 1404 1016 1430; x_wconf 76' lang='lat' dir='ltr'>quod</span> 
     </span>
     <span class='ocr_line' id='line_1_36' title="bbox 220 1436 1016 1466; baseline 0.004 -10"><span class='ocrx_word' id='word_1_252' title='bbox 220 1436 321 1457; x_wconf 76' lang='lat' dir='ltr'>insolens</span> <span class='ocrx_word' id='word_1_253' title='bbox 341 1436 371 1457; x_wconf 72' lang='lat' dir='ltr'>sit:</span> <span class='ocrx_word' id='word_1_254' title='bbox 389 1436 430 1457; x_wconf 72' lang='lat' dir='ltr'>illa</span> <span class='ocrx_word' id='word_1_255' title='bbox 444 1436 524 1457; x_wconf 79' lang='lat' dir='ltr'>dictio:</span> <span class='ocrx_word' id='word_1_256' title='bbox 551 1437 611 1461; x_wconf 77' lang='lat' dir='ltr'>„Sed</span> <span class='ocrx_word' id='word_1_257' title='bbox 627 1438 751 1465; x_wconf 74' lang='lat' dir='ltr'>Appuleius</span> <span class='ocrx_word' id='word_1_258' title='bbox 766 1438 788 1459; x_wconf 89' lang='lat' dir='ltr'>in</span> <span class='ocrx_word' id='word_1_259' title='bbox 804 1445 844 1459; x_wconf 73' lang='lat' dir='ltr'>sua</span> <span class='ocrx_word' id='word_1_260' title='bbox 854 1438 950 1466; x_wconf 74' lang='lat' dir='ltr'>epistola</span> <span class='ocrx_word' id='word_1_261' title='bbox 959 1438 1016 1460; x_wconf 78' lang='lat' dir='ltr'>eele-</span> 
     </span>
     <span class='ocr_line' id='line_1_37' title="bbox 221 1471 348 1492; baseline 0.008 -1"><span class='ocrx_word' id='word_1_262' title='bbox 221 1471 348 1492; x_wconf 64' lang='lat' dir='ltr'>Irruliitur.¹¹</span> 
     </span>
    </p>
   </div>
   <div class='ocr_carea' id='block_1_7' title="bbox 341 1508 894 1537">
    <p class='ocr_par' dir='ltr' id='par_1_7' title="bbox 341 1508 894 1537">
     <span class='ocr_line' id='line_1_38' title="bbox 341 1508 894 1537; baseline 0.005 -3"><span class='ocrx_word' id='word_1_263' title='bbox 341 1508 520 1535; x_wconf 88' lang='lat' dir='ltr'>BRUTUS</span> <span class='ocrx_word' id='word_1_264' title='bbox 550 1508 578 1535; x_wconf 90' lang='lat' dir='ltr'>S.</span> <span class='ocrx_word' id='word_1_265' title='bbox 609 1510 639 1535; x_wconf 91' lang='lat' dir='ltr'>D.</span> <span class='ocrx_word' id='word_1_266' title='bbox 661 1509 894 1537; x_wconf 85' lang='lat' dir='ltr'>CICERONI.</span> 
     </span>
    </p>
   </div>
   <div class='ocr_carea' id='block_1_8' title="bbox 219 1549 1017 2186">
    <p class='ocr_par' dir='ltr' id='par_1_8' title="bbox 219 1549 1017 2186">
     <span class='ocr_line' id='line_1_39' title="bbox 277 1549 1017 1590; baseline 0.005 -11"><span class='ocrx_word' id='word_1_267' title='bbox 277 1555 299 1580; x_wconf 92' lang='lat' dir='ltr'>I.</span> <span class='ocrx_word' id='word_1_268' title='bbox 323 1549 381 1590; x_wconf 86' lang='lat' dir='ltr'>[L.]</span> <span class='ocrx_word' id='word_1_269' title='bbox 393 1553 507 1581; x_wconf 90' lang='lat' dir='ltr'>Bibulus</span> <span class='ocrx_word' id='word_1_270' title='bbox 519 1563 600 1589; x_wconf 90' lang='lat' dir='ltr'>quam</span> <span class='ocrx_word' id='word_1_271' title='bbox 612 1564 690 1581; x_wconf 85' lang='lat' dir='ltr'>carus</span> <span class='ocrx_word' id='word_1_272' title='bbox 702 1556 770 1582; x_wconf 89' lang='lat' dir='ltr'>mihi</span> <span class='ocrx_word' id='word_1_273' title='bbox 782 1564 840 1582; x_wconf 87' lang='lat' dir='ltr'>esse</span> <span class='ocrx_word' id='word_1_274' title='bbox 851 1556 956 1587; x_wconf 88' lang='lat' dir='ltr'>debeat,</span> <span class='ocrx_word' id='word_1_275' title='bbox 969 1565 1017 1583; x_wconf 85' lang='lat' dir='ltr'>ue-</span> 
     </span>
     <span class='ocr_line' id='line_1_40' title="bbox 221 1590 1017 1628; baseline 0.005 -11"><span class='ocrx_word' id='word_1_276' title='bbox 221 1599 264 1617; x_wconf 93' lang='lat' dir='ltr'>mo</span> <span class='ocrx_word' id='word_1_277' title='bbox 275 1590 374 1617; x_wconf 89' lang='lat' dir='ltr'>melius</span> <span class='ocrx_word' id='word_1_278' title='bbox 385 1591 505 1618; x_wconf 87' lang='lat' dir='ltr'>iudicare</span> <span class='ocrx_word' id='word_1_279' title='bbox 516 1597 610 1627; x_wconf 82' lang='lat' dir='ltr'>potest,</span> <span class='ocrx_word' id='word_1_280' title='bbox 624 1601 704 1627; x_wconf 87' lang='lat' dir='ltr'>quam</span> <span class='ocrx_word' id='word_1_281' title='bbox 717 1598 758 1625; x_wconf 80' lang='lat' dir='ltr'>tu3</span> <span class='ocrx_word' id='word_1_282' title='bbox 779 1595 858 1620; x_wconf 89' lang='lat' dir='ltr'>cuius</span> <span class='ocrx_word' id='word_1_283' title='bbox 870 1599 958 1620; x_wconf 86' lang='lat' dir='ltr'>tantae</span> <span class='ocrx_word' id='word_1_284' title='bbox 969 1602 1017 1628; x_wconf 89' lang='lat' dir='ltr'>pro</span> 
     </span>
     <span class='ocr_line' id='line_1_41' title="bbox 221 1627 1017 1665; baseline 0.004 -11"><span class='ocrx_word' id='word_1_285' title='bbox 221 1627 360 1663; x_wconf 81' lang='lat' dir='ltr'>republica</span> <span class='ocrx_word' id='word_1_286' title='bbox 371 1629 554 1656; x_wconf 80' lang='lat' dir='ltr'>contentiones</span> <span class='ocrx_word' id='word_1_287' title='bbox 561 1629 814 1665; x_wconf 85' lang='lat' dir='ltr'>sollicitudinesque</span> <span class='ocrx_word' id='word_1_288' title='bbox 826 1630 943 1657; x_wconf 84' lang='lat' dir='ltr'>fuerunt.</span> <span class='ocrx_word' id='word_1_289' title='bbox 965 1632 1017 1657; x_wconf 89' lang='lat' dir='ltr'>Ita—</span> 
     </span>
     <span class='ocr_line' id='line_1_42' title="bbox 220 1665 1017 1700; baseline 0.005 -9"><span class='ocrx_word' id='word_1_290' title='bbox 220 1674 274 1700; x_wconf 88' lang='lat' dir='ltr'>que</span> <span class='ocrx_word' id='word_1_291' title='bbox 294 1665 336 1692; x_wconf 88' lang='lat' dir='ltr'>vel</span> <span class='ocrx_word' id='word_1_292' title='bbox 358 1665 446 1700; x_wconf 85' lang='lat' dir='ltr'>ipsius</span> <span class='ocrx_word' id='word_1_293' title='bbox 465 1667 565 1698; x_wconf 82' lang='lat' dir='ltr'>virtus,</span> <span class='ocrx_word' id='word_1_294' title='bbox 587 1666 630 1693; x_wconf 90' lang='lat' dir='ltr'>vel</span> <span class='ocrx_word' id='word_1_295' title='bbox 646 1672 735 1693; x_wconf 89' lang='lat' dir='ltr'>nostra</span> <span class='ocrx_word' id='word_1_296' title='bbox 751 1668 922 1695; x_wconf 83' lang='lat' dir='ltr'>necessitudo</span> <span class='ocrx_word' id='word_1_297' title='bbox 937 1668 1017 1695; x_wconf 86' lang='lat' dir='ltr'>debet</span> 
     </span>
     <span class='ocr_line' id='line_1_43' title="bbox 220 1702 1016 1738; baseline 0.004 -9"><span class='ocrx_word' id='word_1_298' title='bbox 220 1702 363 1729; x_wconf 90' lang='lat' dir='ltr'>conciliare</span> <span class='ocrx_word' id='word_1_299' title='bbox 382 1708 407 1730; x_wconf 86' lang='lat' dir='ltr'>te</span> <span class='ocrx_word' id='word_1_300' title='bbox 428 1703 482 1730; x_wconf 90' lang='lat' dir='ltr'>illi:</span> <span class='ocrx_word' id='word_1_301' title='bbox 513 1712 567 1738; x_wconf 90' lang='lat' dir='ltr'>quo</span> <span class='ocrx_word' id='word_1_302' title='bbox 582 1705 674 1730; x_wconf 89' lang='lat' dir='ltr'>minus</span> <span class='ocrx_word' id='word_1_303' title='bbox 689 1704 772 1731; x_wconf 90' lang='lat' dir='ltr'>multa</span> <span class='ocrx_word' id='word_1_304' title='bbox 790 1706 858 1732; x_wconf 91' lang='lat' dir='ltr'>mihi</span> <span class='ocrx_word' id='word_1_305' title='bbox 873 1705 1016 1732; x_wconf 88' lang='lat' dir='ltr'>scribenda</span> 
     </span>
     <span class='ocr_line' id='line_1_44' title="bbox 220 1740 1013 1774; baseline 0.004 -8"><span class='ocrx_word' id='word_1_306' title='bbox 220 1748 279 1766; x_wconf 85' lang='lat' dir='ltr'>esse</span> <span class='ocrx_word' id='word_1_307' title='bbox 291 1740 414 1767; x_wconf 86' lang='lat' dir='ltr'>arbitror.</span> <span class='ocrx_word' id='word_1_308' title='bbox 445 1740 574 1768; x_wconf 85' lang='lat' dir='ltr'>Voluntas</span> <span class='ocrx_word' id='word_1_309' title='bbox 585 1743 658 1768; x_wconf 89' lang='lat' dir='ltr'>enim</span> <span class='ocrx_word' id='word_1_310' title='bbox 670 1746 693 1768; x_wconf 88' lang='lat' dir='ltr'>te</span> <span class='ocrx_word' id='word_1_311' title='bbox 706 1751 813 1768; x_wconf 85' lang='lat' dir='ltr'>movere</span> <span class='ocrx_word' id='word_1_312' title='bbox 824 1743 904 1769; x_wconf 90' lang='lat' dir='ltr'>debet</span> <span class='ocrx_word' id='word_1_313' title='bbox 915 1747 1013 1774; x_wconf 83' lang='lat' dir='ltr'>nostra,</span> 
     </span>
     <span class='ocr_line' id='line_1_45' title="bbox 220 1777 1014 1814; baseline 0.004 -11"><span class='ocrx_word' id='word_1_314' title='bbox 220 1777 244 1803; x_wconf 89' lang='lat' dir='ltr'>si</span> <span class='ocrx_word' id='word_1_315' title='bbox 255 1777 334 1804; x_wconf 91' lang='lat' dir='ltr'>modo</span> <span class='ocrx_word' id='word_1_316' title='bbox 345 1778 415 1804; x_wconf 87' lang='lat' dir='ltr'>iusta</span> <span class='ocrx_word' id='word_1_317' title='bbox 426 1782 465 1804; x_wconf 85' lang='lat' dir='ltr'>est</span> <span class='ocrx_word' id='word_1_318' title='bbox 479 1783 524 1805; x_wconf 88' lang='lat' dir='ltr'>aut</span> <span class='ocrx_word' id='word_1_319' title='bbox 535 1787 582 1813; x_wconf 92' lang='lat' dir='ltr'>pro</span> <span class='ocrx_word' id='word_1_320' title='bbox 593 1778 681 1805; x_wconf 84' lang='lat' dir='ltr'>officio</span> <span class='ocrx_word' id='word_1_321' title='bbox 695 1781 846 1806; x_wconf 88' lang='lat' dir='ltr'>necessario</span> <span class='ocrx_word' id='word_1_322' title='bbox 856 1780 1014 1814; x_wconf 83' lang='lat' dir='ltr'>suscipitur.</span> 
     </span>
     <span class='ocr_line' id='line_1_46' title="bbox 220 1814 1016 1850; baseline 0.004 -10"><span class='ocrx_word' id='word_1_323' title='bbox 220 1815 248 1841; x_wconf 91' lang='lat' dir='ltr'>In</span> <span class='ocrx_word' id='word_1_324' title='bbox 264 1815 366 1841; x_wconf 86' lang='lat' dir='ltr'>Pansae</span> <span class='ocrx_word' id='word_1_325' title='bbox 383 1814 471 1841; x_wconf 91' lang='lat' dir='ltr'>locum</span> <span class='ocrx_word' id='word_1_326' title='bbox 487 1820 576 1850; x_wconf 85' lang='lat' dir='ltr'>petere</span> <span class='ocrx_word' id='word_1_327' title='bbox 590 1817 737 1842; x_wconf 84' lang='lat' dir='ltr'>constituit.</span> <span class='ocrx_word' id='word_1_328' title='bbox 778 1817 843 1842; x_wconf 88' lang='lat' dir='ltr'>Eam</span> <span class='ocrx_word' id='word_1_329' title='bbox 855 1818 1016 1843; x_wconf 89' lang='lat' dir='ltr'>nominatio-</span> 
     </span>
     <span class='ocr_line' id='line_1_47' title="bbox 221 1853 1016 1888; baseline 0.004 -11"><span class='ocrx_word' id='word_1_330' title='bbox 221 1859 282 1878; x_wconf 90' lang='lat' dir='ltr'>nem</span> <span class='ocrx_word' id='word_1_331' title='bbox 299 1860 312 1878; x_wconf 92' lang='lat' dir='ltr'>a</span> <span class='ocrx_word' id='word_1_332' title='bbox 328 1856 353 1878; x_wconf 90' lang='lat' dir='ltr'>te</span> <span class='ocrx_word' id='word_1_333' title='bbox 368 1853 496 1886; x_wconf 89' lang='lat' dir='ltr'>petimus.</span> <span class='ocrx_word' id='word_1_334' title='bbox 537 1853 630 1888; x_wconf 87' lang='lat' dir='ltr'>Neque</span> <span class='ocrx_word' id='word_1_335' title='bbox 645 1854 822 1880; x_wconf 84' lang='lat' dir='ltr'>coniunctiori</span> <span class='ocrx_word' id='word_1_336' title='bbox 838 1854 901 1880; x_wconf 89' lang='lat' dir='ltr'>dare</span> <span class='ocrx_word' id='word_1_337' title='bbox 912 1854 1016 1880; x_wconf 78' lang='lat' dir='ltr'>benefi-</span> 
     </span>
     <span class='ocr_line' id='line_1_48' title="bbox 219 1889 1015 1926; baseline 0.005 -12"><span class='ocrx_word' id='word_1_338' title='bbox 219 1889 307 1919; x_wconf 82' lang='lat' dir='ltr'>cium,</span> <span class='ocrx_word' id='word_1_339' title='bbox 325 1897 406 1924; x_wconf 88' lang='lat' dir='ltr'>quam</span> <span class='ocrx_word' id='word_1_340' title='bbox 419 1898 467 1916; x_wconf 92' lang='lat' dir='ltr'>nos</span> <span class='ocrx_word' id='word_1_341' title='bbox 478 1889 528 1916; x_wconf 93' lang='lat' dir='ltr'>tibi</span> <span class='ocrx_word' id='word_1_342' title='bbox 540 1899 650 1921; x_wconf 73' lang='lat' dir='ltr'>sumus,</span> <span class='ocrx_word' id='word_1_343' title='bbox 664 1899 751 1925; x_wconf 86' lang='lat' dir='ltr'>neque</span> <span class='ocrx_word' id='word_1_344' title='bbox 761 1890 912 1926; x_wconf 83' lang='lat' dir='ltr'>digniorem</span> <span class='ocrx_word' id='word_1_345' title='bbox 927 1892 1015 1918; x_wconf 90' lang='lat' dir='ltr'>nomi-</span> 
     </span>
     <span class='ocr_line' id='line_1_49' title="bbox 220 1927 1015 1963; baseline 0.005 -12"><span class='ocrx_word' id='word_1_346' title='bbox 220 1934 283 1952; x_wconf 87' lang='lat' dir='ltr'>nare</span> <span class='ocrx_word' id='word_1_347' title='bbox 295 1931 383 1960; x_wconf 87' lang='lat' dir='ltr'>potes,</span> <span class='ocrx_word' id='word_1_348' title='bbox 400 1935 482 1961; x_wconf 90' lang='lat' dir='ltr'>quam</span> <span class='ocrx_word' id='word_1_349' title='bbox 496 1927 635 1954; x_wconf 85' lang='lat' dir='ltr'>Bibulum.</span> <span class='ocrx_word' id='word_1_350' title='bbox 675 1929 701 1954; x_wconf 75' lang='lat'>2.</span> <span class='ocrx_word' id='word_1_351' title='bbox 713 1928 749 1953; x_wconf 88' lang='lat' dir='ltr'>De</span> <span class='ocrx_word' id='word_1_352' title='bbox 759 1928 874 1955; x_wconf 89' lang='lat' dir='ltr'>Domitio</span> <span class='ocrx_word' id='word_1_353' title='bbox 885 1933 910 1955; x_wconf 89' lang='lat' dir='ltr'>et</span> <span class='ocrx_word' id='word_1_354' title='bbox 920 1929 1015 1963; x_wconf 81' lang='lat' dir='ltr'>Appu-</span> 
     </span>
     <span class='ocr_line' id='line_1_50' title="bbox 221 1962 1014 2000; baseline 0.004 -11"><span class='ocrx_word' id='word_1_355' title='bbox 221 1962 272 1989; x_wconf 89' lang='lat' dir='ltr'>leio</span> <span class='ocrx_word' id='word_1_356' title='bbox 286 1962 354 1998; x_wconf 91' lang='lat' dir='ltr'>quid</span> <span class='ocrx_word' id='word_1_357' title='bbox 373 1964 467 1990; x_wconf 85' lang='lat' dir='ltr'>attinet</span> <span class='ocrx_word' id='word_1_358' title='bbox 482 1972 524 1989; x_wconf 91' lang='lat' dir='ltr'>me</span> <span class='ocrx_word' id='word_1_359' title='bbox 540 1964 671 1994; x_wconf 87' lang='lat' dir='ltr'>scribere,</span> <span class='ocrx_word' id='word_1_360' title='bbox 689 1973 774 1999; x_wconf 91' lang='lat' dir='ltr'>quum</span> <span class='ocrx_word' id='word_1_361' title='bbox 791 1966 843 2000; x_wconf 91' lang='lat' dir='ltr'>ipsi</span> <span class='ocrx_word' id='word_1_362' title='bbox 857 1974 905 2000; x_wconf 89' lang='lat' dir='ltr'>per</span> <span class='ocrx_word' id='word_1_363' title='bbox 919 1975 948 1992; x_wconf 87' lang='lat' dir='ltr'>se</span> <span class='ocrx_word' id='word_1_364' title='bbox 965 1966 1014 1992; x_wconf 91' lang='lat' dir='ltr'>tibi</span> 
     </span>
     <span class='ocr_line' id='line_1_51' title="bbox 219 2000 1015 2036; baseline 0.004 -10"><span class='ocrx_word' id='word_1_365' title='bbox 219 2000 479 2027; x_wconf 87' lang='lat' dir='ltr'>commendatissimi</span> <span class='ocrx_word' id='word_1_366' title='bbox 489 2001 561 2028; x_wconf 82' lang='lat' dir='ltr'>sint‘?</span> <span class='ocrx_word' id='word_1_367' title='bbox 581 2001 746 2036; x_wconf 76' lang='lat' dir='ltr'>Appuleium</span> <span class='ocrx_word' id='word_1_368' title='bbox 758 2011 821 2029; x_wconf 84' lang='lat' dir='ltr'>vero</span> <span class='ocrx_word' id='word_1_369' title='bbox 832 2008 860 2029; x_wconf 89' lang='lat' dir='ltr'>tu</span> <span class='ocrx_word' id='word_1_370' title='bbox 873 2008 1015 2030; x_wconf 86' lang='lat' dir='ltr'>tuaaucto-</span> 
     </span>
     <span class='ocr_line' id='line_1_52' title="bbox 219 2038 1015 2075; baseline 0.005 -12"><span class='ocrx_word' id='word_1_371' title='bbox 219 2038 296 2064; x_wconf 86' lang='lat' dir='ltr'>ritate</span> <span class='ocrx_word' id='word_1_372' title='bbox 311 2038 445 2064; x_wconf 83' lang='lat' dir='ltr'>sustinere</span> <span class='ocrx_word' id='word_1_373' title='bbox 456 2038 548 2064; x_wconf 86' lang='lat' dir='ltr'>debes.</span> <span class='ocrx_word' id='word_1_374' title='bbox 581 2038 633 2065; x_wconf 86' lang='lat' dir='ltr'>Sed</span> <span class='ocrx_word' id='word_1_375' title='bbox 646 2038 796 2073; x_wconf 81' lang='lat' dir='ltr'>Appuleius</span> <span class='ocrx_word' id='word_1_376' title='bbox 809 2040 835 2066; x_wconf 94' lang='lat' dir='ltr'>in</span> <span class='ocrx_word' id='word_1_377' title='bbox 851 2049 899 2066; x_wconf 87' lang='lat' dir='ltr'>sua</span> <span class='ocrx_word' id='word_1_378' title='bbox 913 2041 1015 2075; x_wconf 90' lang='lat' dir='ltr'>episto-</span> 
     </span>
     <span class='ocr_line' id='line_1_53' title="bbox 220 2074 1012 2108; baseline 0.005 -8"><span class='ocrx_word' id='word_1_379' title='bbox 220 2074 244 2100; x_wconf 92' lang='lat' dir='ltr'>la</span> <span class='ocrx_word' id='word_1_380' title='bbox 255 2074 444 2101; x_wconf 87' lang='lat' dir='ltr'>celebrabitur.</span> <span class='ocrx_word' id='word_1_381' title='bbox 485 2075 613 2102; x_wconf 90' lang='lat' dir='ltr'>Bibulum</span> <span class='ocrx_word' id='word_1_382' title='bbox 630 2076 684 2102; x_wconf 92' lang='lat' dir='ltr'>noli</span> <span class='ocrx_word' id='word_1_383' title='bbox 695 2076 829 2103; x_wconf 89' lang='lat' dir='ltr'>dimittere</span> <span class='ocrx_word' id='word_1_384' title='bbox 840 2086 874 2104; x_wconf 85' lang='lat' dir='ltr'>ex</span> <span class='ocrx_word' id='word_1_385' title='bbox 883 2078 945 2104; x_wconf 88' lang='lat' dir='ltr'>sinu</span> <span class='ocrx_word' id='word_1_386' title='bbox 958 2082 1012 2108; x_wconf 88' lang='lat' dir='ltr'>tuo,</span> 
     </span>
     <span class='ocr_line' id='line_1_54' title="bbox 220 2112 1014 2149; baseline 0.004 -11"><span class='ocrx_word' id='word_1_387' title='bbox 220 2116 323 2138; x_wconf 89' lang='lat' dir='ltr'>tantum</span> <span class='ocrx_word' id='word_1_388' title='bbox 347 2112 400 2139; x_wconf 87' lang='lat' dir='ltr'>iam</span> <span class='ocrx_word' id='word_1_389' title='bbox 424 2113 528 2144; x_wconf 90' lang='lat' dir='ltr'>virum,</span> <span class='ocrx_word' id='word_1_390' title='bbox 551 2121 585 2139; x_wconf 82' lang='lat' dir='ltr'>ex</span> <span class='ocrx_word' id='word_1_391' title='bbox 599 2118 713 2148; x_wconf 86' lang='lat' dir='ltr'>quanto,</span> <span class='ocrx_word' id='word_1_392' title='bbox 731 2114 810 2140; x_wconf 88' lang='lat' dir='ltr'>crede</span> <span class='ocrx_word' id='word_1_393' title='bbox 826 2115 908 2146; x_wconf 90' lang='lat' dir='ltr'>mibi,</span> <span class='ocrx_word' id='word_1_394' title='bbox 928 2120 1014 2149; x_wconf 87' lang='lat' dir='ltr'>potest</span> 
     </span>
     <span class='ocr_line' id='line_1_55' title="bbox 219 2149 1012 2186; baseline 0.005 -11"><span class='ocrx_word' id='word_1_395' title='bbox 219 2149 346 2181; x_wconf 89' lang='lat' dir='ltr'>evadere,</span> <span class='ocrx_word' id='word_1_396' title='bbox 366 2150 415 2184; x_wconf 92' lang='lat' dir='ltr'>qui</span> <span class='ocrx_word' id='word_1_397' title='bbox 431 2151 528 2176; x_wconf 81' lang='lat' dir='ltr'>vestris</span> <span class='ocrx_word' id='word_1_398' title='bbox 544 2159 691 2185; x_wconf 86' lang='lat' dir='ltr'>paucorum</span> <span class='ocrx_word' id='word_1_399' title='bbox 704 2151 862 2186; x_wconf 85' lang='lat' dir='ltr'>respondeat</span> <span class='ocrx_word' id='word_1_400' title='bbox 875 2151 1012 2178; x_wconf 91' lang='lat' dir='ltr'>laudibus.</span> 
     </span>
    </p>
   </div>
   <div class='ocr_carea' id='block_1_9' title="bbox 218 2221 1014 2354">
    <p class='ocr_par' dir='ltr' id='par_1_9' title="bbox 218 2221 1014 2354">
     <span class='ocr_line' id='line_1_56' title="bbox 271 2221 1012 2250; baseline 0.003 -8"><span class='ocrx_word' id='word_1_401' title='bbox 271 2221 332 2242; x_wconf 77' lang='lat' dir='ltr'>Vltl.</span> <span class='ocrx_word' id='word_1_402' title='bbox 349 2221 426 2242; x_wconf 78' lang='lat' dir='ltr'>ARG.</span> <span class='ocrx_word' id='word_1_403' title='bbox 456 2222 481 2242; x_wconf 86' lang='lat' dir='ltr'>C.</span> <span class='ocrx_word' id='word_1_404' title='bbox 500 2222 636 2243; x_wconf 76' lang='lat' dir='ltr'>Nasennium</span> <span class='ocrx_word' id='word_1_405' title='bbox 656 2223 786 2250; x_wconf 75' lang='lat' dir='ltr'>municipem</span> <span class='ocrx_word' id='word_1_406' title='bbox 803 2224 935 2244; x_wconf 71' lang='lat' dir='ltr'>Suessanum</span> <span class='ocrx_word' id='word_1_407' title='bbox 955 2231 1012 2245; x_wconf 84' lang='lat' dir='ltr'>com-</span> 
     </span>
     <span class='ocr_line' id='line_1_57' title="bbox 220 2256 1013 2286; baseline 0.004 -10"><span class='ocrx_word' id='word_1_408' title='bbox 220 2257 314 2277; x_wconf 79' lang='lat' dir='ltr'>mendat.</span> <span class='ocrx_word' id='word_1_409' title='bbox 338 2256 363 2277; x_wconf 85' lang='lat' dir='ltr'>ln</span> <span class='ocrx_word' id='word_1_410' title='bbox 379 2256 419 2277; x_wconf 80' lang='lat' dir='ltr'>boc</span> <span class='ocrx_word' id='word_1_411' title='bbox 433 2256 538 2284; x_wconf 78' lang='lat' dir='ltr'>epistolio</span> <span class='ocrx_word' id='word_1_412' title='bbox 550 2257 706 2281; x_wconf 71' lang='lat' dir='ltr'>Marklanclns,</span> <span class='ocrx_word' id='word_1_413' title='bbox 723 2266 764 2285; x_wconf 84' lang='lat' dir='ltr'>qun</span> <span class='ocrx_word' id='word_1_414' title='bbox 775 2259 924 2285; x_wconf 76' lang='lat' dir='ltr'>suspicionem</span> <span class='ocrx_word' id='word_1_415' title='bbox 934 2260 1013 2286; x_wconf 76' lang='lat' dir='ltr'>prol-u-</span> 
     </span>
     <span class='ocr_line' id='line_1_58' title="bbox 218 2291 1014 2319; baseline 0.004 -8"><span class='ocrx_word' id='word_1_416' title='bbox 218 2295 263 2316; x_wconf 83' lang='lat' dir='ltr'>ret,</span> <span class='ocrx_word' id='word_1_417' title='bbox 275 2291 333 2312; x_wconf 79' lang='lat' dir='ltr'>nihil</span> <span class='ocrx_word' id='word_1_418' title='bbox 343 2291 438 2318; x_wconf 82' lang='lat' dir='ltr'>reperit,</span> <span class='ocrx_word' id='word_1_419' title='bbox 449 2291 502 2316; x_wconf 82' lang='lat' dir='ltr'>nisi,</span> <span class='ocrx_word' id='word_1_420' title='bbox 513 2299 569 2318; x_wconf 71' lang='lat' dir='ltr'>quae</span> <span class='ocrx_word' id='word_1_421' title='bbox 579 2299 653 2319; x_wconf 82' lang='lat' dir='ltr'>parum</span> <span class='ocrx_word' id='word_1_422' title='bbox 666 2293 814 2313; x_wconf 75' lang='lat' dir='ltr'>Ciceroniana</span> <span class='ocrx_word' id='word_1_423' title='bbox 823 2293 962 2318; x_wconf 68' lang='lat' dir='ltr'>videbantur,</span> <span class='ocrx_word' id='word_1_424' title='bbox 973 2293 1014 2314; x_wconf 75' lang='lat' dir='ltr'>illa</span> 
     </span>
     <span class='ocr_line' id='line_1_59' title="bbox 218 2326 868 2354; baseline 0.002 -7"><span class='ocrx_word' id='word_1_425' title='bbox 218 2327 294 2347; x_wconf 71' lang='lat' dir='ltr'>verba:</span> <span class='ocrx_word' id='word_1_426' title='bbox 314 2326 379 2351; x_wconf 82' lang='lat' dir='ltr'>„vult</span> <span class='ocrx_word' id='word_1_427' title='bbox 388 2333 427 2354; x_wconf 87' lang='lat' dir='ltr'>per</span> <span class='ocrx_word' id='word_1_428' title='bbox 438 2330 458 2347; x_wconf 87' lang='lat' dir='ltr'>te</span> <span class='ocrx_word' id='word_1_429' title='bbox 469 2327 553 2354; x_wconf 75' lang='lat' dir='ltr'>aliquid</span> <span class='ocrx_word' id='word_1_430' title='bbox 565 2328 706 2348; x_wconf 72' lang='lat' dir='ltr'>auctoritatis</span> <span class='ocrx_word' id='word_1_431' title='bbox 717 2331 868 2348; x_wconf 72' lang='lat' dir='ltr'>assumere.“·</span> 
     </span>
    </p>
   </div>
   <div class='ocr_carea' id='block_1_10' title="bbox 350 2371 889 2400">
    <p class='ocr_par' dir='ltr' id='par_1_10' title="bbox 350 2371 889 2400">
     <span class='ocr_line' id='line_1_60' title="bbox 350 2371 889 2400; baseline 0.004 -2"><span class='ocrx_word' id='word_1_432' title='bbox 350 2372 386 2398; x_wconf 84' lang='lat' dir='ltr'>M.</span> <span class='ocrx_word' id='word_1_433' title='bbox 417 2371 584 2399; x_wconf 88' lang='lat' dir='ltr'>CICERO</span> <span class='ocrx_word' id='word_1_434' title='bbox 613 2372 640 2399; x_wconf 89' lang='lat' dir='ltr'>S.</span> <span class='ocrx_word' id='word_1_435' title='bbox 671 2373 701 2399; x_wconf 90' lang='lat' dir='ltr'>D.</span> <span class='ocrx_word' id='word_1_436' title='bbox 732 2373 889 2400; x_wconf 82' lang='lat' dir='ltr'><strong>BRUTO.</strong></span> 
     </span>
    </p>
   </div>
   <div class='ocr_carea' id='block_1_11' title="bbox 218 2412 1042 2527">
    <p class='ocr_par' dir='ltr' id='par_1_11' title="bbox 218 2412 1042 2527">
     <span class='ocr_line' id='line_1_61' title="bbox 275 2412 1036 2446; baseline 0.004 -3"><span class='ocrx_word' id='word_1_437' title='bbox 275 2418 298 2443; x_wconf 79' lang='lat'>⁴.</span> <span class='ocrx_word' id='word_1_438' title='bbox 320 2412 426 2444; x_wconf 88' lang='lat' dir='ltr'>Multos</span> <span class='ocrx_word' id='word_1_439' title='bbox 446 2418 496 2444; x_wconf 90' lang='lat' dir='ltr'>tibi</span> <span class='ocrx_word' id='word_1_440' title='bbox 516 2417 704 2444; x_wconf 87' lang='lat' dir='ltr'>commendavi</span> <span class='ocrx_word' id='word_1_441' title='bbox 723 2423 749 2445; x_wconf 87' lang='lat' dir='ltr'>et</span> <span class='ocrx_word' id='word_1_442' title='bbox 763 2418 950 2445; x_wconf 88' lang='lat' dir='ltr'>commendem</span> <span class='ocrx_word' id='word_1_443' title='bbox 965 2428 1014 2446; x_wconf 90' lang='lat' dir='ltr'>ne-</span> <span class='ocrx_word' id='word_1_444' title='bbox 1034 2425 1036 2430; x_wconf 79' lang='lat'><em>&#39;</em></span> 
     </span>
     <span class='ocr_line' id='line_1_62' title="bbox 218 2453 1036 2490; baseline 0.005 -11"><span class='ocrx_word' id='word_1_445' title='bbox 218 2461 292 2480; x_wconf 87' lang='lat' dir='ltr'>cesse</span> <span class='ocrx_word' id='word_1_446' title='bbox 303 2459 353 2481; x_wconf 73' lang='lat' dir='ltr'>est.</span> <span class='ocrx_word' id='word_1_447' title='bbox 379 2454 504 2489; x_wconf 89' lang='lat' dir='ltr'>Optimus</span> <span class='ocrx_word' id='word_1_448' title='bbox 515 2456 587 2481; x_wconf 89' lang='lat' dir='ltr'>enim</span> <span class='ocrx_word' id='word_1_449' title='bbox 598 2456 715 2490; x_wconf 87' lang='lat' dir='ltr'>quisque</span> <span class='ocrx_word' id='word_1_450' title='bbox 727 2456 769 2481; x_wconf 92' lang='lat' dir='ltr'>vir</span> <span class='ocrx_word' id='word_1_451' title='bbox 778 2461 803 2482; x_wconf 88' lang='lat' dir='ltr'>et</span> <span class='ocrx_word' id='word_1_452' title='bbox 814 2457 883 2482; x_wconf 89' lang='lat' dir='ltr'>civis</span> <span class='ocrx_word' id='word_1_453' title='bbox 895 2457 1013 2483; x_wconf 76' lang='lat' dir='ltr'>maxime</span> <span class='ocrx_word' id='word_1_454' title='bbox 1034 2453 1036 2459; x_wconf 79' lang='grc'><strong>’</strong></span> 
     </span>
     <span class='ocr_line' id='line_1_63' title="bbox 218 2491 1042 2527; baseline 0.005 -11"><span class='ocrx_word' id='word_1_455' title='bbox 218 2491 341 2525; x_wconf 87' lang='lat' dir='ltr'>sequitur</span> <span class='ocrx_word' id='word_1_456' title='bbox 351 2491 483 2518; x_wconf 90' lang='lat' dir='ltr'>iudicium</span> <span class='ocrx_word' id='word_1_457' title='bbox 494 2497 580 2523; x_wconf 90' lang='lat' dir='ltr'>tuum,</span> <span class='ocrx_word' id='word_1_458' title='bbox 590 2493 694 2527; x_wconf 89' lang='lat' dir='ltr'>tibique</span> <span class='ocrx_word' id='word_1_459' title='bbox 703 2501 796 2519; x_wconf 88' lang='lat' dir='ltr'>omnes</span> <span class='ocrx_word' id='word_1_460' title='bbox 811 2493 889 2519; x_wconf 80' lang='lat' dir='ltr'>fortes</span> <span class='ocrx_word' id='word_1_461' title='bbox 901 2494 953 2520; x_wconf 87' lang='lat' dir='ltr'>viri</span> <span class='ocrx_word' id='word_1_462' title='bbox 966 2502 1014 2520; x_wconf 88' lang='lat' dir='ltr'>na—</span> <span class='ocrx_word' id='word_1_463' title='bbox 1034 2497 1042 2510; x_wconf 65' lang='lat'>¹³</span> 
     </span>
    </p>
   </div>
   <div class='ocr_carea' id='block_1_12' title="bbox 218 2529 1013 2637">
    <p class='ocr_par' dir='ltr' id='par_1_12' title="bbox 218 2529 1013 2637">
     <span class='ocr_line' id='line_1_64' title="bbox 219 2529 1010 2565; baseline 0.006 -13"><span class='ocrx_word' id='word_1_464' title='bbox 219 2536 281 2553; x_wconf 87' lang='lat' dir='ltr'>vare</span> <span class='ocrx_word' id='word_1_465' title='bbox 300 2536 407 2561; x_wconf 89' lang='lat' dir='ltr'>operam</span> <span class='ocrx_word' id='word_1_466' title='bbox 424 2533 449 2555; x_wconf 90' lang='lat' dir='ltr'>et</span> <span class='ocrx_word' id='word_1_467' title='bbox 464 2529 586 2556; x_wconf 90' lang='lat' dir='ltr'>studium</span> <span class='ocrx_word' id='word_1_468' title='bbox 602 2529 708 2556; x_wconf 87' lang='lat' dir='ltr'>volunt:</span> <span class='ocrx_word' id='word_1_469' title='bbox 735 2538 784 2556; x_wconf 88' lang='lat' dir='ltr'>nec</span> <span class='ocrx_word' id='word_1_470' title='bbox 799 2531 946 2565; x_wconf 87' lang='lat' dir='ltr'>quisquam</span> <span class='ocrx_word' id='word_1_471' title='bbox 961 2535 1010 2562; x_wconf 88' lang='lat' dir='ltr'>est,</span> 
     </span>
     <span class='ocr_line' id='line_1_65' title="bbox 218 2564 1013 2602; baseline 0.006 -13"><span class='ocrx_word' id='word_1_472' title='bbox 218 2565 284 2598; x_wconf 90' lang='lat' dir='ltr'>quin</span> <span class='ocrx_word' id='word_1_473' title='bbox 302 2564 335 2590; x_wconf 81' lang='lat' dir='ltr'>ita</span> <span class='ocrx_word' id='word_1_474' title='bbox 351 2566 500 2597; x_wconf 88' lang='lat' dir='ltr'>existimet,</span> <span class='ocrx_word' id='word_1_475' title='bbox 523 2575 610 2593; x_wconf 85' lang='lat' dir='ltr'>meam</span> <span class='ocrx_word' id='word_1_476' title='bbox 626 2566 698 2601; x_wconf 90' lang='lat' dir='ltr'>apud</span> <span class='ocrx_word' id='word_1_477' title='bbox 713 2571 738 2593; x_wconf 87' lang='lat' dir='ltr'>te</span> <span class='ocrx_word' id='word_1_478' title='bbox 753 2571 778 2592; x_wconf 82' lang='lat' dir='ltr'>et</span> <span class='ocrx_word' id='word_1_479' title='bbox 795 2568 909 2602; x_wconf 80' lang='lat' dir='ltr'>gratiam</span> <span class='ocrx_word' id='word_1_480' title='bbox 925 2573 950 2594; x_wconf 86' lang='lat' dir='ltr'>et</span> <span class='ocrx_word' id='word_1_481' title='bbox 963 2577 1013 2594; x_wconf 92' lang='lat' dir='ltr'>au—</span> 
     </span>
     <span class='ocr_line' id='line_1_66' title="bbox 218 2601 640 2637; baseline 0.009 -11"><span class='ocrx_word' id='word_1_482' title='bbox 218 2601 364 2626; x_wconf 88' lang='lat' dir='ltr'>ctoritatem</span> <span class='ocrx_word' id='word_1_483' title='bbox 379 2602 466 2629; x_wconf 87' lang='lat' dir='ltr'>valere</span> <span class='ocrx_word' id='word_1_484' title='bbox 481 2603 640 2637; x_wconf 90' lang='lat' dir='ltr'>plurimum.</span> 
     </span>
    </p>
   </div>
   <div class='ocr_carea' id='block_1_13' title="bbox 386 659 1035 696">
    <p class='ocr_par' dir='ltr' id='par_1_13' title="bbox 386 659 1035 696">
     <span class='ocr_line' id='line_1_67' title="bbox 386 659 1035 696; baseline 0.002 -9"><span class='ocrx_word' id='word_1_485' title='bbox 386 661 485 695; x_wconf 82' lang='lat' dir='ltr'>eripias</span> <span class='ocrx_word' id='word_1_486' title='bbox 511 669 572 686; x_wconf 92' lang='lat' dir='ltr'>cum</span> <span class='ocrx_word' id='word_1_487' title='bbox 598 670 631 688; x_wconf 79' lang='lat' dir='ltr'>ex</span> <span class='ocrx_word' id='word_1_488' title='bbox 657 662 777 688; x_wconf 85' lang='lat' dir='ltr'>custodia</span> <span class='ocrx_word' id='word_1_489' title='bbox 804 670 1012 696; x_wconf 84' lang='lat' dir='ltr'>conservesque.</span> <span class='ocrx_word' id='word_1_490' title='bbox 1034 659 1035 663; x_wconf 42' lang='lat'>¹</span> 
     </span>
    </p>
   </div>
   <div class='ocr_carea' id='block_1_14' title="bbox 887 733 1035 769">
    <p class='ocr_par' dir='ltr' id='par_1_14' title="bbox 887 733 1035 769">
     <span class='ocr_line' id='line_1_68' title="bbox 887 733 1035 769; baseline -0.014 -6"><span class='ocrx_word' id='word_1_491' title='bbox 887 738 911 763; x_wconf 87' lang='lat'>3.</span> <span class='ocrx_word' id='word_1_492' title='bbox 923 736 1013 769; x_wconf 86' lang='lat' dir='ltr'>Quum</span> <span class='ocrx_word' id='word_1_493' title='bbox 1034 733 1035 739; x_wconf 57' lang='lat'>¹</span> 
     </span>
    </p>
   </div>
   <div class='ocr_carea' id='block_1_15' title="bbox 1034 682 1039 1199">
    <p class='ocr_par' dir='ltr' id='par_1_15' title="bbox 1034 682 1039 1199">
     <span class='ocr_line' id='line_1_69' title="bbox 1034 682 1039 1199; baseline 0 0"><span class='ocrx_word' id='word_1_494' title='bbox 1034 682 1039 1199; x_wconf 95' lang='lat' dir='ltr'> </span> 
     </span>
    </p>
   </div>
   <div class='ocr_carea' id='block_1_16' title="bbox 1041 418 1048 1488">
    <p class='ocr_par' dir='ltr' id='par_1_16' title="bbox 1041 418 1048 1488">
     <span class='ocr_line' id='line_1_70' title="bbox 1041 418 1048 1488; baseline 0 0"><span class='ocrx_word' id='word_1_495' title='bbox 1041 418 1048 1488; x_wconf 95' lang='lat' dir='ltr'> </span> 
     </span>
    </p>
   </div>
   <div class='ocr_carea' id='block_1_17' title="bbox 1034 1361 1040 2609">
    <p class='ocr_par' dir='ltr' id='par_1_17' title="bbox 1034 1361 1040 2609">
     <span class='ocr_line' id='line_1_71' title="bbox 1034 1361 1040 2609; baseline 0 0"><span class='ocrx_word' id='word_1_496' title='bbox 1034 1361 1040 2609; x_wconf 95' lang='lat' dir='ltr'> </span> 
     </span>
    </p>
   </div>
   <div class='ocr_carea' id='block_1_18' title="bbox 1041 1666 1047 2627">
    <p class='ocr_par' dir='ltr' id='par_1_18' title="bbox 1041 1666 1047 2627">
     <span class='ocr_line' id='line_1_72' title="bbox 1041 1666 1047 2627; baseline 0 0"><span class='ocrx_word' id='word_1_497' title='bbox 1041 1666 1047 2627; x_wconf 95' lang='lat' dir='ltr'> </span> 
     </span>
    </p>
   </div>
   <div class='ocr_carea' id='block_1_19' title="bbox 219 2603 1041 2673">
    <p class='ocr_par' dir='ltr' id='par_1_19' title="bbox 219 2603 1041 2673">
     <span class='ocr_line' id='line_1_73' title="bbox 680 2603 1035 2636; baseline 0.003 -6"><span class='ocrx_word' id='word_1_498' title='bbox 680 2605 705 2630; x_wconf 76' lang='lat'>2.</span> <span class='ocrx_word' id='word_1_499' title='bbox 728 2603 780 2630; x_wconf 90' lang='lat' dir='ltr'>Sed</span> <span class='ocrx_word' id='word_1_500' title='bbox 792 2604 821 2630; x_wconf 90' lang='lat' dir='ltr'>C.</span> <span class='ocrx_word' id='word_1_501' title='bbox 834 2605 1009 2636; x_wconf 74' lang='lat' dir='ltr'>Nasennium,</span> <span class='ocrx_word' id='word_1_502' title='bbox 1033 2617 1035 2636; x_wconf 48' lang='lat'>¹,</span> 
     </span>
     <span class='ocr_line' id='line_1_74' title="bbox 219 2639 1041 2673; baseline 0.004 -10"><span class='ocrx_word' id='word_1_503' title='bbox 219 2639 386 2671; x_wconf 87' lang='lat' dir='ltr'>municipem</span> <span class='ocrx_word' id='word_1_504' title='bbox 401 2639 576 2671; x_wconf 84' lang='lat' dir='ltr'>Suessanum,</span> <span class='ocrx_word' id='word_1_505' title='bbox 595 2641 645 2667; x_wconf 74' lang='lat' dir='ltr'>tibi</span> <span class='ocrx_word' id='word_1_506' title='bbox 657 2641 691 2667; x_wconf 90' lang='lat' dir='ltr'>ita</span> <span class='ocrx_word' id='word_1_507' title='bbox 703 2641 870 2673; x_wconf 89' lang='lat' dir='ltr'>commendo,</span> <span class='ocrx_word' id='word_1_508' title='bbox 884 2647 913 2668; x_wconf 89' lang='lat' dir='ltr'>ut</span> <span class='ocrx_word' id='word_1_509' title='bbox 924 2643 1012 2668; x_wconf 84' lang='lat' dir='ltr'>nemi·</span> <span class='ocrx_word' id='word_1_510' title='bbox 1032 2655 1041 2666; x_wconf 70' lang='lat' dir='ltr'>.l</span> 
     </span>
    </p>
   </div>
   <div class='ocr_carea' id='block_1_20' title="bbox 1014 108 1289 135">
    <p class='ocr_par' dir='ltr' id='par_1_20' title="bbox 1014 108 1289 135">
     <span class='ocr_line' id='line_1_75' title="bbox 1014 108 1289 135; baseline 0.011 -4"><span class='ocrx_word' id='word_1_511' title='bbox 1014 108 1289 135; x_wconf 71' lang='lat' dir='ltr'>CICERONIS</span> 
     </span>
    </p>
   </div>
   <div class='ocr_carea' id='block_1_21' title="bbox 1064 179 1859 290">
    <p class='ocr_par' dir='ltr' id='par_1_21' title="bbox 1064 179 1859 290">
     <span class='ocr_line' id='line_1_76' title="bbox 1357 179 1858 215; baseline 0.004 -10"><span class='ocrx_word' id='word_1_512' title='bbox 1357 179 1476 206; x_wconf 76' lang='lat' dir='ltr'>Cretensi</span> <span class='ocrx_word' id='word_1_513' title='bbox 1493 179 1576 208; x_wconf 76' lang='lat' dir='ltr'>beno,</span> <span class='ocrx_word' id='word_1_514' title='bbox 1594 179 1699 206; x_wconf 68' lang='lat' dir='ltr'>Meu-Ilo</span> <span class='ocrx_word' id='word_1_515' title='bbox 1716 180 1858 215; x_wconf 82' lang='lat' dir='ltr'>imperato-</span> 
     </span>
     <span class='ocr_line' id='line_1_77' title="bbox 1066 216 1857 252; baseline 0.004 -11"><span class='ocrx_word' id='word_1_516' title='bbox 1066 225 1106 245; x_wconf 83' lang='lat' dir='ltr'>re,</span> <span class='ocrx_word' id='word_1_517' title='bbox 1128 221 1253 242; x_wconf 82' lang='lat' dir='ltr'>octavum</span> <span class='ocrx_word' id='word_1_518' title='bbox 1271 216 1419 250; x_wconf 87' lang='lat' dir='ltr'>principem</span> <span class='ocrx_word' id='word_1_519' title='bbox 1435 216 1527 243; x_wconf 82' lang='lat' dir='ltr'>duxit:</span> <span class='ocrx_word' id='word_1_520' title='bbox 1549 222 1638 252; x_wconf 60' lang='grc' dir='ltr'>μην-ε</span> <span class='ocrx_word' id='word_1_521' title='bbox 1656 219 1680 244; x_wconf 90' lang='lat' dir='ltr'>in</span> <span class='ocrx_word' id='word_1_522' title='bbox 1694 226 1720 243; x_wconf 90' lang='lat' dir='ltr'>re</span> <span class='ocrx_word' id='word_1_523' title='bbox 1732 217 1857 244; x_wconf 77' lang='lat' dir='ltr'>familiari</span> 
     </span>
     <span class='ocr_line' id='line_1_78' title="bbox 1064 253 1859 290; baseline 0.004 -12"><span class='ocrx_word' id='word_1_524' title='bbox 1064 257 1212 287; x_wconf 74' lang='lat' dir='ltr'>occupatus</span> <span class='ocrx_word' id='word_1_525' title='bbox 1228 253 1288 279; x_wconf 78' lang='lat' dir='ltr'>luit.</span> <span class='ocrx_word' id='word_1_526' title='bbox 1329 253 1382 278; x_wconf 86' lang='lat' dir='ltr'>Iloc</span> <span class='ocrx_word' id='word_1_527' title='bbox 1394 258 1511 288; x_wconf 84' lang='lat' dir='ltr'>tempore</span> <span class='ocrx_word' id='word_1_528' title='bbox 1521 263 1605 289; x_wconf 88' lang='lat' dir='ltr'>quum</span> <span class='ocrx_word' id='word_1_529' title='bbox 1621 254 1786 289; x_wconf 78' lang='lat' dir='ltr'>reipublicae</span> <span class='ocrx_word' id='word_1_530' title='bbox 1797 263 1859 290; x_wconf 76' lang='lat' dir='ltr'>par·</span> 
     </span>
    </p>
   </div>
   <div class='ocr_carea' id='block_1_22' title="bbox 1041 286 1861 400">
    <p class='ocr_par' dir='ltr' id='par_1_22' title="bbox 1041 286 1861 400">
     <span class='ocr_line' id='line_1_79' title="bbox 1041 286 1861 325; baseline 0.004 -10"><span class='ocrx_word' id='word_1_531' title='bbox 1041 286 1043 306; x_wconf 67' lang='lat'>&#39;³</span> <span class='ocrx_word' id='word_1_532' title='bbox 1065 290 1151 320; x_wconf 81' lang='lat' dir='ltr'>tibus.</span> <span class='ocrx_word' id='word_1_533' title='bbox 1176 295 1232 316; x_wconf 86' lang='lat' dir='ltr'>tum</span> <span class='ocrx_word' id='word_1_534' title='bbox 1254 295 1296 315; x_wconf 78' lang='lat' dir='ltr'>tna</span> <span class='ocrx_word' id='word_1_535' title='bbox 1312 290 1453 316; x_wconf 78' lang='lat' dir='ltr'>excellenti</span> <span class='ocrx_word' id='word_1_536' title='bbox 1469 290 1598 325; x_wconf 71' lang='lat' dir='ltr'>dignitate</span> <span class='ocrx_word' id='word_1_537' title='bbox 1614 297 1778 322; x_wconf 77' lang='lat' dir='ltr'>commotus.</span> <span class='ocrx_word' id='word_1_538' title='bbox 1802 291 1861 319; x_wconf 82' lang='lat' dir='ltr'>vult</span> 
     </span>
     <span class='ocr_line' id='line_1_80' title="bbox 1041 327 1597 362; baseline 0.004 -10"><span class='ocrx_word' id='word_1_539' title='bbox 1041 334 1043 358; x_wconf 69' lang='lat' dir='ltr'>j</span> <span class='ocrx_word' id='word_1_540' title='bbox 1066 336 1112 361; x_wconf 84' lang='lat' dir='ltr'>per</span> <span class='ocrx_word' id='word_1_541' title='bbox 1124 332 1148 353; x_wconf 90' lang='lat' dir='ltr'>te</span> <span class='ocrx_word' id='word_1_542' title='bbox 1159 327 1263 362; x_wconf 82' lang='lat' dir='ltr'>aliquid</span> <span class='ocrx_word' id='word_1_543' title='bbox 1276 328 1439 354; x_wconf 76' lang='lat' dir='ltr'>auctoritatis</span> <span class='ocrx_word' id='word_1_544' title='bbox 1451 337 1597 354; x_wconf 74' lang='lat' dir='ltr'>assumere.</span> 
     </span>
     <span class='ocr_line' id='line_1_81' title="bbox 1041 363 1858 400; baseline 0.002 -10"><span class='ocrx_word' id='word_1_545' title='bbox 1041 363 1043 396; x_wconf 53' lang='grc' dir='ltr'>ξ</span> <span class='ocrx_word' id='word_1_546' title='bbox 1066 365 1157 395; x_wconf 79' lang='lat' dir='ltr'>Brute,</span> <span class='ocrx_word' id='word_1_547' title='bbox 1182 365 1230 390; x_wconf 87' lang='lat' dir='ltr'>tibi</span> <span class='ocrx_word' id='word_1_548' title='bbox 1249 364 1421 394; x_wconf 83' lang='lat' dir='ltr'>commendo,</span> <span class='ocrx_word' id='word_1_549' title='bbox 1445 364 1516 399; x_wconf 72' lang='lat' dir='ltr'>frugi</span> <span class='ocrx_word' id='word_1_550' title='bbox 1537 365 1673 392; x_wconf 85' lang='lat' dir='ltr'>bominem</span> <span class='ocrx_word' id='word_1_551' title='bbox 1693 372 1731 396; x_wconf 78' lang='lat' dir='ltr'>et.</span> <span class='ocrx_word' id='word_1_552' title='bbox 1754 366 1858 400; x_wconf 73' lang='lat' dir='ltr'>siquid</span> 
     </span>
    </p>
   </div>
   <div class='ocr_carea' id='block_1_23' title="bbox 1639 329 1857 358">
    <p class='ocr_par' dir='ltr' id='par_1_23' title="bbox 1639 329 1857 358">
     <span class='ocr_line' id='line_1_82' title="bbox 1639 329 1857 358; baseline -0.005 -3"><span class='ocrx_word' id='word_1_553' title='bbox 1639 329 1742 355; x_wconf 77' lang='lat' dir='ltr'>Fortem</span> <span class='ocrx_word' id='word_1_554' title='bbox 1758 330 1857 358; x_wconf 76' lang='lat' dir='ltr'>virum,</span> 
     </span>
    </p>
   </div>
   <div class='ocr_carea' id='block_1_24' title="bbox 1065 401 1860 512">
    <p class='ocr_par' dir='ltr' id='par_1_24' title="bbox 1065 401 1860 512">
     <span class='ocr_line' id='line_1_83' title="bbox 1066 401 1859 439; baseline 0.003 -12"><span class='ocrx_word' id='word_1_555' title='bbox 1066 401 1098 427; x_wconf 87' lang='lat' dir='ltr'>ad</span> <span class='ocrx_word' id='word_1_556' title='bbox 1111 410 1165 428; x_wconf 89' lang='lat' dir='ltr'>rem</span> <span class='ocrx_word' id='word_1_557' title='bbox 1179 402 1301 436; x_wconf 84' lang='lat' dir='ltr'>pertinet.</span> <span class='ocrx_word' id='word_1_558' title='bbox 1314 403 1394 428; x_wconf 81' lang='lat' dir='ltr'>etiam</span> <span class='ocrx_word' id='word_1_559' title='bbox 1410 401 1580 436; x_wconf 86' lang='lat' dir='ltr'>locupletem.</span> <span class='ocrx_word' id='word_1_560' title='bbox 1621 403 1774 439; x_wconf 77' lang='lat' dir='ltr'>Pergratum</span> <span class='ocrx_word' id='word_1_561' title='bbox 1791 403 1859 429; x_wconf 83' lang='lat' dir='ltr'>mihi</span> 
     </span>
     <span class='ocr_line' id='line_1_84' title="bbox 1065 439 1860 476; baseline 0.004 -12"><span class='ocrx_word' id='word_1_562' title='bbox 1065 440 1128 469; x_wconf 86' lang='lat' dir='ltr'>erit,</span> <span class='ocrx_word' id='word_1_563' title='bbox 1145 439 1169 464; x_wconf 79' lang='lat' dir='ltr'>si</span> <span class='ocrx_word' id='word_1_564' title='bbox 1185 448 1247 464; x_wconf 83' lang='lat' dir='ltr'>eum</span> <span class='ocrx_word' id='word_1_565' title='bbox 1264 440 1298 465; x_wconf 86' lang='lat' dir='ltr'>ita</span> <span class='ocrx_word' id='word_1_566' title='bbox 1315 440 1448 470; x_wconf 80' lang='lat' dir='ltr'>tractaris,</span> <span class='ocrx_word' id='word_1_567' title='bbox 1467 444 1496 466; x_wconf 88' lang='lat' dir='ltr'>ut</span> <span class='ocrx_word' id='word_1_568' title='bbox 1511 440 1606 466; x_wconf 87' lang='lat' dir='ltr'>merito</span> <span class='ocrx_word' id='word_1_569' title='bbox 1621 445 1666 467; x_wconf 88' lang='lat' dir='ltr'>tuo</span> <span class='ocrx_word' id='word_1_570' title='bbox 1681 440 1748 467; x_wconf 88' lang='lat' dir='ltr'>mibi</span> <span class='ocrx_word' id='word_1_571' title='bbox 1760 441 1860 476; x_wconf 78' lang='lat' dir='ltr'>gratias</span> 
     </span>
     <span class='ocr_line' id='line_1_85' title="bbox 1067 477 1252 512; baseline 0 -10"><span class='ocrx_word' id='word_1_572' title='bbox 1067 485 1145 512; x_wconf 81' lang='lat' dir='ltr'>agere</span> <span class='ocrx_word' id='word_1_573' title='bbox 1157 477 1252 511; x_wconf 79' lang='lat' dir='ltr'>possit.</span> 
     </span>
    </p>
   </div>
   <div class='ocr_carea' id='block_1_25' title="bbox 1065 562 1862 870">
    <p class='ocr_par' dir='ltr' id='par_1_25' title="bbox 1065 562 1862 870">
     <span class='ocr_line' id='line_1_86' title="bbox 1120 562 1859 585; baseline 0.003 -3"><span class='ocrx_word' id='word_1_574' title='bbox 1120 562 1160 583; x_wconf 77' lang='lat' dir='ltr'>IX.</span> <span class='ocrx_word' id='word_1_575' title='bbox 1177 562 1193 582; x_wconf 75' lang='lat' dir='ltr'>A</span> <span class='ocrx_word' id='word_1_576' title='bbox 1202 563 1253 582; x_wconf 76' lang='lat' dir='ltr'>Rc.</span> <span class='ocrx_word' id='word_1_577' title='bbox 1271 563 1360 583; x_wconf 63' lang='lat' dir='ltr'>nmium</span> <span class='ocrx_word' id='word_1_578' title='bbox 1377 563 1485 585; x_wconf 64' lang='lat' dir='ltr'>iuuentem</span> <span class='ocrx_word' id='word_1_579' title='bbox 1501 562 1630 583; x_wconf 62' lang='lat' dir='ltr'>‘annotatur</span> <span class='ocrx_word' id='word_1_580' title='bbox 1639 567 1659 583; x_wconf 80' lang='lat' dir='ltr'>et</span> <span class='ocrx_word' id='word_1_581' title='bbox 1670 563 1695 583; x_wconf 71' lang='lat' dir='ltr'>nd</span> <span class='ocrx_word' id='word_1_582' title='bbox 1707 563 1859 584; x_wconf 69' lang='lat' dir='ltr'>fortitudinem</span> 
     </span>
     <span class='ocr_line' id='line_1_87' title="bbox 1065 597 1859 627; baseline 0.004 -10"><span class='ocrx_word' id='word_1_583' title='bbox 1065 597 1200 618; x_wconf 63' lang='lat' dir='ltr'>ent-onnus».</span> <span class='ocrx_word' id='word_1_584' title='bbox 1234 598 1368 622; x_wconf 62' lang='lat' dir='ltr'>Argumenta</span> <span class='ocrx_word' id='word_1_585' title='bbox 1378 602 1457 619; x_wconf 71' lang='lat' dir='ltr'>nutem.</span> <span class='ocrx_word' id='word_1_586' title='bbox 1469 598 1549 624; x_wconf 73' lang='lat' dir='ltr'>quibu·</span> <span class='ocrx_word' id='word_1_587' title='bbox 1558 598 1701 619; x_wconf 72' lang='lat' dir='ltr'>Mnklmulu-</span> <span class='ocrx_word' id='word_1_588' title='bbox 1713 599 1767 620; x_wconf 74' lang='lat' dir='ltr'>Iunc</span> <span class='ocrx_word' id='word_1_589' title='bbox 1777 599 1859 627; x_wconf 73' lang='lat' dir='ltr'>‘pinn-</span> 
     </span>
     <span class='ocr_line' id='line_1_88' title="bbox 1066 633 1860 660; baseline 0.001 -7"><span class='ocrx_word' id='word_1_590' title='bbox 1066 633 1107 653; x_wconf 67' lang='lat' dir='ltr'>Iom</span> <span class='ocrx_word' id='word_1_591' title='bbox 1126 633 1148 653; x_wconf 83' lang='lat' dir='ltr'>in</span> <span class='ocrx_word' id='word_1_592' title='bbox 1169 633 1317 660; x_wconf 76' lang='lat' dir='ltr'>nnpirinnem</span> <span class='ocrx_word' id='word_1_593' title='bbox 1332 639 1423 654; x_wconf 64' lang='lat' dir='ltr'>tonatur</span> <span class='ocrx_word' id='word_1_594' title='bbox 1438 634 1556 657; x_wconf 71' lang='lat' dir='ltr'>adducere,</span> <span class='ocrx_word' id='word_1_595' title='bbox 1574 637 1624 654; x_wconf 75' lang='lat' dir='ltr'>nunt</span> <span class='ocrx_word' id='word_1_596' title='bbox 1640 633 1802 654; x_wconf 75' lang='lat' dir='ltr'>huiuun-odi:</span> <span class='ocrx_word' id='word_1_597' title='bbox 1817 641 1860 654; x_wconf 75' lang='lat' dir='ltr'>non</span> 
     </span>
     <span class='ocr_line' id='line_1_89' title="bbox 1066 668 1861 696; baseline 0 -8"><span class='ocrx_word' id='word_1_598' title='bbox 1066 668 1180 688; x_wconf 68' lang='lat' dir='ltr'>memor-ri</span> <span class='ocrx_word' id='word_1_599' title='bbox 1195 676 1281 693; x_wconf 72' lang='lat' dir='ltr'>ennam,</span> <span class='ocrx_word' id='word_1_600' title='bbox 1301 675 1328 688; x_wconf 74' lang='lat' dir='ltr'>ex</span> <span class='ocrx_word' id='word_1_601' title='bbox 1345 676 1386 695; x_wconf 80' lang='lat' dir='ltr'>qun</span> <span class='ocrx_word' id='word_1_602' title='bbox 1403 669 1482 689; x_wconf 74' lang='lat' dir='ltr'>Iit-utun</span> <span class='ocrx_word' id='word_1_603' title='bbox 1497 668 1594 689; x_wconf 74' lang='lat' dir='ltr'>dolorem</span> <span class='ocrx_word' id='word_1_604' title='bbox 1610 668 1745 696; x_wconf 68' lang='lat' dir='ltr'>perceperit.</span> <span class='ocrx_word' id='word_1_605' title='bbox 1761 675 1799 688; x_wconf 69' lang='lat' dir='ltr'>nec·</span> <span class='ocrx_word' id='word_1_606' title='bbox 1810 675 1861 689; x_wconf 73' lang='lat' dir='ltr'>vm</span> 
     </span>
     <span class='ocr_line' id='line_1_90' title="bbox 1066 703 1862 728; baseline -0.003 -5"><span class='ocrx_word' id='word_1_607' title='bbox 1066 703 1137 723; x_wconf 72' lang='lat' dir='ltr'>fuine</span> <span class='ocrx_word' id='word_1_608' title='bbox 1151 703 1171 723; x_wconf 82' lang='lat' dir='ltr'>ei</span> <span class='ocrx_word' id='word_1_609' title='bbox 1188 703 1277 728; x_wconf 68' lang='lat' dir='ltr'>lugendi</span> <span class='ocrx_word' id='word_1_610' title='bbox 1289 710 1395 723; x_wconf 71' lang='lat' dir='ltr'>rau-unm.</span> <span class='ocrx_word' id='word_1_611' title='bbox 1430 703 1531 724; x_wconf 70' lang='lat' dir='ltr'>Porri-m</span> <span class='ocrx_word' id='word_1_612' title='bbox 1542 703 1599 724; x_wconf 77' lang='lat' dir='ltr'>enim</span> <span class='ocrx_word' id='word_1_613' title='bbox 1610 710 1700 723; x_wconf 65' lang='lat' dir='ltr'>uxorem</span> <span class='ocrx_word' id='word_1_614' title='bbox 1711 703 1731 723; x_wconf 84' lang='lat' dir='ltr'>ei</span> <span class='ocrx_word' id='word_1_615' title='bbox 1743 703 1814 724; x_wconf 73' lang='lat' dir='ltr'>fuine</span> <span class='ocrx_word' id='word_1_616' title='bbox 1824 710 1862 724; x_wconf 76' lang='grc' dir='ltr'>ιιι-</span> 
     </span>
     <span class='ocr_line' id='line_1_91' title="bbox 1065 737 1861 764; baseline 0.003 -7"><span class='ocrx_word' id='word_1_617' title='bbox 1065 737 1192 764; x_wconf 71' lang='lat' dir='ltr'>perntitem,</span> <span class='ocrx_word' id='word_1_618' title='bbox 1212 738 1301 759; x_wconf 78' lang='lat' dir='ltr'>necdum</span> <span class='ocrx_word' id='word_1_619' title='bbox 1326 738 1391 758; x_wconf 76' lang='lat' dir='ltr'>etium</span> <span class='ocrx_word' id='word_1_620' title='bbox 1411 738 1527 759; x_wconf 70' lang='lat' dir='ltr'>Serviliam</span> <span class='ocrx_word' id='word_1_621' title='bbox 1548 742 1637 758; x_wconf 72' lang='lat' dir='ltr'>matrem</span> <span class='ocrx_word' id='word_1_622' title='bbox 1658 738 1729 759; x_wconf 66' lang='lat' dir='ltr'>fuine</span> <span class='ocrx_word' id='word_1_623' title='bbox 1746 743 1861 759; x_wconf 69' lang='lat' dir='ltr'>nunu-n.</span> 
     </span>
     <span class='ocr_line' id='line_1_92' title="bbox 1065 773 1862 800; baseline 0 -6"><span class='ocrx_word' id='word_1_624' title='bbox 1065 774 1184 794; x_wconf 75' lang='lat' dir='ltr'>I’netern</span> <span class='ocrx_word' id='word_1_625' title='bbox 1199 773 1278 793; x_wconf 69' lang='lat' dir='ltr'>fal-um</span> <span class='ocrx_word' id='word_1_626' title='bbox 1289 773 1354 793; x_wconf 69' lang='lat' dir='ltr'>etium</span> <span class='ocrx_word' id='word_1_627' title='bbox 1366 780 1423 797; x_wconf 72' lang='lat' dir='ltr'>cue,</span> <span class='ocrx_word' id='word_1_628' title='bbox 1435 774 1491 800; x_wconf 83' lang='lat' dir='ltr'>quod</span> <span class='ocrx_word' id='word_1_629' title='bbox 1503 773 1538 794; x_wconf 82' lang='lat' dir='ltr'>hie</span> <span class='ocrx_word' id='word_1_630' title='bbox 1549 773 1626 794; x_wconf 66' lang='lat' dir='ltr'>sit-ern</span> <span class='ocrx_word' id='word_1_631' title='bbox 1638 773 1728 794; x_wconf 76' lang='lat' dir='ltr'>nimium</span> <span class='ocrx_word' id='word_1_632' title='bbox 1739 773 1862 794; x_wconf 71' lang='lat' dir='ltr'>indul-ine</span> 
     </span>
     <span class='ocr_line' id='line_1_93' title="bbox 1065 807 1862 836; baseline 0.001 -9"><span class='ocrx_word' id='word_1_633' title='bbox 1065 807 1137 828; x_wconf 71' lang='lat' dir='ltr'>ululari</span> <span class='ocrx_word' id='word_1_634' title='bbox 1156 808 1243 828; x_wconf 72' lang='lat' dir='ltr'>dicatur</span> <span class='ocrx_word' id='word_1_635' title='bbox 1257 812 1373 829; x_wconf 68' lang='lat' dir='ltr'>artu-utun</span> <span class='ocrx_word' id='word_1_636' title='bbox 1390 809 1460 829; x_wconf 76' lang='lat' dir='ltr'>fuine</span> <span class='ocrx_word' id='word_1_637' title='bbox 1475 808 1498 829; x_wconf 84' lang='lat' dir='ltr'>in</span> <span class='ocrx_word' id='word_1_638' title='bbox 1510 808 1572 829; x_wconf 80' lang='lat' dir='ltr'>Bruti</span> <span class='ocrx_word' id='word_1_639' title='bbox 1583 808 1686 836; x_wconf 70' lang='lat' dir='ltr'>epi-tuln,</span> <span class='ocrx_word' id='word_1_640' title='bbox 1702 807 1862 829; x_wconf 67' lang='lat' dir='ltr'>Imm-niniae</span> 
     </span>
     <span class='ocr_line' id='line_1_94' title="bbox 1065 842 1491 870; baseline 0.002 -7"><span class='ocrx_word' id='word_1_641' title='bbox 1065 842 1153 863; x_wconf 67' lang='lat' dir='ltr'>seilicet</span> <span class='ocrx_word' id='word_1_642' title='bbox 1163 843 1254 870; x_wconf 70' lang='lat' dir='ltr'>scripta.</span> <span class='ocrx_word' id='word_1_643' title='bbox 1263 843 1292 864; x_wconf 71' lang='lat' dir='ltr'>ef.</span> <span class='ocrx_word' id='word_1_644' title='bbox 1304 844 1330 863; x_wconf 68' lang='lat' dir='ltr'>nt</span> <span class='ocrx_word' id='word_1_645' title='bbox 1342 844 1388 864; x_wconf 70' lang='lat' dir='ltr'>An.</span> <span class='ocrx_word' id='word_1_646' title='bbox 1399 847 1447 868; x_wconf 76' lang='lat' dir='ltr'>xn.</span> <span class='ocrx_word' id='word_1_647' title='bbox 1461 846 1491 864; x_wconf 82' lang='grc'>13.</span> 
     </span>
    </p>
   </div>
   <div class='ocr_carea' id='block_1_26' title="bbox 1232 896 1696 924">
    <p class='ocr_par' dir='ltr' id='par_1_26' title="bbox 1232 896 1696 924">
     <span class='ocr_line' id='line_1_95' title="bbox 1232 896 1696 924; baseline 0 -1"><span class='ocrx_word' id='word_1_648' title='bbox 1232 897 1268 923; x_wconf 85' lang='grc' dir='ltr'>Μ.</span> <span class='ocrx_word' id='word_1_649' title='bbox 1293 897 1436 924; x_wconf 77' lang='lat' dir='ltr'>CICERO</span> <span class='ocrx_word' id='word_1_650' title='bbox 1456 897 1484 924; x_wconf 92' lang='lat' dir='ltr'>S.</span> <span class='ocrx_word' id='word_1_651' title='bbox 1506 898 1536 924; x_wconf 92' lang='lat' dir='ltr'>D.</span> <span class='ocrx_word' id='word_1_652' title='bbox 1558 896 1696 924; x_wconf 78' lang='lat' dir='ltr'>BRUTO.</span> 
     </span>
    </p>
   </div>
   <div class='ocr_carea' id='block_1_27' title="bbox 1066 938 1864 1981">
    <p class='ocr_par' dir='ltr' id='par_1_27' title="bbox 1066 938 1864 1981">
     <span class='ocr_line' id='line_1_96' title="bbox 1122 938 1862 979; baseline -0.001 -10"><span class='ocrx_word' id='word_1_653' title='bbox 1122 944 1144 969; x_wconf 86' lang='lat' dir='ltr'>I.</span> <span class='ocrx_word' id='word_1_654' title='bbox 1167 938 1307 979; x_wconf 77' lang='lat' dir='ltr'>Fungerer</span> <span class='ocrx_word' id='word_1_655' title='bbox 1322 943 1423 974; x_wconf 84' lang='lat' dir='ltr'>ol&#39;licio,</span> <span class='ocrx_word' id='word_1_656' title='bbox 1441 952 1495 978; x_wconf 92' lang='lat' dir='ltr'>quo</span> <span class='ocrx_word' id='word_1_657' title='bbox 1511 948 1538 969; x_wconf 89' lang='lat' dir='ltr'>tn</span> <span class='ocrx_word' id='word_1_658' title='bbox 1551 942 1659 969; x_wconf 84' lang='lat' dir='ltr'>Iunctus</span> <span class='ocrx_word' id='word_1_659' title='bbox 1670 951 1698 968; x_wconf 82' lang='lat' dir='ltr'>es</span> <span class='ocrx_word' id='word_1_660' title='bbox 1710 943 1737 969; x_wconf 90' lang='lat' dir='ltr'>in</span> <span class='ocrx_word' id='word_1_661' title='bbox 1748 950 1807 969; x_wconf 89' lang='lat' dir='ltr'>mco</span> <span class='ocrx_word' id='word_1_662' title='bbox 1819 941 1862 968; x_wconf 94' lang='lat' dir='ltr'>lu-</span> 
     </span>
     <span class='ocr_line' id='line_1_97' title="bbox 1066 980 1862 1015; baseline 0.001 -10"><span class='ocrx_word' id='word_1_663' title='bbox 1066 984 1120 1010; x_wconf 76' lang='lat' dir='ltr'>ctu,</span> <span class='ocrx_word' id='word_1_664' title='bbox 1139 985 1217 1015; x_wconf 88' lang='lat' dir='ltr'>teque</span> <span class='ocrx_word' id='word_1_665' title='bbox 1229 989 1276 1015; x_wconf 88' lang='lat' dir='ltr'>per</span> <span class='ocrx_word' id='word_1_666' title='bbox 1288 980 1387 1006; x_wconf 82' lang='lat' dir='ltr'>litteras</span> <span class='ocrx_word' id='word_1_667' title='bbox 1398 980 1562 1010; x_wconf 85' lang='lat' dir='ltr'>consolarer,</span> <span class='ocrx_word' id='word_1_668' title='bbox 1577 981 1628 1006; x_wconf 84' lang='lat' dir='ltr'>nisi</span> <span class='ocrx_word' id='word_1_669' title='bbox 1641 981 1751 1010; x_wconf 82' lang='lat' dir='ltr'>scirem,</span> <span class='ocrx_word' id='word_1_670' title='bbox 1766 980 1809 1006; x_wconf 89' lang='lat' dir='ltr'>bis</span> <span class='ocrx_word' id='word_1_671' title='bbox 1821 988 1862 1006; x_wconf 84' lang='lat' dir='ltr'>re-</span> 
     </span>
     <span class='ocr_line' id='line_1_98' title="bbox 1068 1016 1862 1052; baseline 0 -10"><span class='ocrx_word' id='word_1_672' title='bbox 1068 1016 1179 1047; x_wconf 75' lang='lat' dir='ltr'>mediis,</span> <span class='ocrx_word' id='word_1_673' title='bbox 1202 1018 1303 1052; x_wconf 88' lang='lat' dir='ltr'>quibus</span> <span class='ocrx_word' id='word_1_674' title='bbox 1320 1026 1410 1044; x_wconf 86' lang='lat' dir='ltr'>meum</span> <span class='ocrx_word' id='word_1_675' title='bbox 1422 1017 1541 1044; x_wconf 87' lang='lat' dir='ltr'>dolorem</span> <span class='ocrx_word' id='word_1_676' title='bbox 1554 1022 1580 1043; x_wconf 89' lang='lat' dir='ltr'>tu</span> <span class='ocrx_word' id='word_1_677' title='bbox 1594 1017 1725 1047; x_wconf 79' lang='lat' dir='ltr'>levasses.</span> <span class='ocrx_word' id='word_1_678' title='bbox 1742 1023 1766 1043; x_wconf 87' lang='lat' dir='ltr'>te</span> <span class='ocrx_word' id='word_1_679' title='bbox 1779 1018 1805 1043; x_wconf 90' lang='lat' dir='ltr'>in</span> <span class='ocrx_word' id='word_1_680' title='bbox 1817 1022 1862 1043; x_wconf 88' lang='lat' dir='ltr'>tuo</span> 
     </span>
     <span class='ocr_line' id='line_1_99' title="bbox 1067 1054 1861 1089; baseline 0 -9"><span class='ocrx_word' id='word_1_681' title='bbox 1067 1063 1118 1080; x_wconf 91' lang='lat' dir='ltr'>non</span> <span class='ocrx_word' id='word_1_682' title='bbox 1129 1062 1220 1089; x_wconf 83' lang='lat' dir='ltr'>egere:</span> <span class='ocrx_word' id='word_1_683' title='bbox 1252 1064 1282 1081; x_wconf 87' lang='lat' dir='ltr'>ac</span> <span class='ocrx_word' id='word_1_684' title='bbox 1294 1055 1375 1081; x_wconf 86' lang='lat' dir='ltr'>velim</span> <span class='ocrx_word' id='word_1_685' title='bbox 1389 1055 1508 1085; x_wconf 75' lang='lat' dir='ltr'>facilius,</span> <span class='ocrx_word' id='word_1_686' title='bbox 1530 1063 1611 1089; x_wconf 91' lang='lat' dir='ltr'>quam</span> <span class='ocrx_word' id='word_1_687' title='bbox 1624 1054 1706 1084; x_wconf 78' lang='lat' dir='ltr'>mihi,</span> <span class='ocrx_word' id='word_1_688' title='bbox 1729 1063 1800 1080; x_wconf 86' lang='lat' dir='ltr'>nunc</span> <span class='ocrx_word' id='word_1_689' title='bbox 1812 1054 1861 1080; x_wconf 86' lang='lat' dir='ltr'>tibi</span> 
     </span>
     <span class='ocr_line' id='line_1_100' title="bbox 1067 1092 1859 1122; baseline 0 -4"><span class='ocrx_word' id='word_1_690' title='bbox 1067 1096 1122 1118; x_wconf 88' lang='lat' dir='ltr'>tute</span> <span class='ocrx_word' id='word_1_691' title='bbox 1135 1092 1268 1118; x_wconf 88' lang='lat' dir='ltr'>medeare.</span> <span class='ocrx_word' id='word_1_692' title='bbox 1305 1092 1351 1118; x_wconf 86' lang='lat' dir='ltr'>Est</span> <span class='ocrx_word' id='word_1_693' title='bbox 1362 1093 1434 1118; x_wconf 91' lang='lat' dir='ltr'>enim</span> <span class='ocrx_word' id='word_1_694' title='bbox 1446 1092 1564 1118; x_wconf 90' lang='lat' dir='ltr'>alienum</span> <span class='ocrx_word' id='word_1_695' title='bbox 1577 1097 1648 1118; x_wconf 82' lang='lat' dir='ltr'>tanto</span> <span class='ocrx_word' id='word_1_696' title='bbox 1660 1092 1726 1121; x_wconf 81' lang='lat' dir='ltr'>viro,</span> <span class='ocrx_word' id='word_1_697' title='bbox 1740 1097 1770 1118; x_wconf 88' lang='lat' dir='ltr'>ut</span> <span class='ocrx_word' id='word_1_698' title='bbox 1780 1100 1809 1117; x_wconf 87' lang='lat' dir='ltr'>es</span> <span class='ocrx_word' id='word_1_699' title='bbox 1821 1096 1859 1122; x_wconf 88' lang='lat' dir='ltr'>tu.</span> 
     </span>
     <span class='ocr_line' id='line_1_101' title="bbox 1067 1128 1860 1164; baseline 0 -9"><span class='ocrx_word' id='word_1_700' title='bbox 1067 1128 1139 1163; x_wconf 87' lang='lat' dir='ltr'>quod</span> <span class='ocrx_word' id='word_1_701' title='bbox 1158 1128 1233 1155; x_wconf 84' lang='lat' dir='ltr'>alteri</span> <span class='ocrx_word' id='word_1_702' title='bbox 1248 1130 1426 1164; x_wconf 86' lang='lat' dir='ltr'>praeceperit,</span> <span class='ocrx_word' id='word_1_703' title='bbox 1450 1129 1477 1155; x_wconf 88' lang='lat' dir='ltr'>id</span> <span class='ocrx_word' id='word_1_704' title='bbox 1494 1130 1583 1164; x_wconf 84' lang='lat' dir='ltr'>ipsum</span> <span class='ocrx_word' id='word_1_705' title='bbox 1600 1129 1685 1155; x_wconf 80' lang='lat' dir='ltr'>facere</span> <span class='ocrx_word' id='word_1_706' title='bbox 1704 1137 1755 1155; x_wconf 92' lang='lat' dir='ltr'>non</span> <span class='ocrx_word' id='word_1_707' title='bbox 1771 1137 1860 1164; x_wconf 89' lang='lat' dir='ltr'>posse.</span> 
     </span>
     <span class='ocr_line' id='line_1_102' title="bbox 1068 1166 1862 1202; baseline 0 -10"><span class='ocrx_word' id='word_1_708' title='bbox 1068 1167 1108 1192; x_wconf 80' lang='lat' dir='ltr'>Me</span> <span class='ocrx_word' id='word_1_709' title='bbox 1123 1166 1235 1201; x_wconf 88' lang='lat' dir='ltr'>quidem</span> <span class='ocrx_word' id='word_1_710' title='bbox 1255 1172 1311 1192; x_wconf 86' lang='lat' dir='ltr'>tum</span> <span class='ocrx_word' id='word_1_711' title='bbox 1328 1167 1458 1197; x_wconf 88' lang='lat' dir='ltr'>rationes,</span> <span class='ocrx_word' id='word_1_712' title='bbox 1479 1175 1547 1201; x_wconf 88' lang='lat' dir='ltr'>quas</span> <span class='ocrx_word' id='word_1_713' title='bbox 1562 1166 1723 1202; x_wconf 80' lang='lat' dir='ltr'>collegeras,</span> <span class='ocrx_word' id='word_1_714' title='bbox 1740 1171 1797 1192; x_wconf 90' lang='lat' dir='ltr'>tum</span> <span class='ocrx_word' id='word_1_715' title='bbox 1813 1174 1862 1192; x_wconf 85' lang='lat' dir='ltr'>au-</span> 
     </span>
     <span class='ocr_line' id='line_1_103' title="bbox 1068 1203 1862 1238; baseline 0 -9"><span class='ocrx_word' id='word_1_716' title='bbox 1068 1204 1175 1230; x_wconf 87' lang='lat' dir='ltr'>ctoritas</span> <span class='ocrx_word' id='word_1_717' title='bbox 1186 1208 1230 1230; x_wconf 87' lang='lat' dir='ltr'>tua</span> <span class='ocrx_word' id='word_1_718' title='bbox 1245 1212 1259 1229; x_wconf 92' lang='lat' dir='ltr'>a</span> <span class='ocrx_word' id='word_1_719' title='bbox 1271 1205 1355 1230; x_wconf 86' lang='lat' dir='ltr'>nimio</span> <span class='ocrx_word' id='word_1_720' title='bbox 1367 1212 1484 1230; x_wconf 83' lang='lat' dir='ltr'>maerore</span> <span class='ocrx_word' id='word_1_721' title='bbox 1496 1203 1635 1230; x_wconf 83' lang='lat' dir='ltr'>deterruit.</span> <span class='ocrx_word' id='word_1_722' title='bbox 1661 1203 1693 1229; x_wconf 85' lang='lat' dir='ltr'>Et</span> <span class='ocrx_word' id='word_1_723' title='bbox 1703 1212 1788 1238; x_wconf 90' lang='lat' dir='ltr'>quum</span> <span class='ocrx_word' id='word_1_724' title='bbox 1799 1211 1862 1229; x_wconf 88' lang='lat' dir='ltr'>eum</span> 
     </span>
     <span class='ocr_line' id='line_1_104' title="bbox 1069 1240 1863 1276; baseline -0.001 -9"><span class='ocrx_word' id='word_1_725' title='bbox 1069 1240 1177 1268; x_wconf 89' lang='lat' dir='ltr'>mollius</span> <span class='ocrx_word' id='word_1_726' title='bbox 1189 1241 1238 1267; x_wconf 91' lang='lat' dir='ltr'>tibi</span> <span class='ocrx_word' id='word_1_727' title='bbox 1251 1241 1319 1267; x_wconf 82' lang='lat' dir='ltr'>ferre</span> <span class='ocrx_word' id='word_1_728' title='bbox 1334 1241 1449 1271; x_wconf 79' lang='lat' dir='ltr'>viderer,</span> <span class='ocrx_word' id='word_1_729' title='bbox 1462 1250 1543 1276; x_wconf 87' lang='lat' dir='ltr'>quam</span> <span class='ocrx_word' id='word_1_730' title='bbox 1556 1241 1662 1267; x_wconf 86' lang='lat' dir='ltr'>deceret</span> <span class='ocrx_word' id='word_1_731' title='bbox 1672 1241 1771 1271; x_wconf 86' lang='lat' dir='ltr'>virum,</span> <span class='ocrx_word' id='word_1_732' title='bbox 1785 1248 1863 1275; x_wconf 87' lang='lat' dir='ltr'>prae-</span> 
     </span>
     <span class='ocr_line' id='line_1_105' title="bbox 1068 1278 1863 1314; baseline 0 -10"><span class='ocrx_word' id='word_1_733' title='bbox 1068 1279 1159 1304; x_wconf 88' lang='lat' dir='ltr'>sertim</span> <span class='ocrx_word' id='word_1_734' title='bbox 1171 1287 1243 1309; x_wconf 89' lang='lat' dir='ltr'>eum,</span> <span class='ocrx_word' id='word_1_735' title='bbox 1256 1279 1304 1314; x_wconf 92' lang='lat' dir='ltr'>qui</span> <span class='ocrx_word' id='word_1_736' title='bbox 1316 1278 1382 1305; x_wconf 91' lang='lat' dir='ltr'>alios</span> <span class='ocrx_word' id='word_1_737' title='bbox 1392 1278 1524 1304; x_wconf 89' lang='lat' dir='ltr'>consolari</span> <span class='ocrx_word' id='word_1_738' title='bbox 1535 1278 1644 1309; x_wconf 79' lang='lat' dir='ltr'>soleret;</span> <span class='ocrx_word' id='word_1_739' title='bbox 1676 1278 1807 1304; x_wconf 83' lang='lat' dir='ltr'>accusasti</span> <span class='ocrx_word' id='word_1_740' title='bbox 1820 1286 1863 1304; x_wconf 87' lang='lat' dir='ltr'>me</span> 
     </span>
     <span class='ocr_line' id='line_1_106' title="bbox 1068 1314 1863 1352; baseline -0.001 -10"><span class='ocrx_word' id='word_1_741' title='bbox 1068 1324 1116 1351; x_wconf 89' lang='lat' dir='ltr'>per</span> <span class='ocrx_word' id='word_1_742' title='bbox 1128 1315 1227 1342; x_wconf 88' lang='lat' dir='ltr'>litteras</span> <span class='ocrx_word' id='word_1_743' title='bbox 1238 1316 1410 1352; x_wconf 82' lang='lat' dir='ltr'>gravioribus</span> <span class='ocrx_word' id='word_1_744' title='bbox 1423 1315 1527 1346; x_wconf 88' lang='lat' dir='ltr'>verbis,</span> <span class='ocrx_word' id='word_1_745' title='bbox 1549 1324 1630 1351; x_wconf 90' lang='lat' dir='ltr'>quam</span> <span class='ocrx_word' id='word_1_746' title='bbox 1642 1320 1686 1341; x_wconf 93' lang='lat' dir='ltr'>tua</span> <span class='ocrx_word' id='word_1_747' title='bbox 1697 1314 1863 1342; x_wconf 84' lang='lat' dir='ltr'>consuetudo</span> 
     </span>
     <span class='ocr_line' id='line_1_107' title="bbox 1069 1353 1861 1388; baseline 0 -9"><span class='ocrx_word' id='word_1_748' title='bbox 1069 1353 1180 1380; x_wconf 78' lang='lat' dir='ltr'>ferebat.</span> <span class='ocrx_word' id='word_1_749' title='bbox 1221 1355 1246 1380; x_wconf 76' lang='lat'>2.</span> <span class='ocrx_word' id='word_1_750' title='bbox 1268 1354 1360 1388; x_wconf 91' lang='lat' dir='ltr'>Itaque</span> <span class='ocrx_word' id='word_1_751' title='bbox 1372 1353 1504 1379; x_wconf 90' lang='lat' dir='ltr'>iudicium</span> <span class='ocrx_word' id='word_1_752' title='bbox 1517 1358 1593 1379; x_wconf 90' lang='lat' dir='ltr'>tuum</span> <span class='ocrx_word' id='word_1_753' title='bbox 1604 1353 1694 1388; x_wconf 80' lang='lat' dir='ltr'>magni</span> <span class='ocrx_word' id='word_1_754' title='bbox 1706 1353 1861 1383; x_wconf 81' lang='lat' dir='ltr'>aestimans,</span> 
     </span>
     <span class='ocr_line' id='line_1_108' title="bbox 1069 1390 1861 1426; baseline -0.001 -9"><span class='ocrx_word' id='word_1_755' title='bbox 1069 1390 1151 1426; x_wconf 87' lang='lat' dir='ltr'>idque</span> <span class='ocrx_word' id='word_1_756' title='bbox 1162 1391 1265 1418; x_wconf 89' lang='lat' dir='ltr'>veritus</span> <span class='ocrx_word' id='word_1_757' title='bbox 1280 1399 1322 1417; x_wconf 87' lang='lat' dir='ltr'>me</span> <span class='ocrx_word' id='word_1_758' title='bbox 1335 1391 1392 1425; x_wconf 89' lang='lat' dir='ltr'>ipse</span> <span class='ocrx_word' id='word_1_759' title='bbox 1403 1390 1514 1426; x_wconf 77' lang='lat' dir='ltr'>collegi:</span> <span class='ocrx_word' id='word_1_760' title='bbox 1530 1395 1555 1416; x_wconf 90' lang='lat' dir='ltr'>et</span> <span class='ocrx_word' id='word_1_761' title='bbox 1565 1399 1609 1421; x_wconf 82' lang='lat' dir='ltr'>ea,</span> <span class='ocrx_word' id='word_1_762' title='bbox 1622 1399 1692 1425; x_wconf 86' lang='lat' dir='ltr'>quae</span> <span class='ocrx_word' id='word_1_763' title='bbox 1703 1390 1861 1420; x_wconf 80' lang='lat' dir='ltr'>didiceram.</span> 
     </span>
     <span class='ocr_line' id='line_1_109' title="bbox 1069 1427 1863 1464; baseline 0 -10"><span class='ocrx_word' id='word_1_764' title='bbox 1069 1428 1200 1464; x_wconf 81' lang='lat' dir='ltr'>legeram,</span> <span class='ocrx_word' id='word_1_765' title='bbox 1220 1437 1389 1463; x_wconf 77' lang='lat' dir='ltr'>acceperam,</span> <span class='ocrx_word' id='word_1_766' title='bbox 1411 1429 1533 1463; x_wconf 82' lang='lat' dir='ltr'>graviora</span> <span class='ocrx_word' id='word_1_767' title='bbox 1549 1427 1629 1458; x_wconf 88' lang='lat' dir='ltr'>duxi,</span> <span class='ocrx_word' id='word_1_768' title='bbox 1648 1433 1692 1454; x_wconf 90' lang='lat' dir='ltr'>tua</span> <span class='ocrx_word' id='word_1_769' title='bbox 1708 1428 1863 1454; x_wconf 81' lang='lat' dir='ltr'>auctoritate</span> 
     </span>
     <span class='ocr_line' id='line_1_110' title="bbox 1069 1465 1864 1496; baseline -0.001 -4"><span class='ocrx_word' id='word_1_770' title='bbox 1069 1465 1169 1492; x_wconf 90' lang='lat' dir='ltr'>addita.</span> <span class='ocrx_word' id='word_1_771' title='bbox 1204 1466 1242 1492; x_wconf 85' lang='lat' dir='ltr'>Ac</span> <span class='ocrx_word' id='word_1_772' title='bbox 1253 1466 1321 1492; x_wconf 91' lang='lat' dir='ltr'>mihi</span> <span class='ocrx_word' id='word_1_773' title='bbox 1332 1471 1398 1496; x_wconf 89' lang='lat' dir='ltr'>tum,</span> <span class='ocrx_word' id='word_1_774' title='bbox 1412 1466 1500 1496; x_wconf 82' lang='lat' dir='ltr'>Brute,</span> <span class='ocrx_word' id='word_1_775' title='bbox 1513 1465 1603 1491; x_wconf 74' lang='lat' dir='ltr'>officio</span> <span class='ocrx_word' id='word_1_776' title='bbox 1613 1466 1700 1491; x_wconf 87' lang='lat' dir='ltr'>solum</span> <span class='ocrx_word' id='word_1_777' title='bbox 1713 1470 1768 1491; x_wconf 87' lang='lat' dir='ltr'>erat</span> <span class='ocrx_word' id='word_1_778' title='bbox 1779 1470 1804 1491; x_wconf 88' lang='lat' dir='ltr'>et</span> <span class='ocrx_word' id='word_1_779' title='bbox 1815 1473 1864 1491; x_wconf 89' lang='lat' dir='ltr'>na-</span> 
     </span>
     <span class='ocr_line' id='line_1_111' title="bbox 1069 1502 1863 1538; baseline -0.001 -9"><span class='ocrx_word' id='word_1_780' title='bbox 1069 1508 1152 1534; x_wconf 85' lang='lat' dir='ltr'>turae,</span> <span class='ocrx_word' id='word_1_781' title='bbox 1172 1503 1222 1530; x_wconf 90' lang='lat' dir='ltr'>tibi</span> <span class='ocrx_word' id='word_1_782' title='bbox 1236 1512 1308 1530; x_wconf 89' lang='lat' dir='ltr'>nunc</span> <span class='ocrx_word' id='word_1_783' title='bbox 1320 1502 1419 1538; x_wconf 89' lang='lat' dir='ltr'>populo</span> <span class='ocrx_word' id='word_1_784' title='bbox 1430 1507 1456 1530; x_wconf 88' lang='lat' dir='ltr'>et</span> <span class='ocrx_word' id='word_1_785' title='bbox 1465 1511 1561 1529; x_wconf 86' lang='lat' dir='ltr'>scenae</span> <span class='ocrx_word' id='word_1_786' title='bbox 1572 1504 1611 1537; x_wconf 88' lang='lat' dir='ltr'>(ut</span> <span class='ocrx_word' id='word_1_787' title='bbox 1622 1502 1730 1537; x_wconf 87' lang='lat' dir='ltr'>dicitur)</span> <span class='ocrx_word' id='word_1_788' title='bbox 1741 1503 1863 1528; x_wconf 86' lang='lat' dir='ltr'>servien-</span> 
     </span>
     <span class='ocr_line' id='line_1_112' title="bbox 1068 1539 1861 1575; baseline -0.003 -8"><span class='ocrx_word' id='word_1_789' title='bbox 1068 1540 1134 1567; x_wconf 91' lang='lat' dir='ltr'>dum</span> <span class='ocrx_word' id='word_1_790' title='bbox 1152 1545 1202 1567; x_wconf 76' lang='lat' dir='ltr'>est.</span> <span class='ocrx_word' id='word_1_791' title='bbox 1242 1541 1310 1566; x_wconf 90' lang='lat' dir='ltr'>Nam</span> <span class='ocrx_word' id='word_1_792' title='bbox 1326 1549 1411 1575; x_wconf 88' lang='lat' dir='ltr'>quum</span> <span class='ocrx_word' id='word_1_793' title='bbox 1427 1541 1455 1566; x_wconf 92' lang='lat' dir='ltr'>in</span> <span class='ocrx_word' id='word_1_794' title='bbox 1467 1545 1491 1566; x_wconf 89' lang='lat' dir='ltr'>te</span> <span class='ocrx_word' id='word_1_795' title='bbox 1502 1549 1554 1566; x_wconf 89' lang='lat' dir='ltr'>non</span> <span class='ocrx_word' id='word_1_796' title='bbox 1567 1540 1654 1567; x_wconf 90' lang='lat' dir='ltr'>solum</span> <span class='ocrx_word' id='word_1_797' title='bbox 1666 1540 1800 1566; x_wconf 80' lang='lat' dir='ltr'>exercitus</span> <span class='ocrx_word' id='word_1_798' title='bbox 1812 1539 1861 1569; x_wconf 90' lang='lat' dir='ltr'>tui,</span> 
     </span>
     <span class='ocr_line' id='line_1_113' title="bbox 1068 1575 1863 1613; baseline -0.003 -9"><span class='ocrx_word' id='word_1_799' title='bbox 1068 1578 1117 1604; x_wconf 88' lang='lat' dir='ltr'>sed</span> <span class='ocrx_word' id='word_1_800' title='bbox 1136 1579 1259 1604; x_wconf 90' lang='lat' dir='ltr'>omnium</span> <span class='ocrx_word' id='word_1_801' title='bbox 1275 1579 1378 1604; x_wconf 88' lang='lat' dir='ltr'>civium</span> <span class='ocrx_word' id='word_1_802' title='bbox 1393 1586 1423 1604; x_wconf 89' lang='lat' dir='ltr'>ac</span> <span class='ocrx_word' id='word_1_803' title='bbox 1439 1586 1522 1612; x_wconf 85' lang='lat' dir='ltr'>paene</span> <span class='ocrx_word' id='word_1_804' title='bbox 1532 1578 1654 1613; x_wconf 84' lang='lat' dir='ltr'>gentium</span> <span class='ocrx_word' id='word_1_805' title='bbox 1665 1578 1779 1604; x_wconf 89' lang='lat' dir='ltr'>coniecti</span> <span class='ocrx_word' id='word_1_806' title='bbox 1790 1575 1863 1603; x_wconf 89' lang='lat' dir='ltr'>oculi</span> 
     </span>
     <span class='ocr_line' id='line_1_114' title="bbox 1068 1614 1863 1649; baseline -0.001 -8"><span class='ocrx_word' id='word_1_807' title='bbox 1068 1616 1136 1646; x_wconf 91' lang='lat' dir='ltr'>sint,</span> <span class='ocrx_word' id='word_1_808' title='bbox 1153 1616 1266 1642; x_wconf 88' lang='lat' dir='ltr'>minime</span> <span class='ocrx_word' id='word_1_809' title='bbox 1277 1615 1363 1646; x_wconf 77' lang='lat' dir='ltr'>decet.</span> <span class='ocrx_word' id='word_1_810' title='bbox 1380 1620 1488 1649; x_wconf 84' lang='lat' dir='ltr'>propter</span> <span class='ocrx_word' id='word_1_811' title='bbox 1498 1623 1579 1649; x_wconf 90' lang='lat' dir='ltr'>quem</span> <span class='ocrx_word' id='word_1_812' title='bbox 1592 1614 1712 1642; x_wconf 78' lang='lat' dir='ltr'>fortiores</span> <span class='ocrx_word' id='word_1_813' title='bbox 1723 1615 1804 1641; x_wconf 86' lang='lat' dir='ltr'>ceteri</span> <span class='ocrx_word' id='word_1_814' title='bbox 1815 1622 1863 1640; x_wconf 82' lang='lat' dir='ltr'>su-</span> 
     </span>
     <span class='ocr_line' id='line_1_115' title="bbox 1067 1650 1861 1687; baseline -0.003 -8"><span class='ocrx_word' id='word_1_815' title='bbox 1067 1661 1139 1683; x_wconf 89' lang='lat' dir='ltr'>mus,</span> <span class='ocrx_word' id='word_1_816' title='bbox 1152 1661 1214 1679; x_wconf 88' lang='lat' dir='ltr'>eum</span> <span class='ocrx_word' id='word_1_817' title='bbox 1227 1653 1316 1687; x_wconf 90' lang='lat' dir='ltr'>ipsum</span> <span class='ocrx_word' id='word_1_818' title='bbox 1329 1653 1418 1678; x_wconf 90' lang='lat' dir='ltr'>animo</span> <span class='ocrx_word' id='word_1_819' title='bbox 1429 1651 1599 1678; x_wconf 85' lang='lat' dir='ltr'>debilitatum</span> <span class='ocrx_word' id='word_1_820' title='bbox 1611 1652 1708 1678; x_wconf 88' lang='lat' dir='ltr'>videri.</span> <span class='ocrx_word' id='word_1_821' title='bbox 1729 1651 1815 1684; x_wconf 88' lang='lat' dir='ltr'>Quam</span> <span class='ocrx_word' id='word_1_822' title='bbox 1826 1650 1861 1677; x_wconf 90' lang='lat' dir='ltr'>ob</span> 
     </span>
     <span class='ocr_line' id='line_1_116' title="bbox 1067 1688 1861 1724; baseline -0.003 -8"><span class='ocrx_word' id='word_1_823' title='bbox 1067 1698 1124 1716; x_wconf 91' lang='lat' dir='ltr'>rem</span> <span class='ocrx_word' id='word_1_824' title='bbox 1140 1690 1268 1724; x_wconf 83' lang='lat' dir='ltr'>accepisti</span> <span class='ocrx_word' id='word_1_825' title='bbox 1282 1694 1311 1716; x_wconf 85' lang='lat' dir='ltr'>tu</span> <span class='ocrx_word' id='word_1_826' title='bbox 1326 1689 1436 1724; x_wconf 88' lang='lat' dir='ltr'>quidem</span> <span class='ocrx_word' id='word_1_827' title='bbox 1448 1688 1580 1719; x_wconf 82' lang='lat' dir='ltr'>dolorem,</span> <span class='ocrx_word' id='word_1_828' title='bbox 1603 1689 1640 1723; x_wconf 91' lang='lat' dir='ltr'>(id</span> <span class='ocrx_word' id='word_1_829' title='bbox 1652 1689 1724 1715; x_wconf 91' lang='lat' dir='ltr'>enim</span> <span class='ocrx_word' id='word_1_830' title='bbox 1736 1689 1861 1718; x_wconf 83' lang='lat' dir='ltr'>amisisti,</span> 
     </span>
     <span class='ocr_line' id='line_1_117' title="bbox 1067 1725 1862 1761; baseline -0.001 -8"><span class='ocrx_word' id='word_1_831' title='bbox 1067 1728 1111 1753; x_wconf 94' lang='lat' dir='ltr'>cui</span> <span class='ocrx_word' id='word_1_832' title='bbox 1127 1727 1217 1753; x_wconf 82' lang='lat' dir='ltr'>simile</span> <span class='ocrx_word' id='word_1_833' title='bbox 1232 1727 1259 1753; x_wconf 91' lang='lat' dir='ltr'>in</span> <span class='ocrx_word' id='word_1_834' title='bbox 1271 1727 1348 1753; x_wconf 88' lang='lat' dir='ltr'>terris</span> <span class='ocrx_word' id='word_1_835' title='bbox 1360 1725 1428 1752; x_wconf 89' lang='lat' dir='ltr'>nibil</span> <span class='ocrx_word' id='word_1_836' title='bbox 1441 1725 1510 1761; x_wconf 84' lang='lat' dir='ltr'>suit.)</span> <span class='ocrx_word' id='word_1_837' title='bbox 1524 1731 1549 1752; x_wconf 90' lang='lat' dir='ltr'>et</span> <span class='ocrx_word' id='word_1_838' title='bbox 1560 1731 1600 1753; x_wconf 84' lang='lat' dir='ltr'>est</span> <span class='ocrx_word' id='word_1_839' title='bbox 1610 1725 1757 1752; x_wconf 87' lang='lat' dir='ltr'>dolendum</span> <span class='ocrx_word' id='word_1_840' title='bbox 1769 1727 1796 1752; x_wconf 95' lang='lat' dir='ltr'>in</span> <span class='ocrx_word' id='word_1_841' title='bbox 1808 1730 1862 1752; x_wconf 84' lang='lat' dir='ltr'>tam</span> 
     </span>
     <span class='ocr_line' id='line_1_118' title="bbox 1066 1762 1864 1800; baseline -0.003 -9"><span class='ocrx_word' id='word_1_842' title='bbox 1066 1765 1142 1800; x_wconf 82' lang='lat' dir='ltr'>gravi</span> <span class='ocrx_word' id='word_1_843' title='bbox 1154 1764 1280 1794; x_wconf 83' lang='lat' dir='ltr'>vulnere,</span> <span class='ocrx_word' id='word_1_844' title='bbox 1297 1764 1340 1798; x_wconf 90' lang='lat' dir='ltr'>(ne</span> <span class='ocrx_word' id='word_1_845' title='bbox 1352 1763 1379 1789; x_wconf 94' lang='lat' dir='ltr'>id</span> <span class='ocrx_word' id='word_1_846' title='bbox 1391 1764 1491 1798; x_wconf 85' lang='lat' dir='ltr'>ipsum,</span> <span class='ocrx_word' id='word_1_847' title='bbox 1508 1772 1597 1789; x_wconf 87' lang='lat' dir='ltr'>carere</span> <span class='ocrx_word' id='word_1_848' title='bbox 1608 1764 1680 1789; x_wconf 92' lang='lat' dir='ltr'>omni</span> <span class='ocrx_word' id='word_1_849' title='bbox 1691 1772 1773 1789; x_wconf 90' lang='lat' dir='ltr'>sensu</span> <span class='ocrx_word' id='word_1_850' title='bbox 1787 1762 1864 1789; x_wconf 92' lang='lat' dir='ltr'>dolo-</span> 
     </span>
     <span class='ocr_line' id='line_1_119' title="bbox 1067 1800 1863 1835; baseline -0.003 -7"><span class='ocrx_word' id='word_1_851' title='bbox 1067 1804 1117 1833; x_wconf 90' lang='lat' dir='ltr'>ris,</span> <span class='ocrx_word' id='word_1_852' title='bbox 1130 1802 1166 1828; x_wconf 87' lang='lat' dir='ltr'>sit</span> <span class='ocrx_word' id='word_1_853' title='bbox 1177 1802 1317 1832; x_wconf 87' lang='lat' dir='ltr'>miserius,</span> <span class='ocrx_word' id='word_1_854' title='bbox 1335 1809 1416 1835; x_wconf 90' lang='lat' dir='ltr'>quam</span> <span class='ocrx_word' id='word_1_855' title='bbox 1428 1800 1539 1835; x_wconf 72' lang='lat' dir='ltr'>dolere.)</span> <span class='ocrx_word' id='word_1_856' title='bbox 1550 1800 1606 1831; x_wconf 83' lang='lat' dir='ltr'>scd,</span> <span class='ocrx_word' id='word_1_857' title='bbox 1621 1806 1649 1827; x_wconf 91' lang='lat' dir='ltr'>ut</span> <span class='ocrx_word' id='word_1_858' title='bbox 1660 1800 1778 1831; x_wconf 82' lang='lat' dir='ltr'>modice,</span> <span class='ocrx_word' id='word_1_859' title='bbox 1791 1805 1863 1827; x_wconf 88' lang='lat' dir='ltr'>cete-</span> 
     </span>
     <span class='ocr_line' id='line_1_120' title="bbox 1066 1837 1862 1872; baseline -0.001 -7"><span class='ocrx_word' id='word_1_860' title='bbox 1066 1839 1104 1865; x_wconf 92' lang='lat' dir='ltr'>ris</span> <span class='ocrx_word' id='word_1_861' title='bbox 1115 1838 1181 1865; x_wconf 89' lang='lat' dir='ltr'>utile</span> <span class='ocrx_word' id='word_1_862' title='bbox 1193 1844 1241 1869; x_wconf 85' lang='lat' dir='ltr'>est,</span> <span class='ocrx_word' id='word_1_863' title='bbox 1256 1838 1305 1864; x_wconf 89' lang='lat' dir='ltr'>tibi</span> <span class='ocrx_word' id='word_1_864' title='bbox 1317 1846 1426 1864; x_wconf 86' lang='lat' dir='ltr'>necesse</span> <span class='ocrx_word' id='word_1_865' title='bbox 1437 1843 1487 1864; x_wconf 87' lang='lat' dir='ltr'>est.</span> <span class='ocrx_word' id='word_1_866' title='bbox 1509 1840 1534 1864; x_wconf 87' lang='lat'>3.</span> <span class='ocrx_word' id='word_1_867' title='bbox 1547 1838 1696 1864; x_wconf 86' lang='lat' dir='ltr'>Scriberem</span> <span class='ocrx_word' id='word_1_868' title='bbox 1708 1837 1795 1872; x_wconf 85' lang='lat' dir='ltr'>plura,</span> <span class='ocrx_word' id='word_1_869' title='bbox 1808 1837 1862 1864; x_wconf 88' lang='lat' dir='ltr'>nisi</span> 
     </span>
     <span class='ocr_line' id='line_1_121' title="bbox 1066 1874 1861 1910; baseline -0.001 -8"><span class='ocrx_word' id='word_1_870' title='bbox 1066 1876 1100 1902; x_wconf 91' lang='lat' dir='ltr'>ad</span> <span class='ocrx_word' id='word_1_871' title='bbox 1115 1881 1139 1902; x_wconf 89' lang='lat' dir='ltr'>te</span> <span class='ocrx_word' id='word_1_872' title='bbox 1152 1876 1216 1902; x_wconf 88' lang='lat' dir='ltr'>haec</span> <span class='ocrx_word' id='word_1_873' title='bbox 1228 1877 1286 1910; x_wconf 87' lang='lat' dir='ltr'>ipsa</span> <span class='ocrx_word' id='word_1_874' title='bbox 1300 1876 1382 1902; x_wconf 89' lang='lat' dir='ltr'>nimis</span> <span class='ocrx_word' id='word_1_875' title='bbox 1394 1874 1476 1901; x_wconf 83' lang='lat' dir='ltr'>multa</span> <span class='ocrx_word' id='word_1_876' title='bbox 1489 1880 1588 1901; x_wconf 87' lang='lat' dir='ltr'>essent.</span> <span class='ocrx_word' id='word_1_877' title='bbox 1629 1876 1682 1902; x_wconf 80' lang='lat' dir='ltr'>Nos</span> <span class='ocrx_word' id='word_1_878' title='bbox 1694 1880 1719 1901; x_wconf 86' lang='lat' dir='ltr'>te</span> <span class='ocrx_word' id='word_1_879' title='bbox 1729 1880 1861 1910; x_wconf 85' lang='lat' dir='ltr'>tuumque</span> 
     </span>
     <span class='ocr_line' id='line_1_122' title="bbox 1066 1912 1862 1948; baseline -0.003 -8"><span class='ocrx_word' id='word_1_880' title='bbox 1066 1914 1214 1940; x_wconf 82' lang='lat' dir='ltr'>exercitum</span> <span class='ocrx_word' id='word_1_881' title='bbox 1225 1918 1428 1948; x_wconf 83' lang='lat' dir='ltr'>exspectamus:</span> <span class='ocrx_word' id='word_1_882' title='bbox 1451 1913 1510 1938; x_wconf 86' lang='lat' dir='ltr'>sine</span> <span class='ocrx_word' id='word_1_883' title='bbox 1521 1921 1583 1947; x_wconf 86' lang='lat' dir='ltr'>quo,</span> <span class='ocrx_word' id='word_1_884' title='bbox 1597 1917 1626 1939; x_wconf 84' lang='lat' dir='ltr'>ut</span> <span class='ocrx_word' id='word_1_885' title='bbox 1637 1912 1741 1947; x_wconf 89' lang='lat' dir='ltr'>reliqua</span> <span class='ocrx_word' id='word_1_886' title='bbox 1752 1920 1785 1938; x_wconf 80' lang='lat' dir='ltr'>ex</span> <span class='ocrx_word' id='word_1_887' title='bbox 1798 1920 1862 1939; x_wconf 86' lang='lat' dir='ltr'>sen-</span> 
     </span>
     <span class='ocr_line' id='line_1_123' title="bbox 1067 1949 1862 1981; baseline -0.001 -4"><span class='ocrx_word' id='word_1_888' title='bbox 1067 1951 1147 1977; x_wconf 88' lang='lat' dir='ltr'>tentia</span> <span class='ocrx_word' id='word_1_889' title='bbox 1163 1950 1323 1981; x_wconf 84' lang='lat' dir='ltr'>succedant,</span> <span class='ocrx_word' id='word_1_890' title='bbox 1345 1951 1394 1976; x_wconf 77' lang='lat' dir='ltr'>vix</span> <span class='ocrx_word' id='word_1_891' title='bbox 1403 1951 1469 1976; x_wconf 81' lang='lat' dir='ltr'>satis</span> <span class='ocrx_word' id='word_1_892' title='bbox 1485 1949 1563 1976; x_wconf 87' lang='lat' dir='ltr'>liberi</span> <span class='ocrx_word' id='word_1_893' title='bbox 1579 1949 1705 1976; x_wconf 81' lang='lat' dir='ltr'>videmur</span> <span class='ocrx_word' id='word_1_894' title='bbox 1720 1949 1785 1976; x_wconf 80' lang='lat' dir='ltr'>fore.</span> <span class='ocrx_word' id='word_1_895' title='bbox 1825 1950 1862 1976; x_wconf 90' lang='lat' dir='ltr'>De</span> 
     </span>
    </p>
   </div>
   <div class='ocr_carea' id='block_1_28' title="bbox 1042 1986 1861 2060">
    <p class='ocr_par' dir='ltr' id='par_1_28' title="bbox 1042 1986 1861 2060">
     <span class='ocr_line' id='line_1_124' title="bbox 1042 1986 1861 2022; baseline -0.001 -8"><span class='ocrx_word' id='word_1_896' title='bbox 1042 1990 1044 1998; x_wconf 73' lang='lat'><strong><em>¹</em></strong></span> <span class='ocrx_word' id='word_1_897' title='bbox 1066 1993 1118 2015; x_wconf 86' lang='lat' dir='ltr'>tota</span> <span class='ocrx_word' id='word_1_898' title='bbox 1139 1987 1278 2022; x_wconf 87' lang='lat' dir='ltr'>republica</span> <span class='ocrx_word' id='word_1_899' title='bbox 1298 1987 1375 2022; x_wconf 88' lang='lat' dir='ltr'>plura</span> <span class='ocrx_word' id='word_1_900' title='bbox 1396 1987 1513 2013; x_wconf 89' lang='lat' dir='ltr'>scribam</span> <span class='ocrx_word' id='word_1_901' title='bbox 1529 1992 1555 2013; x_wconf 88' lang='lat' dir='ltr'>et</span> <span class='ocrx_word' id='word_1_902' title='bbox 1571 1986 1681 2013; x_wconf 78' lang='lat' dir='ltr'>fortasse</span> <span class='ocrx_word' id='word_1_903' title='bbox 1697 1987 1750 2013; x_wconf 85' lang='lat' dir='ltr'>iam</span> <span class='ocrx_word' id='word_1_904' title='bbox 1765 1987 1861 2013; x_wconf 86' lang='lat' dir='ltr'>certio-</span> 
     </span>
     <span class='ocr_line' id='line_1_125' title="bbox 1042 2024 1795 2060; baseline 0 -10"><span class='ocrx_word' id='word_1_905' title='bbox 1042 2046 1044 2050; x_wconf 79' lang='grc'>,</span> <span class='ocrx_word' id='word_1_906' title='bbox 1066 2035 1094 2052; x_wconf 90' lang='lat' dir='ltr'>ra</span> <span class='ocrx_word' id='word_1_907' title='bbox 1106 2025 1149 2052; x_wconf 89' lang='lat' dir='ltr'>his</span> <span class='ocrx_word' id='word_1_908' title='bbox 1161 2025 1267 2056; x_wconf 87' lang='lat' dir='ltr'>litteris,</span> <span class='ocrx_word' id='word_1_909' title='bbox 1280 2033 1349 2060; x_wconf 88' lang='lat' dir='ltr'>quas</span> <span class='ocrx_word' id='word_1_910' title='bbox 1359 2025 1449 2051; x_wconf 76' lang='lat' dir='ltr'>Veteri</span> <span class='ocrx_word' id='word_1_911' title='bbox 1460 2029 1550 2051; x_wconf 85' lang='lat' dir='ltr'>nostro</span> <span class='ocrx_word' id='word_1_912' title='bbox 1561 2024 1711 2060; x_wconf 80' lang='lat' dir='ltr'>cogitabam</span> <span class='ocrx_word' id='word_1_913' title='bbox 1722 2024 1795 2050; x_wconf 89' lang='lat' dir='ltr'>dare.</span> 
     </span>
    </p>
   </div>
   <div class='ocr_carea' id='block_1_29' title="bbox 1065 2117 1860 2358">
    <p class='ocr_par' dir='ltr' id='par_1_29' title="bbox 1065 2117 1860 2358">
     <span class='ocr_line' id='line_1_126' title="bbox 1118 2117 1860 2145; baseline -0.003 -4"><span class='ocrx_word' id='word_1_914' title='bbox 1118 2121 1148 2141; x_wconf 81' lang='lat' dir='ltr'>X.</span> <span class='ocrx_word' id='word_1_915' title='bbox 1165 2121 1243 2141; x_wconf 73' lang='lat' dir='ltr'>ARG.</span> <span class='ocrx_word' id='word_1_916' title='bbox 1263 2120 1348 2141; x_wconf 77' lang='lat' dir='ltr'>Auctor</span> <span class='ocrx_word' id='word_1_917' title='bbox 1361 2120 1388 2140; x_wconf 83' lang='lat' dir='ltr'>de</span> <span class='ocrx_word' id='word_1_918' title='bbox 1402 2120 1462 2141; x_wconf 79' lang='lat' dir='ltr'>bello</span> <span class='ocrx_word' id='word_1_919' title='bbox 1472 2119 1608 2145; x_wconf 67' lang='lat' dir='ltr'>Mutinensi,</span> <span class='ocrx_word' id='word_1_920' title='bbox 1623 2120 1650 2140; x_wconf 76' lang='lat' dir='ltr'>de</span> <span class='ocrx_word' id='word_1_921' title='bbox 1660 2119 1780 2140; x_wconf 71' lang='lat' dir='ltr'>Octaviano</span> <span class='ocrx_word' id='word_1_922' title='bbox 1789 2117 1860 2139; x_wconf 77' lang='lat' dir='ltr'>omni-</span> 
     </span>
     <span class='ocr_line' id='line_1_127' title="bbox 1066 2153 1860 2183; baseline -0.003 -7"><span class='ocrx_word' id='word_1_923' title='bbox 1066 2163 1107 2183; x_wconf 84' lang='lat' dir='ltr'>que</span> <span class='ocrx_word' id='word_1_924' title='bbox 1116 2157 1142 2176; x_wconf 80' lang='lat' dir='ltr'>de</span> <span class='ocrx_word' id='word_1_925' title='bbox 1153 2163 1198 2183; x_wconf 81' lang='lat' dir='ltr'>rep.</span> <span class='ocrx_word' id='word_1_926' title='bbox 1210 2155 1310 2183; x_wconf 77' lang='lat' dir='ltr'>exponit.</span> <span class='ocrx_word' id='word_1_927' title='bbox 1322 2155 1472 2182; x_wconf 67' lang='lat' dir='ltr'>hortaturque,</span> <span class='ocrx_word' id='word_1_928' title='bbox 1488 2159 1513 2176; x_wconf 81' lang='lat' dir='ltr'>ut</span> <span class='ocrx_word' id='word_1_929' title='bbox 1522 2162 1551 2175; x_wconf 79' lang='lat' dir='ltr'>ex</span> <span class='ocrx_word' id='word_1_930' title='bbox 1561 2159 1651 2175; x_wconf 70' lang='lat' dir='ltr'>senatus</span> <span class='ocrx_word' id='word_1_931' title='bbox 1662 2154 1794 2175; x_wconf 71' lang='lat' dir='ltr'>auctorit-te</span> <span class='ocrx_word' id='word_1_932' title='bbox 1802 2153 1860 2174; x_wconf 78' lang='lat' dir='ltr'>cele-</span> 
     </span>
     <span class='ocr_line' id='line_1_128' title="bbox 1065 2188 1859 2216; baseline -0.004 -5"><span class='ocrx_word' id='word_1_933' title='bbox 1065 2191 1121 2212; x_wconf 81' lang='lat' dir='ltr'>riter</span> <span class='ocrx_word' id='word_1_934' title='bbox 1130 2198 1176 2211; x_wconf 81' lang='lat' dir='ltr'>curn</span> <span class='ocrx_word' id='word_1_935' title='bbox 1188 2190 1288 2211; x_wconf 78' lang='lat' dir='ltr'>exercitu</span> <span class='ocrx_word' id='word_1_936' title='bbox 1297 2191 1321 2211; x_wconf 88' lang='lat' dir='ltr'>in</span> <span class='ocrx_word' id='word_1_937' title='bbox 1332 2191 1418 2212; x_wconf 74' lang='lat' dir='ltr'>Italiam</span> <span class='ocrx_word' id='word_1_938' title='bbox 1429 2191 1512 2215; x_wconf 40' lang='lat' dir='ltr'>venia&amp;</span> <span class='ocrx_word' id='word_1_939' title='bbox 1519 2190 1672 2216; x_wconf 67' lang='lat' dir='ltr'>Cassiumque.</span> <span class='ocrx_word' id='word_1_940' title='bbox 1681 2192 1706 2210; x_wconf 79' lang='lat' dir='ltr'>ut</span> <span class='ocrx_word' id='word_1_941' title='bbox 1715 2189 1772 2210; x_wconf 75' lang='lat' dir='ltr'>idem</span> <span class='ocrx_word' id='word_1_942' title='bbox 1783 2188 1859 2213; x_wconf 69' lang='lat' dir='ltr'>fuci-t,</span> 
     </span>
     <span class='ocr_line' id='line_1_129' title="bbox 1065 2224 1860 2253; baseline -0.003 -7"><span class='ocrx_word' id='word_1_943' title='bbox 1065 2226 1173 2246; x_wconf 71' lang='lat' dir='ltr'>hortetur.</span> <span class='ocrx_word' id='word_1_944' title='bbox 1194 2227 1256 2246; x_wconf 74' lang='lat' dir='ltr'>Hanc</span> <span class='ocrx_word' id='word_1_945' title='bbox 1267 2226 1383 2253; x_wconf 74' lang='lat' dir='ltr'>epistolam</span> <span class='ocrx_word' id='word_1_946' title='bbox 1395 2233 1407 2246; x_wconf 77' lang='lat' dir='ltr'>a</span> <span class='ocrx_word' id='word_1_947' title='bbox 1417 2226 1524 2247; x_wconf 78' lang='lat' dir='ltr'>Cicerone</span> <span class='ocrx_word' id='word_1_948' title='bbox 1534 2229 1623 2246; x_wconf 80' lang='lat' dir='ltr'>auctore</span> <span class='ocrx_word' id='word_1_949' title='bbox 1632 2224 1752 2252; x_wconf 62' lang='lat' dir='ltr'>profectam</span> <span class='ocrx_word' id='word_1_950' title='bbox 1763 2230 1812 2244; x_wconf 69' lang='lat' dir='ltr'>este</span> <span class='ocrx_word' id='word_1_951' title='bbox 1821 2230 1860 2244; x_wconf 82' lang='lat' dir='ltr'>ne-</span> 
     </span>
     <span class='ocr_line' id='line_1_130' title="bbox 1065 2258 1860 2287; baseline -0.004 -6"><span class='ocrx_word' id='word_1_952' title='bbox 1065 2265 1101 2286; x_wconf 73' lang='lat' dir='ltr'>gat</span> <span class='ocrx_word' id='word_1_953' title='bbox 1115 2260 1272 2285; x_wconf 72' lang='lat' dir='ltr'>Mnrklandus,</span> <span class='ocrx_word' id='word_1_954' title='bbox 1287 2261 1344 2287; x_wconf 83' lang='lat' dir='ltr'>quod</span> <span class='ocrx_word' id='word_1_955' title='bbox 1360 2261 1479 2281; x_wconf 69' lang='lat' dir='ltr'>Octaviano</span> <span class='ocrx_word' id='word_1_956' title='bbox 1495 2259 1631 2281; x_wconf 69' lang='lat' dir='ltr'>consulatum</span> <span class='ocrx_word' id='word_1_957' title='bbox 1645 2258 1742 2286; x_wconf 76' lang='lat' dir='ltr'>petenti.</span> <span class='ocrx_word' id='word_1_958' title='bbox 1755 2258 1792 2279; x_wconf 77' lang='lat' dir='ltr'>eui</span> <span class='ocrx_word' id='word_1_959' title='bbox 1802 2258 1860 2286; x_wconf 74' lang='lat' dir='ltr'>apud</span> 
     </span>
     <span class='ocr_line' id='line_1_131' title="bbox 1065 2293 1859 2323; baseline -0.004 -7"><span class='ocrx_word' id='word_1_960' title='bbox 1065 2296 1189 2323; x_wconf 74' lang='lat' dir='ltr'>Appianum</span> <span class='ocrx_word' id='word_1_961' title='bbox 1201 2299 1238 2320; x_wconf 82' lang='grc' dir='ltr'>ΠΙ,</span> <span class='ocrx_word' id='word_1_962' title='bbox 1249 2298 1282 2317; x_wconf 80' lang='lat'>82.</span> <span class='ocrx_word' id='word_1_963' title='bbox 1293 2296 1377 2317; x_wconf 74' lang='lat' dir='ltr'>favisse</span> <span class='ocrx_word' id='word_1_964' title='bbox 1387 2296 1473 2317; x_wconf 72' lang='lat' dir='ltr'>dicatur</span> <span class='ocrx_word' id='word_1_965' title='bbox 1480 2295 1566 2319; x_wconf 82' lang='lat' dir='ltr'>Cicero,</span> <span class='ocrx_word' id='word_1_966' title='bbox 1577 2302 1600 2315; x_wconf 74' lang='lat' dir='ltr'>ue</span> <span class='ocrx_word' id='word_1_967' title='bbox 1611 2293 1735 2317; x_wconf 73' lang='lat' dir='ltr'>obstitisse,</span> <span class='ocrx_word' id='word_1_968' title='bbox 1747 2300 1789 2313; x_wconf 84' lang='lat' dir='ltr'>non</span> <span class='ocrx_word' id='word_1_969' title='bbox 1801 2300 1859 2314; x_wconf 82' lang='lat' dir='ltr'>tom-</span> 
     </span>
     <span class='ocr_line' id='line_1_132' title="bbox 1065 2327 1859 2358; baseline -0.005 -6"><span class='ocrx_word' id='word_1_970' title='bbox 1065 2331 1128 2352; x_wconf 84' lang='lat' dir='ltr'>mode</span> <span class='ocrx_word' id='word_1_971' title='bbox 1142 2331 1239 2358; x_wconf 83' lang='lat' dir='ltr'>potuerit</span> <span class='ocrx_word' id='word_1_972' title='bbox 1257 2331 1362 2352; x_wconf 79' lang='lat' dir='ltr'>seribere.</span> <span class='ocrx_word' id='word_1_973' title='bbox 1392 2332 1492 2352; x_wconf 80' lang='lat' dir='ltr'>Ceterum</span> <span class='ocrx_word' id='word_1_974' title='bbox 1510 2330 1575 2350; x_wconf 81' lang='lat' dir='ltr'>illum</span> <span class='ocrx_word' id='word_1_975' title='bbox 1589 2330 1615 2350; x_wconf 77' lang='lat' dir='ltr'>rie</span> <span class='ocrx_word' id='word_1_976' title='bbox 1634 2329 1723 2349; x_wconf 73' lang='lat' dir='ltr'>fortun·</span> <span class='ocrx_word' id='word_1_977' title='bbox 1741 2327 1812 2349; x_wconf 79' lang='lat' dir='ltr'>locum</span> <span class='ocrx_word' id='word_1_978' title='bbox 1831 2335 1859 2349; x_wconf 82' lang='lat' dir='ltr'>ex</span> 
     </span>
    </p>
   </div>
   <div class='ocr_carea' id='block_1_30' title="bbox 1034 2363 1858 2393">
    <p class='ocr_par' dir='ltr' id='par_1_30' title="bbox 1034 2363 1858 2393">
     <span class='ocr_line' id='line_1_133' title="bbox 1034 2363 1858 2393; baseline -0.002 -7"><span class='ocrx_word' id='word_1_979' title='bbox 1034 2367 1036 2375; x_wconf 73' lang='lat'><strong><em>¹</em></strong></span> <span class='ocrx_word' id='word_1_980' title='bbox 1065 2373 1098 2393; x_wconf 83' lang='lat' dir='ltr'>ep.</span> <span class='ocrx_word' id='word_1_981' title='bbox 1110 2366 1135 2386; x_wconf 77' lang='lat' dir='ltr'>ml</span> <span class='ocrx_word' id='word_1_982' title='bbox 1144 2366 1189 2386; x_wconf 73' lang='lat' dir='ltr'>Att.</span> <span class='ocrx_word' id='word_1_983' title='bbox 1202 2370 1236 2389; x_wconf 77' lang='lat' dir='ltr'>lv,</span> <span class='ocrx_word' id='word_1_984' title='bbox 1248 2369 1266 2387; x_wconf 81' lang='lat'>¹.</span> <span class='ocrx_word' id='word_1_985' title='bbox 1277 2366 1404 2393; x_wconf 80' lang='lat' dir='ltr'>repetitum,</span> <span class='ocrx_word' id='word_1_986' title='bbox 1415 2364 1578 2393; x_wconf 71' lang='lat' dir='ltr'>quutehciendi</span> <span class='ocrx_word' id='word_1_987' title='bbox 1589 2369 1659 2384; x_wconf 71' lang='lat' dir='ltr'>nutem</span> <span class='ocrx_word' id='word_1_988' title='bbox 1667 2364 1756 2384; x_wconf 71' lang='lat' dir='ltr'>verbum</span> <span class='ocrx_word' id='word_1_989' title='bbox 1766 2370 1809 2384; x_wconf 82' lang='lat' dir='ltr'>non</span> <span class='ocrx_word' id='word_1_990' title='bbox 1820 2363 1858 2385; x_wconf 83' lang='lat' dir='ltr'>Ci-</span> 
     </span>
    </p>
   </div>
   <div class='ocr_carea' id='block_1_31' title="bbox 1064 2401 1368 2422">
    <p class='ocr_par' dir='ltr' id='par_1_31' title="bbox 1064 2401 1368 2422">
     <span class='ocr_line' id='line_1_134' title="bbox 1064 2401 1368 2422; baseline -0.003 0"><span class='ocrx_word' id='word_1_991' title='bbox 1064 2401 1205 2422; x_wconf 74' lang='lat' dir='ltr'>ceroninnurn</span> <span class='ocrx_word' id='word_1_992' title='bbox 1217 2408 1266 2422; x_wconf 72' lang='lat' dir='ltr'>esse</span> <span class='ocrx_word' id='word_1_993' title='bbox 1275 2401 1368 2422; x_wconf 78' lang='lat' dir='ltr'>iudicat.</span> 
     </span>
    </p>
   </div>
   <div class='ocr_carea' id='block_1_32' title="bbox 1228 2443 1687 2474">
    <p class='ocr_par' dir='ltr' id='par_1_32' title="bbox 1228 2443 1687 2474">
     <span class='ocr_line' id='line_1_135' title="bbox 1228 2443 1687 2474; baseline -0.007 -1"><span class='ocrx_word' id='word_1_994' title='bbox 1228 2447 1264 2473; x_wconf 90' lang='lat' dir='ltr'>M.</span> <span class='ocrx_word' id='word_1_995' title='bbox 1286 2445 1431 2474; x_wconf 82' lang='lat' dir='ltr'>CICERO</span> <span class='ocrx_word' id='word_1_996' title='bbox 1450 2445 1478 2472; x_wconf 92' lang='lat' dir='ltr'>S.</span> <span class='ocrx_word' id='word_1_997' title='bbox 1498 2446 1529 2472; x_wconf 91' lang='lat' dir='ltr'>D.</span> <span class='ocrx_word' id='word_1_998' title='bbox 1550 2443 1687 2471; x_wconf 84' lang='lat' dir='ltr'>BRUTO.</span> 
     </span>
    </p>
   </div>
   <div class='ocr_carea' id='block_1_33' title="bbox 1061 2487 1858 2677">
    <p class='ocr_par' dir='ltr' id='par_1_33' title="bbox 1061 2487 1858 2677">
     <span class='ocr_line' id='line_1_136' title="bbox 1122 2487 1858 2520; baseline -0.005 -1"><span class='ocrx_word' id='word_1_999' title='bbox 1122 2495 1144 2520; x_wconf 91' lang='lat' dir='ltr'>I.</span> <span class='ocrx_word' id='word_1_1000' title='bbox 1165 2487 1267 2519; x_wconf 78' lang='lat' dir='ltr'>Nullas</span> <span class='ocrx_word' id='word_1_1001' title='bbox 1281 2492 1370 2519; x_wconf 87' lang='lat' dir='ltr'>adbuc</span> <span class='ocrx_word' id='word_1_1002' title='bbox 1385 2501 1399 2518; x_wconf 88' lang='lat' dir='ltr'>a</span> <span class='ocrx_word' id='word_1_1003' title='bbox 1415 2496 1439 2518; x_wconf 90' lang='lat' dir='ltr'>te</span> <span class='ocrx_word' id='word_1_1004' title='bbox 1454 2491 1554 2518; x_wconf 87' lang='lat' dir='ltr'>litteras</span> <span class='ocrx_word' id='word_1_1005' title='bbox 1567 2489 1748 2516; x_wconf 86' lang='lat' dir='ltr'>habebamus:</span> <span class='ocrx_word' id='word_1_1006' title='bbox 1766 2497 1799 2516; x_wconf 91' lang='lat' dir='ltr'>ne</span> <span class='ocrx_word' id='word_1_1007' title='bbox 1818 2488 1858 2516; x_wconf 86' lang='lat' dir='ltr'>sa·-</span> 
     </span>
     <span class='ocr_line' id='line_1_137' title="bbox 1064 2527 1858 2565; baseline -0.006 -8"><span class='ocrx_word' id='word_1_1008' title='bbox 1064 2539 1135 2556; x_wconf 90' lang='lat' dir='ltr'>mam</span> <span class='ocrx_word' id='word_1_1009' title='bbox 1145 2530 1267 2565; x_wconf 78' lang='lat' dir='ltr'>quidem,</span> <span class='ocrx_word' id='word_1_1010' title='bbox 1280 2538 1349 2564; x_wconf 85' lang='lat' dir='ltr'>quae</span> <span class='ocrx_word' id='word_1_1011' title='bbox 1360 2529 1513 2558; x_wconf 87' lang='lat' dir='ltr'>declararet,</span> <span class='ocrx_word' id='word_1_1012' title='bbox 1526 2532 1559 2557; x_wconf 91' lang='lat' dir='ltr'>te,</span> <span class='ocrx_word' id='word_1_1013' title='bbox 1572 2527 1678 2562; x_wconf 82' lang='lat' dir='ltr'>cognita</span> <span class='ocrx_word' id='word_1_1014' title='bbox 1689 2531 1798 2553; x_wconf 79' lang='lat' dir='ltr'>senatus</span> <span class='ocrx_word' id='word_1_1015' title='bbox 1809 2535 1858 2553; x_wconf 89' lang='lat' dir='ltr'>au-</span> 
     </span>
     <span class='ocr_line' id='line_1_138' title="bbox 1063 2563 1858 2598; baseline -0.006 -4"><span class='ocrx_word' id='word_1_1016' title='bbox 1063 2569 1195 2598; x_wconf 83' lang='lat' dir='ltr'>ctoritate,</span> <span class='ocrx_word' id='word_1_1017' title='bbox 1213 2568 1241 2594; x_wconf 92' lang='lat' dir='ltr'>in</span> <span class='ocrx_word' id='word_1_1018' title='bbox 1252 2567 1356 2593; x_wconf 88' lang='lat' dir='ltr'>Italiam</span> <span class='ocrx_word' id='word_1_1019' title='bbox 1367 2566 1499 2592; x_wconf 89' lang='lat' dir='ltr'>adducere</span> <span class='ocrx_word' id='word_1_1020' title='bbox 1509 2565 1670 2590; x_wconf 86' lang='lat' dir='ltr'>exercitum:</span> <span class='ocrx_word' id='word_1_1021' title='bbox 1689 2563 1762 2598; x_wconf 88' lang='lat' dir='ltr'>quod</span> <span class='ocrx_word' id='word_1_1022' title='bbox 1777 2569 1807 2590; x_wconf 87' lang='lat' dir='ltr'>ut</span> <span class='ocrx_word' id='word_1_1023' title='bbox 1817 2563 1858 2590; x_wconf 82' lang='lat' dir='ltr'>fa-</span> 
     </span>
     <span class='ocr_line' id='line_1_139' title="bbox 1062 2600 1858 2639; baseline -0.006 -8"><span class='ocrx_word' id='word_1_1024' title='bbox 1062 2613 1137 2630; x_wconf 89' lang='lat' dir='ltr'>ceres</span> <span class='ocrx_word' id='word_1_1025' title='bbox 1148 2604 1231 2639; x_wconf 88' lang='lat' dir='ltr'>idque</span> <span class='ocrx_word' id='word_1_1026' title='bbox 1242 2609 1402 2634; x_wconf 85' lang='lat' dir='ltr'>maturares,</span> <span class='ocrx_word' id='word_1_1027' title='bbox 1420 2610 1517 2638; x_wconf 82' lang='lat' dir='ltr'>magno</span> <span class='ocrx_word' id='word_1_1028' title='bbox 1527 2610 1607 2635; x_wconf 82' lang='lat' dir='ltr'>opere</span> <span class='ocrx_word' id='word_1_1029' title='bbox 1620 2600 1791 2627; x_wconf 88' lang='lat' dir='ltr'>desiderabat</span> <span class='ocrx_word' id='word_1_1030' title='bbox 1800 2609 1858 2626; x_wconf 85' lang='lat' dir='ltr'>res-</span> 
     </span>
     <span class='ocr_line' id='line_1_140' title="bbox 1061 2638 1858 2677; baseline -0.006 -9"><span class='ocrx_word' id='word_1_1031' title='bbox 1061 2641 1182 2676; x_wconf 89' lang='lat' dir='ltr'>publica.</span> <span class='ocrx_word' id='word_1_1032' title='bbox 1222 2641 1387 2677; x_wconf 86' lang='lat' dir='ltr'>Ingravescit</span> <span class='ocrx_word' id='word_1_1033' title='bbox 1404 2640 1477 2666; x_wconf 90' lang='lat' dir='ltr'>enim</span> <span class='ocrx_word' id='word_1_1034' title='bbox 1496 2639 1525 2665; x_wconf 91' lang='lat' dir='ltr'>in</span> <span class='ocrx_word' id='word_1_1035' title='bbox 1543 2638 1602 2665; x_wconf 88' lang='lat' dir='ltr'>dies</span> <span class='ocrx_word' id='word_1_1036' title='bbox 1622 2638 1780 2664; x_wconf 88' lang='lat' dir='ltr'>intestinum</span> <span class='ocrx_word' id='word_1_1037' title='bbox 1799 2645 1858 2664; x_wconf 89' lang='lat' dir='ltr'>ma-</span> 
     </span>
    </p>
   </div>
  </div>
 </body>
</html>
