1941 3052
232 127 293 150 ttnx
799 122 853 145 12⁸.
886 119 919 144 Μ.
951 118 981 144 Τ,

229 196 395 223 l’urriurum,
419 198 446 218 ut
462 192 549 220 scitis,
572 190 720 224 quidquam
738 194 841 223 prat-ter
856 189 1019 214 sanctionem
1042 193 1051 224 ζ’

229 232 372 258 attulerunt
394 231 465 256 novi.
506 230 546 253 5355.
575 229 663 261 tanqu·-
687 226 821 252 Public-ota
845 225 900 258 lege
923 225 966 250 illa
988 226 1020 250 dt:

229 274 413 304 pi·ox1n·.-=tnom·
425 265 536 300 perlata,
555 266 642 290 statim
655 273 762 289 arctim-s
773 263 805 288 ‹le
819 263 936 288 sust-ibus·
948 263 1020 288 ‹lt-ini
1042 271 1043 274 ¹

230 308 316 335 iussit,
334 304 513 339 postridieque
526 302 578 327 sibi
590 301 718 334 collegam
730 301 775 334 sp.
791 301 942 326 Lucretium
956 300 1021 325 sub-
1042 311 1051 329 1⁴

229 344 339 376 rogavit,
357 349 472 374 >trosque
485 339 516 364 nd
529 348 600 367 vum,
614 338 684 372 quud
697 343 751 363 crat
764 338 847 363 maior
860 343 930 366 imm,
947 337 1021 363 tis-to-

228 391 269 406 res
286 380 395 406 mamre
413 377 502 402 iussit:
529 376 698 409 instituitque
714 376 832 409 primus.
856 380 883 400 ut
904 374 1020 409 singulis
1042 386 1043 391 =

227 416 383 443 consulibus
404 414 512 439 ntum-nis
534 413 673 438 niens-ibus
697 412 800 438 lit-tores
819 413 965 446 prat-irent,
989 420 1020 437 ne

227 455 301 489 plura
316 452 430 484 insignia
443 455 531 476 essent
545 451 649 484 imperii
665 451 690 475 in
710 449 792 475 libero
809 449 920 483 populo,
939 458 1019 483 quam
1042 447 1043 479 ζ

229 493 252 517 in
267 499 346 523 regno
359 489 482 514 fuissent.
524 487 598 513 llautl
612 487 754 512 mediocris
771 486 827 516 hic,
851 491 879 512 ut
894 495 944 519 ego
957 487 1021 520 qui-

225 566 297 592 data,
313 563 418 589 sat-ilius
431 562 514 588 tonuit
527 562 709 587 alletoritatem
722 561 886 595 principum.
928 561 1020 594 Neque

225 612 274 635 ego
287 602 349 627 haec
362 609 432 626 nunc
443 600 501 625 sine
512 608 605 624 canissa
619 604 671 625 tam
684 604 770 631 vetera
784 598 861 624 vobis
872 602 960 624 ettam
972 598 1021 623 ob—

224 640 304 665 soleta
317 638 440 667 decanto;
457 636 503 662 aed
519 635 1021 670 illustribusinpersonistcmporibus-

224 686 276 711 que
288 674 410 709 exempla
424 674 562 700 bominum
576 682 718 708 rerumque
729 673 838 704 delinio,
855 672 887 698 ad
899 681 967 707 quae
979 681 1020 698 re-

226 714 297 748 liqua
309 714 392 739 oratio
403 712 535 745 dirigatur
548 720 615 737 nica.

279 750 390 776 XXXII.
403 751 444 775 56.
457 749 553 775 'l'enuit
566 749 648 782 igitur
663 748 750 774 hocin
762 752 831 774 statu
843 752 951 774 senatus
964 756 1019 773 rem

224 788 361 823 publicam
375 786 542 821 temporibus
555 786 622 817 illis;
642 790 670 812 ut
687 786 713 811 in
729 784 827 820 populo
840 784 924 811 libero
935 793 1019 819 pauca

223 834 271 861 per
282 824 422 860 populum.
436 823 562 858 pleraque
574 828 682 849 senatus
694 823 848 849 auctoritate
862 827 887 848 et
899 823 1020 849 instituto

223 872 253 890 ac
265 872 337 889 more
348 866 517 897 gererentur:
531 866 610 895 atquc
622 861 660 886 uti
672 860 796 886 consules
808 864 964 894 potestatem
972 859 1020 885 ha-

223 900 317 927 berent
329 905 445 933 tempore
457 898 595 924 dumtaxat
607 906 838 933 annuam,genere
851 897 909 932 ipso
921 906 950 923 ac
963 897 1019 923 iure

224 939 335 970 regiam.
376 936 506 970 Quodque
521 940 575 962 crat
587 935 619 961 ad
630 935 802 962 obtinendam
816 935 960 969 potentiam
973 943 1020 961 no-

223 970 320 1001 bilium
334 973 374 1000 vel
388 974 546 1003 maximum.
563 973 736 999 vehementer
748 972 774 998 id
786 971 958 1002 retinebatur,
973 981 1020 1006 po-

223 1012 281 1047 puli
293 1012 400 1038 comitia
412 1020 444 1037 ne
459 1015 548 1037 essent
564 1015 631 1041 rata,
650 1011 702 1036 nisi
717 1019 747 1036 ea
764 1015 870 1044 patrum
887 1009 1020 1044 approba—

224 1050 308 1076 visset
322 1049 475 1075 auctoritas.
516 1048 602 1082 Atque
620 1047 662 1073 his
679 1048 746 1082 ipsis
757 1046 924 1081 temporibus
935 1046 1020 1073 dicta—

224 1092 263 1113 tor
278 1087 358 1113 etiam
374 1091 414 1112 est
430 1086 568 1112 institutus
584 1085 676 1111 decem
693 1084 746 1111 fere
759 1085 836 1110 annis
848 1089 907 1119 post
919 1084 1020 1118 primos

222 1124 348 1151 consules
360 1124 390 1150 T.
403 1124 526 1155 Larcius;
545 1131 699 1157 novumque
716 1122 743 1148 id
758 1130 845 1157 genus
859 1122 966 1156 imperii
978 1122 1021 1147 vi-

222 1171 284 1188 sum
296 1166 335 1187 est
346 1166 371 1187 et
382 1161 535 1195 proximum
547 1160 721 1186 similitudini
733 1160 831 1194 regiae.
867 1158 919 1185 Sed
931 1164 1018 1185 tamen

222 1200 311 1225 onmia
323 1206 429 1224 summa
440 1206 502 1223 cum
514 1198 668 1223 auctoritate
680 1206 693 1223 a
705 1197 891 1232 principibus,
909 1195 1018 1222 cedente

222 1236 331 1271 populo.
342 1235 514 1262 tenebantur:
528 1243 695 1270 magnaeque
707 1243 749 1261 res
760 1233 927 1269 temporibus
939 1233 993 1260 illis
1005 1243 1018 1260 a

223 1273 377 1300 fortissimis
399 1273 465 1299 viris
485 1281 591 1298 summo
607 1272 721 1306 imperio
738 1271 866 1306 praeditis
883 1271 1020 1298 dictatori-

221 1311 273 1338 bus
285 1315 364 1345 atque
376 1309 534 1336 consulibus
546 1309 611 1335 belli
624 1309 633 1322 *
648 1310 657 1322 *
669 1309 841 1345 gerebantur.

278 1348 401 1374 XXXIII.
422 1348 463 1373 57.
486 1347 538 1373 Sed
551 1347 587 1378 id,
601 1347 672 1381 quod
686 1347 742 1373 fieri
755 1351 848 1373 natura
859 1354 948 1372 rerum
961 1347 1019 1381 ipsa

221 1386 346 1421 cogebat,
364 1389 394 1411 ut
409 1384 564 1419 plusculum
581 1384 635 1410 sibi
651 1385 718 1410 iuris
735 1383 852 1419 populus
866 1384 1016 1414 ascisceret.

222 1423 351 1450 liberatus
362 1432 376 1449 a
388 1422 513 1457 regibus.
531 1430 582 1448 non
595 1421 673 1457 longo
684 1421 838 1452 intervallo,
856 1426 931 1448 sexto
946 1421 1020 1447 deci-

221 1469 264 1487 mo
277 1460 329 1486 fere
341 1468 418 1490 anno,
433 1460 558 1486 Postumo
570 1459 692 1486 Cominio
703 1459 849 1494 Sp.Cassio
860 1458 1019 1485 consulibus

221 1503 381 1524 consecutus
392 1502 445 1523 est:
460 1497 486 1523 in
498 1505 552 1531 quo
563 1496 650 1523 defuit
661 1496 772 1523 sortasse
783 1497 858 1527 ratio,
871 1496 919 1522 sed
931 1501 1019 1522 tamen

221 1536 306 1561 vincit
322 1536 380 1569 ipsa
397 1543 485 1560 rerum
499 1534 669 1568 publicarum
682 1539 775 1560 natura
787 1542 866 1568 saepe
878 1534 1017 1560 rationem.
1041 1545 1042 1548 ¹

220 1573 250 1599 Id
260 1573 332 1599 enim
345 1577 467 1602 tenetote,
476 1571 548 1606 quod
563 1572 640 1598 initio
651 1571 717 1602 dixi,
727 1572 779 1598 nisi
791 1570 942 1606 aequabilis
954 1571 1020 1597 haec

220 1611 248 1636 in
259 1610 367 1636 civitate
378 1610 560 1644 compensatio
571 1609 606 1635 sit
616 1614 642 1635 et
652 1609 719 1635 iuris
731 1613 756 1635 et
766 1608 1017 1639 officiietmuneris,
1041 1621 1042 1625 =

220 1652 251 1674 ut
261 1652 286 1674 et
297 1647 435 1682 potestatis
446 1647 511 1673 satis
521 1647 548 1672 in
561 1646 772 1682 magistratibus,
781 1651 807 1672 et
817 1646 981 1672 auctoritatis
992 1646 1019 1672 in

220 1685 375 1719 principum
386 1684 499 1710 consilio
510 1688 535 1710 et
547 1683 676 1710 libertatis
688 1685 714 1710 in
727 1683 826 1718 populo
837 1684 880 1713 sit,
890 1692 942 1710 non
957 1691 1020 1718 pos-

220 1730 250 1748 se
262 1722 334 1748 hunc
346 1720 594 1748 incommutabilem
607 1721 644 1747 rei
656 1720 782 1756 publicae
796 1721 949 1747 conservari
965 1725 1020 1747 sta-

220 1764 289 1786 tum.
329 1760 371 1785 58.
394 1759 460 1785 Nam
476 1767 561 1793 quum
577 1764 648 1785 esset
663 1767 697 1785 ex
711 1767 771 1784 aere
786 1758 874 1785 alieno
887 1762 1018 1784 commota

220 1796 331 1827 civitas,
352 1795 429 1831 plebs
440 1800 557 1822 montem
569 1804 674 1822 sacrum
686 1796 776 1830 prius,
798 1795 896 1821 deinde
908 1796 1019 1821 Aventi-

221 1843 286 1860 num
297 1834 450 1868 occupavit.
478 1833 516 1859 Ac
527 1841 560 1859 ne
572 1834 688 1868 Lycurgi
699 1832 811 1868 quidem
822 1832 967 1867 disciplina
980 1837 1019 1858 te-

221 1871 280 1897 nuit
300 1870 360 1897 illos
381 1872 407 1897 in
429 1870 587 1897 hominibus
603 1870 712 1896 Graecis
734 1869 836 1896 frenos:
860 1878 921 1896 nam
937 1870 1017 1896 etiam

221 1908 344 1943 Spartae.
368 1912 494 1943 regnante
510 1907 696 1942 Theopompo,
719 1911 782 1933 sunt
801 1907 866 1932 item
884 1907 1016 1941 quinque,

220 1954 289 1980 quos
301 1944 341 1971 illi
353 1945 466 1979 ephoros
479 1944 622 1979 appellant.
637 1944 663 1970 in
671 1944 746 1970 Creta
757 1948 847 1970 autem
859 1943 960 1974 decem,
970 1945 1018 1978 qui

220 1990 326 2009 cosmoe
338 1986 475 2012 vocantur,
484 1986 513 2007 ut
523 1985 612 2007 contra
623 1980 763 2007 consulare
775 1982 920 2016 imperium
932 1981 1019 2008 tribu—-

221 2021 249 2046 ni
259 2019 308 2055 pl..
322 2020 361 2045 sic
373 2018 412 2045 illi
424 2023 513 2045 contra
525 2019 581 2044 vim
593 2019 694 2054 regiam
706 2019 855 2044 constituti.

277 2056 400 2083 XXXIV.
422 2057 464 2082 59.
487 2056 583 2082 Fuerat
599 2055 708 2082 sortasse
724 2055 814 2090 aliqua
830 2056 896 2082 ratio
908 2057 1017 2082 maiori-

219 2094 272 2121 bus
287 2094 385 2120 nostris
402 2094 428 2119 in
445 2093 491 2119 illo
506 2101 564 2119 aere
580 2092 667 2119 alieno
683 2093 822 2123 medendi.
844 2101 913 2128 quae
928 2102 1017 2128 neque

219 2131 344 2158 Solonem
356 2130 547 2157 Atheniensem
562 2139 613 2156 non
626 2129 713 2165 longis
724 2130 892 2165 temporibus
903 2135 962 2157 ante
974 2130 1017 2157 t'u-

219 2174 306 2205 gerat3
325 2176 413 2203 neque
425 2172 485 2202 post
495 2167 632 2202 aliquanto
644 2173 764 2194 nostrum
776 2173 913 2200 senatum,
930 2177 1016 2203 quum

219 2211 283 2232 sunt
311 2210 444 2241 propter
467 2205 565 2231 unius
596 2204 774 2231 libidinem
802 2206 910 2231 omnia
935 2214 1039 2234 nexa:

219 2244 345 2270 civium
371 2242 525 2273 liberata,
560 2242 754 2277 nectierque
783 2247 895 2277 postea
925 2239 1039 2269 desi-i

220 2287 298 2307 tum:
321 2288 482 2315 semperque
498 2280 561 2306 huic
577 2280 682 2316 generi,
700 2288 786 2314 quum
802 2279 895 2314 plebes
906 2280 1016 2315 publica

218 2317 369 2353 calamitate
398 2317 545 2352 impendiis
575 2316 713 2343 debilitata
742 2317 879 2347 deficeret,
920 2317 1016 2344 salutis

218 2356 341 2382 omnium
356 2363 451 2381 caussa
467 2354 556 2389 aliqua
572 2353 724 2381 sublevatio
739 2359 764 2381 et
779 2354 913 2380 medicina
931 2363 1016 2390 quae-

219 2393 268 2418 sita
278 2397 327 2419 est.
366 2392 424 2424 Quo
438 2397 495 2418 tum
510 2391 623 2418 consilio
638 2392 839 2426 praetermisso,
857 2401 952 2419 caussa
967 2401 1017 2427 po-

219 2429 282 2463 pulo
293 2435 352 2456 nata
364 2434 417 2460 est,
435 2429 542 2456 duobus
558 2429 674 2455 tribunis
690 2429 778 2464 plebis
793 2437 841 2463 per
855 2429 1016 2456 seditionem

219 2467 327 2497 creatis,
349 2471 378 2493 ut
388 2468 504 2501 potentia
515 2471 624 2492 senatus
635 2471 714 2501 atque
725 2468 868 2492 auctoritas
878 2467 1016 2493 minuere-

220 2508 275 2529 tur:
298 2512 366 2538 quae
377 2508 464 2530 tamen
476 2504 567 2539 gravis
579 2508 604 2530 et
615 2512 711 2539 magna
723 2504 890 2535 remanebat,
906 2505 1015 2539 sapien-

219 2540 333 2566 tissimis
353 2545 378 2566 et
397 2541 551 2567 fortissimis
567 2545 593 2567 et
610 2541 692 2567 armis
707 2546 733 2567 et
747 2540 860 2567 consilio
875 2542 1014 2568 civitatem

220 2578 371 2609 tuentibus;
385 2586 499 2611 quorum
511 2578 654 2604 auctoritas
666 2578 784 2604 maxime
797 2577 915 2609 florebat,
928 2579 1011 2614 quod,

219 2622 304 2647 quum
316 2614 413 2640 honore
425 2614 501 2650 longe
513 2614 701 2642 antecellerent
711 2616 815 2646 ceteris,
827 2615 1011 2650 voluptatibus

219 2655 294 2678 erant
304 2650 451 2683 interiores,
460 2660 508 2678 nec
517 2653 641 2688 pecuniis
653 2652 736 2680 ferme
747 2653 912 2688 superiores,
927 2662 1013 2689 eoque

1049 601 1050 627 J
1073 603 1200 629 tulerunt.

1048 633 1050 672 J
1073 641 1100 666 l'.
1111 641 1362 666 l'inariuscensores
1369 640 1477 667 mulctis
1488 641 1610 668 dicendis
1622 643 1675 668 vim
1687 647 1868 668 armentorum

1048 1754 1049 1757 ,
1073 1728 1183 1754 verbera
1195 1728 1296 1754 relicta.

1016 118 1288 144 ‹:t‹:131t‹›NtS

1072 194 1127 215 erat
1138 190 1271 223 cuiusque
1283 189 1381 221 firmior
1394 191 1419 216 in
1432 198 1458 216 re
1470 190 1577 225 publica
1592 191 1685 221 virtus.
1702 191 1773 226 quod
1787 193 1812 218 in
1826 201 1866 218 rr·-

1074 227 1124 252 bus
1137 227 1248 260 privatis
1260 226 1468 259 diligentissime
1480 228 1602 263 singulos
1612 230 1686 255 cives
1697 238 1774 264 opt-ra
1784 250 1789 259 ,
1802 238 1866 255 con-

1072 264 1142 292 silio.
1156 263 1346 291 retinebantur.

1130 304 1239 330 XXXV.
1253 306 1294 330 60.
1310 305 1367 336 Quo
1381 306 1405 331 in
1418 310 1486 331 statu
1500 307 1536 332 rei
1550 306 1673 340 publicae
1685 307 1730 341 Sp.
1743 308 1867 334 (Iasi-ium

1073 341 1105 367 de
1120 341 1276 376 occupando
1292 350 1372 374 regno
1389 342 1556 371 molientem.
1574 353 1678 370 summa
1695 344 1765 379 apud
1782 354 1868 379 popu-

1074 379 1128 405 lum
1140 379 1223 413 gratia
1237 378 1371 405 florentem
1381 400 1386 409 ,
1400 385 1526 414 quaestor
1537 382 1681 408 accusarit.
1695 391 1825 415 eumque,
1841 387 1869 408 ut

1073 417 1200 446 audistis,
1223 425 1307 450 quum
1326 422 1399 451 pater
1416 417 1441 443 in
1458 426 1486 443 ea
1503 417 1580 452 culpa
1596 428 1654 443 esse
1665 420 1828 454 comperisse
1840 427 1869 445 se

1073 454 1202 483 dixisset.
1220 453 1330 479 cedente
1342 454 1454 488 populo,
1473 460 1555 480 morte
1570 456 1705 481 mactavit.
1745 457 1869 482 Gratam-

734 525 737 528 .
801 524 804 528 ⁵
1050 510 1051 515 ,
1073 500 1125 526 que
1141 492 1220 517 etiam
1234 490 1305 517 illam
1320 500 1374 517 rem
1387 497 1480 526 quarto
1491 493 1596 518 circiter
1607 498 1632 518 et
1642 494 1869 528 quinquagesimo

225 529 285 553 ‹lt-m
300 526 432 559 inu-lngo,
451 526 492 550 vir
508 524 570 554 suit.
589 525 650 559 qui.
668 524 770 549 modu-a
789 523 909 549 libertate
922 523 1020 558 pupulo
1050 524 1051 530 ¹

1073 538 1142 554 anno
1158 533 1217 563 post
1228 529 1328 563 primos
1340 529 1464 555 consules
1473 529 1506 555 de
1519 529 1633 555 mulctae
1645 536 1809 557 sacramento
1820 531 1867 565 Sp.

1073 567 1203 600 Tarpeius
1219 571 1243 592 et
1259 567 1289 592 Α.
1308 566 1433 592 Aternius
1449 566 1573 592 consules
1585 567 1701 593 comitiis
1712 569 1868 594 centuriatis

1242 603 1327 629 Annis
1341 608 1401 638 post
1411 612 1440 629 ea
1455 612 1491 629 xx
1502 612 1535 630 ex
1547 613 1590 633 eo,
1607 604 1679 639 quod
1691 605 1720 631 L.
1734 605 1867 639 Papirius.

1072 688 1084 704 a
1102 678 1214 713 privatis
1232 679 1257 704 in
1275 678 1416 712 publicum
1438 683 1600 709 averterant,
1629 679 1696 705 levis
1719 680 1869 706 aestimatio

1072 715 1206 750 pecudum
1221 716 1246 741 in
1260 715 1358 742 mulcta
1371 715 1428 751 lege
1439 716 1469 743 C.
1482 715 1557 747 Iulii,
1574 717 1602 743 Ρ.
1616 717 1715 751 Papirii
1726 716 1868 743 consutum

1071 753 1212 779 constituta
1227 758 1277 780 cst.

1128 792 1251 819 XXXVI.
1273 795 1315 819 et.
1337 793 1388 819 Sed
1405 793 1507 828 aliquot
1518 798 1578 821 ante
1589 795 1680 824 annis,
1696 804 1781 829 quum
1793 803 1869 821 sum-

1072 839 1113 856 ma
1129 835 1200 856 esset
1215 831 1358 857 auctoritas
1375 831 1400 857 in
1417 836 1524 862 senatu,
1543 832 1643 866 populo
1659 834 1774 867 patiente
1789 837 1869 867 atque

1072 872 1194 902 parente,
1218 868 1282 896 inita
1300 869 1365 894 ratio
1380 873 1432 898 est,
1451 873 1480 894 ut
1496 874 1521 895 et
1536 869 1660 895 consules
1674 875 1699 896 et
1715 870 1816 896 tribuni
1829 869 1867 904 pl.

1072 906 1228 940 magistratu
1241 914 1269 931 se
1281 905 1445 936 abdicarent,
1462 911 1540 940 atque
1553 907 1679 933 utx-viri
1693 907 1809 933 maxima
1821 915 1870 941 po-

1072 947 1163 968 testate
1179 943 1237 968 sine
1255 944 1441 977 provocatione
1452 949 1618 973 crearentur,
1635 945 1681 978 qui
1694 949 1719 970 et
1730 952 1869 970 summum

1073 980 1216 1014 imperium
1234 979 1398 1006 haberentet
1411 980 1482 1015 leges
1493 981 1650 1007 scriberent.
1691 981 1743 1013 Qui
1753 990 1839 1016 quum
1850 989 1869 1007 x

1072 1017 1176 1043 tabulas
1195 1025 1301 1043 summa
1324 1017 1412 1053 legum
1434 1019 1567 1053 aequitate
1587 1018 1784 1053 prudentiaque
1805 1027 1870 1045 con-

1071 1055 1256 1089 scripsissent=
1284 1055 1312 1081 in
1337 1063 1437 1081 annum
1458 1060 1593 1090 posterum
1615 1055 1782 1082 decemviros
1803 1055 1870 1082 atios

1071 1092 1300 1127 subrogaverunt,
1323 1100 1438 1126 quorum
1450 1102 1501 1119 non
1516 1093 1642 1119 similiter
1653 1093 1719 1119 tides
1732 1102 1779 1119 nec
1792 1094 1871 1119 iusti-

1072 1130 1106 1155 tia
1119 1129 1234 1156 laudata.
1275 1129 1333 1161 Quo
1345 1134 1430 1156 tamen
1443 1138 1457 1156 e
1467 1129 1581 1165 collegio
1593 1130 1650 1156 laus
1661 1135 1701 1156 est
1713 1130 1758 1156 illa
1769 1131 1868 1157 eximia

1071 1167 1101 1193 C.
1114 1166 1190 1197 Iulii,
1208 1167 1256 1201 qui
1273 1166 1409 1193 hominem
1426 1167 1544 1193 nobilem
1558 1167 1588 1194 L.
1601 1167 1733 1198 Sestium,
1751 1168 1830 1194 cuius
1843 1168 1869 1194 in

1071 1203 1197 1230 cubiculo
1211 1204 1338 1230 effossum
1350 1212 1408 1230 esse
1419 1213 1448 1231 se
1460 1209 1598 1239 praesente
1611 1210 1745 1231 mortuum
1758 1205 1866 1233 (liceret.

1071 1251 1156 1276 quum
1170 1242 1227 1276 ipse
1239 1246 1394 1276 potestatem
1405 1250 1540 1268 summam
1552 1241 1671 1272 haberet,
1680 1242 1751 1277 quod
1761 1242 1871 1268 decem-

1072 1280 1113 1305 vir
1132 1279 1191 1305 sine
1212 1279 1399 1313 provocatione
1420 1284 1503 1310 esset,
1527 1279 1609 1306 vades
1628 1284 1716 1306 tamen
1732 1281 1868 1315 poposcit:

1071 1316 1144 1351 quod
1155 1325 1183 1342 se
1197 1316 1283 1352 legem
1295 1315 1368 1343 illam
1381 1316 1544 1351 praeclaram
1557 1316 1742 1353 neglecturum
1751 1322 1868 1353 negaret.

1071 1363 1140 1389 quae
1152 1353 1184 1379 de
1196 1355 1282 1389 capite
1293 1355 1363 1380 civis
1374 1354 1502 1385 Romani,
1520 1355 1573 1381 nisi
1585 1355 1702 1381 comitiis
1712 1355 1870 1381 centuriatis

1071 1392 1151 1418 statui
1165 1396 1274 1418 vetaret.

1126 1429 1263 1455 XXXVII.
1285 1431 1327 1455 62.
1349 1429 1455 1455 Tertius
1469 1434 1509 1455 est
1524 1437 1611 1456 annus
1626 1428 1761 1456 x-viralis
1775 1437 1871 1455 conse-

1071 1471 1159 1496 cutus,
1169 1475 1254 1501 quum
1267 1466 1349 1493 iidem
1361 1471 1460 1497 essent,
1469 1475 1517 1493 nec
1529 1466 1595 1493 alios
1607 1466 1754 1502 subrogare
1767 1465 1871 1493 voluis-

1071 1509 1140 1530 sent.
1182 1505 1209 1530 ln
1223 1504 1271 1530 hoc
1283 1509 1352 1530 statu
1365 1504 1402 1530 rei
1414 1504 1550 1539 publicae.
1563 1512 1645 1539 quem
1655 1503 1713 1531 dixi
1726 1505 1778 1530 iam
1789 1511 1870 1539 saepe

1072 1550 1123 1567 non
1136 1550 1214 1576 posse
1226 1550 1284 1567 esse
1300 1541 1474 1572 diuturnum,
1491 1541 1564 1577 quod
1581 1550 1632 1568 non
1648 1546 1718 1568 esset
1734 1541 1760 1567 in
1776 1549 1871 1567 omnes

1071 1579 1179 1605 ordines
1194 1579 1312 1605 civitatis
1324 1579 1488 1613 aequabilis,
1507 1584 1562 1605 erat
1575 1587 1657 1613 penes
1669 1579 1806 1614 principes
1817 1583 1870 1605 tota

1070 1625 1111 1642 res
1124 1616 1242 1651 publica,
1256 1617 1416 1651 praepositis
1429 1617 1540 1643 x—viris
1552 1616 1741 1646 nobilissimis,
1758 1624 1811 1642 non
1821 1624 1871 1650 op-

1070 1654 1165 1688 positis
1182 1654 1299 1680 tribunis
1315 1653 1364 1688 pl..
1383 1653 1467 1679 nullis
1483 1654 1544 1679 aliis
1559 1653 1694 1680 adiunctis
1706 1653 1871 1688 magistrati—

1072 1691 1135 1721 bus,
1159 1700 1209 1717 non
1227 1691 1413 1725 provocatione
1429 1690 1462 1717 ad
1479 1690 1610 1725 populum
1626 1696 1716 1717 contra
1737 1698 1829 1716 necem
1845 1695 1871 1717 et

1337 1729 1379 1753 63.
1401 1728 1471 1763 Ergo
1483 1728 1577 1753 horum
1590 1736 1622 1753 ex
1635 1728 1767 1754 iniustitia
1779 1727 1870 1754 subito

1071 1770 1161 1791 exorta
1182 1770 1222 1791 est
1242 1765 1359 1791 maxima
1376 1765 1540 1799 perturbatio
1555 1770 1581 1791 et
1596 1765 1677 1791 totius
1695 1765 1870 1791 commutatio

1071 1803 1108 1828 rei
1121 1802 1259 1836 publicae:
1273 1803 1320 1837 qui
1331 1802 1438 1828 duabus
1450 1802 1550 1828 tabulis
1561 1803 1716 1837 iniquarum
1725 1802 1814 1837 legum
1821 1802 1870 1828 ad-

1070 1839 1144 1869 ditis,
1158 1839 1269 1874 quibus.
1283 1840 1362 1865 etiam
1374 1848 1443 1874 quae
1454 1839 1599 1865 disiunctis
1611 1839 1719 1874 populis
1731 1839 1814 1866 tribui
1825 1848 1870 1866 so-

1071 1876 1133 1907 lent,
1147 1877 1295 1907 connubia,
1310 1877 1374 1902 haec
1386 1876 1426 1902 illi
1436 1882 1465 1903 ut
1475 1885 1507 1902 ne
1520 1876 1609 1911 plebei
1620 1886 1682 1903 cum
1694 1877 1816 1911 patribus
1826 1885 1869 1903 es-

1070 1919 1137 1944 sent,
1146 1914 1374 1940 inhumanissima
1386 1913 1444 1949 lege
1455 1919 1615 1945 sanxerunt·,
1630 1922 1698 1948 quae
1709 1919 1800 1949 postea
1810 1913 1870 1949 ple-

1069 1951 1182 1978 beiscito
1201 1951 1329 1978 Canuleio
1351 1951 1477 1987 abrogata
1497 1956 1551 1977 est:
1575 1951 1774 1986 libidinoseque
1794 1951 1869 1978 omni

1070 1989 1184 2023 imperio
1201 1994 1227 2015 et
1236 1988 1331 2015 acerbe
1342 1993 1368 2015 et
1378 1997 1457 2015 avare
1467 1988 1567 2023 populo
1578 1988 1762 2023 praefuerunt.
1802 1989 1868 2016 Nota

1069 2026 1173 2052 scilicet
1188 2026 1233 2052 illa
1249 2034 1291 2052 res
1303 2031 1328 2052 et
1343 2025 1475 2052 celebrata
1491 2027 1673 2052 monumentis
1685 2026 1812 2060 plurimis
1824 2025 1869 2052 lit-

1046 2078 1047 2081 =
1069 2069 1198 2096 terarum;
1222 2072 1307 2098 quum
1319 2064 1445 2090 Decimus
1459 2063 1571 2098 quidam
1582 2064 1722 2099 Virginius
1734 2064 1867 2099 virginem

1070 2101 1152 2127 liliam
1168 2106 1276 2135 propter
1292 2102 1374 2127 unius
1390 2109 1424 2127 ex
1440 2100 1495 2127 illis
1511 2101 1620 2127 x-viris
1638 2101 1824 2135 intemperiem
1839 2101 1866 2127 in

1038 2159 1039 2162 ,
1069 2138 1124 2165 foro
1135 2147 1184 2164 sua
1196 2147 1277 2164 manu
1290 2138 1479 2169 interemisset,
1487 2146 1518 2164 ac
1529 2146 1651 2164 maerens
1663 2138 1696 2164 ad
1707 2139 1864 2168 exercitum.

1068 2177 1116 2210 qui
1132 2181 1189 2202 tum
1205 2180 1260 2202 erat
1276 2176 1303 2202 in
1320 2175 1430 2211 Algido,
1448 2175 1628 2211 confugisset3
1650 2175 1750 2202 milites
1764 2174 1866 2201 bellum

1069 2213 1150 2244 illud,
1172 2212 1246 2248 quod
1262 2214 1361 2240 eratin
1377 2213 1518 2244 manibus,
1540 2212 1683 2247 reliquisse
1703 2218 1729 2239 et
1747 2214 1866 2247 primum

1068 2255 1186 2276 montem
1201 2259 1322 2281 sacrum,
1340 2251 1411 2277 sicut
1425 2255 1481 2277 erat
1495 2250 1523 2276 in
1537 2250 1622 2276 simili
1633 2258 1728 2276 caussa
1739 2255 1815 2276 antea
1827 2249 1867 2276 fa-

1067 2293 1151 2319 ctum,
1164 2287 1262 2314 deinde
1273 2288 1439 2315 Aventinum
1450 2292 1562 2314 armatos
1572 2290 1693 2314 insedisse
1703 2287 1715 2299 ⁸
1727 2287 1739 2300 ⁸
1750 2286 1763 2300 ‘

1263 2334 1462 2366 (Desiderantur
1471 2335 1584 2367 paginae
1593 2334 1671 2367 octo.)

1122 2387 1141 2421 -ξ-
1150 2388 1281 2414 Dictatore
1292 2387 1322 2414 L.
1334 2387 1460 2420 Quinctio
1470 2387 1551 2414 dicto.
1592 2394 1744 2418 (Panngyrtus
1753 2394 1780 2413 aa
1791 2394 1864 2418 virga.

1068 2424 1144 2448 Georg.
1154 2424 1192 2443 m.
1203 2425 1246 2443 125.
1256 2430 1277 2448 p.
1287 2425 1306 2443 9.
1317 2424 1350 2443 ed.
1360 2425 1437 2447 Paris.)

1067 2458 1115 2471 ⁸⁰
1123 2461 1234 2485 maiores
1246 2465 1349 2487 nostros
1360 2465 1386 2486 et
1396 2458 1553 2495 probavisse
1565 2458 1682 2484 maxime
1688 2458 1865 2484 etretinuisse

1066 2496 1266 2531 sapientissime
1278 2497 1379 2524 iudico.

1121 2542 1268 2569 XXXVIII.
1290 2543 1332 2568 64.
1354 2541 1444 2574 Quum
1459 2550 1489 2568 ea
1499 2541 1591 2575 Scipio
1601 2540 1728 2570 dixisset,
1742 2539 1865 2566 silentio-

1066 2588 1118 2614 que
1134 2580 1255 2606 omnium
1277 2579 1380 2614 reliqua
1396 2579 1455 2605 eius
1471 2583 1672 2613 exspectaretur
1686 2578 1783 2610 orati03
1806 2582 1863 2604 tum

1066 2617 1184 2644 Tubero:
1207 2616 1340 2649 Quoniam
1355 2615 1424 2642 nihil
1440 2624 1475 2642 ex
1492 2621 1531 2646 te,
1551 2614 1689 2645 Africane,
1708 2614 1737 2641 hi
1749 2615 1863 2641 maiores

1065 2659 1130 2681 natu
1141 2654 1292 2690 requirunt,
1301 2662 1335 2681 ex
1345 2662 1387 2680 me
1398 2652 1502 2685 audies,
1511 2652 1579 2685 quid
1589 2653 1617 2679 in
1627 2653 1745 2679 oratione
1756 2657 1800 2679 tua
1811 2651 1860 2678 de-
