1941 3052
244 196 274 219 .'‚'»
821 196 835 218 t,
881 194 913 219 M.
949 193 977 219 'tt

241 265 355 290 ‹umam-io
379 265 542 292 viderentur,
577 264 632 293 secl.
657 264 782 290 omnihus
802 272 884 289 unum
901 264 926 289 in
943 263 1028 288 locum
1049 274 1051 279 .

241 302 337 328 vom-ns
360 303 545 336 scriptoribus,
575 301 645 337 qnod
673 302 788 336 quisquc
814 300 1029 326 cominodinsime
1050 293 1059 335 {3

1049 334 1059 363 ll
1080 336 1207 372 quodqne
1225 336 1358 365 dicemus.
1375 344 1415 364 ne.
1431 335 1496 360 dum
1511 334 1652 369 parvulum
1669 334 1717 361 lioe
1730 335 1872 370 consequi-

243 340 392 373 praecipvrc·
409 340 554 369 siclt-luatur,
576 340 759 373 excerpsimus
773 343 797 363 ct
812 346 843 363 ex
861 338 940 362 variis
955 337 1030 370 inge-

243 376 293 401 niis
307 376 528 402 excellenti-sirmi
543 385 665 411 quaeque
681 375 833 401 libavimus.
850 374 889 400 lix
904 374 936 400 iis
947 374 1027 403 enim,

241 413 287 447 qni
308 414 412 439 nomin·-
431 419 455 439 εἰ
470 414 593 439 tin-moria
609 413 681 445 digni
698 416 768 442 sunt,
786 420 832 437 ne·-
847 410 912 436 niliil
931 411 1030 445 optime

243 458 288 475 ιιι-ι·
307 451 393 476 onmia
414 451 620 485 praeclarissime
640 450 783 483 ‹piisquann
799 448 885 474 dicere
900 448 976 473 nobis
991 448 1030 473 vi·
1050 468 1052 486 ,Ι

241 487 361 513 ‹lt-luitur.
396 490 560 521 Quinproptcr
582 486 692 512 stultitia
717 486 772 511 visa
795 490 842 515 est,
868 489 912 510 aut
931 494 944 510 a
965 485 1030 510 bene
1050 496 1052 516 Ι

1013 190 1286 219 ‹siclt-:usmis

1080 271 1132 297 qm-
1149 263 1211 287 vitio
1225 267 1263 287 ent
1277 261 1444 287 attributum.
1474 261 1511 285 to.
1527 258 1613 291 Quare
1627 268 1674 286 nos
1688 260 1797 295 quidem
1812 261 1870 287 siue

1082 299 1134 325 ιιΙΙιι
1154 299 1326 324 affirmatione
1344 297 1425 324 simul
1444 302 1602 331 quaerentes
1619 297 1772 324 dubitanter
1786 306 1870 324 unum

1082 382 1150 403 mur.
1172 378 1200 399 ut
1213 373 1278 399 satis
1293 372 1356 398 haec
1369 371 1506 397 mnu-node
1520 372 1707 407 perscripsisse
1723 372 1869 402 videamur.

1082 410 1148 437 illud
1167 411 1334 438 amittamus,
1353 408 1426 444 quod
1445 409 1592 435 maximum
1611 414 1659 439 est.
1680 414 1708 435 ut
1727 419 1759 435 ne
1776 409 1820 436 cui
1835 409 1871 436 rei

1083 453 1179 474 temere
1197 452 1276 482 atque
1294 450 1445 481 arroganter
1462 446 1665 473 assenserimus.
1707 447 1803 473 Verum
1823 446 1874 473 hoc

1081 484 1190 520 quidem
1211 493 1257 510 nos
1279 488 1304 510 et
1323 484 1349 510 in
1369 483 1417 509 hoc
1440 487 1556 518 tempore
1578 488 1604 510 et
1622 484 1648 510 in
1661 484 1733 510 omni
1750 484 1801 510 vita
1816 488 1874 509 stu-

243 525 358 551 invcntis
376 524 489 550 alit-nius·
505 523 631 553 rect-derv,
653 524 674 549 si
689 532 743 557 quo
758 523 783 549 in
800 522 863 548 vitio
877 522 935 547 eius
949 521 1030 547 oll'en-
1050 527 1060 564 μ
1081 522 1167 552 diosc,
1201 521 1288 556 quoad
1315 520 1426 547 facultas
1453 519 1530 551 teret.
1558 528 1761 556 consequemur.
1797 521 1874 547 Nunc

241 561 372 590 dere-mur,
397 566 441 587 aut
464 561 495 586 ad
520 561 580 586 vitia
598 569 706 594 quoque
724 560 782 586 eius
800 559 932 589 accedere,
953 559 1031 584 cuius
1050 580 1060 597 1,

242 598 332 632 aliquo
350 599 415 624 bene
435 602 572 632 prm-cepto
585 597 752 623 ‹luci-remur.
779 598 803 622 5.
820 596 895 628 Quod
910 597 932 622 si
947 596 973 622 in
987 604 1031 622 ce-
1051 602 1060 610 ''

243 636 304 661 teris
318 644 425 670 quoquc
438 635 535 661 studiis
549 644 562 660 a
575 634 666 661 multis
676 634 773 669 engen·
784 634 904 660 homines
914 642 1031 659 commo-
1051 621 1053 633 ¹

241 672 382 698 dissinmm
402 672 536 707 quodque,
557 681 638 707 quam
656 680 714 697 sese
734 672 779 698 uni
798 671 877 697 alicui
891 675 962 696 certo
975 669 1031 696 vel-

243 709 295 735 lent
314 709 442 740 addicere.
464 710 552 735 minus
572 710 597 735 in
616 709 762 743 arrogantia
776 708 949 739 offenderent,
979 716 1030 733 non

243 751 312 772 tanto
326 755 403 781 opere
418 747 444 773 in
461 747 531 773 vitiis
551 751 761 781 perseverarent3
789 745 926 780 aliquanto
945 744 1030 771 levius

241 792 273 810 ex
297 784 434 810 inscientia
458 784 613 810 laborarent.
647 784 684 810 Ac
706 784 728 809 si
752 792 798 818 par
816 783 842 808 in
858 782 934 808 nobis
949 782 1030 808 huius
1058 802 1059 809 .

241 821 304 846 artis
326 826 405 856 atque
427 822 453 848 in
474 821 520 848 illo
538 822 655 856 picturae
673 821 781 847 scientia
801 820 904 849 luisset,
922 819 1031 845 fortasse

242 858 327 893 magis
342 859 391 885 lioc
405 867 454 885 suo
467 859 493 885 in
507 867 603 892 genere
617 867 685 893 opus
700 863 828 887 nostrum.
849 866 930 892 quam
945 856 989 882 ille
1004 857 1030 882 in

241 903 288 921 sua
313 896 413 930 pictura
437 896 533 922 nobilis
557 896 674 922 eniteret.
706 895 745 922 Ex
759 895 856 921 maiore
871 895 941 920 enim
955 894 1030 928 copia
1058 922 1059 926 Ἰ

1058 932 1059 938 ’
1081 940 1176 964 nent-ra
1202 931 1272 957 locos
1295 930 1435 957 tradendos
1457 930 1625 956 arbitramur.

242 932 326 964 nobis.
347 942 428 968 quam
447 933 485 960 illi
505 933 555 959 suit
572 933 755 967 exemplorum
774 931 888 967 eligendi
904 936 1028 966 potestas.

242 969 287 996 lllt·v
311 978 362 997 una
385 980 417 997 cx
440 971 505 997 urbe
529 975 554 997 et
571 980 604 997 ex
622 979 652 996 eo
672 978 782 996 numero
800 969 944 1005 virginum,
961 976 1030 1003 quae

242 1011 297 1032 tum
313 1012 394 1039 erant,
411 1008 507 1043 eligere
522 1009 620 1042 potuit:
637 1007 712 1033 nobis
723 1007 852 1036 omnium,
865 1006 1030 1040 quicumque

242 1043 358 1076 suerunt,
379 1046 412 1072 ab
431 1046 524 1072 ultimo
538 1045 668 1080 principio
683 1045 764 1070 huius
779 1043 970 1079 praeceptionis
987 1051 1032 1068 us-

200 1092 204 1100 ·
241 1090 294 1116 quc
316 1083 347 1109 ad
371 1083 419 1109 hoc
442 1087 556 1117 tempus,
580 1083 708 1117 expositis
726 1082 819 1116 copiis,
840 1080 1031 1116 quodcumque

240 1119 364 1152 placeret,
381 1120 495 1155 eligendi
511 1124 625 1154 potestas
640 1119 698 1145 suit.

296 1159 319 1183 6.
347 1157 383 1184 Ac
405 1162 506 1184 veteres
528 1157 637 1192 quidem
660 1157 801 1190 scriptores
823 1155 886 1181 artis
909 1163 994 1189 usque
1017 1162 1031 1180 a
1052 1162 1053 1171 ¹

242 1194 361 1230 principe
379 1194 425 1221 illo
439 1199 517 1230 atquc
532 1195 667 1220 inventor-c
682 1193 751 1219 Tisia
766 1193 890 1227 repetitos
905 1200 989 1218 unum
1004 1192 1030 1217 in
1052 1198 1061 1215 r

243 1230 329 1258 locum
351 1232 478 1258 conduxit
500 1231 653 1258 Aristoteles
677 1235 702 1257 et
724 1230 880 1257 nominatim
898 1230 1031 1263 cuiusque
1052 1253 1053 1272 χ

242 1274 377 1304 praecepta
397 1278 491 1303 magna
509 1269 657 1303 conquisita
675 1276 738 1294 cura
756 1268 896 1302 perspicue
915 1266 1032 1292 conscri-
1052 1296 1053 1301 Ἰ

241 1307 294 1341 psit
307 1311 386 1341 atque
400 1303 508 1333 enodata
523 1306 664 1341 diligenter
677 1305 814 1340 exposuit;
835 1309 859 1330 at
874 1308 975 1330 tantum
990 1304 1032 1329 in-

242 1344 396 1370 ventoribus
415 1344 481 1378 ipsis
499 1344 628 1369 suavitate
647 1347 672 1369 et
689 1343 817 1369 brevitate
835 1341 940 1367 dicendi
955 1349 1032 1375 prae-
1052 1360 1053 1378 3

240 1381 315 1412 stitit,
340 1386 369 1407 ut
392 1390 468 1408 nemo
491 1381 597 1407 illorum
620 1384 758 1415 praecepta
773 1379 938 1413 exipsorum
955 1378 1030 1404 libris
1051 1396 1052 1399 .

239 1423 393 1454 cognoscat,
414 1418 460 1444 sed
478 1426 583 1449 omnes,
603 1418 650 1452 qui
669 1417 741 1452 quod
756 1416 794 1443 illi
809 1416 972 1451 praecipiant
986 1423 1031 1441 ve·
1051 1401 1053 1454 l

242 1455 290 1482 tint
312 1455 471 1491 intelligere,
497 1455 529 1481 ad
552 1455 624 1481 hunc
642 1455 719 1489 quasi
738 1454 770 1480 ad
788 1453 931 1488 quemdam
947 1451 1031 1478 multo
1051 1467 1053 1490 j

239 1493 444 1519 commodiorem
459 1492 645 1527 explicatorem
660 1495 834 1517 revertantur.
849 1491 875 1516 7.
887 1491 974 1525 Atque
988 1489 1031 1515 hic
1052 1491 1053 1513 1

239 1530 349 1564 quidem
367 1531 425 1565 ipse
443 1534 469 1556 et
486 1538 544 1556 sese
562 1530 652 1564 ipsum
668 1529 744 1555 nobis
759 1533 784 1554 et
798 1537 851 1559 (τος,
867 1527 914 1562 qui
929 1531 988 1553 ante
1003 1535 1031 1552 se
1051 1518 1053 1541 l

240 1567 352 1599 fuerant,
378 1568 405 1594 in
428 1566 515 1593 medio
536 1567 635 1602 posuit,
661 1570 690 1592 ut
707 1571 732 1592 et
745 1569 844 1592 ceteros
859 1570 884 1591 et
898 1573 926 1590 se
940 1565 1030 1599 ipsum

238 1612 286 1638 per
308 1613 336 1631 se
358 1613 591 1641 cognosceremus3
620 1603 652 1630 ab
675 1603 724 1630 hoc
746 1607 833 1629 autem
854 1602 902 1637 qui
921 1601 1031 1636 profecti

239 1646 310 1673 sunt,
330 1650 493 1677 quamquam
512 1642 540 1668 in
558 1641 683 1667 maximis
705 1640 890 1675 philosophiae
911 1639 1031 1674 partibus

238 1688 331 1714 operae
345 1679 493 1714 plurimum
506 1682 738 1713 consumpserunt,
751 1677 820 1703 sicut
834 1681 859 1703 et
881 1677 939 1711 ipse
953 1676 1031 1702 cuius

238 1717 359 1743 instituta
373 1716 555 1751 sequebantur
568 1715 677 1746 fecerat,
699 1719 785 1741 tamen
804 1713 935 1749 permulta
954 1713 1030 1739 nobis

240 1758 376 1789 praccepta
390 1753 496 1780 dicendi
510 1753 685 1788 reliquerunt.
701 1752 788 1787 Atque
802 1751 847 1777 alii
858 1759 966 1786 quoque
979 1750 1031 1776 alio
1052 1779 1053 1784 Ἰ

239 1800 272 1818 ex
286 1790 356 1817 fonte
371 1795 552 1826 praeceptores
565 1789 672 1816 dicendi
686 1793 884 1819 emanaverunt,
906 1788 953 1823 qui
968 1788 1030 1814 item
1052 1821 1053 1826 1

239 1828 402 1863 permultum
421 1828 454 1854 ad
472 1827 625 1857 dicendum,
641 1827 664 1853 si
678 1826 744 1861 quid
759 1835 800 1852 ars
815 1825 925 1861 proficit,
942 1825 1031 1859 opitu-

240 1866 284 1892 lati
299 1869 370 1892 sunt.
405 1865 470 1891 Nam
486 1864 536 1891 suit
550 1869 666 1899 tempore
680 1863 782 1895 eodem,
798 1872 852 1898 quo
866 1861 1028 1893 Aristoteles,

239 1911 353 1939 magnus
366 1907 392 1929 et
403 1902 500 1929 nobilis
511 1902 599 1928 rhetor
608 1902 748 1934 Isocrates,
763 1901 842 1927 cuius
852 1901 939 1935 ipsius
949 1908 1030 1934 quam
1052 1920 1053 1924 ,

238 1943 340 1967 constet
352 1948 410 1966 esse
425 1944 515 1970 artem,
532 1947 584 1965 non
598 1939 761 1965 invenimus.
792 1939 816 1964 8.
833 1936 1030 1971 Discipulorum

239 1982 327 2004 autem
345 1981 424 2012 atque
442 1985 543 2007 eorum,
563 1977 611 2011 qui
629 1976 750 2011 protinus
764 1975 797 2001 ab
811 1975 860 2001 hac
873 1978 936 2001 sunt
949 1974 1032 2000 disci-
1052 1995 1053 1998 ,

238 2014 310 2049 plina
333 2014 456 2049 profecti,
481 2013 564 2040 multa
587 2013 620 2039 de
633 2018 687 2040 arte
710 2017 846 2048 praecepta
869 2012 1029 2046 reperimus.
1052 2026 1053 2031 =

239 2053 281 2078 ΙΙΙ.
306 2052 346 2078 Ex
368 2051 410 2078 his
432 2051 538 2077 duabus
556 2050 670 2077 diversis
689 2050 766 2076 sicuti
783 2049 900 2080 familiis,
915 2057 1030 2084 quarum
1052 2060 1053 2069 π

239 2089 319 2115 altera
340 2097 425 2124 quum
448 2093 597 2115 versaretur
619 2088 646 2114 in
671 2087 848 2122 philosophia,
875 2085 1030 2113 nonnullam
1052 2088 1053 2114 i

239 2126 383 2153 rhetoricae
400 2134 508 2161 quoque
522 2126 586 2152 artis
600 2125 652 2152 sibi
666 2134 757 2151 curam
772 2124 933 2155 assumebat,
951 2123 1031 2150 altera
1052 2122 1053 2150 i

239 2172 300 2189 vero
314 2164 401 2190 omnis
416 2164 444 2190 in
458 2163 563 2190 dicendi
578 2167 632 2189 erat
646 2162 735 2188 studio
750 2167 774 2188 et
789 2162 974 2196 praeceptione
986 2169 1032 2187 oc-
1052 2154 1053 2188 l

237 2205 341 2236 cupata,
359 2209 443 2227 unum
457 2200 591 2236 quoddam
606 2205 644 2226 est
659 2199 801 2226 conflatum
814 2207 900 2235 genus
914 2207 927 2224 a
943 2203 1032 2233 poste-

238 2238 366 2269 rioribus,
387 2239 434 2273 qui
453 2238 486 2264 ab
500 2238 621 2272 utrisque
635 2245 673 2268 ca,
689 2245 758 2272 quae
772 2237 910 2263 commode
924 2235 976 2261 dici
991 2237 1032 2261 vi-
1051 2242 1053 2272 J

237 2275 381 2307 debantur,
413 2276 441 2302 in
474 2284 537 2301 suas
564 2280 632 2301 artes
658 2274 841 2306 contulerunt3
863 2282 931 2309 quos
958 2274 1031 2307 ipsos
1051 2282 1060 2310 {¹

238 2313 319 2339 simul
340 2317 419 2348 atque
436 2312 497 2339 illos
514 2312 665 2347 superiores
683 2320 730 2338 nos
742 2311 818 2338 nobis
829 2320 930 2341 omnes,
943 2310 1032 2345 quoad
1052 2316 1053 2337 l

239 2349 349 2376 facultas
364 2350 436 2381 tulit,
453 2349 642 2385 proposuimus
657 2353 681 2375 et
695 2357 728 2375 ex
742 2353 830 2375 nostro
843 2356 951 2384 quoque
965 2356 1032 2374 non-
1051 2339 1061 2392 li

239 2387 305 2413 nihil
323 2388 351 2414 in
364 2395 506 2414 commune
520 2386 694 2413 contulimus.
728 2387 753 2412 9.
773 2386 850 2418 Quod
865 2387 887 2412 si
902 2395 945 2416 ea,
961 2393 1031 2420 quae

238 2425 265 2450 in
289 2424 331 2450 his
351 2424 425 2451 libris
441 2428 624 2459 exponuntur,
645 2428 717 2450 tanto
734 2432 813 2458 opere
831 2423 953 2459 eligenda
972 2422 1032 2448 sue-

239 2466 313 2492 runt,
334 2466 434 2496 quanto
452 2461 541 2488 studio
555 2461 637 2487 electa
651 2465 722 2491 sunt,
739 2460 856 2495 profecto
870 2468 957 2495 neque
971 2468 1028 2490 nos,
1059 2479 1061 2482 Α

239 2506 326 2533 neque
339 2498 404 2524 alios
418 2499 565 2525 industriae
579 2503 683 2524 nostrae
697 2498 852 2533 poenitebit.
880 2497 927 2524 Sin
941 2502 1030 2524 autem
1050 2505 1053 2522 ε

239 2540 336 2561 temere
354 2535 456 2570 aliquid
474 2535 588 2562 alicuius
602 2535 760 2570 praeterisse
774 2540 818 2561 aut
833 2543 884 2561 non
898 2535 963 2561 satis
977 2533 1032 2560 ele-
1050 2533 1053 2562 l

239 2576 332 2607 gauter
349 2573 433 2598 secuti
453 2573 617 2604 videbimur,
634 2572 703 2599 docti
717 2572 750 2599 ab
764 2572 854 2607 aliquo
869 2571 945 2598 facile
959 2576 984 2598 et
999 2571 1031 2597 li-
1050 2567 1052 2604 ξ

240 2609 331 2635 beuter
344 2610 501 2636 sententiam
515 2610 750 2636 commutabimus
777 2610 835 2636 Non
849 2609 920 2635 enim
935 2617 1030 2643 parum
1050 2606 1052 2646 j

238 2654 380 2682 cognosse,
405 2646 452 2672 sed
470 2647 498 2673 iu
515 2655 610 2681 parum
627 2647 733 2682 cognito
746 2646 827 2673 stulte
841 2651 866 2673 et
879 2646 927 2672 diu
940 2653 1032 2680 perse·
1050 2663 1051 2667 .

241 2691 346 2709 vorasse
363 2688 440 2718 turpe
453 2688 501 2715 est,
522 2688 658 2718 propterea
676 2683 749 2718 quod
767 2683 880 2710 alterum
893 2683 1030 2710 communi
1050 2698 1052 2712 .

1082 564 1183 589 autem.
1205 568 1236 585 ne
1252 558 1358 593 longius
1371 558 1454 584 oratio
1467 566 1605 593 progressa
1621 558 1748 588 videatur,
1764 558 1798 585 de
1811 557 1873 584 reli-

1082 597 1152 632 quis,
1168 601 1237 631 qnae
1252 595 1435 630 praecipienda
1451 595 1575 621 videntur
1587 603 1655 625 esse,
1671 595 1801 622 dicemus.

1140 635 1179 660 u.
1203 634 1286 666 igitur
1308 634 1411 667 primus
1436 632 1514 662 liber.
1539 633 1661 667 exposito
1677 641 1773 667 genere
1791 633 1873 660 huius

1082 671 1146 697 artis
1165 675 1189 696 et
1207 670 1295 696 osticio
1312 675 1338 696 et
1355 670 1406 695 line
1425 674 1449 695 et
1468 670 1574 695 materia
1593 674 1619 696 et
1633 670 1761 704 partibus,
1777 678 1872 706 genera

1058 716 1060 726 ¹
1081 708 1320 734 controversiarum
1344 712 1369 733 et
1391 707 1556 733 inventiones
1579 711 1603 733 et
1629 708 1831 734 constitutiones
1848 711 1874 733 et

1058 761 1059 769 η
1083 745 1256 771 iudicationes
1274 744 1433 774 continebat,
1453 743 1550 770 deinde
1569 748 1655 779 partes
1668 744 1793 771 orationis
1806 749 1832 771 et
1846 744 1873 771 in

1082 792 1126 809 eas
1143 791 1236 809 omnes
1250 782 1338 808 omnia
1358 786 1503 816 praecepta.
1537 780 1624 813 Quare
1641 790 1726 817 quum
1745 783 1772 809 in
1786 791 1818 808 eo
1830 790 1874 808 ce*

1083 821 1145 846 teris
1163 819 1196 846 de
1215 819 1295 846 rebus
1309 819 1463 845 distinctius
1476 818 1576 844 dictum
1592 819 1634 849 sit.
1651 819 1771 854 disperse
1784 824 1873 845 autem

1082 857 1114 883 de
1137 857 1336 883 confirmatione
1357 860 1381 882 et
1403 856 1436 881 de
1461 855 1673 890 reprehensione.
1699 865 1770 883 nunc
1787 861 1873 883 certos

1081 894 1254 921 confirmandi
1276 899 1301 919 et
1320 892 1529 928 reprehendendi
1550 894 1576 919 in
1593 893 1698 929 singula
1717 902 1872 920 caussarum

1668 931 1701 957 Et
1722 931 1796 966 quia,
1819 939 1875 966 quo

1083 974 1158 1003 pacto
1181 968 1283 994 tractari
1306 968 1459 994 conveniret
1481 967 1730 1003 argumentationes,
1755 969 1782 995 in
1807 967 1874 995 libro

1083 1007 1169 1041 primo
1192 1015 1242 1032 non
1266 1005 1437 1041 indiligenter
1458 1005 1610 1039 expositum
1632 1009 1680 1036 est,
1705 1005 1748 1032 hic
1771 1009 1872 1032 tantum

1083 1044 1139 1078 ipsa
1154 1044 1260 1069 inventa
1276 1051 1355 1069 unam
1369 1050 1505 1077 quamque
1518 1043 1546 1068 in
1560 1050 1614 1068 rem
1629 1047 1795 1077 exponentur
1808 1043 1874 1069 sim-

1084 1081 1187 1115 pliciter
1200 1081 1258 1107 sine
1273 1079 1326 1106 ulla
1340 1079 1518 1109 exornatione,
1535 1083 1563 1105 ut
1576 1087 1609 1105 ex
1623 1079 1672 1106 hoc
1683 1079 1790 1107 inventa
1804 1080 1871 1115 ipsa.

1052 1140 1053 1150 ,
1082 1127 1116 1144 ex
1141 1118 1277 1152 superiore
1303 1122 1391 1143 autem
1417 1116 1544 1151 expolitio
1570 1117 1738 1143 inventorum
1759 1122 1872 1152 petatur.

1082 1155 1168 1188 Quare
1187 1155 1262 1185 haec.
1283 1163 1352 1189 quae
1371 1163 1441 1180 nunc
1460 1154 1667 1189 praecipientur,
1689 1154 1720 1181 ad
1734 1154 1874 1181 confirma-

1084 1193 1162 1219 tionis
1177 1197 1202 1218 et
1215 1192 1429 1227 reprehensionis
1444 1196 1531 1226 partes
1544 1190 1641 1218 referre
1654 1192 1793 1226 oportebit.

1139 1230 1181 1256 IV.
1199 1231 1238 1255 te.
1260 1229 1354 1256 Omnis
1377 1233 1402 1255 et
1425 1229 1630 1255 demonstrativa
1653 1234 1679 1255 et
1700 1229 1872 1255 deliberativa

1084 1272 1108 1294 et
1123 1266 1256 1293 iudicialis
1270 1274 1364 1293 caussa
1378 1274 1486 1292 necesse
1499 1270 1539 1292 est
1553 1266 1580 1292 in
1594 1265 1684 1301 aliquo
1692 1275 1792 1298 eorum,
1804 1274 1874 1302 quae

1052 1315 1061 1345 ,J
1082 1309 1141 1331 ante
1159 1305 1278 1339 exposita
1297 1308 1368 1334 sunt,
1387 1303 1585 1330 constitutionis
1601 1311 1706 1339 genere,
1723 1312 1776 1330 uno
1789 1303 1875 1339 pluri-

1059 1353 1061 1372 ς
1083 1342 1176 1371 busve,
1193 1346 1321 1367 versetur.
1345 1341 1397 1367 lloc
1406 1349 1570 1376 quamquam
1585 1341 1619 1366 ita
1629 1345 1678 1372 est,
1691 1345 1777 1367 tamen
1787 1349 1873 1376 quum

1082 1379 1259 1405 communiter
1280 1378 1411 1413 quaedam
1432 1377 1465 1404 de
1483 1378 1609 1404 omnibus
1627 1379 1742 1413 praecipi
1760 1379 1871 1413 possint,

1083 1416 1225 1451 separatim
1244 1424 1351 1451 quoque
1370 1415 1435 1442 aliae
1453 1420 1516 1441 sunt
1529 1415 1662 1450 cuiusque
1675 1416 1780 1451 generis
1794 1421 1819 1442 et
1831 1415 1875 1442 di-

1083 1462 1175 1480 versae
1193 1453 1400 1488 praeceptiones.
1441 1452 1521 1478 Aliud
1539 1453 1610 1478 enim
1630 1452 1687 1479 laus
1705 1457 1751 1479 aut
1768 1453 1874 1488 vitupe-

1083 1492 1157 1522 ratio,
1177 1490 1251 1517 aliud
1269 1490 1414 1516 sententiae
1431 1489 1525 1520 dictio,
1546 1489 1619 1516 aliud
1633 1490 1764 1517 accusatio
1777 1495 1822 1517 aut
1833 1499 1875 1517 re-

1083 1529 1185 1555 cusatio
1207 1527 1334 1554 conficere
1356 1527 1444 1553 debet.
1478 1527 1506 1553 ln
1529 1526 1645 1558 iudiciis,
1669 1527 1736 1562 quid
1757 1536 1873 1563 aequum

1083 1567 1126 1597 sit,
1142 1565 1288 1600 quaeritur,
1305 1565 1332 1591 in
1346 1564 1626 1595 demonstrationibus,
1642 1565 1708 1600 quid
1720 1565 1871 1596 honestum,

1083 1603 1110 1629 in
1134 1602 1385 1632 deliberationibus,
1409 1606 1437 1627 ut
1454 1609 1502 1627 nos
1519 1601 1686 1632 arbitramur.
1706 1602 1772 1637 quid
1791 1602 1875 1629 hone-

1083 1645 1154 1666 stum
1177 1640 1211 1666 sit
1235 1644 1260 1666 et
1281 1639 1348 1674 quid
1367 1638 1441 1665 utile.
1475 1639 1541 1664 Nam
1559 1639 1638 1665 ceteri
1658 1639 1780 1665 utilitatis
1796 1639 1874 1666 modo

1060 1682 1061 1690 ¹
1084 1678 1163 1703 finem
1177 1678 1205 1703 in
1219 1676 1356 1703 suadendo
1370 1680 1395 1702 et
1409 1676 1437 1702 in
1450 1675 1631 1702 dissuadendo
1643 1677 1740 1711 exponi
1754 1682 1874 1711 oportere

1052 1712 1053 1719 ¹
1083 1714 1199 1741 arbitrati
1218 1718 1290 1740 sunt.
1322 1715 1362 1740 43.
1381 1712 1500 1745 Quorum
1519 1713 1602 1748 igitur
1618 1722 1746 1749 generum
1765 1714 1831 1740 lines
1848 1718 1874 1740 et

1083 1752 1172 1778 exitus
1185 1751 1285 1777 diversi
1299 1756 1370 1781 sunt,
1387 1759 1479 1777 eorum
1493 1755 1632 1785 praecepta
1645 1751 1737 1777 eadem
1751 1759 1810 1778 esse
1820 1760 1873 1778 non

1083 1793 1204 1824 possunt.
1239 1789 1332 1823 Neque
1350 1796 1421 1814 nunc
1438 1787 1488 1814 hoc
1506 1788 1630 1819 dicimus,
1647 1797 1698 1814 non
1712 1788 1818 1815 easdem
1832 1789 1875 1815 in-

1082 1826 1170 1853 cidere
1191 1826 1407 1859 constitutiones;
1435 1830 1617 1851 verumtamen
1639 1826 1722 1852 oratio
1742 1825 1874 1861 quaedam

1083 1872 1117 1890 ex
1133 1864 1192 1898 ipso
1207 1863 1258 1889 fine
1272 1867 1297 1889 et
1310 1871 1343 1889 ex
1356 1871 1452 1898 genere
1465 1870 1576 1889 caussae
1590 1863 1715 1894 nascitur,
1731 1871 1800 1898 quae
1813 1871 1874 1898 per-

1083 1901 1165 1927 tineat
1182 1900 1215 1927 ad
1233 1901 1302 1927 vitae
1316 1899 1431 1926 alicuius
1443 1899 1694 1926 demonstrationem
1707 1905 1753 1927 aut
1765 1900 1798 1927 ad
1812 1909 1874 1927 sen-

1059 1935 1061 1940 '
1083 1938 1178 1964 tentiae
1199 1938 1352 1964 dictionem.
1386 1937 1472 1969 Quare
1495 1945 1566 1964 nunc
1583 1937 1610 1963 in
1629 1937 1793 1972 exponendis
1810 1946 1874 1964 con-

1083 1976 1232 2007 troversiis,
1255 1975 1283 2001 in
1302 1975 1420 2001 iudiciali
1438 1983 1535 2010 genere
1551 1982 1706 2001 caussarum
1725 1979 1749 2001 et
1768 1983 1874 2010 praeoe-

1083 2018 1188 2048 ptorum
1203 2012 1379 2039 versabimur.
1405 2012 1447 2039 Ex
1459 2020 1514 2047 quo
1526 2011 1654 2047 pleraque
1667 2012 1694 2038 in
1707 2017 1792 2038 cetera
1805 2020 1874 2047 quo-

1082 2058 1135 2085 que
1149 2058 1304 2076 caussarum
1318 2058 1423 2085 genera,
1440 2048 1522 2075 simili
1536 2048 1671 2084 implicata
1683 2049 1870 2080 controversia,

1083 2087 1155 2114 nulla
1174 2096 1236 2113 cum
1254 2086 1409 2113 difficultate
1428 2086 1629 2118 transferentur3
1652 2092 1711 2121 post
1729 2092 1816 2113 autem
1830 2094 1874 2113 se-

1083 2125 1195 2160 paratim
1210 2124 1243 2151 de
1256 2123 1368 2159 reliquis
1382 2123 1511 2150 dicemus.

1140 2163 1180 2189 ⁴4.
1202 2162 1279 2188 Nunc
1296 2162 1329 2188 ab
1343 2160 1512 2188 coniecturali
1525 2161 1713 2187 constitutione
1722 2160 1874 2195 proficisce—

1052 2199 1061 2234 ξε
1083 2208 1156 2230 mur;
1178 2199 1256 2226 cuius
1275 2198 1428 2233 exemplum
1442 2198 1476 2224 sit
1491 2197 1540 2224 hoc
1553 2198 1719 2233 expositum:
1740 2198 1769 2224 ln
1780 2198 1873 2224 itinere

1082 2236 1193 2272 quidam
1220 2236 1429 2271 proficiscentem
1456 2235 1489 2261 ad
1516 2240 1660 2261 mercatum
1683 2234 1826 2270 quemdam
1847 2239 1874 2262 et

1082 2282 1174 2300 secum
1188 2273 1354 2308 aliquantum
1369 2281 1540 2299 nummorum
1554 2271 1680 2299 ferentem
1693 2276 1733 2298 est
1745 2280 1874 2299 consecu-

1082 2316 1136 2338 tuS.
1170 2310 1238 2338 Cum
1252 2310 1310 2341 hoc,
1326 2315 1355 2336 ut
1369 2309 1422 2336 sere
1437 2310 1472 2340 fit,
1490 2310 1517 2336 in
1531 2310 1572 2336 via
1587 2317 1735 2336 sermonem
1744 2308 1871 2342 eontulit·,

1083 2357 1116 2375 ex
1138 2356 1192 2383 quo
1215 2347 1314 2374 factum
1336 2351 1384 2378 est,
1409 2351 1438 2373 ut
1456 2346 1525 2373 illud
1545 2347 1595 2373 iter
1612 2346 1770 2373 familiarius
1788 2345 1873 2373 faeere

1084 2385 1190 2412 vellent.
1231 2384 1330 2417 Quare,
1350 2393 1436 2419 quum
1454 2384 1481 2410 in
1495 2383 1615 2410 eamdem
1630 2383 1764 2409 tabernam
1778 2383 1873 2410 dever-

1059 2442 1061 2445 .
1083 2423 1189 2452 tissent‚
1209 2421 1291 2448 simul
1309 2429 1417 2447 caenare
1431 2422 1498 2448 etin
1515 2420 1607 2447 eodem
1622 2420 1678 2447 loco
1691 2428 1816 2447 somnum
1828 2429 1873 2447 ca-
1908 2431 1909 2435 ¹

1082 2468 1144 2495 pere
1159 2458 1310 2485 voluerunt.
1333 2458 1439 2485 Caenati
1452 2457 1646 2484 discubuerunt
1656 2457 1765 2484 ibidem.
1781 2457 1873 2493 Caupo

1082 2501 1170 2523 autem
1189 2497 1260 2530 (nam
1279 2496 1314 2522 ita
1331 2495 1430 2522 dicitur
1444 2499 1502 2530 post
1515 2495 1663 2525 inventum,
1679 2503 1765 2530 quum
1779 2495 1807 2522 in
1820 2495 1873 2522 alio
1911 2493 1916 2515 ἶ

1082 2533 1211 2560 maleficio
1224 2533 1408 2568 deprehensus
1421 2532 1500 2566 esset)
1509 2540 1594 2567 quum
1609 2531 1687 2558 illum
1697 2531 1818 2563 alterum,
1830 2533 1872 2558 vi-
1908 2559 1911 2569 ,

1082 2570 1177 2597 delicet
1198 2571 1246 2605 qui
1269 2578 1394 2596 nummos
1417 2569 1536 2599 haberet.
1561 2569 1681 2595 animum
1703 2568 1868 2600 advertisset.

1082 2612 1160 2634 noctu
1174 2612 1316 2642 postquam
1328 2606 1388 2633 illos
1397 2607 1496 2632 arctius
1505 2607 1567 2636 iam,
1582 2611 1610 2632 ut
1620 2606 1656 2635 su,
1669 2615 1703 2632 ex
1714 2606 1871 2632 lassitudine

1081 2645 1196 2671 dormire
1217 2645 1309 2675 sensit,
1335 2644 1445 2670 accessit
1462 2648 1487 2669 et
1504 2643 1613 2669 alterius
1630 2651 1731 2674 eorum,
1751 2643 1798 2678 qui
1812 2643 1871 2670 sine

1082 2682 1201 2708 nummis
1225 2686 1288 2712 erat,
1308 2680 1429 2717 gladium
1451 2685 1559 2715 propter
1572 2681 1724 2715 appositum
1742 2689 1757 2706 e
1774 2681 1870 2716 vagina

240 2719 377 2746 hominum
398 2720 552 2752 infirmitati,
573 2721 684 2747 alterum
699 2721 829 2756 singulari
844 2721 925 2747 unius
938 2720 1031 2746 cuius-
1057 2734 1060 2747 .
1082 2719 1175 2745 eduxit
1191 2723 1217 2744 et
1241 2718 1316 2745 illum
1341 2717 1451 2744 alterum
1474 2717 1578 2747 occidit,
1604 2725 1727 2744 nummos
1749 2717 1867 2747 abstulit.
