1941 3052
238 149 282 171 1⁴3⁸
810 149 846 171 Η,
880 147 912 171 M.
943 146 972 171 T,

235 218 400 251 saepissime,
422 223 476 242 tum
497 218 522 243 in
541 217 619 242 dien-2
636 217 711 246 vali-t,
734 217 758 242 in
776 216 850 241 vultu
865 216 981 250 «lenique
995 221 1021 241 et

234 259 309 286 goi-tu
325 259 349 279 vt
364 255 467 280 ἰιιιϊιικιι
478 254 495 286 ,’)
507 259 650 288 «Jniitraque
665 255 726 279 ita—m
741 253 880 282 desit-cerm
901 252 983 287 (quod
998 253 1020 278 ai

236 296 308 325 poeta
335 291 401 322 ῐιιμιι
426 295 453 316 ιιι
476 292 621 316 niaximum
643 291 745 319 vitium,
766 290 812 323 qui
829 295 917 323 peceat
931 290 1018 320 etium.

234 337 317 362 quum
339 329 412 362 probi
431 329 572 353 orationem
588 327 689 358 altingit
705 326 832 360 improbo.
850 326 966 352 stultove
980 335 1022 352 na-

236 366 345 399 pienum
368 366 390 390 si
405 365 519 398 dvniqne
535 365 616 398 pictor
627 364 670 389 ille
683 363 848 397 vi‹lit.quum
862 363 1020 389 immolanda

237 403 371 435 lpliigenia
387 402 468 427 tristis
483 401 591 427 Calchas
605 405 682 430 esset,
700 400 822 426 maestior
838 400 936 430 Ulixes.
950 409 1021 426 mne-

236 444 301 465 rvret
326 438 468 467 Menelaus,
493 437 690 463 obvolvendum
713 442 792 471 caput
815 437 1021 470 Agamemnoni„

235 486 300 504 esne,
322 476 446 510 quoniam
467 483 603 500 summum
624 474 699 500 illum
716 473 816 500 luctum
833 474 956 507 penicillo
971 483 1020 500 non

237 517 323 546 posset
337 513 445 543 imitari3
468 512 489 537 ,si
505 511 620 545 denique
636 511 736 541 histrio.
753 511 818 545 quid
833 511 1022 546 d(·ceat,quae-

236 552 267 575 rit
303 549 367 583 quid
384 548 532 574 faciendum
546 548 639 574 oratori
656 548 808 583 putemus‘P)
822 548 867 574 sed
879 557 962 583 quum
975 548 1022 574 boc

236 592 334 612 tantum
350 587 397 617 sit4
414 586 479 620 quid
496 586 520 611 in
535 586 638 611 caussis
652 586 883 620 earumqueqnasi
896 586 1022 612 membris

236 623 319 653 saciat,
336 627 420 648 orator
435 622 539 648 viderit.
574 622 642 648 illud
660 623 769 657 quidem
786 624 957 657 perspicuum
972 627 1020 653 est,

235 670 284 686 non
305 660 382 686 modo
401 664 486 694 partes
505 661 640 691 orationis,
660 660 707 686 sed
725 661 803 686 etiam
822 669 931 686 caussas
946 665 1020 690 totas,

234 698 298 723 alias
313 697 362 722 alia
378 696 459 723 forma
474 696 578 723 dicendi
593 706 652 723 esse
666 697 822 724 tractandas.

291 734 384 760 xxiii.
409 735 450 760 75.
473 734 609 769 Sequitur,
635 739 663 761 ut
681 735 813 769 cuiusque
835 735 940 770 generis
964 739 1022 761 nota

233 776 376 806 quaeratur
393 776 418 798 et
437 771 558 798 formula.
594 772 719 807 Magnum
734 780 802 807 opus
816 777 841 798 et
855 772 977 802 arduum.
995 776 1024 798 ut

234 817 311 843 saepo
330 809 382 834 iam
400 809 532 841 diximu33
559 809 606 835 sed
625 809 837 845 ingredientibus
854 809 1023 835 consideran-

233 847 298 872 dum
318 845 376 876 l'uit,
401 846 466 881 quid
485 855 633 881 ageremus,
659 855 729 872 nunc
743 846 852 881 quidem
868 847 929 877 iam.
955 855 1023 881 quo-

233 892 350 918 cumque
365 883 488 914 feremur,
504 884 589 910 danda
605 884 731 910 nimirum
746 884 804 910 vela
819 888 890 910 sunt.
917 884 953 910 Ac
969 884 1024 918 pri-

235 929 308 947 mum
323 920 506 947 informandus
520 926 559 947 cst
573 921 616 947 ille
632 921 804 956 nobis‚quem
815 921 902 947 solum
913 921 1022 956 quidem

235 962 328 984 vocant
341 958 467 984 Atticum.
492 959 533 984 76.
550 958 718 984 Summissus
732 963 811 985 estet
825 958 944 989 humilis,
960 967 1024 984 con-

233 995 403 1021 suetudinem
419 996 534 1026 imitans.
551 996 583 1021 ab
598 995 732 1022 indisertis
746 1004 773 1022 re
787 995 858 1030 plus,
874 1004 955 1030 quam
965 996 1024 1030 opi-

235 1033 312 1059 nione
335 1032 468 1059 differens.
502 1033 592 1068 Itaque
615 1041 676 1059 eum
695 1033 742 1068 qui
760 1033 882 1064 audiunt,
898 1033 1023 1068 quamvis

197 1080 201 1087 ¹
234 1071 285 1104 ipsi
300 1069 414 1096 infantes
428 1070 489 1100 sint,
507 1075 593 1096 tamen
608 1070 654 1096 illo
668 1070 746 1097 modo
759 1070 896 1097 confidunt
906 1079 934 1096 se
945 1079 1023 1105 posse

233 1107 330 1134 dicere.
364 1107 430 1133 Nam
453 1108 578 1134 orationis
597 1107 732 1134 subtilitas
750 1107 888 1134 imitabilis
903 1107 947 1133 illa
961 1108 1024 1142 qui-

233 1145 294 1171 dem
309 1143 414 1171 videtur
427 1153 486 1171 esse
500 1145 728 1176 existimanti,sed
743 1145 808 1171 nihil
823 1149 862 1171 est
876 1145 1022 1179 experienti

234 1182 334 1208 minus.
364 1182 420 1208 Etsi
435 1183 506 1208 enim
521 1191 571 1208 non
587 1182 696 1217 plurimi
710 1182 850 1218 sanguinis
864 1187 912 1212 est.
929 1182 1024 1208 habeat

235 1224 321 1245 tamen
339 1227 434 1245 sucum
453 1219 569 1254 aliquem
588 1224 697 1254 oportet.
719 1225 756 1250 ut,
776 1220 879 1246 etiamsi
899 1218 952 1245 illis
967 1228 1024 1245 ma-

234 1257 314 1283 ximis
333 1256 436 1283 viribus
454 1261 548 1288 careat,
568 1257 611 1288 sit,
632 1261 661 1283 ut
675 1257 710 1283 ita
724 1257 819 1288 dicam,
835 1257 937 1292 integra
952 1255 1024 1282 vale-

234 1293 334 1320 tudine.
363 1294 406 1320 77.
426 1294 545 1320 Primum
559 1295 640 1330 igitur
653 1303 715 1320 eum
730 1299 865 1329 tamquam
879 1303 893 1320 e
908 1293 1023 1320 vinculis

234 1339 404 1357 numerorum
419 1331 577 1358 eximamus.
611 1331 679 1357 Sunt
692 1332 763 1358 enim
776 1331 896 1366 quidam,
917 1335 946 1357 ut
959 1331 1021 1360 scis,

232 1369 328 1395 oratori
346 1369 458 1399 numeri=
479 1368 511 1395 de
529 1368 629 1403 quibus
649 1377 710 1395 mox
729 1377 848 1404 agemus,
864 1367 1023 1394 observandi

234 1406 333 1432 ratione
351 1405 475 1440 quadam,
496 1406 544 1432 sed
562 1405 614 1432 alio
631 1406 658 1432 in
672 1414 768 1441 genere
781 1406 916 1436 orationis,
932 1406 959 1431 in
975 1405 1024 1431 boc

232 1444 341 1469 omnino
359 1442 537 1478 relinquendi.
571 1443 695 1470 Solutum
713 1443 843 1478 quiddam
857 1443 899 1474 sit,
916 1451 963 1468 nec
978 1451 1024 1468 va-

232 1488 296 1515 gum
310 1484 406 1511 tamen,
427 1485 457 1506 ut
474 1479 577 1516 ingredi
596 1480 686 1511 libere,
703 1489 755 1507 non
769 1485 798 1506 ut
812 1480 920 1506 licenter
933 1479 1025 1506 videa-

233 1522 276 1543 tur
296 1525 392 1544 errare.
426 1517 509 1543 Verba
532 1517 611 1544 etiam
630 1517 719 1544 verbis
741 1518 819 1552 quasi
841 1521 1024 1553 coagmentare

233 1553 358 1590 negligat.
393 1554 477 1581 Habet
489 1555 560 1581 enim
579 1554 624 1581 ille
639 1559 775 1590 tamquam
790 1554 878 1580 hiatus
892 1562 1024 1580 concursu

234 1591 365 1618 vocalium
383 1591 463 1619 molle
476 1591 614 1627 quiddam,
630 1597 656 1618 et
668 1592 741 1626 quod
755 1591 854 1618 indicet
868 1600 919 1618 non
933 1592 1024 1627 ingra-

233 1634 285 1655 tam
300 1628 489 1665 negligentiam
504 1629 537 1655 de
551 1638 578 1655 re
592 1629 708 1656 hominis
723 1629 807 1664 magis
822 1637 903 1663 quam
917 1628 950 1655 de
964 1637 1024 1654 ver-

234 1667 274 1692 bis
297 1665 449 1692 laborantis.
480 1667 522 1692 78.
547 1666 599 1692 Sed
617 1667 666 1693 erit
684 1666 830 1692 videndum
849 1665 883 1692 de
900 1665 1021 1700 reliquis¹

232 1711 318 1737 quum
332 1702 396 1729 haec
409 1703 463 1730 duo
476 1703 500 1730 ei
515 1703 636 1730 liberiora
649 1703 755 1734 fuerint,
771 1703 899 1729 circuitus
912 1702 1024 1738 conglu-

233 1740 379 1775 tinatioque
393 1740 545 1767 verborum.
571 1740 618 1767 Illa
632 1741 703 1767 enim
717 1741 775 1775 ipsa
789 1744 920 1766 contracta
934 1744 959 1766 et
973 1740 1024 1765 mi-

234 1782 296 1803 nuta
319 1786 371 1804 non
394 1777 558 1813 negligenter
578 1777 712 1804 tractanda
735 1782 806 1809 sunt,
827 1776 874 1803 sed
891 1777 1022 1812 quaedam
1045 1807 1046 1812 ¹

233 1815 311 1840 etiam
326 1814 487 1850 negligentia
500 1819 541 1841 est
554 1814 679 1850 diligens.
702 1815 768 1841 Nam
780 1819 809 1840 ut
823 1814 950 1841 mulieres
963 1822 1023 1840 esse
1045 1839 1046 1846 ,

232 1851 358 1878 dicuntur
376 1851 519 1878 nonnullae
532 1852 676 1883 inornatae,
695 1860 763 1887 quas
777 1852 804 1878 id
817 1852 908 1886 ipsum
922 1851 1021 1882 deceat.
1045 1870 1046 1887 3

233 1889 272 1914 sic
286 1888 349 1915 haec
362 1889 470 1915 subtilis
484 1889 566 1915 oratio
584 1889 663 1915 etiam
677 1890 810 1924 incompta
824 1888 945 1915 delectat.
983 1889 1025 1915 Fit
1045 1910 1047 1916 .

232 1926 303 1952 enim
317 1925 446 1960 quiddam
459 1926 487 1952 in
502 1931 622 1961 utroque=
638 1935 692 1961 quo
706 1927 742 1952 sit
755 1926 905 1957 venustius,
913 1926 960 1952 sed
972 1934 1024 1952 non
1045 1944 1047 1954 ι

233 1967 262 1988 ut
275 1967 407 1997 appareat.
443 1963 510 1990 Tum
525 1963 705 1990 removebitur
718 1964 805 1990 omnis
819 1963 934 1999 insignis
947 1972 1025 1990 orna-
1046 1995 1047 2000 1

233 2005 276 2026 tus
289 2001 367 2035 quasi
381 2001 597 2036 margaritarum3
619 2009 652 2027 ne
665 2000 809 2027 calamistri
823 2000 933 2035 quidem
947 2000 1025 2027 adhi-
1045 2013 1047 2034 ,r

234 2037 377 2064 bebuntur.
411 2038 452 2063 79.
473 2038 563 2064 Fucati
578 2046 640 2064 vero
658 2037 850 2064 medicamenta
863 2037 985 2064 candoris
999 2042 1024 2064 et

233 2074 337 2101 ruboris
350 2075 439 2101 omnia
453 2075 628 2109 repellentur3
644 2075 774 2110 elegantia
788 2074 867 2101 modo
880 2079 905 2101 et
915 2074 1024 2101 mundi-
1045 2099 1047 2107 s

234 2112 267 2137 tia
282 2112 437 2138 remanebit.
462 2111 554 2139 Sermo
567 2120 652 2147 purus
665 2113 714 2138 erit
727 2117 753 2138 et
766 2112 891 2144 Latinus;
906 2111 1024 2138 dilucide

233 2148 364 2184 planeque
393 2148 509 2182 dicetur3
550 2149 617 2184 quid
647 2149 749 2180 deceat,
781 2150 1021 2184 circumspicietur.

233 2186 327 2212 XXIV.
345 2186 434 2213 Unum
452 2186 544 2218 aderit.
564 2186 646 2222 (quod
663 2191 789 2222 quartum
804 2191 925 2213 numerat
938 2186 1024 2213 Theo—

233 2223 357 2257 phrastus
372 2224 400 2250 in
413 2224 538 2250 orationis
552 2223 698 2259 laudibus‚)
711 2228 834 2250 ornatum
847 2223 925 2254 illud,
941 2232 1024 2250 suave

231 2264 257 2286 et
271 2259 396 2287 affluens:
418 2265 509 2287 acutae
522 2261 683 2296 crebraeque
696 2261 842 2287 sententiae
855 2266 988 2295 ponentur
998 2265 1023 2287 et
1044 2271 1047 2289 ι

233 2298 321 2324 nescio
335 2297 406 2324 unde
419 2306 454 2324 ex
466 2298 556 2325 abdito
568 2303 667 2329 erutae,
679 2303 758 2333 atque
768 2299 797 2324 in
806 2298 856 2324 hoc
866 2302 966 2324 oratore
975 2298 1024 2324 do-

233 2335 414 2361 minabuntur.
437 2337 478 2361 80.
486 2335 657 2362 Verecundus
671 2336 720 2361 erit
732 2344 799 2362 usus
810 2335 935 2362 oratoriae
945 2335 1023 2370 quasi

232 2371 416 2405 supellectilis.
441 2372 569 2407 Supellex
581 2377 622 2399 est
635 2373 707 2399 enim
717 2372 914 2408 quodammodo
924 2377 1021 2403 nostra,

232 2416 300 2442 quae
321 2413 361 2435 est
383 2410 411 2436 in
433 2411 602 2441 ornamentis,
625 2409 676 2436 alia
689 2418 787 2440 rerum,
804 2409 854 2436 alia
868 2409 1021 2436 verborum.

232 2444 347 2472 Ornatus
360 2451 449 2472 autem
464 2447 604 2473 verborum
619 2446 734 2481 duplex:
760 2455 832 2473 unns
846 2446 1020 2481 simplicium,

232 2481 298 2508 alter
310 2482 508 2510 collocatorum.
529 2483 650 2519 Simplex
663 2484 790 2518 probatur
802 2485 830 2510 in
840 2484 956 2518 propriis
966 2483 1024 2509 usi-

233 2519 348 2554 tatisque
365 2520 464 2552 verbis,
483 2521 557 2556 quod
575 2525 621 2547 aut
638 2521 737 2556 optime
750 2525 826 2548 sonat
839 2525 884 2547 aut
898 2529 953 2546 rem
967 2528 1024 2546 ma-

233 2555 304 2581 xime
317 2556 453 2590 explanat3
481 2558 508 2584 in
521 2557 615 2584 alienis
629 2562 674 2584 aut
688 2557 812 2584 tralatum
825 2562 871 2584 aut
883 2561 1023 2592 sumptum
1046 2577 1047 2603 1

232 2591 349 2623 aliunde,
373 2597 403 2619 ut
424 2599 529 2626 mutuo.
552 2600 598 2621 aut
615 2594 713 2621 sactum
732 2595 765 2621 ab
782 2595 842 2629 ipso
860 2599 905 2620 aut
924 2602 1023 2621 novum
1046 2605 1047 2614 ι

232 2633 278 2654 aut
300 2630 418 2663 priscum
441 2635 466 2656 et
484 2632 650 2658 inusitatum.
685 2631 738 2658 Sed
756 2632 836 2658 etiam
855 2632 980 2657 inusitata
995 2639 1024 2656 ac

234 2666 319 2700 prisca
333 2671 395 2693 sunt
410 2667 436 2693 in
448 2669 570 2702 propriis,
579 2670 631 2696 nisi
641 2668 713 2704 quod
723 2677 780 2695 raro
791 2669 900 2694 utimur.
914 2670 941 2694 8⁴
951 2667 1024 2694 .Col-
1046 2671 1047 2674 ’

1003 145 1275 171 etot-:noxis

1049 217 1050 220 ’
1073 215 1152 240 Ιυωιει
1167 219 1253 239 autc-m
1270 214 1347 240 verba
1363 214 1597 242 tmtwntornatum,
1608 216 1628 241 si
1641 215 1742 250 aliquid
1752 218 1858 242 conr-in-

1073 252 1162 277 uitatis
1184 251 1317 281 elliciunt.
1342 251 1413 286 qum]
1438 252 1525 278 verbis
1549 253 1655 278 mutatis
1679 262 1730 279 non
1757 259 1860 280 maneat

1073 293 1194 314 nmnente
1216 289 1355 314 sententia.
1395 289 1460 315 Nam
1483 291 1672 316 sententiarum
1695 296 1856 317 orn-menta.

1072 334 1140 359 quae
1161 330 1322 359 permanent.
1343 326 1446 352 etiamsi
1466 327 1544 352 verba
1564 327 1718 356 mutaveris,
1739 332 1801 353 nunt
1815 328 1858 354 illa

1072 362 1181 396 quidem
1207 362 1346 396 permulta,
1374 362 1430 392 aed.
1457 371 1526 398 quae
1551 365 1697 393 emineant.
1726 365 1858 399 pauciora.

1074 400 1143 433 Ergo
1161 398 1205 424 ille
1225 399 1312 424 tenuis
1331 404 1423 429 orator.
1444 400 1522 426 modo
1540 401 1574 427 sit
1587 401 1702 436 elegans.
1720 410 1767 427 nec
1781 402 1807 428 in
1823 401 1860 427 lu-

1073 436 1174 462 «φὴ-ηὼς
1191 436 1277 462 verbis
1289 436 1338 462 erit
1351 436 1438 463 audax
1451 442 1476 463 et
1490 438 1515 463 in
1531 438 1719 464 transferendis
1734 447 1862 465 verecun-

1073 473 1124 498 dus
1148 477 1173 499 et
1195 482 1290 507 parcus
1309 474 1334 499 in
1355 474 1459 508 priscis,
1480 474 1645 510 reliquisque
1661 476 1823 502 ornamentis
1836 481 1861 502 et

1074 510 1214 536 verborum
1234 515 1259 536 et
1277 511 1466 537 sententiarum
1481 511 1634 543 deminution
1659 512 1794 539 tralatione
1810 512 1861 539 for-

1050 558 1051 576 ;
1074 552 1143 573 tasse
1161 547 1284 576 crebrior.
1304 557 1355 582 qua
1376 547 1590 582 frequentissime
1608 558 1695 575 sermo
1708 551 1794 576 omnis
1809 552 1862 576 uti-

1074 590 1116 610 tur
1130 593 1180 610 non
1195 584 1273 610 modo
1288 585 1457 615 urbanorum.
1478 586 1523 611 sed
1538 587 1615 612 etiam
1630 588 1802 613 rusticorum:
1825 588 1861 613 si-

1050 631 1051 637 *
1073 621 1182 656 quidem
1201 626 1241 647 est
1258 630 1348 648 eorum
1368 632 1493 655 yemmure
1511 626 1583 652 rim,
1597 626 1670 649 titire
1682 633 1766 656 ayt-oc,
1782 625 1863 650 locum

1074 668 1125 684 cue
1138 663 1238 691 seyen-¹⁸,
1256 661 1391 685 luxuriosa
1404 663 1540 692 frumenta.
1561 662 1602 687 ΒΞ.
1620 661 1691 686 Nihil
1707 661 1801 687 horum
1815 669 1861 696 p·—

1074 704 1133 722 rum
1148 695 1279 726 audacter.
1295 696 1341 722 sed
1355 702 1401 722 aut
1414 697 1502 723 simile
1516 702 1554 723 cst
1569 697 1616 727 illi.
1627 698 1696 723 unde
1711 697 1860 729 transferas.

1074 737 1127 764 aut.
1141 733 1163 759 si
1179 742 1219 758 res
1234 742 1314 759 suum
1330 734 1434 760 nullum
1447 734 1525 760 babet
1535 734 1758 765 nomen‚docendi
1768 743 1862 761 caussa

1074 774 1222 804 sumptum.
1239 779 1290 796 non
1305 770 1414 797 ludendi
1429 771 1541 798 videtur.
1564 772 1616 798 lloe
1629 776 1784 799 ornamento
1797 772 1863 799 tib&

1075 807 1130 833 rius
1146 807 1235 841 paullo
1256 816 1336 842 quam
1350 810 1445 834 ceteris
1469 814 1557 835 utetur
1571 809 1613 835 hic
1627 811 1798 840 summissus.
1815 818 1863 836 nec

1075 849 1127 870 tam
1147 844 1256 870 licenter
1273 849 1370 875 tamen.
1385 854 1466 880 quam
1480 847 1503 872 si
1517 855 1612 881 genere
1626 847 1731 873 dicendi
1747 852 1863 873 uteretur

1075 881 1251 916 amplissimo.
1286 882 1369 908 XXV.
1394 883 1484 918 ltaque
1506 884 1573 910 illud
1596 884 1760 913 indecorum.
1780 883 1863 919 (quod

1052 943 1053 953 ¹
1074 918 1153 953 quale
1167 919 1210 949 sit,
1226 927 1259 945 ex
1273 918 1367 945 decoro
1380 920 1457 946 debet
1472 920 1595 955 intelligi)
1609 921 1651 947 bic
1665 929 1772 956 quoque
1781 930 1864 956 appa—

1052 966 1053 970 *
1075 960 1121 987 ret,
1145 964 1230 990 quum
1246 956 1357 982 verbum
1375 957 1483 992 aliquod
1498 957 1577 984 altius
1593 958 1757 988 transtertur,
1782 958 1864 993 idque

1052 2145 1053 2155 ¹
1074 2149 1172 2175 mentis
1198 2152 1288 2174 utetur
1312 2147 1461 2180 horridius;

1075 993 1101 1019 in
1123 993 1240 1019 oratione
1258 993 1355 1020 humili
1374 995 1489 1029 ponitur,
1509 995 1580 1030 quod
1596 995 1666 1022 idem
1681 996 1707 1021 in
1722 995 1772 1022 alta
1786 996 1864 1022 dece-

1075 1034 1122 1056 ret.
1153 1032 1194 1056 83.
1221 1030 1294 1056 Illam
1308 1035 1396 1057 autem
1410 1032 1622 1062 concinnitatem.
1638 1041 1707 1067 quae
1722 1032 1863 1059 verborum

1073 1067 1271 1094 collocationem
1295 1067 1427 1095 illuminat
1450 1070 1483 1095 iis
1507 1069 1664 1101 luminibus,
1684 1078 1752 1105 quae
1771 1070 1863 1097 Graeci

1073 1105 1151 1139 quasi
1175 1104 1279 1139 aliquos
1305 1110 1397 1141 gestus
1423 1107 1549 1133 orationis
1577 1107 1696 1141 σχήματα
1719 1107 1861 1142 appellant.

1074 1142 1155 1176 (quod
1170 1142 1240 1168 idem
1256 1143 1366 1168 verbum
1381 1143 1414 1169 ab
1429 1143 1470 1169 bis
1484 1145 1561 1170 etiam
1577 1145 1603 1171 in
1618 1145 1808 1171 sententiarum
1822 1153 1865 1170 or-

1075 1183 1196 1205 namenta
1219 1179 1395 1215 transfertur,)
1417 1180 1525 1208 adhibet
1547 1181 1656 1216 quidem
1679 1181 1723 1208 hic
1745 1180 1861 1211 subtilis.

1074 1224 1164 1251 quem,
1182 1217 1234 1242 nisi
1248 1217 1320 1251 quod
1335 1217 1431 1248 solum,
1447 1219 1600 1253 ceteroquin
1615 1223 1683 1245 recte
1697 1218 1807 1254 quidam
1818 1227 1864 1245 vo-

1073 1258 1134 1279 cant
1147 1254 1273 1284 Atticum,
1289 1254 1336 1280 sed
1351 1255 1441 1289 paullo
1455 1257 1570 1290 parcius.
1597 1256 1663 1282 Nam
1677 1257 1747 1282 sicut
1760 1256 1788 1282 in
1797 1264 1864 1290 epu-

1075 1290 1160 1317 larum
1175 1296 1301 1325 apparatu
1319 1300 1333 1317 a
1348 1292 1543 1327 magnificentia
1557 1293 1682 1319 recedens
1696 1301 1748 1319 non
1761 1301 1790 1319 se
1804 1301 1865 1328 par-

1074 1336 1136 1354 cum
1151 1327 1247 1358 solum,
1263 1328 1310 1355 sed
1324 1329 1403 1355 etiam
1417 1329 1565 1365 elegantem
1579 1330 1663 1356 videri
1675 1329 1758 1362 volet;
1773 1330 1861 1366 eliget,

1074 1365 1175 1400 quibus
1197 1369 1296 1392 utatur.
1327 1367 1369 1392 84.
1393 1366 1461 1393 Sunt
1479 1367 1550 1393 enim
1568 1366 1696 1402 pleraque
1709 1371 1768 1402 apta
1782 1367 1864 1394 huius

1075 1403 1162 1436 ipsius
1182 1403 1300 1434 oratoris,
1327 1403 1359 1429 de
1381 1412 1435 1438 quo
1453 1403 1554 1439 loquor.
1578 1405 1763 1439 parsimoniae.
1797 1405 1864 1431 Nam

1074 1439 1130 1470 illa,
1154 1439 1187 1465 de
1209 1440 1310 1474 quibus
1328 1445 1386 1467 ante
1400 1441 1466 1472 dixi,
1484 1442 1547 1468 huic
1560 1446 1637 1468 acuto
1650 1441 1776 1478 fugienda
1790 1447 1862 1471 sunt„

1075 1477 1147 1511 paria
1171 1477 1281 1511 paribus
1300 1477 1379 1504 relata
1397 1483 1422 1504 et
1440 1478 1563 1505 similiter
1580 1478 1704 1506 conclusa
1717 1478 1865 1514 eodemque

1075 1518 1151 1548 pacto
1172 1514 1292 1540 cadentia
1315 1519 1340 1541 et
1358 1516 1502 1542 imitatione
1521 1516 1621 1543 litterae
1638 1517 1716 1552 quasi
1729 1516 1864 1551 quaesitae

1075 1555 1236 1582 venustates,
1257 1560 1290 1578 ne
1310 1551 1441 1579 elaborata
1454 1554 1617 1580 concinnitas
1631 1558 1656 1580 et
1669 1553 1803 1588 quoddam
1817 1562 1866 1580 au·

1074 1589 1186 1623 cupium
1208 1588 1389 1616 delectationis
1411 1589 1552 1616 manifesto
1568 1590 1765 1625 deprehensum
1783 1599 1866 1625 appa-

1074 1630 1138 1652 reat.
1161 1627 1202 1652 85.
1222 1626 1342 1661 Itemque
1360 1627 1382 1653 si
1400 1635 1469 1662 quae
1483 1627 1625 1654 verborum
1639 1628 1789 1654 iterationes
1801 1636 1865 1654 con-

1074 1663 1218 1689 tentionem
1240 1663 1357 1698 aliquam
1379 1669 1405 1690 et
1421 1663 1563 1691 clamorem
1581 1665 1724 1700 requirent,
1741 1669 1818 1691 erunt
1831 1665 1865 1691 ab

1075 1700 1124 1727 hac
1137 1701 1328 1727 summissione
1341 1702 1466 1728 orationis
1480 1701 1594 1734 alienam
1609 1702 1703 1728 ceteris
1714 1702 1864 1736 promiscue

1074 1738 1169 1772 poterit
1187 1737 1235 1769 uti,
1260 1739 1485 1765 continuationem
1503 1739 1645 1766 verborum
1663 1739 1742 1766 modo
1754 1738 1862 1769 relaxet.

1074 1780 1099 1801 et
1113 1775 1215 1801 dividat
1229 1780 1371 1810 utaturque
1386 1775 1474 1802 verbis
1487 1784 1569 1811 quam
1582 1776 1774 1808 usitatissimis.
1786 1776 1866 1802 trala-

1076 1812 1194 1839 tionibus
1206 1820 1287 1847 quam
1302 1812 1482 1845 mollissimis;
1513 1813 1592 1840 etiam
1610 1813 1655 1840 illa
1673 1814 1864 1840 sententiarum

1075 1849 1177 1876 lumina
1188 1855 1315 1881 assumet,
1326 1859 1394 1885 quae
1408 1859 1460 1877 non
1470 1855 1549 1877 erunt
1558 1850 1728 1877 vehementer
1738 1850 1862 1877 illustria.

1074 1887 1133 1914 Non
1155 1887 1233 1914 saciet
1254 1887 1447 1922 rempublicam
1470 1887 1623 1923 loquentem
1645 1896 1694 1914 nec
1715 1887 1749 1914 ab
1771 1887 1864 1914 inseris

1075 1929 1193 1952 mortuos
1215 1924 1341 1951 excitabit
1362 1933 1410 1951 nec
1432 1925 1573 1951 acervatim
1591 1924 1675 1951 multa
1693 1924 1864 1960 frequentans

1075 1970 1128 1988 una
1146 1961 1330 1996 complexione
1347 1961 1489 1988 devinciet.
1522 1961 1704 1989 Valentiorum
1722 1961 1786 1988 haee
1800 1961 1865 1988 late—

1075 2008 1134 2026 rum
1153 2003 1216 2025 sunt
1233 2007 1281 2025 nec
1295 1999 1328 2025 ab
1341 1998 1399 2030 hoc.
1415 2007 1496 2034 quem
1509 1998 1694 2030 informamus¹
1710 2003 1756 2025 aut
1768 2007 1865 2034 exspe—

1074 2036 1168 2063 ctanda
1182 2040 1228 2062 aut
1240 2035 1408 2071 postulanda.
1442 2036 1499 2062 Erit
1515 2037 1587 2062 enim
1602 2041 1631 2062 ut
1644 2044 1717 2067 voce,
1733 2036 1772 2062 sic
1785 2037 1864 2062 etiam

1074 2074 1191 2101 oratione
1204 2074 1382 2108 suppressior.
1398 2075 1440 2099 86.
1452 2073 1505 2099 Sed
1519 2073 1645 2108 pleraque
1657 2081 1692 2100 ex
1704 2072 1759 2100 illis
1767 2081 1866 2100 conve-

1075 2112 1148 2138 nient
1170 2111 1250 2137 etiam
1268 2110 1331 2137 huic
1349 2111 1479 2141 tenuitati,
1499 2119 1664 2146 quamquam
1677 2109 1774 2137 iisdem
1787 2118 1864 2137 orna-

1496 2147 1575 2174 talem
1600 2148 1672 2174 enim
1697 2146 1861 2174 inducimus.

1074 2185 1188 2212 Accedet
1204 2185 1272 2211 actio
1290 2193 1342 2211 non
1360 2185 1457 2220 tragica
1471 2193 1519 2211 nec
1532 2193 1634 2216 scenae,
1649 2183 1697 2211 sed
1710 2183 1812 2211 modica
1826 2185 1864 2210 ia-

1074 2222 1186 2249 ctatione
1199 2222 1326 2257 corporis,
1343 2221 1420 2248 vultu
1435 2227 1522 2248 tamen
1535 2221 1620 2248 multa
1632 2220 1788 2254 conficiens;
1811 2229 1863 2248 non

1074 2260 1132 2290 hoc,
1148 2267 1203 2294 quo
1216 2259 1343 2286 dicuntur
1355 2268 1385 2286 os
1399 2259 1504 2290 ducere,
1520 2259 1568 2285 sed
1581 2258 1697 2293 illo,quo
1711 2257 1863 2294 significant

1074 2297 1198 2333 ingenue,
1215 2305 1269 2331 quo
1282 2305 1364 2323 sensu
1377 2296 1498 2332 quidque
1511 2296 1690 2331 pronuntient.

1129 2334 1226 2360 XXVI.
1242 2334 1285 2360 87.
1305 2334 1372 2360 Huic
1389 2334 1478 2369 generi
1497 2333 1622 2360 orationis
1636 2336 1810 2367 aspergentur
1823 2336 1864 2358 et-

1074 2371 1127 2397 iam
1145 2370 1223 2401 sales,
1245 2372 1293 2406 qui
1311 2371 1339 2397 in
1357 2370 1468 2397 dicendo
1486 2370 1600 2396 nimium
1613 2374 1745 2404 quantum
1760 2368 1861 2400 valent;

1074 2417 1188 2443 quorum
1206 2407 1261 2434 duo
1273 2416 1369 2443 genera
1383 2412 1454 2438 sunt,
1474 2415 1558 2433 unum
1573 2405 1735 2437 facetiarum,
1751 2405 1864 2433 alterum

1074 2445 1229 2471 dicacitatis.
1263 2445 1356 2472 Utetur
1378 2450 1504 2479 utroque;
1526 2443 1573 2470 sed
1591 2443 1672 2470 altero
1689 2443 1717 2470 in
1735 2443 1865 2470 narrando

1052 2503 1054 2526 3
1075 2482 1177 2517 aliquid
1191 2487 1311 2513 venuste,
1331 2481 1412 2508 altero
1429 2482 1456 2507 in
1470 2480 1590 2507 iaciendo
1603 2479 1785 2515 mittendoque
1798 2479 1866 2506 ridi-

1074 2519 1143 2550 culo,
1163 2519 1242 2545 cuius
1262 2527 1359 2554 genera
1376 2518 1453 2553 plura
1467 2522 1543 2550 sunt;
1573 2517 1621 2544 sed
1635 2525 1706 2544 nunc
1719 2516 1793 2543 aliud
1806 2517 1864 2552 agi-

1075 2565 1145 2582 mus.
1172 2558 1214 2582 88.
1233 2555 1303 2582 lllud
1317 2555 1492 2582 admonemus
1505 2559 1601 2585 tamen.
1617 2553 1731 2581 ridiculo
1743 2554 1783 2580 sic
1795 2562 1864 2580 usu·

1075 2602 1134 2619 rum
1148 2597 1286 2623 oratorem,
1303 2597 1331 2619 ut
1345 2600 1391 2619 nec
1405 2592 1486 2618 nimis
1500 2591 1682 2626 frequenti,ne
1691 2589 1803 2617 scurrile
1811 2591 1860 2622 sit3

1053 2644 1054 2648 =
1075 2639 1122 2656 nec
1136 2630 1311 2660 subobsceno,
1329 2638 1361 2655 ne
1375 2629 1527 2661 mimicum
1549 2637 1599 2655 neo
1611 2627 1750 2664 petulanti,
1765 2636 1800 2655 ne
1811 2628 1863 2654 im-

1075 2667 1202 2702 probum:
1223 2675 1270 2693 nec
1283 2667 1311 2693 in
1322 2666 1506 2697 calamitatem,
1523 2674 1555 2692 ne
1569 2665 1760 2697 inhumanum
1777 2665 1862 2692 necin
