1941 3052
534 150 827 177 PHILIPPICA
861 149 938 176 VIII.

63 228 109 246 cae
119 227 213 246 caussa
225 218 344 246 defendit
354 220 510 246 Antonium.
540 220 597 256 Ego
607 225 641 252 te,
654 229 739 256 quum
750 221 778 247 in
789 220 860 247 Mas-

63 257 188 285 silienses
199 261 253 283 tam
265 265 294 283 es
304 257 425 289 acerbus,
433 257 501 289 Fufi,
510 266 562 284 non
573 259 662 284 animo
673 267 758 293 aequo
768 258 857 284 audio.

63 294 211 329 Quousque
222 294 293 320 enim
300 294 446 321 Massiliam
455 295 645 330 oppugnabis?
656 296 693 322 Ne
705 295 858 330 triumphus

63 331 174 367 quidem
190 331 271 358 finem
287 331 350 358 facit
363 331 446 358 belli?
465 341 511 367 per
524 341 604 367 quem
621 332 670 359 lata
686 337 726 359 est
742 332 807 359 urbs
818 341 857 363 ea,

63 369 121 395 sine
136 377 190 404 qua
204 377 353 403 numquam
365 378 398 396 ex
409 369 592 404 Transalpinis
607 370 734 405 gentibus
746 370 858 396 maiores

64 407 146 432 nostri
162 406 405 441 triumphaverunt.
445 407 504 439 Quo
514 407 624 442 quidem
640 412 757 442 tempore
773 415 859 442 popu-

64 443 106 470 lus
122 444 259 470 Romanus
276 444 416 480 ingemuit.
455 444 624 479 Quamquam
645 446 716 471 enim
738 445 858 479 proprios

63 480 168 507 dolores
178 489 288 507 suarum
299 490 389 508 rerum
400 490 492 508 omnes
508 482 654 508 habebant:
672 487 760 508 tamen
776 482 858 508 huius

62 518 179 545 civitatis
194 518 367 545 fidelissimae
386 519 508 545 miserias
524 527 602 546 nemo
620 524 675 546 erat
692 520 759 545 civis
778 520 826 554 qui
845 527 859 544 a

63 564 92 582 se
102 555 202 582 alienas
213 556 394 582 arbitraretur.
429 557 468 582 19.
491 556 586 583 Caesar
596 557 663 591 ipse,
676 557 723 591 qui
735 556 790 582 illis
801 556 860 582 fue-

62 597 102 619 rat
113 593 275 619 iratissimus
284 614 290 624 ,
303 598 392 620 tamen
404 598 510 628 propter
521 594 685 629 singularem
696 594 754 620 eius
766 594 859 620 civita-

62 631 97 657 tis
107 630 265 666 gravitatem
281 635 307 657 et
321 630 401 657 fidem
412 631 531 666 quotidie
541 631 643 666 aliquid
654 630 807 657 iracundiae
818 639 860 656 re-

62 668 198 694 mittebat:
221 672 245 694 te
266 667 340 694 nulla
354 677 403 694 sua
421 668 569 694 calamitate
583 669 677 694 civitas
695 669 790 694 satiare
806 673 859 693 tam

63 704 150 731 fidelis
166 704 270 740 potest?
294 705 398 732 Rursus
419 706 471 731 iam
492 714 535 731 me
554 706 632 732 irasci
648 705 759 732 fortasse
773 705 857 731 dices.

62 742 119 778 Ego
134 747 222 768 autem
238 743 296 768 sine
311 742 448 768 iracundia
463 742 536 774 dico,
554 747 584 769 ut
593 743 695 774 omnia,
712 751 760 770 nec
771 747 859 769 tamen

62 780 121 806 sine
132 779 235 806 dolore:
252 780 392 806 Neminem
404 779 444 806 illi
454 780 555 806 civitati
567 780 707 807 inimicum
719 788 777 806 esse
789 780 860 806 arbi-

62 821 129 848 tror,
147 817 195 852 qui
210 817 312 843 amicus
327 817 391 843 huie
406 817 441 843 sit
451 817 563 843 civitati.
602 818 773 852 Excogitare,
791 825 860 852 quae

63 859 108 881 tua
120 855 185 880 ratio
196 854 239 885 sit,
253 854 358 885 Calene,
374 862 426 880 non
437 863 559 889 possum.
588 854 671 881 Antea
682 855 813 881 deterrere
824 859 858 886 te,

63 900 95 918 ne
106 891 243 926 popularis
255 899 328 918 esses
336 912 342 923 ,
359 900 412 918 non
422 896 590 926 poteramus:
607 901 716 919 exorare
726 901 811 924 nunc,
830 897 860 919 ut

62 929 100 955 sis
112 927 258 963 popularis,
271 937 324 955 non
335 937 491 964 possumus.
523 929 593 956 Satis
605 929 688 956 multa
699 939 761 956 cum
773 929 857 961 Fufio,

62 974 92 992 ac
107 966 166 992 sine
180 966 241 993 odio
255 967 357 998 omnia,
374 966 441 993 nihil
455 967 513 993 sine
523 967 623 993 dolore.
663 967 748 994 Credo
759 972 857 999 autem,

61 1004 109 1038 qui
120 1004 210 1039 generi
221 1003 358 1039 querelam
369 1004 502 1031 moderate
514 1003 587 1036 ferat,
595 1013 681 1040 aequo
691 1006 780 1032 animo
792 1005 860 1032 latu-

62 1049 122 1067 rum
134 1049 223 1067 amici.

117 1078 172 1104 VH.
194 1080 236 1105 20.
257 1078 341 1105 Venio
357 1087 429 1105 nunc
444 1079 477 1105 ad
488 1078 606 1114 reliquos
616 1079 779 1111 consulares,
793 1089 860 1115 quo-

61 1123 121 1142 rum
133 1119 173 1142 est
185 1124 271 1147 nemo,
284 1115 352 1151 (iure
362 1116 412 1143 hoc
423 1125 482 1144 meo
492 1116 572 1152 dico‚)
583 1117 650 1152 quin
661 1126 767 1144 mecum
778 1117 860 1144 habe-

62 1157 88 1179 at
107 1152 226 1188 aliquam
247 1154 462 1180 coniunctionem
483 1155 595 1190 gratiae,
636 1154 681 1181 alii
703 1156 857 1187 maximam,

62 1189 108 1217 alii
123 1190 293 1223 mediocrem,
306 1199 385 1218 nemo
396 1191 509 1218 nullam.
550 1191 635 1224 Quam
648 1192 790 1219 hesternus
801 1192 859 1219 dies

62 1228 149 1258 nobis,
172 1227 359 1255 consularibus
379 1229 448 1260 dico,
467 1229 553 1264 turpis
567 1229 672 1256 illuxit!
712 1231 810 1257 Iterum
823 1230 861 1256 le-

62 1264 156 1301 gatos?
184 1264 273 1298 Quid‘?
302 1265 348 1292 ille
359 1265 456 1292 faceret
467 1266 607 1293 inducias?
635 1267 703 1294 Ante
713 1276 742 1294 os
754 1267 861 1294 oculos-

62 1310 117 1337 que
135 1302 282 1338 legatorum
298 1303 435 1330 tormentis
452 1304 583 1330 Mutinam
596 1305 759 1331 verberavit:
791 1314 859 1340 opus

62 1340 219 1366 ostendebat
229 1341 462 1376 munitionemque
473 1341 580 1377 legatis:
612 1350 646 1368 ne
657 1347 787 1377 punctum
798 1343 860 1378 qui-

63 1377 124 1403 dem
141 1378 278 1412 temporis,
295 1386 382 1413 quum
398 1378 479 1414 legati
495 1378 627 1410 adessent,
643 1380 808 1415 oppugnatio
819 1388 861 1406 re—

61 1415 183 1449 spiravit.
214 1414 254 1441 Ad
265 1415 337 1441 hunc
349 1415 468 1451 legatos‘?
487 1416 558 1442 Cur‘?
585 1425 618 1443 an
630 1421 761 1443 uteorum
773 1417 859 1444 reditu

63 1452 249 1478 vehementius
268 1452 479 1487 pertimescatis?
508 1455 550 1480 24.
571 1454 704 1489 Equidem
716 1463 800 1490 quum
813 1463 860 1481 an-

62 1494 104 1515 tea
126 1488 225 1525 legatos
248 1489 354 1516 decerni
375 1499 427 1517 non
448 1491 623 1523 censuissem,
647 1492 696 1518 hoc
712 1500 754 1518 me
772 1496 859 1518 tamen

63 1526 227 1558 consolabar,
248 1527 329 1562 quod,
343 1536 429 1563 quum
441 1527 481 1554 illi
493 1528 526 1555 ab
541 1528 656 1555 Antonio
670 1530 816 1564 contempti
835 1534 860 1556 et

62 1600 140 1627 illurn
157 1609 170 1627 e
186 1601 273 1628 Gallia
288 1601 455 1634 discessisse,
469 1603 508 1629 uti
518 1604 730 1630 censuissemus:
743 1604 790 1630 sed
802 1613 834 1630 ne
845 1613 859 1630 a

62 1638 164 1664 Mutina
184 1638 294 1674 quidem
316 1640 469 1671 recessisse,
491 1645 648 1675 potestatem
669 1642 722 1667 sibi
738 1642 767 1667 D.
785 1642 859 1668 Bruti

61 1675 239 1702 conveniendi
255 1685 306 1703 non
325 1676 421 1703 fuisse:
457 1677 584 1712 putabam
596 1677 660 1710 sore,
673 1683 703 1705 ut
713 1687 806 1705 omnes
819 1679 860 1705 in-

62 1711 189 1739 flammati
209 1713 279 1745 odio,
302 1715 408 1741 excitati
424 1714 523 1746 dolore,
541 1716 632 1747 armis,
650 1717 736 1750 equis,
751 1717 816 1743 viris
827 1717 857 1743 D.

61 1750 143 1777 Bruto
158 1750 375 1778 subveniremus.
415 1752 470 1779 Nos
485 1753 564 1779 etiam
578 1752 758 1789 languidiores
770 1759 860 1788 postea

63 1787 125 1814 facti
137 1796 241 1819 sumus,
253 1797 335 1824 quam
346 1789 382 1816 M.
404 1788 510 1816 Antonii
524 1799 575 1817 non
587 1790 676 1817 solum
686 1791 823 1817 audaciam
835 1796 861 1818 et

62 1824 160 1857 scelus,
181 1825 229 1852 sed
245 1826 324 1852 etiam
339 1825 507 1854 insolentiam
523 1828 734 1863 superbiamque
751 1838 861 1863 perspe-

62 1863 163 1889 ximus.
203 1864 245 1890 22.
267 1863 374 1890 Utinam
390 1864 419 1891 L.
447 1864 543 1891 Caesar
554 1865 661 1896 valeret,
677 1865 787 1892 Servius
798 1866 861 1892 Sul-

63 1900 150 1935 picius
162 1900 277 1927 viveret:
318 1901 403 1928 multo
418 1901 516 1928 melius
532 1902 597 1929 haec
606 1912 701 1929 caussa
713 1909 836 1939 ageretur
846 1913 860 1930 u

63 1937 159 1968 tribus,
172 1945 253 1972 quam
265 1946 337 1964 nunc
348 1939 436 1974 agitur
445 1939 479 1965 ab
490 1948 553 1966 uno.
584 1940 707 1967 Dolenter
718 1940 767 1967 hoc
773 1941 860 1968 dicam

62 1974 160 2009 potius,
174 1982 255 2009 quam
267 1975 472 2003 contumeliose:
494 1977 601 2008 deserti,
617 1977 724 2009 deserti,
738 1979 858 2013 inquam,

61 2019 172 2042 sumuS,
194 2016 282 2046 patres
305 2013 462 2048 conscripti,
483 2022 496 2039 a
524 2014 702 2049 principibus.
744 2015 806 2046 Sed,
832 2021 861 2043 ut

62 2057 142 2083 saepe
165 2049 217 2075 iam
232 2049 298 2080 dixi.
321 2058 414 2076 omnes
430 2051 456 2077 in
473 2055 544 2077 tento
556 2052 684 2086 periculo,
697 2053 745 2087 qui
757 2058 826 2079 recte
836 2058 861 2080 et

63 2085 165 2113 sortiter
185 2087 312 2118 sentient,
326 2091 404 2113 erunt
423 2087 588 2115 consulares.
638 2088 766 2115 Animum
782 2090 860 2116 nobis

63 2122 154 2150 afferre
170 2122 249 2159 legati
261 2123 426 2150 debuerunt:
450 2125 571 2152 timorem
583 2126 742 2153 attulerunt:
765 2135 862 2162 quam-

62 2169 144 2196 quam
157 2161 225 2187 mihi
235 2161 346 2196 quidem
359 2161 479 2188 nullum:
497 2163 622 2198 quamvis
633 2163 666 2190 de
677 2163 732 2195 illo,
741 2163 773 2190 ad
780 2173 860 2200 quem

63 2198 141 2225 missi
161 2202 238 2230 sunt,
261 2199 328 2225 bene
342 2199 510 2226 existiment:
541 2209 555 2226 n
572 2209 627 2236 quo
642 2201 721 2227 etiam
738 2202 860 2228 mandata

63 2240 231 2270 acceperunt.
271 2235 338 2263 vlu.
361 2238 403 2263 23.
425 2236 483 2267 Pro,
503 2237 541 2264 dii
555 2238 732 2265 immortales!
754 2239 801 2266 ubi
821 2244 862 2266 est

64 2272 109 2300 ille
123 2281 181 2300 mos
192 2274 334 2308 virtusque
345 2273 496 2300 maiorum?
515 2275 544 2301 C.
553 2275 683 2310 Popillius
695 2276 766 2311 apud
778 2277 861 2303 maio-

64 2318 105 2337 res
117 2315 220 2337 nostros
231 2319 316 2345 quum
328 2311 359 2337 ad
372 2311 531 2338 Antiochum
543 2320 632 2348 regem
645 2313 747 2349 legatus
760 2315 860 2340 missus

63 2351 142 2378 esset,
155 2352 180 2374 et
192 2348 282 2374 verbis
293 2353 403 2375 senatus
414 2348 607 2381 denuntiasset,
620 2355 650 2377 ut
660 2350 859 2377 abAlexandrin

64 2383 220 2417 discederet,
233 2394 314 2421 quam
325 2386 479 2413 obsidebat:
501 2395 585 2421 quum
599 2391 705 2422 tempus
717 2387 760 2414 ille
772 2388 861 2415 differ-

65 2426 112 2453 ret,
134 2422 239 2459 virgula
259 2427 373 2450 stantem
393 2424 606 2459 circumscripsit
630 2424 752 2460 dixitque
772 2434 800 2451 se
820 2435 861 2452 rc-

65 2459 250 2487 nuntiaturum
261 2461 377 2492 senatui,
385 2461 436 2487 nisi
450 2462 524 2496 prius
535 2461 587 2487 sibi
595 2462 785 2496 respondisset,
794 2463 860 2498 quid

65 2494 182 2524 facturus
203 2502 282 2530 esset,
293 2506 375 2534 quam
390 2507 423 2525 ex
434 2498 479 2525 illa
490 2499 736 2534 circumscriptione
748 2499 859 2526 excede-

66 2537 114 2560 ret.
157 2534 307 2562 Praeclare:

67 2574 115 2602 rat,
135 2572 317 2599 auctoritatem
338 2574 430 2609 populi
442 2574 567 2599 Romani:
594 2574 636 2599 cui
653 2574 700 2608 qui
713 2583 763 2600 non
776 2579 857 2610 paret,

67 2615 118 2634 non
133 2608 166 2634 ab
177 2617 208 2636 eo
223 2610 344 2637 mandata
356 2611 509 2646 accipienda
521 2615 592 2642 sunt,
609 2611 654 2637 sed
667 2612 726 2646 ipse
737 2617 775 2638 est
790 2617 860 2638 totus

67 2645 258 2680 repudiandus
290 2649 332 2675 24.
353 2648 393 2675 An
410 2656 458 2685 ego
472 2648 506 2674 nb
519 2657 550 2675 co
565 2648 686 2675 mundata
701 2649 857 2684 acciperem,

66 2682 114 2717 qui
127 2688 235 2711 senatus
249 2685 373 2713 mandata
386 2685 583 2713 contemneret?
602 2690 647 2712 aut
658 2687 681 2713 ei
693 2695 753 2713 cum
766 2691 859 2714 senatu

888 1393 890 1417 ζ
912 1382 1092 1406 commiserint.

343 2540 452 2563 senatus
467 2536 538 2562 enim
556 2536 648 2562 faciem
661 2545 752 2563 secum
764 2537 860 2563 attule-
889 2535 891 2540 ’

980 150 1076 177 CAP.
1100 152 1114 176 3
1135 166 1171 170 —
1193 153 1232 177 lo.
1655 156 1703 181 6:355

909 220 1058 255 quidquam
1079 229 1221 248 commune
1235 221 1389 253 iudicarem,
1403 223 1450 257 qui
1461 223 1647 258 imperatorem
1659 234 1706 259 po-

910 258 968 293 puli
982 258 1102 290 Romani,
1118 263 1213 285 senatu
1227 259 1392 294 prohibente,
1408 260 1560 287 obsideret‘?
1589 261 1621 287 At
1637 271 1705 296 quae

910 295 1047 321 mandata!
1069 304 1122 331 qua
1133 297 1294 332 arrogantia!
1315 305 1370 332 quo
1381 298 1502 332 stupore!
1525 307 1578 333 quo
1592 299 1703 333 spiritu!

911 332 964 359 Cur
974 337 1063 359 autem
1077 342 1108 359 ea
1119 333 1212 369 legatis
1224 334 1321 360 nostris
1332 334 1420 365 dabat,
1428 343 1512 369 quum
1525 336 1558 362 ad
1568 344 1615 362 nos
1627 336 1706 372 Coty-

911 369 963 396 lam
987 371 1116 401 mitteret,
1141 376 1326 398 ornamentum
1349 378 1428 407 atque
1452 381 1538 399 arcem
1559 374 1705 400 amicorum

910 415 1030 438 suorum,
1046 407 1182 434 hominem
1196 408 1368 435 aedilicium?
1395 410 1416 436 si
1431 418 1494 436 vero
1505 415 1560 436 tum
1573 410 1623 437 fuit
1634 411 1707 437 aedi-

911 444 952 475 lis,
966 453 1052 479 quum
1063 453 1125 471 eum
1136 446 1214 472 iussu
1226 446 1333 472 Antonii
1348 447 1375 473 in
1386 448 1511 474 convivio
1521 448 1591 474 servi
1603 448 1705 483 publici

911 480 973 507 loris
985 482 1148 509 ceciderunt.
1170 484 1211 509 25.
1227 483 1260 509 At
1270 492 1351 518 quam
1366 485 1484 511 modesta
1496 485 1632 512 mandata!
1656 485 1707 512 ser-

910 519 947 544 rei
963 527 1069 550 sumus,
1092 524 1180 554 patres
1194 522 1347 556 conscripti,
1364 522 1412 556 qui
1423 522 1571 557 quidquam
1586 523 1649 549 huic
1661 532 1708 550 ne-

909 564 1015 591 gamus.
1046 557 1185 591 Utramque
1201 561 1371 591 provinciam,
1384 559 1481 594 inquit,
1494 563 1609 586 remitto:
1631 570 1707 587 erer-

911 595 989 619 citum
1007 596 1118 627 depono:
1145 598 1265 627 priuatus
1283 605 1335 622 esse
1353 605 1404 622 ‘non
1422 606 1520 624 recuso.
1561 598 1629 624 Haec
1644 603 1708 624 sunt

910 631 981 656 enim
993 631 1083 657 verba.
1118 631 1212 658 Redire
1223 632 1256 658 ad
1268 642 1296 659 se
1309 633 1423 660 videtur.
1459 635 1552 661 Omnia
1561 637 1706 665 obliviscor,

910 670 938 694 in
961 671 1073 701 qratiam
1092 671 1174 695 redeo.
1207 669 1260 696 Sed
1280 670 1346 705 quid
1362 671 1502 707 adiungit?
1529 675 1554 698 si
1569 674 1708 705 leyionilms

911 708 971 731 meis
990 714 1049 736 sex,
1069 709 1093 732 si
1110 708 1250 739 equitibus,
1272 710 1296 733 si
1309 710 1407 734 cohorti
1423 712 1571 742 praetoriae
1583 713 1707 743 praedam

910 751 1051 776 agrumque
1061 745 1191 770 dederitis.
1232 745 1279 771 His
1290 746 1368 771 etiam
1380 747 1497 780 praemia
1509 747 1634 781 postulat,
1646 749 1708 783 qui-

910 780 962 806 bus
974 784 1004 806 ut
1024 781 1178 815 ignoscatur
1197 782 1220 807 si
1231 782 1357 816 postulet,
1370 783 1625 818 impudentissimus
1637 785 1709 812 iudi-

911 821 995 843 cetur.
1035 817 1118 844 Addit
1137 823 1281 853 praeterea,
1300 824 1341 851 ut,
1358 829 1421 854 quos
1436 824 1489 854 ipse
1503 830 1559 847 cum
1575 823 1708 848 Dolabella

910 856 1008 881 dederit
1023 864 1108 888 uaros,
1126 860 1226 883 teneant
1240 859 1268 887 ii,
1280 859 1372 891 quibus
1386 860 1442 884 dati
1455 860 1514 885 sint.
1546 859 1592 885 [X.
1606 861 1648 886 26.
1662 860 1708 886 Hi(-

911 896 952 918 est
966 892 1118 927 Campanus
1139 902 1202 929 ager
1222 898 1247 920 et
1262 894 1421 926 Leontinus,
1442 904 1510 931 quae
1526 896 1579 923 duo
1595 897 1708 923 maiores

911 930 994 956 nostri
1019 939 1138 956 annonae
1162 930 1285 967 perfugia
1305 932 1447 959 ducebant.
1501 933 1583 960 Cavet
1606 935 1705 965 mimis,

910 966 1081 998 aleatoribus,
1091 967 1246 995 lenonibus:
1264 970 1385 1004 Caphoni
1397 972 1476 997 etiam
1487 975 1511 997 et
1522 971 1607 998 Saxae
1618 977 1706 998 cavet:

911 1012 978 1039 quos
997 1006 1166 1032 centuriones
1181 1015 1317 1042 pugnaces
1333 1012 1358 1034 et
1374 1007 1515 1035 lacertosos
1530 1010 1599 1035 inter
1612 1010 1710 1036 mimo-

911 1051 972 1068 rum
992 1047 1018 1069 et
1038 1043 1181 1069 mimarum
1197 1053 1292 1079 greges
1307 1045 1455 1072 collocavit.
1495 1046 1615 1073 Postulat
1633 1056 1710 1082 prae-

911 1084 989 1111 terea,
1011 1084 1039 1106 ut
1054 1081 1282 1114 chirographorum
1293 1088 1315 1109 et
1327 1086 1564 1110 commentariorum
1575 1094 1623 1111 sua
1634 1087 1710 1111 colle-

910 1126 1007 1151 qaeque
1015 1120 1057 1144 sui
1069 1120 1172 1145 decreta
1185 1124 1313 1146 maneant.
1352 1120 1423 1152 Quid
1438 1121 1546 1153 laborat,
1560 1127 1590 1148 ut
1604 1122 1707 1152 habeat,

910 1154 984 1189 quod
993 1155 1110 1190 quisque
1122 1161 1253 1183 mercatus
1265 1161 1312 1189 est,
1325 1158 1359 1189 si,
1371 1159 1444 1193 quod
1455 1160 1564 1194 accepit,
1575 1159 1653 1186 habet
1662 1161 1708 1195 qui

912 1192 1050 1219 vendidit?
1073 1197 1096 1219 et
1112 1202 1143 1219 ne
1153 1198 1294 1228 tanqantur
1303 1198 1416 1222 rationes
1426 1199 1460 1222 ad
1472 1197 1548 1230 Opis.-
1578 1197 1604 1223 id
1616 1202 1664 1228 est,
1678 1207 1710 1224 ne

911 1230 1010 1264 septies
1027 1229 1125 1257 millies
1141 1237 1325 1266 recuperetur:
1357 1242 1388 1259 ue
1396 1236 1486 1267 fraudi
1495 1237 1530 1260 sit
1542 1238 1708 1268 septemviris.

911 1269 979 1301 quod
999 1270 1116 1301 eqissent.
1157 1269 1262 1296 Nucula
1278 1270 1337 1301 hoc,
1353 1270 1440 1302 credo,
1459 1271 1611 1299 admonuit:
1635 1281 1710 1299 vere-

911 1305 990 1331 batur
1005 1304 1125 1337 sortasse,
1139 1314 1172 1333 ne
1183 1308 1315 1334 amitteret
1331 1312 1415 1335 tentas
1427 1308 1574 1335 clientelas.
1615 1310 1709 1337 Caveri

911 1342 991 1368 etiam
1011 1342 1070 1368 vult
1089 1345 1130 1373 iis,
1151 1347 1196 1377 qui
1209 1353 1293 1370 secum
1307 1350 1375 1375 sunt,
1395 1349 1520 1380 quidquid
1539 1352 1629 1373 contra
1646 1349 1710 1381 leyes

1142 1381 1271 1408 Mustelae
1295 1387 1321 1408 et
1339 1382 1429 1409 Tironi
1451 1384 1593 1418 prospicit:
1628 1384 1661 1411 de
1681 1393 1710 1411 se

911 1416 978 1443 nihil
992 1416 1101 1444 laborat.
1123 1419 1165 1445 27.
1177 1418 1248 1451 Quid
1259 1419 1330 1445 enim
1341 1421 1476 1447 commisit
1483 1421 1631 1456 umquam?
1644 1431 1708 1448 num

911 1458 957 1480 aut
976 1455 1117 1489 pecuniam
1137 1456 1274 1490 publicam
1286 1457 1380 1492 attigit,
1399 1463 1443 1484 aut
1455 1458 1590 1485 hominem
1603 1459 1706 1489 occidit.

911 1495 957 1518 aut
972 1500 1065 1518 secum
1082 1492 1176 1519 habuit
1191 1493 1324 1520 armatos?
1344 1494 1397 1521 Sed
1408 1495 1475 1530 quid
1486 1501 1534 1527 est,
1548 1496 1620 1531 qnod
1631 1497 1664 1523 de
1677 1497 1709 1523 iis

888 1552 889 1570 ἶ
912 1528 1030 1555 laboret?
1043 1530 1161 1557 Postulat
1174 1531 1255 1562 enim,
1264 1540 1294 1557 ue
1304 1540 1351 1558 sua
1364 1535 1554 1560 iudiciarialeae
1561 1536 1708 1567 abroyelur.

62 1563 153 1590 reiecti
174 1565 346 1591 revertissent
366 1565 553 1601 dixissentque
575 1567 689 1598 senatui,
713 1576 765 1593 non
782 1567 860 1593 modo

910 1566 969 1598 Quo
980 1566 1130 1601 impetrato,
1148 1568 1213 1603 quid
1225 1568 1348 1603 estquod
1361 1570 1479 1596 metuat?
1499 1580 1540 1601 an.
1555 1579 1586 1597 ne
1598 1580 1709 1598 suorum

910 1603 1009 1638 aliquis
1029 1604 1134 1640 aCyda,
1154 1606 1275 1641 Lysiade,
1293 1607 1372 1633 Curio
1383 1607 1594 1635 condemnetur?
1617 1609 1710 1644 Neque

911 1645 999 1667 tamen
1015 1650 1062 1668 nos
1074 1647 1151 1678 urget
1162 1643 1293 1669 mandatis
1306 1643 1444 1678 pluribus:
1468 1647 1577 1672 remittit
1588 1646 1710 1681 aliquan-

912 1683 968 1704 tum
984 1683 1010 1705 et
1023 1679 1133 1706 relaxat.
1177 1680 1299 1711 Galliam,
1313 1682 1410 1716 inquit,
1425 1687 1535 1716 lassatam
1549 1686 1656 1711 remitto.
1668 1694 1710 1710 co-

911 1721 1005 1742 matam
1014 1718 1127 1749 postulo.
1168 1718 1276 1744 Otiosus
1290 1718 1413 1746 videlicet
1424 1728 1482 1746 esse
1494 1720 1604 1747 mavult.
1649 1722 1711 1747 Cum

910 1762 957 1780 stuc
969 1755 1117 1787 leqionibus,
1127 1755 1223 1790 inquit,
1233 1758 1314 1789 iisque
1324 1759 1446 1790 suppletis
1457 1767 1490 1784 1¹ae
1501 1759 1531 1784 J).
1544 1759 1620 1784 Bruti
1633 1768 1710 1784 curer-

913 1793 974 1822 citu,
986 1800 1038 1817 non
1052 1791 1130 1819 modo
1141 1800 1174 1819 ex
1185 1792 1290 1819 delectu
1302 1802 1365 1820 suo:
1392 1797 1540 1829 tamdiuque
1552 1801 1578 1821 ut
1589 1797 1708 1822 obtineat.

911 1830 1036 1862 quamdiu
1055 1830 1090 1855 M.
1115 1830 1221 1861 Brutus,
1242 1831 1267 1856 C.
1288 1830 1400 1862 Cassius,
1418 1835 1533 1859 consules
1550 1842 1630 1866 prom·
1645 1843 1708 1859 coss.

909 1868 1060 1898 provincias
1078 1868 1233 1894 obtinebunt.
1274 1868 1360 1895 liuius
1378 1870 1494 1896 comitiis
1506 1870 1534 1896 C.
1551 1870 1710 1906 tranei-(eins

912 1907 953 1929 est
973 1903 1045 1929 enim
1064 1904 1116 1930 iam
1133 1904 1232 1940 annus)
1250 1906 1301 1931 iam
1322 1906 1457 1941 repulsam
1475 1907 1545 1934 tulit.
1589 1910 1630 1934 28.
1655 1909 1711 1941 lpse

911 1945 996 1967 autem
1020 1946 1048 1967 ut
1063 1944 1273 1976 quinquennium,
1299 1944 1394 1978 inquit,
1413 1946 1549 1971 obtineam.
1589 1946 1622 1971 At
1639 1946 1709 1972 istud

912 1982 984 2004 vetat
998 1977 1040 2005 lex
1051 1980 1182 2006 Caesaris.
1223 1980 1256 2007 Et
1267 1985 1295 2007 tu
1307 1986 1362 2007 acta
1374 1982 1494 2008 Caesaris
1506 1982 1647 2009 delendis?

967 2015 1003 2042 X.
1028 2016 1096 2043 Haec
1112 2021 1139 2043 tu
1156 2018 1288 2049 mandata,
1307 2019 1334 2045 L.
1352 2019 1420 2049 Piso.
1442 2024 1467 2046 et
1479 2024 1516 2050 tu,
1530 2020 1559 2046 L.
1575 2020 1707 2055 Philippo,

913 2052 1047 2088 principes
1067 2054 1192 2085 civitatis.
1209 2064 1261 2082 non
1273 2055 1332 2082 dico
1342 2057 1431 2083 animo
1443 2056 1518 2087 serre,
1533 2066 1626 2084 verum
1638 2058 1707 2084 anri·

912 2090 964 2116 bus
984 2091 1103 2126 accipere
1124 2092 1269 2126 potuistis?
1293 2092 1355 2124 Sed,
1373 2098 1401 2120 ut
1416 2095 1546 2129 suspicor,
1564 2100 1645 2121 terror
1656 2100 1709 2121 erat

911 2127 1032 2162 quidam,
1055 2137 1104 2155 nec
1125 2137 1172 2156 vos
1193 2134 1222 2156 ut
1239 2129 1315 2166 legati
1331 2131 1402 2165 apud
1420 2131 1496 2158 illuni
1510 2131 1608 2163 fuistis,
1623 2141 1669 2158 nec
1683 2138 1709 2158 ut

911 2164 1080 2192 consulares:
1114 2175 1161 2193 nec
1183 2176 1229 2193 vos
1251 2173 1365 2194 vestram
1385 2177 1433 2195 nec
1448 2169 1610 2204 reipublicae
1622 2169 1710 2204 digni-

913 2206 992 2228 tatem
1014 2207 1102 2229 tenere
1117 2204 1253 2238 potuistis.
1294 2205 1326 2231 Et
1342 2210 1439 2236 tannen,
1458 2207 1612 2241 nescioquo
1624 2212 1707 2241 pacto.

912 2239 1042 2273 sapientia
1062 2240 1188 2274 quadam,
1210 2241 1297 2272 credo,
1315 2242 1387 2276 quod
1403 2252 1452 2278 ego
1463 2252 1514 2270 non
1528 2253 1643 2278 possem.
1659 2253 1708 2269 nou

913 2277 994 2302 nimis
1015 2277 1073 2303 irati
1094 2279 1251 2304 revertistis.
1293 2279 1372 2305 Vobis
1389 2280 1423 2305 Μ.
1437 2280 1567 2307 Antonius
1584 2281 1650 2307 nihil
1664 2283 1710 2306 tri-

913 2314 980 2344 buit.
998 2313 1156 2341 clarissimis
1171 2316 1245 2346 viris,
1269 2315 1362 2351 legatis
1379 2317 1469 2351 populi
1483 2319 1603 2344 Romani.
1646 2319 1707 2346 Nos.

912 2350 978 2385 quid
1000 2360 1051 2377 non
1075 2351 1159 2387 legato
1179 2353 1286 2379 Antonii
1302 2353 1408 2389 Cotylae
1429 2356 1630 2381 concessimus?
1660 2356 1708 2381 (lui

913 2393 1000 2422 portas
1021 2388 1102 2414 liuius
1119 2389 1195 2415 urbis
1213 2394 1301 2424 putere
1313 2391 1355 2416 ius
1367 2400 1418 2418 non
1430 2397 1493 2420 orat.
1508 2392 1571 2418 huic.
1583 2392 1631 2419 hoc
1643 2398 1709 2419 tem-

912 2425 987 2460 plum
1009 2426 1108 2460 putuit:
1141 2426 1203 2453 huic
1223 2427 1312 2453 aditus
1328 2428 1355 2454 in
1370 2434 1491 2455 senatum
1509 2429 1572 2456 fuit:
1606 2430 1648 2456 hic
1664 2430 1710 2456 lu*

912 2467 1001 2489 sterno
1021 2462 1064 2489 die
1085 2465 1230 2490 sententias
1253 2469 1356 2491 nostres
1377 2466 1402 2492 in
1423 2466 1560 2493 codicillos
1581 2472 1605 2493 et
1620 2469 1708 2494 onmia·

913 2499 992 2526 verba
1009 2500 1150 2527 rescrebat:
1174 2501 1236 2528 huic
1250 2511 1278 2528 se
1290 2503 1368 2528 etiam
1381 2505 1496 2530 summis
1509 2505 1654 2531 honoribus
1667 2507 1707 2531 usi

911 2542 1000 2564 contra
1021 2546 1098 2564 suam
1118 2538 1274 2574 dignitatem
1291 2540 1472 2567 venditabant.
1514 2543 1556 2568 ἓξ).
1575 2542 1645 2569 Odii
1658 2544 1708 2569 im—

912 2574 1050 2602 mortales!
1081 2584 1162 2610 quam
1175 2585 1302 2612 magnum
1314 2583 1362 2607 est,
1380 2587 1518 2612 personam
1531 2580 1557 2606 in
1570 2580 1706 2615 republica

913 2613 980 2638 lucri
1001 2613 1144 2648 principis!
1176 2623 1244 2649 quae
1266 2624 1317 2641 non
1333 2616 1430 2642 animis
1446 2617 1534 2643 solum
1549 2617 1642 2648 debet,
1660 2618 1706 2644 scd

911 2650 990 2676 ctiam
1010 2649 1096 2677 oculis
1111 2652 1211 2678 servire
1226 2652 1337 2678 civium.
1379 2653 1490 2680 Domum
1508 2655 1624 2690 recipere
1637 2655 1707 2690 legn—

913 2693 967 2714 lum
990 2687 1117 2720 hostium,
1136 2689 1162 2716 in
1174 2689 1330 2716 cubiculum
1345 2690 1492 2722 mlmittere.
1505 2693 1583 2719 etium
1595 2692 1707 2719 seduce-

1444 2743 1476 2765 ευ
1491 2738 1500 2748 ·
