1941 3052
809 143 850 167 ³7.
887 142 920 167 M.
956 142 985 168 Τ.

238 145 286 169 ⁴130

235 222 342 240 1101111110
356 213 475 249 ingenio,
490 221 576 247 opera,
591 213 682 244 11111110,
697 212 842 242 nobilitate,
857 221 869 237 a
883 213 917 238 M.
931 212 1029 239 1101011-
1051 214 1053 238 ἶ

236 252 280 278 nio
295 251 415 286 superari
433 259 530 285 'uisse
525 251 667 275 irbitrntuit
687 251 745 275 est!
764 250 826 284 quis
843 250 874 281 t).
892 249 1026 281 Catulum.

236 289 409 318 humanitate,
423 296 496 321 nupia
499 287 560 316 ntii
575 287 723 321 integritate
735 291 793 312 111111
788 286 945 317 celltntcm
959 287 1027 314 nCn.

236 326 344 352 Mallio?
353 325 415 360 quis
428 325 461 350 M.
474 326 613 354 bit-,aurum
628 323 1029 359 1101111111111511115511111111101-
1058 342 1059 357 1

237 373 267 388 vv
271 372 295 389 m
308 363 454 397 egregium,
469 361 644 387 fortissimum
657 365 813 391 senatorem,
828 370 840 386 a
852 362 883 393 Q.
897 362 1030 387 lllaximo‘?

236 401 292 426 Non
310 400 387 425 modo
403 399 496 424 borum
514 398 580 424 niliil
596 398 630 424 ita
647 398 701 424 fore
717 402 839 433 putatum
859 403 911 429 est,
934 398 980 424 sed
997 407 1029 425 ne

235 446 319 472 quum
336 441 405 462 esset
422 436 519 461 factum
535 435 660 470 quidem,
681 444 764 470 quare
783 436 816 461 ita
834 435 932 462 factum
947 441 1026 465 esset,

234 474 346 506 intelligi
361 474 453 507 potuit.

234 520 288 546 quo
298 511 362 536 caeli
375 511 452 543 signo
467 514 681 541 commoventur,
699 519 778 545 saepe
794 511 940 545 improviso
955 510 1028 536 nulla

235 557 266 574 ex
278 553 345 574 certa
359 548 465 577 ratione,
474 547 586 573 obscura
598 547 687 583 aliqua
699 556 731 574 ex
742 556 835 573 caussa
847 549 1026 574 concitantur:

234 587 273 611 sic.
295 586 320 611 iu
339 585 386 610 lim·
400 585 567 611 comitiorum
585 589 740 620 tempestate
756 585 877 620 populari
894 594 972 620 saepe
988 586 1029 611 in-

234 623 352 657 telligas,
365 631 419 657 quo
430 623 508 658 signo
517 627 647 648 commota
658 623 706 653 sit,
719 631 797 657 saepe
810 623 843 648 ita
854 623 966 649 obscura
978 627 1026 653 est,

234 664 263 685 ut
274 669 336 685 casu
349 660 459 686 excitata
472 668 530 686 esse
543 660 673 686 videatur.
704 660 796 686 xvm.
810 661 851 686 ΖΠ,
865 660 916 686 Sed
930 665 1026 690 mnu-n,

233 698 256 723 si
269 702 309 723 est
320 697 452 723 reddenda
465 698 538 728 ratio.
554 697 623 723 duae
634 706 675 723 res
687 697 857 723 veliementer
869 698 894 723 111
907 702 1028 732 praetura

233 734 397 761 desideratae
412 739 488 765 sunt,
511 743 580 770 quae
595 735 689 761 ambae
706 735 731 761 in
747 735 886 761 consulatu
904 735 1028 761 Murenae

234 771 405 807 profuerunt:
419 781 479 801 una.
494 772 655 807 exspectatio
667 773 794 800 muneris,
807 781 876 807 quae
887 776 912 798 et
924 781 1028 798 rumore

233 809 371 839 nonnullo.
380 814 405 836 et
415 810 512 836 studiis
524 810 749 845 sermonibusque
758 810 960 845 competitorum
972 818 1028 835 cre-
1050 822 1059 834 11

234 852 320 874 verat:
342 846 435 878 altera,
453 847 524 882 quod
542 847 573 877 ii,
591 856 659 882 quos
674 848 699 873 in
712 848 846 882 provincia
858 856 887 873 ac
899 846 1028 882 legatione

233 885 321 911 omnis
336 888 361 910 et
378 884 543 910 liberalitatis
559 889 583 910 et
600 885 705 910 virtutis
721 893 785 910 suae
797 889 877 910 testes
890 885 1026 915 babuerat,

233 921 352 948 nondum
369 921 546 948 decesserant.
577 922 675 948 Horum
689 926 834 957 utrumque
844 923 867 948 ei
882 922 984 948 fortuna
996 922 1028 947 ad

209 965 213 972 ¹
233 959 388 986 consulatus
399 959 553 994 petitionem
570 960 724 986 reservavit.
766 960 831 985 Nam
843 964 869 986 et
880 960 908 986 L.
924 959 1028 985 Luculli

233 997 380 1027 exercitus,
397 997 444 1032 qui
458 997 490 1023 ad
502 997 668 1032 triumphum
680 1002 847 1027 convenerat,
864 997 934 1022 idem
946 997 1029 1023 comi-

233 1033 300 1060 tiis*
321 1034 350 1060 L.
372 1034 497 1060 Murenae
519 1039 622 1069 praesto
643 1034 707 1060 fuit:
729 1039 753 1060 et
773 1043 872 1060 munus
892 1034 1051 1072 amplissi-

233 1080 318 1103 mum.
330 1071 403 1107 quod
414 1072 506 1106 petitio
517 1076 654 1106 praeturae
664 1072 840 1102 desiderabat,
855 1076 975 1107 praetura
988 1079 1029 1097 re-

232 1109 329 1136 stituit.
371 1110 412 1135 38.
428 1110 498 1135 Num
510 1109 558 1135 tibi
571 1109 634 1135 baec
645 1118 724 1144 parva
738 1109 863 1135 videntur
874 1105 1051 1135 adiumenta

232 1151 258 1173 et
285 1146 406 1173 subsidia
434 1146 608 1173 consulatus?
641 1146 763 1173 voluntas
791 1146 928 1172 militum‘?
959 1155 1028 1181 quae

232 1192 317 1218 quum
330 1192 376 1218 per
387 1192 416 1210 se
427 1184 497 1210 valet
508 1183 694 1215 multitudine.
713 1193 798 1219 quum
810 1183 881 1219 apud
893 1192 956 1210 suos
967 1193 1028 1219 gra-

233 1222 281 1253 11ος
304 1226 360 1248 111111
385 1229 446 1247 vero
467 1221 493 1248 in
514 1221 624 1248 consule
638 1221 796 1247 declarando
811 1221 926 1247 multum
948 1222 1051 1250 etiam

231 1258 303 1293 apud
320 1259 476 1285 universum
494 1258 623 1293 populum
636 1259 784 1285 Romanum
800 1258 963 1285 auctoritatis
980 1259 1051 1287 lia-1

231 1296 277 1322 bet
296 1295 449 1331 suffragatio
470 1296 608 1322 militaris:
631 1296 804 1331 imperatores
825 1297 896 1322 enim
911 1296 1027 1322 comitiis

231 1333 431 1364 consularibus,
455 1342 505 1359 non
523 1333 665 1360 verborum
682 1334 840 1368 interpretes
859 1333 1025 1369 deliguntur.

231 1370 318 1402 Quare
328 1371 418 1406 gravis
429 1375 470 1397 est
480 1370 525 1396 illa
536 1371 631 1402 oratio,
649 1380 688 1397 me
700 1374 818 1397 saucium
828 1373 969 1397 recreavit.-
989 1379 1028 1397 me

229 1410 329 1441 praeda
339 1410 458 1434 donavit:
470 1409 516 1435 hoc
526 1410 589 1435 duce
601 1413 686 1435 castra
699 1411 818 1441 cepimus,
830 1411 906 1442 siqua
916 1409 1027 1434 contuti-
1048 1418 1050 1443 ζ

232 1454 301 1471 mus:
321 1454 460 1479 numquam
471 1447 518 1472 iste
526 1447 586 1479 plus
596 1447 673 1472 militi·
688 1447 785 1472 laboris
799 1448 932 1479 imprimit,
950 1454 1027 1480 quam

229 1484 280 1509 sibi
293 1485 400 1516 sumpsit
415 1485 482 1516 ipse,·
502 1492 580 1516 quum
594 1486 682 1517 sortis,
700 1488 752 1509 tum
767 1486 843 1510 etiam
857 1484 932 1517 setiae.
972 1483 1027 1510 Hoc

230 1520 323 1555 quanti
335 1524 413 1555 putas
424 1528 483 1546 esse
494 1520 527 1546 ad
539 1519 636 1546 famam
648 1520 788 1547 hominum
801 1529 830 1547 ac
844 1519 1027 1547 voluntatem?

229 1557 349 1588 Etenim,
372 1558 395 1584 si
416 1561 487 1584 tanta
503 1557 558 1584 illis
573 1558 690 1584 comitiis
704 1558 799 1594 religio
813 1562 866 1589 est,
889 1562 919 1584 ut
938 1557 1026 1584 adhuc

229 1603 336 1629 semper
346 1603 425 1621 omen
437 1594 551 1622 valuerit
561 1595 785 1631 praerogativum,
797 1595 864 1630 quid
876 1595 975 1621 mirum
986 1599 1027 1622 est

229 1632 257 1659 in
268 1632 318 1658 hoc
329 1631 463 1659 felicitatis
476 1631 573 1659 famam
584 1641 791 1668 sermonemque
803 1631 940 1659 valuisse?

286 1669 360 1696 XIX.
373 1669 435 1701 Sed,
448 1670 471 1696 si
483 1669 548 1696 11300
559 1669 657 1696 leviora
668 1670 754 1701 ducis,
767 1678 836 1705 quae
847 1674 910 1696 sunt
920 1670 1026 1705 gravis-

229 1707 310 1738 sima,
328 1710 354 1733 et
369 1706 438 1733 hano
453 1707 581 1733 urbanam
596 1706 812 1743 suffragationem
828 1707 936 1733 militari
952 1711 1027 1733 ante-

229 1744 322 1779 ponis:
345 1743 399 1770 noli
415 1743 540 1770 ludorum
556 1744 638 1771 huius
653 1744 812 1780 elegantiam
828 1749 853 1770 et
864 1752 958 1770 scenae
969 1753 1026 1770 ma-

229 1780 412 1817 gnificentiam
429 1781 506 1807 valde
520 1785 702 1808 contemnere:
724 1790 793 1817 quae
806 1781 869 1808 huic
880 1781 1024 1808 admodum

229 1817 397 1853 profuerunt.
419 1818 486 1844 Nam
497 1818 565 1853 quid
576 1827 625 1854 ego
634 1818 732 1850 dicam,
740 1818 872 1854 populum
884 1827 914 1845 ac
925 1819 1025 1854 vulgus

228 1856 415 1890 imperitorum
432 1855 503 1881 ludis
518 1864 615 1892 magno
628 1864 708 1891 opere
721 1856 865 1883 delectari?
884 1857 974 1883 Minus
985 1861 1025 1882 est

229 1892 390 1919 mirandum.
429 1892 598 1928 Quamquam
619 1893 683 1920 huic
705 1902 815 1920 caussae
838 1893 866 1920 id
889 1894 954 1920 satis
974 1898 1023 1920 est.

229 1929 298 1957 Sunt
311 1931 382 1956 enim
396 1930 490 1965 populi
500 1939 530 1957 ac
541 1929 724 1957 multitudinis
734 1932 850 1957 comitia.
873 1932 914 1957 39.
926 1932 1023 1964 Quare,

228 1968 252 1994 si
264 1967 363 2002 populo
375 1967 499 1994 ludorum
511 1968 706 2004 magnificentia
718 1968 847 2003 voluptati
859 1973 908 1999 est
923 1977 974 1995 non
985 1973 1026 1995 est

228 2005 391 2036 mirandum,
405 2013 461 2031 eam
475 2005 504 2031 L.
517 2006 642 2032 Murenae
654 2006 724 2041 apud
737 2005 866 2041 populum
879 2006 1023 2049 profuisse.

229 2041 281 2068 Sed
293 2043 315 2068 si
328 2043 495 2077 nosmetipsi,
504 2043 552 2086 qui
563 2047 590 2069 et
599 2043 632 2069 ab
642 2043 816 2070 delectatione
826 2045 900 2070 omni
911 2044 1025 2080 negotiis

227 2079 405 2114 impedimur,
423 2084 448 2106 et
463 2080 490 2106 in
505 2081 563 2115 ipsa
575 2081 747 2115 occupatione
758 2065 962 2107 delectatione?
959 2081 1024 2107 alias

227 2116 327 2144 multas
339 2117 437 2143 habere
448 2125 608 2152 possumus,
628 2117 700 2144 ludis
716 2122 804 2145 tamen
820 2118 985 2145 oblectamur
999 2124 1048 2145 et

227 2154 366 2186 ducimur3
389 2155 455 2190 quid
471 2159 499 2181 tu
514 2154 645 2182 admirere
659 2155 692 2182 de
707 2155 882 2182 multitudine
902 2155 1026 2183 indocta‘?

228 2193 269 2218 40.
287 2192 317 2218 L.
329 2191 410 2223 Otho,
425 2192 466 2218 vir
477 2191 560 2224 fortis,
574 2201 651 2219 meus
664 2193 839 2224 necessarius,
852 2194 970 2235 equestri
982 2203 1025 2220 or-

226 2228 283 2255 dini
296 2230 413 2256 restituit
428 2238 480 2256 non
495 2229 583 2256 solum
599 2230 770 2266 dignitatem,
788 2231 835 2257 sed
851 2232 931 2257 etiam
947 2231 1025 2258 volu-

226 2267 468 2309 ptatem.1taque
480 2267 523 2294 lex
534 2267 611 2298 haec,
627 2276 698 2303 quae
709 2268 741 2294 ad
754 2268 831 2295 ludos
842 2269 970 2303 pertinet,
983 2273 1024 2295 est

226 2305 347 2330 omnium
367 2305 533 2340 gratissima,
555 2305 627 2340 quod
649 2305 840 2332 honestissimo
858 2305 945 2332 ordini
960 2314 1022 2332 cum

226 2341 367 2375 splendore
385 2341 487 2368 fructus
502 2350 611 2377 quoque
625 2343 801 2369 iucunditatis
816 2348 856 2369 est
871 2344 1021 2370 restitutus.

225 2378 313 2410 Quare
324 2378 456 2405 delectant
473 2379 608 2409 homines,
625 2380 693 2406 1111111
710 2380 800 2411 crede,
819 2380 876 2407 ludi
896 2381 975 2407 etiam
989 2380 1024 2407 il-

227 2414 279 2446 los,
302 2417 349 2451 qui
369 2416 555 2448 dissimulant,
578 2426 629 2444 non
645 2417 732 2443 solum
748 2426 806 2448 eos,
828 2419 876 2453 qui
892 2417 1020 2444 fatentur:

226 2453 298 2486 quod
309 2461 358 2489 ego
369 2454 396 2480 in
407 2462 464 2480 mea
477 2454 603 2489 petitione
614 2455 695 2481 sensi.
718 2455 784 2481 Nam
796 2463 844 2481 nos
856 2463 965 2498 quoque
976 2455 1024 2481 113-

226 2475 341 2515 buimus
348 2499 453 2516 scenam
464 2492 684 2527 competitricem.
724 2491 800 2524 Quod
811 2493 834 2518 si
845 2501 903 2528 ego,
917 2493 965 2527 qui
976 2493 1023 2518 tri-

227 2534 274 2552 nos
291 2526 367 2553 ludos
383 2527 477 2554 aedilis
493 2528 620 2560 feceram,
637 2533 725 2555 tamen
739 2529 847 2556 Antonii
863 2529 934 2555 ludis
950 2538 1023 2556 com-

227 2563 365 2589 movoeebu
389 2564 450 2595 tibi,
472 2566 519 2600 qui
534 2574 599 2592 casu
615 2566 703 2592 nullos
719 2566 832 2597 feceras,
855 2566 922 2593 nihil
940 2567 1021 2593 huius

226 2600 305 2626 istam
317 2601 417 2634 ipsam,
431 2610 511 2636 quam
522 2603 631 2634 irrides,
645 2608 751 2639 argente
754 2612 795 2629 1111
808 2612 914 2630 scenam
926 2604 1022 2630 adver-

227 2642 309 2663 satam
321 2637 417 2672 putas‘?
446 2640 486 2664 11.
504 2639 556 2665 Sed
568 2640 633 2666 haec
643 2649 708 2667 sane
718 2641 771 2667 sint
783 2641 855 2675 paria
867 2641 970 2667 omnia:
986 2642 1022 2667 sit

227 2682 274 2708 par
285 2674 398 2701 forensis
408 2683 486 2710 opera
499 2677 622 2704 militari:
644 2678 679 2704 sit
690 2686 738 2712 par
749 2678 856 2704 militari
868 2678 1022 2714 suffragatio

494 473 560 499 Num
577 477 606 499 ut
621 477 791 507 tempestates
806 482 885 508 saepe
899 478 970 499 certo
980 473 1029 499 ali-
1052 487 1053 491 =

1021 142 1297 169 etet-:ttoxts

1081 213 1194 239 urbana:
1217 214 1251 240 sit
1272 212 1356 244 idem,
1379 214 1657 249 magnificentissimos
1672 220 1696 241 et
1713 214 1801 241 nullos
1816 224 1877 242 um—

1052 275 1053 282 ,
1080 259 1160 285 quam
1179 250 1377 277 [ατί-1501011011.
1400 251 1490 293 Quid?
1510 253 1536 279 in
1553 253 1609 287 qna
1631 258 1752 287 prat-tura
1774 253 1876 279 nihilne

1052 316 1053 319 Ἴ
1080 297 1094 313 t·
1099 288 1220 314 xixtimns
1231 288 1299 314 inter
1311 292 1382 314 tuam
1394 288 1509 315 citatius
1520 295 1616 316 nortem
1630 289 1802 316 interfuisse?

1136 325 1197 351 XX.
1215 325 1300 351 lluius
1311 334 1369 351 sors
1379 334 1409 351 ea
1422 325 1486 356 fuit,
1503 335 1583 361 quarn
1599 336 1692 353 ornnes
1704 329 1741 353 tui
1755 335 1876 353 necessa·

1058 369 1059 383 2
1081 363 1112 388 rii
1125 362 1171 388 tibi
1184 362 1356 397 optabamus.
1371 363 1437 389 iuris
1448 363 1572 390 dicundi:
1589 365 1615 391 in
1627 373 1679 399 qun
1691 365 1802 397 pluriam
1813 373 1877 391 con-

1058 416 1059 437 1
1080 399 1152 425 ciliat
1168 399 1324 433 magnitudo
1339 401 1450 436 negotii,
1471 402 1582 435 gratiam
1598 403 1739 436 aequitatis
1757 402 1874 435 largitio:

1052 454 1053 459 .
1080 446 1132 471 qua
1146 437 1171 462 111
1183 442 1253 462 sorte
1264 438 1370 471 §aiiii-ns
1384 443 1499 471 praetor,
1516 438 1605 473 qualis
1617 439 1659 464 liic
1672 438 1735 468 fuit,
1752 439 1878 465 offensio-

1082 483 1140 499 nem
1155 475 1217 499 vitat
1229 475 1417 508 aequabiliuite
1427 474 1597 505 decernendi.
1607 475 1817 502 benevolentiam
1830 476 1877 502 ad-

1058 523 1059 527 =
1081 512 1170 546 iungit
1192 511 1298 537 tvnimte
1313 512 1448 538 audiendi.
1491 513 1603 547 Egregia
1619 518 1645 538 et
1659 514 1691 539 nd
1706 513 1875 539 consulatum

1080 554 1138 583 apta
1153 549 1301 583 provincia,
1316 549 1342 575 in
1354 558 1406 584 qua
1420 549 1478 575 laus
1489 550 1641 585 aequitatis.
1654 550 1823 586 integritatis,
1837 550 1877 577 fn-

1081 586 1190 611 vilitatis
1206 586 1237 611 ad
1250 591 1399 612 extremum
1413 586 1537 613 ludorum
1550 587 1685 622 voluptate
1695 587 1874 614 concluditur.

1082 625 1121 649 Ιιὲ,
1134 623 1204 655 Quid
1217 628 1259 649 tua
1272 623 1348 649 sors‘?
1368 624 1466 654 tristis,
1484 629 1571 651 atrox:
1594 625 1715 659 quaestio
1726 624 1874 659 peculatus,

1050 659 1051 663 ’
1080 669 1112 687 ex
1124 661 1203 687 altera
1217 665 1289 695 parte
1303 661 1471 687 lacrimarum
1483 666 1509 688 et
1520 662 1666 697 squaloris,
1683 671 1717 688 ex
1728 662 1807 688 altera
1819 662 1877 697 ple-

1057 679 1059 721 1
1080 707 1112 724 na
1123 703 1274 724 catenarum
1287 703 1366 733 utque
1378 699 1508 725 indicum.
1543 699 1662 733 eogendi
1674 699 1776 725 iudices
1787 700 1874 730 inviti.

1058 739 1059 756 i
1080 736 1210 762 retinendi
1227 741 1315 762 contra
1333 735 1510 767 voluntatem2
1533 737 1618 762 scriba
1635 737 1790 768 damnatus.
1812 736 1877 763 ordo

1058 763 1059 805 1
1081 777 1151 799 totus
1167 773 1285 800 alienus:
1308 773 1418 799 Sullana
1433 774 1589 809 gratificatio
1605 774 1778 808 reprehensa.
1797 773 1874 800 multi

1081 810 1130 836 viri
1144 810 1236 840 fortes,
1251 815 1275 836 et
1287 820 1368 845 prope
1382 820 1442 845 pars
1452 812 1568 837 civitatis
1578 811 1676 838 offensa
1687 816 1740 841 est3
1764 811 1822 838 litoe
1833 819 1876 837 se-

1050 846 1059 883 ,1
1081 856 1141 873 vere
1157 848 1324 874 aestimatae:
1346 849 1389 874 cui
1406 848 1503 883 placet¹
1525 848 1707 875 obliviscitur:
1729 849 1772 875 cui
1793 848 1873 879 dolet,

1050 898 1059 918 1,
1081 886 1212 911 meminit.
1234 886 1370 912 Postremo
1381 890 1408 911 tu
1420 886 1446 912 in
1460 887 1622 920 provinciam
1634 886 1672 912 ire
1682 885 1801 912 noluisti.
1817 886 1875 912 Non

1081 931 1190 957 possum
1213 922 1239 949 id
1261 923 1287 949 in
1309 928 1332 948 te
1354 923 1561 957 reprehendere.
1583 923 1655 958 quod
1671 924 1698 950 in
1714 932 1757 949 me
1772 924 1832 958 ipso
1850 928 1876 950 et

1081 965 1184 995 praetor
1194 964 1219 986 et
1230 959 1323 986 consul
1336 961 1455 995 probavi.
1477 960 1528 987 Sed
1541 966 1629 987 tamen
1642 961 1670 987 L.
1680 961 1804 987 Murenae
1815 969 1875 995 pro-

1081 998 1166 1024 vincia
1180 997 1277 1023 multas
1289 998 1370 1024 bonas
1382 1007 1400 1031 .‘
1383 999 1481 1026 ratias
1492 1007 1553 1024 cum
1565 999 1663 1033 optima
1678 999 1876 1024 existimatione

1050 1011 1059 1062 i
1080 1034 1177 1061 attulit.
1200 1035 1297 1061 Habuit
1309 1036 1479 1070 proficiscens
1490 1035 1619 1062 dilectum
1632 1036 1787 1062 inUmbria:
1802 1035 1876 1062 dedit

1050 1056 1059 1079 ⁴
1080 1073 1103 1098 ei
1116 1072 1268 1098 facultatem
1279 1072 1431 1107 respublica
1444 1072 1623 1099 liberalitatis:
1646 1081 1698 1108 qua
1711 1081 1790 1103 usus,
1804 1072 1875 1099 mul-

1050 1125 1059 1140 1Ι
1080 1114 1119 1136 135
1130 1110 1182 1136 sibi
1194 1110 1290 1140 1111105,
1303 1118 1372 1145 quae
1384 1110 1540 1145 municipiis
1551 1110 1675 1137 Umbriae
1685 1110 1873 1140 conficiuntur

1057 1168 1059 1172 ,
1079 1147 1212 1173 adiunxit.
1239 1147 1298 1182 Ipsa
1309 1152 1398 1173 autem
1411 1148 1438 1174 in
1450 1147 1545 1178 Gallia,
1558 1152 1587 1174 ut
1599 1148 1680 1174 nostri
1695 1147 1817 1174 homines
1827 1147 1875 1173 de-

1050 1198 1051 1214 1
1080 1189 1198 1220 speratas
1211 1185 1262 1211 iam
1275 1185 1403 1219 pecunias
1415 1185 1566 1220 exigerent,
1580 1185 1712 1219 acquitate
1722 1185 1876 1220 diligentia-

1057 1229 1132 1257 que
1143 1221 1262 1257 perfecit.
1285 1222 1324 1248 Tu
1335 1223 1433 1248 interea
1446 1223 1542 1248 Romae
1553 1222 1654 1248 scilicet
1665 1222 1759 1248 amicis
1770 1226 1875 1256 praesto

1057 1259 1166 1286 fuisti.
1206 1259 1312 1285 Fateor.
1334 1259 1381 1285 sed
1394 1264 1481 1286 tamen
1493 1259 1560 1286 illud
1571 1260 1669 1295 cogita,
1683 1259 1873 1286 nonnullorum

1049 1290 1058 1325 ἱ
1079 1297 1225 1323 amicorum
1242 1296 1329 1323 studia
1346 1297 1430 1323 minui
1447 1297 1532 1323 solere
1549 1298 1575 1323 111
1591 1305 1649 1327 005,
1672 1305 1686 1322 3
1701 1296 1802 1332 quibus
1813 1305 1875 1332 pro—

1048 1333 1051 1353 t
1079 1335 1181 1360 vincias
1192 1335 1325 1360 contemni
1337 1334 1497 1370 intelligant.

1048 1387 1049 1401 1
1134 1371 1208 1398 XXI.
1222 1372 1263 1398 43.
1280 1372 1313 1398 Et
1323 1372 1450 1406 quoniam
1462 1371 1580 1401 ostendi,
1597 1371 1714 1402 iudices,
1731 1370 1876 1406 113101οἀ1-

1077 1409 1206 1445 gnitatem
1227 1409 1260 1435 ad
1280 1409 1436 1435 consulatus
1452 1409 1620 1443 petitionem,
1641 1408 1776 1443 disparem
1790 1408 1876 1436 fortu-

1079 1455 1139 1473 nam
1160 1446 1366 1482 provincialium
1388 1447 1555 1482 negotiorum
1575 1446 1603 1472 in
1620 1446 1730 1472 Murena
1751 1451 1831 1482 atque
1846 1447 1875 1473 in

1078 1484 1200 1519 Sulpicio
1211 1483 1309 1510 fuisse:
1331 1484 1417 1510 dicam
1429 1484 1481 1510 iam
1492 1484 1624 1519 apertius,
1638 1484 1664 1510 in
1675 1492 1729 1518 quo
1740 1492 1816 1510 meus
1827 1491 1876 1510 ne—

1077 1522 1211 1548 cessarius
1227 1521 1307 1547 fuerit
1322 1521 1431 1548 inferior
1444 1521 1568 1552 Servius.
1590 1525 1616 1547 et
1629 1529 1659 1547 ea
1674 1521 1775 1552 dicam,
1797 1521 1874 1548 vobis

1078 1559 1264 1589 audientibus,
1282 1559 1382 1585 amisso
1396 1559 1449 1585 iam
1465 1563 1595 1594 tempore,
1612 1566 1682 1593 quae
1696 1559 1749 1593 ipsi
1765 1558 1829 1590 soli,
1846 1566 1874 1585 re

1077 1597 1194 1632 integra.
1216 1604 1296 1631 saepe
1317 1596 1384 1622 dixi.
1425 1596 1516 1622 Petere
1535 1595 1704 1622 consulatum
1719 1596 1823 1622 nescire
1837 1600 1872 1626 te,

1078 1633 1164 1664 Servi,
1177 1641 1304 1668 persaepe
1316 1633 1364 1659 tibi
1376 1632 1447 1659 dixi:
1469 1638 1494 1659 et
1506 1633 1532 1659 in
1543 1634 1577 1659 iis
1589 1633 1669 1659 rebus
1679 1634 1755 1668 ipsis,
1768 1641 1836 1668 quas
1849 1637 1874 1659 te

1078 1679 1175 1707 magno
1185 1675 1211 1697 et
1222 1670 1282 1697 forti
1294 1671 1383 1696 animo
1392 1675 1417 1696 et
1433 1678 1510 1706 agere
1525 1675 1550 1696 et
1564 1669 1652 1696 dicere
1668 1670 1806 1701 videbam,
1824 1670 1873 1697 tibi

1077 1708 1173 1735 solitus
1189 1716 1250 1734 sum
1266 1707 1367 1738 dicere.
1390 1708 1477 1743 magis
1494 1712 1519 1733 te
1535 1707 1629 1734 fortem
1645 1712 1794 1734 senatorem
1804 1707 1873 1734 mibi

1077 1745 1173 1776 videri,
1190 1753 1272 1780 quam
1283 1745 1430 1780 sapientem
1441 1744 1623 1771 candidatum.
1663 1745 1784 1771 Primum
1794 1753 1874 1771 accu-

1077 1783 1154 1809 sandi
1170 1787 1281 1809 terrores
1296 1787 1321 1809 et
1332 1783 1432 1813 minae,
1453 1782 1555 1817 quibus
1569 1786 1597 1808 tu
1613 1781 1733 1817 quotidie
1748 1782 1787 1808 uti
1803 1781 1874 1809 5010-

1077 1820 1138 1851 bas,
1156 1825 1219 1846 sunt
1235 1819 1311 1846 fortis
1326 1820 1391 1852 viri;
1413 1819 1461 1846 sed
1477 1824 1503 1845 et
1517 1819 1610 1854 populi
1625 1819 1779 1854 opinionem
1794 1827 1809 1845 a
1823 1827 1874 1855 spe

1077 1857 1243 1892 adipiscendi
1259 1861 1394 1887 avertunt,
1417 1861 1443 1883 et
1456 1857 1603 1883 amicorum
1618 1856 1706 1883 studia
1719 1856 1871 1884 debilitant.

1077 1895 1173 1921 Nescio
1183 1903 1237 1930 quo
1248 1899 1325 1930 pacto
1334 1902 1441 1929 semper
1451 1893 1501 1920 hoc
1512 1894 1554 1925 fit;
1576 1902 1664 1929 neque
1675 1894 1702 1920 in
1714 1902 1768 1920 uno
1778 1898 1824 1920 aut
1833 1893 1874 1920 31-

1076 1937 1132 1959 1010
1146 1932 1364 1958 animadversum
1380 1935 1432 1962 est,
1451 1930 1498 1957 sed
1515 1931 1567 1957 iam
1582 1931 1610 1957 in
1626 1930 1767 1966 pluribus:
1788 1931 1873 1958 simul

1076 1974 1156 2005 atque
1166 1969 1325 1996 candidatus
1335 1969 1530 1996 accusationem
1545 1968 1667 1995 meditari
1682 1969 1758 1995 visus
1773 1973 1826 2000 est,
1842 1973 1874 1996 ut

1055 2017 1056 2022 ¹
1076 2007 1204 2034 honorem
1216 2007 1372 2042 desperasse
1384 2006 1515 2032 videatur.
1556 2007 1598 2033 44.
1618 2005 1690 2038 Quid
1703 2005 1785 2042 ergo?
1797 2014 1874 2033 acee-

1047 2033 1049 2091 1
1076 2049 1148 2079 ptam
1159 2045 1286 2071 iniuriam
1298 2044 1425 2079 persequi
1437 2052 1489 2070 non
1505 2042 1610 2078 placet?
1629 2044 1713 2070 immo
1727 2043 1873 2071 11011οι1100-
1911 2053 1915 2057 ’

1046 2095 1049 2110 l

1076 2087 1115 2108 ter
1125 2081 1225 2117 placet:
1246 2082 1294 2108 sed
1305 2081 1378 2108 aliud
1389 2086 1496 2116 tempus
1507 2085 1548 2107 est
1558 2080 1679 2116 petendi,
1696 2080 1770 2107 aliud
1781 2089 1873 2116 perse-

1075 2119 1186 2154 quendi.
1208 2119 1348 2146 Petitorem
1360 2127 1418 2155 ego,
1431 2118 1587 2153 praesertim
1598 2117 1763 2149 consulatus,
1775 2126 1871 2154 magna

1075 2165 1137 2192 spe,
1160 2165 1258 2192 magno
1272 2157 1375 2187 animo,
1397 2156 1503 2192 magnis
1517 2156 1603 2190 copiis
1617 2160 1643 2182 et
1656 2156 1684 2182 in
1699 2155 1787 2182 forum
1803 2160 1830 2182 et
1842 2156 1871 2183 in

1075 2202 1202 2229 campum
1204 2177 1310 2220 odeduci
1322 2193 1397 2220 volo:
1415 2201 1467 2220 non
1481 2193 1569 2228 placet
1577 2193 1644 2219 mihi
1655 2193 1796 2228 inquisitio
1807 2201 1872 2220 can-

1075 2231 1168 2262 didati,
1177 2232 1335 2266 praenuntia
1345 2230 1483 2266 repulsae.
1497 2239 1549 2257 non
1559 2231 1670 2257 testium
1680 2230 1780 2265 potius,
1788 2238 1870 2266 quam

1075 2268 1279 2304 suffragatorum
1295 2268 1470 2303 comparatio:
1492 2277 1544 2294 non
1565 2268 1653 2294 minae
1672 2267 1767 2303 magis,
1788 2275 1871 2302 quam

1075 2305 1234 2332 blanditiae:
1247 2315 1300 2333 non
1311 2305 1468 2332 declamatio
1478 2305 1577 2340 potius,
1589 2313 1669 2340 quam
1682 2304 1869 2339 persalutatio:

1075 2344 1231 2379 praesertim
1246 2352 1332 2379 quum
1346 2343 1400 2369 iam
1415 2343 1465 2369 hoc
1481 2350 1549 2369 novo
1563 2350 1637 2368 more
1651 2349 1744 2368 omnes
1758 2341 1813 2368 fere
1822 2341 1872 2368 do-

1075 2389 1132 2407 mos
1147 2381 1268 2408 omnium
1284 2384 1455 2410 concursent.
1477 2384 1504 2406 et
1518 2387 1552 2406 ex
1570 2378 1648 2405 vultu
1668 2378 1870 2405 candidatorum

1074 2419 1254 2445 coniecturam
1266 2418 1372 2448 faciant,
1385 2421 1516 2453 quantum
1526 2417 1644 2451 quisque
1655 2416 1738 2442 animi
1747 2420 1773 2442 et
1784 2415 1871 2442 facul-

1074 2456 1135 2482 tatis
1145 2455 1244 2482 habere
1255 2455 1386 2482 videatur.
1427 2455 1468 2480 45.
1489 2453 1605 2480 Videsne
1618 2458 1647 2480 tu
1659 2452 1736 2480 illum
1748 2452 1871 2480 tristem?

1073 2492 1243 2519 demissum?
1252 2493 1333 2523 iacet,
1349 2491 1461 2521 diffidit,
1479 2491 1576 2517 abiecit
1587 2490 1685 2517 hastas.
1725 2489 1816 2525 Serpit
1824 2489 1870 2517 hic

1074 2538 1179 2557 rumor:
1192 2533 1244 2556 scis
1255 2534 1290 2560 tu,
1302 2531 1375 2556 illum
1385 2530 1574 2555 acmasationem
1587 2526 1719 2562 cogitare?
1738 2529 1870 2561 inquirere

1074 2570 1101 2594 i'n
1116 2566 1310 2600 competitores?
1330 2571 1403 2592 testes
1417 2564 1560 2599 quaerere?
1578 2566 1664 2591 Atium
1678 2567 1788 2598 [nciam.
1805 2573 1869 2598 quo-

1073 2607 1143 2631 niam
1157 2607 1208 2631 sibi·
1221 2606 1263 2631 liic
1277 2607 1330 2637 ipse
1344 2605 1471 2636 desperat.
1510 2601 1652 2628 Eiusmodi
1665 2601 1868 2628 candidatorum

1073 2642 1152 2668 amici
1164 2642 1252 2668 intimi
1263 2640 1446 2670 debilitantur,
1459 2639 1548 2666 studia
1559 2639 1705 2674 deponunt,
1718 2643 1765 2665 aut
1777 2637 1869 2675 [testa-

1073 2677 1138 2715 tam]
1150 2687 1206 2705 rem
1217 2678 1361 2709 abiiciunt,
1375 2682 1420 2704 aut
1429 2685 1507 2704 suam
1518 2685 1626 2712 operam
1637 2680 1663 2703 et
1672 2677 1785 2712 gratiam
1795 2675 1868 2703 iudi-
