1941 3052
518 158 813 186 PHILIPPICA
845 158 898 185 IX.
937 157 1081 185 CAP.i

34 242 83 261 nos
102 237 128 260 et
142 232 175 259 ad
191 230 377 259 honorandum
393 230 449 258 Ser.
463 230 615 266 Sulpicium
627 230 779 257 cohortatus
790 238 827 261 es,

33 276 60 298 et
79 272 137 306 ipse
147 269 232 296 multa
243 269 350 304 copiose
360 268 394 295 de
405 269 479 295 illius
492 268 571 295 laude
581 268 684 295 dixisti.
725 267 830 300 Quibus

33 317 48 335 a
68 313 93 334 te
107 308 195 338 dictis»,
209 306 277 333 nihil
294 310 398 341 praeter
415 307 574 332 sententiam
590 305 716 335 dicerem,
733 305 786 331 nisi
800 305 829 330 P.

34 345 148 372 Servilio
168 344 386 379 respondendum
407 349 539 378 putarem,
557 344 604 378 qui
620 343 693 369 hunc
704 343 831 369 honorem

34 387 135 410 statuae
156 382 257 408 nemini
272 381 447 408 tribuendum
461 381 574 411 censuit,
588 380 640 406 nisi
650 380 697 415 qui
710 379 778 406 ferro
788 388 832 405 es-

34 424 74 446 set
93 420 121 446 in
134 419 263 455 legatione
278 418 443 445 interfectus.
483 419 539 454 Ego
553 422 651 448 autem.
668 421 755 452 patres
769 425 833 443 con-

34 457 140 492 scripti,
162 457 201 483 sic
219 457 377 491 interpretor
393 456 511 482 sensisse
529 455 642 482 maiores
662 459 778 485 nostros,
804 458 833 480 ut

34 503 158 522 caussam
178 494 272 520 mortis
287 494 449 525 censuerint,
468 502 519 520 non
534 501 620 529 genus
631 501 690 518 esse
701 500 833 526 quaeren-

34 532 110 559 dum.
150 531 257 558 Etenim
267 532 310 557 cui
322 531 417 566 legatio
428 532 485 565 ipsa
497 530 576 556 morti
587 529 691 560 fuisset,
705 530 764 555 eius
775 537 833 555 mo-

34 573 195 596 numentum
216 573 319 595 exstare
335 568 486 599 voluerunt,
506 572 535 594 ut
546 568 573 594 in
584 566 663 593 bellis
675 565 832 601 periculosis

34 607 139 634 obirent
159 606 281 633 homines
303 605 443 641 legationis
463 614 564 631 munus
585 603 724 630 audacius.
774 603 832 629 Non

34 644 118 680 igitur
138 643 261 678 exempla
284 644 414 670 maiorum
436 642 601 677 quaerenda,
623 641 670 667 sed
689 639 832 667 consilium

0 698 1 706 ι
34 686 76 708 est
95 690 196 712 eorum,
215 690 229 707 a
244 689 298 716 quo
309 681 367 715 ipsa
387 679 510 715 exempla
526 684 586 705 nata
602 682 679 709 sunt,
695 677 833 712 explican—

0 735 1 752 3
34 718 111 746 dum.
152 719 183 745 11.
197 719 220 745 4.
234 719 284 744 Lar
295 718 462 748 Tolumnius,
476 725 522 743 rex
532 716 693 746 Veientium,
707 719 834 750 quattuor

0 754 1 774 i
35 756 135 792 legatos
160 755 253 791 populi
273 755 384 781 Romani
404 754 513 781 Fidenis
537 753 684 780 interemit:
716 761 832 787 quorum

35 798 138 820 statuae
159 794 186 820 in
207 793 299 820 rostris
314 796 445 818 steterunt
460 799 547 826 usque
558 790 591 817 ad
603 795 720 816 nostram
732 798 834 815 memo-

35 831 113 858 riam.
153 831 242 857 Iustus
253 830 345 856 honos.
381 829 416 855 Iis
428 829 500 855 enim
510 829 622 854 maiores
634 828 728 858 nostri,
740 827 787 862 qui
799 827 833 853 ob

34 867 229 903 rempublicam
241 871 352 894 mortem
363 866 497 897 obierant,
514 874 562 900 pro
573 865 649 891 brevi
662 866 714 891 vita
726 864 832 891 diutur-

34 914 96 932 nam
117 905 271 931 memoriam
292 903 473 931 reddiderunt.
514 903 562 930 Cn.
584 902 702 931 Octavii,
723 901 788 928 clari
808 906 834 928 et

33 943 124 978 magni
136 942 196 973 viri,
219 942 266 977 qui
277 942 381 977 primus
392 942 420 968 in
431 950 487 967 eam
500 939 644 971 familiam,
662 948 730 975 quae
742 943 832 974 postea

34 981 100 1007 viris
116 979 269 1006 fortissimis
285 978 385 1010 ssoruit,
409 978 497 1005 attulit
511 977 694 1009 consulatum,
717 981 832 1003 statuam

33 1017 159 1044 videmus
174 1017 201 1043 in
218 1017 320 1043 rostris.
370 1017 454 1042 Nemo
469 1020 526 1042 tum
547 1015 658 1042 novitati
679 1014 830 1041 invidebat:

34 1063 113 1082 nemo
136 1055 262 1081 virtutem
283 1063 336 1081 non
357 1053 512 1080 honorabat.
556 1052 590 1079 At
615 1061 644 1079 ea
666 1051 717 1079 fuit
737 1052 834 1087 legatio

33 1092 146 1123 Octavii,
159 1092 186 1118 in
197 1100 250 1127 qua
261 1091 374 1126 periculi
385 1091 504 1126 suspicio
516 1099 567 1116 non
579 1090 713 1116 subesset.
753 1090 830 1120 Nam,

33 1138 119 1165 quum
134 1133 205 1156 esset
220 1130 321 1156 missus
333 1137 346 1155 a
358 1133 452 1155 senatu
463 1128 496 1154 ad
507 1128 610 1154 animos
622 1136 716 1163 regum
728 1127 834 1162 perspi-

32 1167 142 1195 ciendos
155 1167 353 1202 liberorumque
364 1165 535 1201 populorum,
548 1165 732 1200 maximeque,
747 1169 775 1191 ut
787 1173 833 1191 ne-

33 1209 121 1240 potem
129 1204 252 1230 Antiochi
268 1204 348 1239 regis,
362 1204 430 1234 eius,
443 1203 491 1238 qui
502 1211 564 1229 cum
576 1203 723 1229 maioribus
735 1202 832 1229 nostris

32 1242 134 1269 bellum
146 1246 272 1277 gesserat,
285 1241 387 1268 classes
399 1240 509 1271 habere,
522 1240 677 1275 elephantos
688 1239 758 1266 alere
772 1248 833 1275 pro-

32 1279 151 1306 hiberet:
165 1278 309 1305 Laodiceae
320 1280 347 1305 in
359 1279 500 1314 gymnasio
514 1286 528 1303 a
542 1277 659 1312 quodam
670 1277 782 1312 Leptine
793 1281 833 1303 est

31 1316 198 1344 interfectus.
235 1318 260 1343 5.
281 1316 393 1343 Reddita
407 1320 448 1342 est
458 1315 483 1342 ei
495 1320 551 1342 tum
563 1324 577 1341 a
588 1315 735 1342 maioribus
746 1318 833 1341 statua

31 1363 81 1390 pro
92 1354 154 1385 vita,
167 1362 237 1389 quae
250 1353 349 1380 multos
361 1362 408 1388 per
419 1361 502 1380 annos
513 1352 669 1388 progeniem
681 1353 740 1378 eius
750 1352 834 1378 hone-

33 1395 127 1423 staret,
146 1400 217 1418 nunc
230 1391 264 1418 ad
280 1395 367 1418 tantae
382 1390 499 1417 familiae
515 1390 670 1416 memoriam
683 1389 738 1416 sola
750 1394 834 1415 resta-

32 1434 82 1456 ret.
123 1428 204 1464 Atqui
216 1433 241 1455 et
253 1429 324 1460 huic,
338 1432 363 1455 et
374 1428 451 1454 Tullo
463 1427 562 1455 Cluilio
572 1426 597 1458 ¹¹,
611 1432 636 1453 et
648 1427 677 1453 L.
689 1427 793 1458 Roscio,
807 1431 833 1453 et

33 1466 81 1502 Sp.
94 1465 173 1493 Antio
188 1471 214 1493 et
230 1466 258 1493 C.
276 1465 410 1497 Fulcinio,
427 1466 474 1500 qui
490 1474 504 1491 a
519 1465 670 1491 Veientium
687 1473 748 1500 rege
762 1464 832 1490 caesi

32 1508 105 1535 sunt,
119 1512 171 1530 non
183 1504 303 1540 sanguis,
316 1504 363 1538 qui
376 1502 503 1538 profusus
515 1502 593 1528 estin
605 1506 701 1533 morte,
716 1501 763 1528 sed
774 1502 832 1536 ipsa

0 1562 1 1566 ,
32 1550 105 1568 mors
120 1541 154 1568 ob
169 1540 363 1576 rempublicam
378 1541 448 1567 obita
460 1540 553 1566 honori
565 1539 625 1566 fuit.
666 1540 709 1566 111.
729 1540 830 1574 ltaque,

32 1583 120 1614 patres
135 1579 292 1613 conscripti,
311 1579 333 1604 si
346 1578 402 1604 Ser.
415 1577 535 1612 Sulpicio
550 1585 628 1603 casus
640 1581 751 1603 mortem
764 1581 833 1603 attu-

0 1616 1 1620 ’
33 1615 122 1647 lisset,
147 1615 264 1642 dolerem
289 1615 400 1650 quidem
425 1619 497 1641 tanto
521 1614 684 1649 reipublicae
706 1614 830 1640 vulnere:

32 1657 144 1680 mortem
157 1662 219 1680 vero
229 1653 288 1680 eius
300 1661 352 1679 non
364 1652 559 1683 monumentis,
576 1651 624 1678 sed
639 1651 712 1678 luctu
724 1651 834 1686 publico

0 1719 1 1723 ,
32 1690 213 1718 honorandam
239 1695 370 1726 putarem.
415 1690 494 1717 Nunc
520 1693 609 1715 autem
633 1689 695 1724 quis
716 1689 830 1720 dubitat,

0 1725 1 1730 ¹
33 1728 99 1764 quin
110 1728 135 1755 ei
146 1728 228 1754 vitam
239 1727 382 1755 abstulerit
392 1727 449 1762 ipsa
462 1726 575 1763 legatio?
595 1726 691 1753 Secum
703 1727 775 1753 enim
788 1726 833 1752 ille

0 1798 1 1801 Ἴ
33 1770 144 1793 mortem
156 1765 265 1792 extulit:
283 1774 378 1801 quam,
396 1765 420 1791 si
431 1765 572 1792 nobiscum
584 1764 769 1795 remansisset,
783 1772 832 1790 sua

33 1811 109 1834 cura,
134 1803 229 1838 optimi
248 1803 296 1829 filii
313 1802 540 1837 fidelissimaeque
554 1802 677 1837 coniugis
692 1801 832 1837 diligentia

33 1841 116 1867 vitare
127 1841 268 1875 potuisset.
309 1842 334 1866 6.
356 1840 389 1866 At
399 1840 454 1871 ille,
467 1848 552 1875 quum
565 1839 680 1871 videret,
694 1839 717 1865 si
729 1843 833 1865 vestrae

33 1878 181 1904 auctoritati
196 1886 248 1904 non
262 1878 409 1913 paruisset,
426 1877 588 1904 dissimilem
600 1885 628 1903 se
640 1876 761 1903 futurum
773 1877 830 1909 sui3

33 1915 76 1942 sin
92 1915 238 1949 paruisset,
261 1923 361 1941 munus
377 1915 430 1941 sibi
446 1914 514 1941 illud
529 1922 577 1949 pro
592 1914 729 1949 republica
740 1922 834 1940 susce—

33 1957 110 1988 ptum
122 1952 191 1978 vitae
207 1952 286 1978 linem
303 1951 371 1978 sore:
391 1952 487 1978 maluit
501 1952 528 1978 in
541 1951 658 1978 maximo
669 1951 833 1986 reipublicae

33 1989 188 2016 discrimine
204 1989 300 2020 emori,
318 1997 399 2024 quam
415 1989 519 2020 minus,
536 1997 617 2023 quam
630 1989 774 2023 potuisset,
792 1988 834 2014 vi—

33 2026 89 2054 deri
111 2026 274 2061 reipublicae
296 2026 438 2061 profuisse.
484 2026 576 2052 Multis
597 2025 637 2052 illi
659 2027 686 2052 in
707 2026 830 2057 urbibus,

33 2072 87 2099 qua
108 2064 157 2090 iter
181 2063 305 2094 faciebat,
330 2063 466 2090 reficiendi
489 2071 517 2089 so
542 2067 567 2089 et
585 2063 697 2089 curandi
717 2067 833 2098 potestas

34 2101 95 2128 fuit.
136 2100 233 2127 Aderat
248 2104 273 2127 et
291 2101 428 2136 hospitum
443 2100 564 2127 invitatio
585 2100 703 2127 liberalis
724 2109 771 2135 pro
791 2100 834 2126 di-

34 2139 134 2175 gnitate
149 2138 250 2164 summi
267 2138 331 2169 viri,
353 2142 379 2164 et
393 2146 485 2164 eorum
497 2137 623 2169 hortatio,
639 2138 686 2172 qui
699 2146 750 2164 una
761 2143 834 2164 erant

35 2176 126 2208 missi,
145 2175 177 2202 ad
194 2175 418 2210 requiescendum
432 2179 458 2201 et
469 2176 538 2201 vitae
549 2184 613 2201 suae
624 2175 832 2202 consulendum.

35 2212 68 2240 At
78 2213 123 2240 ille
135 2221 293 2248 properans,
313 2212 457 2244 festinans,
473 2212 597 2239 mandata
609 2217 695 2239 vestra
706 2213 834 2239 conticere

36 2251 160 2286 cupiens,
178 2251 206 2277 in
218 2250 266 2276 hac
277 2250 438 2281 constantia,
452 2250 545 2277 morbo
556 2250 726 2281 adversante,
744 2259 834 2285 perse·
857 2276 858 2292 ἢ

35 2289 146 2315 veravit.
186 2288 212 2314 7.
234 2287 318 2315 Cuius
333 2296 419 2322 quum
435 2287 552 2314 adventu
568 2288 684 2314 maxime
695 2288 835 2322 perturba-

35 2329 79 2352 tus
89 2325 306 2356 essetAntonius,
319 2325 392 2360 quod
403 2333 442 2355 ea,
458 2333 527 2360 quae
538 2325 590 2351 sibi
602 2325 678 2351 iussu
691 2330 778 2352 vestro
787 2325 836 2351 de-

36 2363 229 2393 nuntiarentur.
246 2363 400 2389 auctoritato
410 2366 485 2389 erant
495 2366 521 2388 et
531 2363 660 2388 sententia
672 2362 729 2389 Ser.
743 2362 835 2397 Sulpi-

37 2399 232 2427 ciiconstituta:
245 2400 399 2431 declaravit,
408 2408 489 2435 quam
496 2399 598 2426 odisset
608 2404 740 2430 senatum,
749 2409 834 2435 quum

37 2441 168 2464 auctorem
180 2442 289 2464 senatus
300 2438 462 2464 exstinctum
476 2436 541 2463 laeto
552 2441 631 2471 atque
642 2437 836 2464 insolentertu-
856 2445 858 2453 ³

37 2472 78 2500 lit.
116 2474 174 2502 Non
185 2475 268 2511 igitur
279 2475 364 2511 magis
376 2474 516 2501 Octavium
532 2475 667 2509 Leptines,
681 2483 728 2501 nec
740 2475 835 2501 Veien—

37 2510 105 2538 tium
115 2520 162 2539 rex
173 2520 231 2544 eos,
243 2521 312 2547 quos
324 2512 403 2539 modo
415 2511 564 2542 nominavi,
576 2520 658 2546 quam
671 2511 728 2538 Ser.
742 2512 835 2547 Sulpi-

37 2547 109 2575 cium
123 2549 221 2576 occidit
230 2549 373 2577 Antonius.
414 2551 438 2576 ls
454 2550 525 2576 enim
542 2548 658 2584 profecto
673 2553 783 2576 mortem
795 2554 834 2575 at-

39 2584 112 2618 tulit,
129 2587 177 2621 qui
191 2595 286 2614 caussa
302 2588 394 2614 mortis
410 2587 470 2614 suit.
511 2586 639 2618 Quocirca
651 2587 730 2613 etiam
741 2586 774 2613 ad
787 2595 834 2621 po-

38 2623 163 2650 uter-itatis
175 2625 329 2651 memoriam
342 2625 474 2660 pertinere
484 2624 609 2655 arbitror,
627 2628 743 2654 exstare,
761 2623 833 2659 quod

39 2658 119 2687 fuerit
133 2660 165 2687 de
181 2661 230 2688 hoc
244 2662 315 2689 bello
328 2662 459 2689 iudicium
471 2665 590 2688 senatus.
630 2661 688 2688 Erit
698 2662 769 2688 enim
780 2666 835 2688 sta-

39 2699 84 2724 tua
94 2697 152 2733 ipsa
163 2699 246 2732 testis,
258 2699 361 2727 bellum
372 2703 425 2727 tam
436 2707 517 2736 grave
529 2698 622 2730 fuisse.
636 2703 665 2726 ut
676 2699 754 2735 legati
766 2699 833 2727 inte-

1107 173 1142 177 —
1164 160 1187 184 6.
1627 159 1675 184 637

881 231 948 256 ritus
959 229 1067 256 honoris
1079 230 1234 256 memoriam
1246 232 1405 255 consecutus
1416 228 1460 254 sit.
1499 228 1541 254 [v.
1560 229 1584 253 8.
1601 227 1679 259 Quod

882 268 904 293 si
916 267 1114 293 excusationem
1127 266 1184 293 Ser.
1197 266 1322 301 Sulpicii,
1338 270 1424 300 patres
1436 266 1593 299 conscripti,
1609 265 1680 301 lega-

882 306 962 331 tionis
977 304 1116 331 obeundae
1134 303 1264 330 recordari
1281 303 1432 333 volueritis,
1454 302 1527 329 nulla
1548 302 1680 329 dubitatio

883 342 1062 377 relinquetur,
1076 342 1143 376 quin
1156 342 1254 368 honore
1266 341 1372 371 mortui,
1386 349 1468 375 quam
1479 341 1542 366 vivo
1552 340 1679 366 iniuriam

884 379 1008 410 fecimus,
1032 379 1188 405 sarciamus.
1233 379 1285 405 Vos
1306 379 1391 409 enim,
1416 382 1504 412 patres
1525 377 1678 412 conscripti,

883 417 973 452 (grave
983 417 1056 443 dictu
1067 420 1120 448 est,
1138 416 1186 442 sed
1196 416 1341 442 dicendum
1353 415 1465 450 tamen,)
1479 424 1540 446 vos,
1557 416 1678 449 inquam,

884 454 941 481 Ser.
959 454 1111 489 Sulpicium
1127 454 1181 480 vita
1197 454 1336 488 privastis:
1359 462 1439 487 quem
1454 461 1539 487 quum
1554 452 1681 478 videretis

884 500 911 517 re
928 492 1012 527 magis
1029 491 1166 522 morbum,
1184 499 1265 526 quam
1281 491 1411 521 oratione,
1429 494 1615 519 excusantem,
1629 498 1682 515 non

884 538 931 555 vos
942 529 1052 564 quidem
1064 528 1186 554 crudeles
1199 528 1296 559 fuistis,
1305 528 1380 563 (quid
1387 528 1458 553 enim
1469 528 1558 553 minus
1570 527 1597 553 in
1610 527 1682 552 hunc

883 566 1004 593 ordinem
1020 565 1172 600 convenitv)
1187 565 1248 596 sed,
1267 574 1352 600 quum
1368 565 1510 600 speraretis
1527 564 1593 591 nibil
1611 572 1679 594 csse,

883 604 956 638 quod
972 612 1022 629 non
1043 603 1118 629 illius
1139 604 1292 629 auctoritate
1307 607 1332 629 et
1347 603 1476 637 sapientia
1495 602 1563 628 effici
1581 606 1680 636 posset,

885 641 1072 667 vehementius
1088 641 1253 666 excusationi
1268 640 1423 670 obstitistis.
1442 644 1521 674 atque
1537 648 1612 669 eum,
1634 639 1681 673 qui

884 687 991 713 semper
1012 682 1131 704 vestrum
1152 686 1313 704 consensum
1327 678 1519 712 gravissimum
1536 677 1683 702 iudicavis-

884 720 932 746 set,
946 715 978 741 de
989 716 1119 741 sententia
1130 715 1274 741 deiecistis.
1316 716 1340 740 9.
1357 715 1390 741 Ut
1402 723 1463 740 vero
1474 715 1573 740 Pansae
1585 722 1683 740 consu·

885 753 918 779 lis
929 754 1041 779 accessit
1052 753 1196 778 cohortatio
1206 753 1324 787 gravior,
1338 760 1419 786 quam
1432 760 1508 777 aures
1521 752 1576 777 Ser.
1590 750 1683 785 Sulpi-

884 791 918 816 cii
935 790 1002 816 ferre
1018 790 1189 820 didicissent,
1212 794 1269 815 tum
1285 798 1348 815 vero
1359 789 1476 823 denique
1488 788 1573 814 filium
1586 796 1683 822 meque

884 827 1000 858 seduxit,
1015 832 1094 862 atque
1106 828 1140 853 ita
1154 827 1257 853 locutus
1269 831 1318 857 est,
1333 831 1361 852 ut
1373 826 1555 852 auctoritatem
1567 830 1682 851 vestram

885 866 955 891 vitae
970 874 1034 891 suae
1049 873 1078 891 se
1093 864 1192 890 diceret
1207 863 1345 890 anteferre.
1388 863 1471 890 Cuius
1488 872 1536 889 nos
1556 863 1682 888 virtutem

884 903 1021 933 admirati,
1044 911 1096 929 non
1113 903 1171 928 ausi
1187 910 1283 928 sumus
1300 901 1434 927 adversari
1446 900 1586 927 voluntati.
1627 900 1684 926 Mo-

885 941 997 967 vebatur
1006 940 1136 976 singulari
1148 940 1244 974 pietate
1256 939 1342 965 filius:
1362 947 1413 965 non
1423 938 1541 964 multum
1553 938 1611 964 eius
1623 945 1684 972 pei·-

885 978 1029 1004 turbationi
1051 986 1128 1004 meus
1149 976 1224 1003 dolor
1244 976 1418 1003 concedebat:
1441 976 1488 1002 sed
1507 981 1619 1010 uterque
1636 983 1683 1001 no-

884 1020 970 1042 strum
982 1015 1075 1041 cedere
1090 1015 1235 1050 cogebatur
1250 1014 1429 1049 magnitudini
1445 1014 1527 1039 animi
1543 1013 1685 1039 orationis-

884 1062 937 1088 que
957 1053 1095 1088 gravitati:
1117 1061 1203 1087 quum
1223 1052 1333 1086 quidem
1349 1051 1408 1081 ille,
1433 1051 1548 1077 maxima
1565 1050 1643 1076 laude
1659 1055 1685 1076 et

883 1091 1059 1127 gratulatione
1069 1091 1190 1116 omnium
1202 1094 1335 1120 vestrum,
1353 1088 1488 1123 pollicitus
1499 1092 1546 1118 est,
1560 1096 1597 1118 se,
1611 1086 1684 1122 quod

885 1128 1002 1159 velletis,
1019 1136 1078 1154 esse
1091 1127 1236 1158 facturum,
1255 1136 1341 1162 neque
1352 1127 1410 1152 eius
1422 1126 1567 1152 sententiae
1579 1126 1685 1160 perieu-

885 1165 941 1192 lum
954 1166 1111 1196 vitaturum,
1124 1166 1203 1191 cuius
1215 1165 1272 1199 ipse
1284 1169 1374 1191 auctor
1385 1164 1493 1190 suisset:
1507 1172 1597 1198 quem,
1607 1170 1685 1188 exse-

884 1204 931 1238 qui
944 1203 1066 1229 mandata
1078 1207 1165 1229 vestra
1177 1206 1376 1237 properantem,
1394 1209 1471 1227 mane
1483 1200 1611 1235 postridie
1623 1208 1685 1234 pro-

884 1242 969 1267 secuti
981 1250 1087 1267 sumus.
1127 1240 1178 1272 Qui
1190 1240 1300 1275 quidem
1314 1238 1456 1265 discedens
1472 1246 1578 1264 mecum
1595 1239 1629 1264 ita
1646 1238 1685 1264 lo·

884 1283 963 1305 cutus
975 1283 1023 1309 est,
1037 1283 1066 1305 ut
1076 1278 1135 1304 eius
1146 1278 1228 1304 oratio
1238 1286 1316 1303 omen
1328 1276 1374 1303 sati
1386 1276 1530 1302 videretur.

940 1316 971 1342 V.
996 1318 1036 1342 l0.
1059 1315 1170 1342 Reddite
1181 1315 1272 1351 igitur,
1289 1319 1376 1349 patres
1387 1313 1540 1348 conscripti,
1554 1313 1577 1338 ei
1591 1313 1682 1342 vitam,

884 1353 928 1379 cui
938 1353 1087 1380 ademistis.
1127 1353 1184 1379 Vita
1199 1353 1272 1378 enim
1288 1356 1453 1378 mortuorum
1467 1351 1493 1376 in
1505 1350 1631 1376 memoria
1644 1350 1685 1375 vi-

885 1399 979 1417 vorum
991 1395 1031 1417 est
1042 1391 1137 1425 posita.
1178 1389 1311 1420 Perflcite,
1327 1394 1357 1415 ut
1367 1389 1404 1419 is,
1417 1396 1499 1423 quem
1511 1396 1558 1414 vos
1569 1386 1601 1413 ad
1613 1395 1685 1413 mor—-

884 1432 938 1454 tem
958 1428 1037 1455 inscii
1059 1428 1184 1458 misistis,
1206 1426 1433 1453 immortalitatem
1455 1425 1550 1452 habeat
1565 1433 1579 1450 a
1596 1424 1683 1450 vobis.

885 1466 934 1492 Cui
955 1466 978 1492 si
999 1470 1114 1492 statuam
1134 1465 1161 1491 in
1183 1465 1275 1491 rostris
1296 1464 1402 1490 decreto
1422 1467 1510 1489 vestro
1525 1462 1682 1492 statueritis,

886 1503 958 1529 nulla
974 1503 1033 1529 eius
1050 1502 1208 1538 legationem
1224 1501 1386 1536 posteritatis
1402 1500 1557 1527 obscurabit
1572 1498 1682 1525 oblivio.

885 1541 951 1567 Nam
968 1540 1071 1575 reliqua
1088 1541 1144 1566 Ser.
1162 1538 1277 1573 Sulpicii
1293 1539 1346 1565 vita
1362 1537 1455 1564 multis
1467 1538 1515 1563 erit
1527 1536 1685 1572 praeclaris-

884 1587 938 1613 que
953 1578 1134 1604 monumentis
1150 1577 1183 1603 ad
1198 1585 1305 1603 omnem
1322 1575 1477 1602 memoriam
1489 1573 1683 1601 commendata.

885 1616 998 1650 Semper
1013 1615 1086 1641 illius
1102 1615 1273 1650 gravitatem.
1291 1614 1480 1643 constantiam,
1499 1611 1591 1642 fidem,
1609 1619 1686 1646 prae-

885 1658 998 1679 stantem
1012 1653 1039 1679 in
1055 1652 1192 1687 republica
1208 1651 1306 1678 tuenda
1321 1660 1412 1677 curam
1424 1655 1502 1684 atque
1515 1649 1685 1684 prudentiam

885 1691 1005 1717 omnium
1018 1689 1171 1716 mortalium
1185 1688 1253 1715 sama
1264 1688 1418 1715 celebrabit.
1451 1688 1504 1713 Nec
1519 1696 1581 1713 vero
1592 1686 1686 1712 silebi-

885 1733 928 1754 tur
939 1727 1106 1754 adniirabilis
1117 1727 1249 1762 quaedam
1262 1730 1288 1752 et
1298 1724 1465 1752 incredibilis
1479 1733 1508 1751 ac
1520 1732 1602 1759 paene
1614 1723 1686 1750 divi-

885 1774 917 1791 na
929 1765 988 1791 eius
1001 1765 1027 1792 in
1040 1760 1683 1800 legibusinterpretandiS,aequitateexplicanda.

885 1803 1005 1829 scientia.
1045 1802 1160 1833 Omnes,
1174 1810 1207 1828 cx
1218 1802 1290 1828 omni
1307 1805 1403 1831 aetate,
1421 1800 1469 1835 qui
1480 1800 1507 1825 in
1519 1799 1568 1825 hac
1578 1799 1686 1825 civitate

884 1840 1090 1875 intelligentiam
1102 1839 1169 1866 iuris
1182 1839 1342 1869 habuerunt,
1351 1838 1375 1864 si
1386 1845 1471 1864 unum
1484 1837 1510 1863 in
1524 1836 1610 1863 locum
1622 1844 1686 1862 con—

885 1877 1012 1909 serantur,
1025 1886 1086 1904 cum
1099 1877 1156 1903 Ser.
1170 1876 1291 1911 Sulpicio
1302 1885 1353 1902 non
1366 1876 1420 1901 sint
1430 1873 1610 1909 comparandi.
1634 1874 1686 1899 Ne-

884 1924 937 1950 que
957 1915 1029 1941 enim
1045 1914 1091 1941 ille
1107 1915 1193 1950 magis
1209 1914 1276 1940 iuris
1293 1912 1447 1943 consultus,
1469 1920 1551 1947 quam
1568 1911 1686 1937 iustitiae

886 1952 946 1979 suit.
983 1954 1022 1979 ll.
1045 1953 1136 1987 Itaque
1153 1960 1222 1987 quae
1239 1950 1475 1986 proficiscebantur
1489 1949 1522 1975 ab
1540 1949 1645 1984 legibus
1661 1953 1686 1974 et

885 1990 918 2016 ab
929 1991 987 2017 iure
998 1989 1196 2024 civili,semper
1207 1988 1240 2015 ad
1252 1988 1405 2015 facilitatem
1417 1987 1633 2022 aequitatemque
1645 1994 1686 2011 rc-

886 2027 999 2054 terebat:
1032 2035 1119 2062 neque
1144 2027 1283 2053 instituere
1310 2026 1397 2052 litium
1422 2025 1538 2051 actiones
1559 2023 1683 2053 malebat,

885 2073 966 2100 quam
981 2065 1175 2091 controversias
1191 2063 1291 2090 tollere.
1332 2063 1401 2098 Ergo
1414 2062 1462 2088 hoc
1476 2066 1577 2088 statuae
1590 2069 1685 2087 monu—

886 2107 975 2129 mento
991 2111 1042 2128 non
1058 2106 1131 2137 eget:
1155 2101 1234 2128 babet
1249 2101 1300 2127 alia
1316 2101 1424 2126 maiora.
1466 2100 1534 2125 llaec
1549 2099 1619 2125 enim
1633 2103 1686 2124 sta-

886 2144 931 2166 tua
943 2140 1036 2166 mortis
1048 2139 1173 2165 honestae
1186 2139 1261 2164 testis
1273 2139 1331 2168 erit,
1344 2137 1398 2167 illa,
1409 2138 1536 2163 memoria
1549 2137 1617 2162 vitae
1627 2135 1686 2170 glo-

886 2177 983 2203 riosae:
1011 2181 1040 2202 ut
1065 2176 1113 2202 hoc
1137 2176 1224 2211 magis
1249 2179 1453 2201 monumentum
1477 2174 1545 2208 grati
1565 2178 1683 2203 senatus,

885 2222 967 2249 quam
982 2213 1046 2239 clari
1063 2213 1113 2239 viri
1130 2213 1252 2239 futurum
1270 2213 1314 2238 sit.
1358 2213 1396 2238 ⁴2.
1420 2211 1533 2237 Multum
1548 2211 1627 2236 etiam
1640 2219 1686 2235 va-

888 2251 971 2277 luisso
988 2250 1021 2276 ad
1038 2251 1121 2285 putris
1137 2250 1263 2276 honorem
1285 2249 1369 2284 pietas
1391 2248 1438 2274 tilii
1461 2248 1609 2274 videbitur:
1636 2247 1683 2281 qui

886 2296 1051 2323 quamquam
1063 2286 1177 2313 afflictus
1191 2287 1263 2312 luctu
1276 2295 1327 2312 non
1339 2285 1422 2315 adest,
1431 2290 1518 2311 tamen
1526 2286 1564 2311 sic
1576 2285 1684 2310 animati

886 2333 945 2351 csse
955 2325 1069 2354 (lebetis,
1083 2329 1112 2350 ut
1123 2325 1145 2350 si
1158 2324 1203 2350 ille
1215 2323 1328 2349 adesset.
1358 2323 1406 2349 Est
1417 2328 1504 2348 nutem
1517 2324 1552 2348 ita
1564 2322 1682 2351 anm-tus,

864 2358 866 2377 ¹¹
888 2367 916 2389 ut
931 2371 1009 2388 nemo
1025 2370 1154 2396 umquam
1171 2361 1243 2387 unici
1259 2360 1307 2386 tilii
1323 2365 1434 2386 mortem
1452 2361 1536 2394 magis
1558 2359 1682 2387 doluerit,

886 2408 967 2435 quam
984 2399 1029 2425 illo
1045 2403 1145 2425 maeret
1160 2399 1251 2433 patriS.
1293 2397 1426 2432 Equidem
1441 2397 1520 2423 ctiam
1537 2396 1569 2422 ad
1587 2395 1683 2422 t'ainatm

886 2438 943 2463 Ser.
957 2436 1072 2471 Sulpicii
1085 2436 1131 2462 tilii
1144 2436 1256 2462 arbitror
1268 2435 1414 2470 pertinere.
1428 2439 1457 2460 ut
1469 2433 1590 2460 videatur
1603 2434 1684 2459 liono-

886 2484 941 2501 rem
953 2474 1075 2501 debitum
1093 2474 1160 2508 patri
1176 2473 1350 2508 praestitisse.
1391 2472 1560 2506 Quamquam
1577 2470 1682 2497 millum

886 2516 1090 2539 monumentum
1101 2511 1200 2538 clarius
1210 2510 1267 2537 Ser.
1275 2510 1413 2545 Sulpicius
1424 2508 1574 2544 relinquero
1587 2509 1682 2543 ρυιιιίι,

885 2558 966 2584 quum
978 2548 1094 2583 effigiem
1107 2557 1212 2575 morum
1226 2556 1352 2578 suorum,
1372 2547 1491 2577 virtutis,
1509 2546 1681 2576 constantiae,

886 2587 1000 2621 pietatis,
1017 2587 1131 2622 ingenii,
1149 2585 1249 2612 lilium:
1272 2585 1350 2611 cuius
1368 2584 1455 2611 luctus
1467 2588 1512 2610 aut
1524 2583 1572 2610 lioc
1584 2583 1683 2610 honore

886 2629 973 2650 vestro
984 2628 1030 2650 aut
1040 2623 1115 2650 nullo
1125 2623 1219 2650 solatio
1232 2622 1312 2649 lovari
1325 2626 1420 2657 potest.

941 2661 982 2688 Vl.
1007 2662 1047 2687 ⁴3.
1069 2661 1134 2687 Mihi
1150 2665 1239 2687 autem
1255 2659 1401 2686 recordanti
1413 2659 1471 2686 Ser.
1483 2657 1595 2693 Sulpicii
1612 2657 1683 2683 mul-

884 2703 924 2726 tos
936 2699 963 2726 in
976 2703 1064 2726 nostra
1076 2697 1254 2726 familiaritate
1265 2706 1416 2729 sermones,
1437 2696 1536 2733 gratior
1552 2695 1591 2722 illi
1608 2695 1683 2721 vidc-
