1941 3052
720 153 1039 183 FRAGMENTA.

51 228 150 251 cratem
166 223 268 255 ferunt,
286 225 364 251 morti
378 225 547 260 proximum,
565 224 598 251 de
615 226 722 260 piorum
739 226 850 252 immor·
870 227 873 236 ³

51 261 152 288 talitate
162 261 294 296 beataque
306 263 374 293 vita,
387 270 456 297 quae
471 267 583 289 mortem
595 264 779 298 consequitur,
793 263 851 290 dis-

51 299 204 334 putavisse,
229 300 319 334 itaque
336 299 403 326 laeto
423 308 454 326 ac
470 300 565 326 libenti
580 301 671 327 animo
690 300 766 327 letale
782 300 850 326 illud
871 309 872 320 2

51 336 180 372 poculum
192 336 330 367 hausisse,
350 337 428 372 quasi
444 346 496 363 non
511 337 544 363 ad
559 342 687 369 mortem,
705 338 752 364 sed
764 338 797 364 ad
809 346 851 364 re-

50 382 136 410 gnum
147 378 226 409 atque
239 375 385 409 imperium
396 380 545 401 vocaretur.
580 377 637 402 461.
653 375 687 402 At
698 384 769 406 vero,
783 384 851 410 quo-

51 420 112 438 mm
127 412 234 437 animus
250 413 277 438 in
293 417 361 438 terra
376 412 483 438 defixus
500 412 604 439 haeret:
627 414 675 448 qui
691 413 774 443 nihil,
797 413 850 439 nisi
871 420 873 435 ’κ

50 449 161 475 mortale
171 454 372 484 terrenumque,
380 450 510 485 cogitant;
525 458 570 476 eos
581 449 660 484 plane
671 456 851 486 repugnantes

51 490 131 521 atque
146 487 246 513 invitos
262 495 276 513 e
292 488 347 513 vita
361 487 500 513 discedere
512 487 648 513 videmus.
690 488 743 513 Nec
755 488 852 514 imme-

49 524 116 551 rito:
138 532 238 559 quum,
256 525 408 551 animorum
424 525 606 551 aeternitatem
620 525 732 559 propius
744 526 797 551 iam
809 526 852 551 in—

50 566 165 593 tuentes,
178 562 333 588 crucientur
344 563 444 588 mirum
456 563 483 588 in
496 562 616 591 modum,
630 563 707 597 quasi
720 562 851 598 flagitiose

50 603 136 625 actam
153 600 236 626 vitam
252 608 338 634 poena
352 600 433 626 etiam
448 601 484 626 sit
494 599 654 626 immortalis
665 605 850 626 consecutura.

50 636 138 672 Atque
149 636 335 672 illudetiam(o
346 637 460 664 stultum
473 637 619 668 hominem,
629 637 728 664 dixerit
739 637 848 672 aliquis,

50 678 77 700 et
91 679 200 701 naturae
217 683 282 701 suae
298 676 406 709 penitus
416 675 568 710 ignaruml)
590 675 692 701 nemini
703 675 850 701 obscurum

50 720 110 738 esse
121 717 221 747 potest,
239 721 273 739 ex
287 713 355 747 ipsis
367 713 446 738 etiam
459 713 542 739 sacris
554 713 780 747 caerimoniisque
794 721 852 738 ma-

49 749 139 776 iorum
155 754 288 776 aeternam
306 750 423 777 hominis
438 751 521 776 vitam
538 750 615 776 facile
632 751 757 785 cognosci
772 754 851 784 atque
872 755 873 778 1

50 786 167 823 intelligi
177 796 266 822 posse.
289 789 382 823 Neque
397 788 469 814 enim
481 788 522 814 illi
534 792 580 814 aut
589 792 707 814 mortuos
719 792 790 814 tanto
803 787 852 813 ho-
871 796 880 807 2

49 833 113 851 nore
123 825 283 856 coluissent,
307 831 352 852 aut
363 830 416 852 tam
429 825 527 851 multas
539 830 647 860 tamque
660 825 747 851 varias
758 824 851 859 sepul—

49 871 156 889 crorum
168 863 344 889 caerimonias
355 864 470 898 posteris
482 862 668 893 tradidissent,
688 863 741 888 nisi
756 862 851 897 cogni-

49 904 107 927 tum
128 905 356 935 perspectumque
377 900 550 930 habuissent,
572 900 664 935 vigere
685 900 806 926 animum
823 899 850 925 in

49 942 148 969 morte,
173 946 236 968 nec,
259 946 426 972 quamquam
446 946 544 972 corpus
569 937 685 967 occidat,
712 937 850 963 hominem

49 975 140 1009 ipsum
152 976 261 1010 penitus
273 984 443 1001 evanescere.
487 976 543 1001 162.
565 975 657 1009 Itaque
669 976 794 1001 statuisse
810 975 851 1000 vi-

49 1012 155 1043 dentur,
169 1018 282 1039 mortem
296 1013 384 1048 ipsam
396 1021 448 1039 non
462 1021 522 1038 esse
535 1012 667 1038 humanae
679 1013 748 1038 vitae
760 1013 851 1038 confe-
872 1038 873 1042 ,

48 1050 172 1081 ctricem,
196 1059 245 1076 nec
265 1059 300 1077 ex
320 1059 350 1077 ea
364 1051 444 1086 sequi
464 1050 617 1081 interitum,
641 1049 688 1075 sed
708 1050 798 1084 potius
817 1049 851 1075 ad

48 1087 129 1114 aliam
141 1087 226 1114 multo
237 1087 385 1114 feliciorem
396 1088 479 1114 vitam
492 1088 525 1114 iis
534 1108 540 1118 ,
562 1088 610 1122 qui
624 1092 694 1113 recte
706 1088 848 1117 vixissent,

48 1124 147 1151 ducem
162 1126 291 1160 optimam
307 1125 392 1152 solere
409 1126 550 1152 exsistere.
590 1124 761 1159 Quicumque
778 1125 850 1151 enim
871 1122 873 1154 ἓ

48 1163 240 1189 convenienter
254 1168 365 1189 naturae
381 1163 508 1193 vixerint,
531 1171 580 1189 nec
599 1162 674 1189 illam
689 1163 775 1188 secuti
795 1163 850 1188 sint
871 1162 873 1172 '

47 1199 134 1226 malae
146 1201 352 1227 consuetudinis
366 1200 560 1235 corruptelam,
576 1209 645 1235 quae
657 1200 791 1226 divinitus
803 1199 851 1225 da-
871 1217 873 1230 ,

48 1242 88 1265 tos
105 1238 240 1273 igniculos
256 1239 419 1274 exstinguit,
436 1239 557 1273 vitiaque
572 1238 660 1273 gignit
671 1243 697 1264 et
711 1238 851 1264 confirmat
871 1231 873 1263 l

47 1277 152 1307 omnia,
174 1284 219 1302 eos
240 1280 266 1302 et
285 1277 408 1303 viventes
431 1275 516 1311 gloria
540 1280 566 1302 et
583 1284 596 1301 e
616 1276 669 1301 vita
690 1275 850 1301 excedentes

47 1313 177 1348 praemiis
187 1314 315 1349 prosequi
326 1318 438 1348 oportet.
480 1313 508 1339 Id
522 1314 594 1339 enim
607 1322 658 1339 non
671 1313 758 1339 solum
771 1313 851 1338 ratio-

47 1350 76 1377 ni
87 1356 307 1382 cousentaneum,
316 1351 363 1377 sed
375 1351 455 1378 etiam
465 1351 640 1377 verissimum
652 1356 732 1385 atque
742 1350 851 1384 aequis-

47 1388 150 1415 simum
174 1393 223 1415 est.
265 1389 315 1415 Cui
340 1394 430 1415 autem
455 1388 598 1423 aequitatis
618 1388 756 1423 antiquior
775 1396 847 1418 cura,
871 1396 873 1404 ¹

47 1434 130 1461 quam
141 1425 210 1452 deo‘?
228 1426 346 1453 XLvtll.
361 1428 417 1453 463.
433 1427 627 1461 Itaque,quum
641 1426 720 1452 bomo
731 1425 805 1452 solus
817 1434 850 1451 ex

46 1463 329 1498 omnipropemodum
340 1472 438 1499 genere
450 1468 544 1490 nactus
556 1463 716 1498 sitaliquam
729 1463 849 1489 notitiam
871 1476 879 1499 ,π

47 1500 105 1531 dei,
126 1501 180 1527 nisi
196 1502 266 1527 vitae
282 1502 425 1536 iniquitate
446 1501 496 1527 deo
516 1501 629 1535 iniquus
644 1506 724 1535 atque
743 1501 850 1526 invisus
871 1522 872 1525 ,

47 1539 175 1569 evaserit,
198 1538 231 1565 ad
246 1538 328 1565 deum
340 1543 410 1564 certe
422 1537 549 1564 evolabit.

47 1575 182 1602 humanae
199 1575 240 1602 vel
254 1577 404 1602 maximum
417 1584 446 1601 ac
459 1575 647 1601 firmissimum
659 1580 849 1611 argumentum

47 1617 100 1644 est,
125 1613 214 1639 solum
238 1613 375 1640 hominem
395 1613 506 1639 divinae
525 1612 671 1639 voluntatis
691 1613 848 1647 participem

46 1651 242 1686 consciumque
254 1652 398 1677 exsistere:
412 1655 450 1681 ut,
459 1659 624 1685 quamquam
636 1651 790 1686 agrestibus
800 1649 850 1676 sil-
870 1654 871 1680 t

591 1537 675 1572 ldque
686 1538 849 1564 aeternitatis
871 1554 879 1570 ,=

46 1688 239 1723 vestribusque
250 1689 277 1715 in
291 1688 355 1715 locis
367 1693 445 1714 natus
457 1689 500 1718 sit,
509 1693 598 1714 tamen
610 1688 667 1724 ipsa
679 1688 790 1715 docente
803 1697 849 1713 na-
870 1703 879 1714 ,κ

47 1730 119 1756 tura,
137 1730 163 1752 et
178 1734 237 1752 esse
253 1726 349 1756 deum,
373 1731 398 1752 et
413 1725 556 1753 colendum
573 1735 602 1753 ac
617 1726 766 1753 verendum
778 1734 846 1756 esse,

47 1762 171 1791 dubitare
183 1772 235 1791 non
247 1764 342 1800 possit.
377 1766 434 1791 464.
456 1765 478 1791 O
490 1773 545 1791 rem
557 1764 679 1800 dignam,
692 1765 718 1790 in
731 1772 783 1798 qua
796 1772 848 1790 non

46 1801 126 1828 modo
141 1802 274 1833 homines,
291 1803 338 1829 sed
350 1803 424 1837 ipsas
436 1803 515 1829 etiam
528 1802 646 1837 pecudes
657 1802 848 1836 obstupescere
870 1816 871 1819 =

47 1847 85 1871 ac,
99 1840 122 1866 si
135 1839 191 1866 fieri
203 1841 386 1875 possit,etiam
393 1840 552 1867 erubescere
559 1840 690 1874 oporteat!
705 1844 848 1874 cognatum

46 1884 106 1903 esse
117 1877 254 1904 hominem
267 1878 331 1904 deo:
344 1877 451 1904 nullum
463 1877 538 1904 aliud
550 1879 577 1904 in
593 1878 670 1904 terris
682 1876 792 1907 animal,
807 1877 849 1902 ni-

46 1915 70 1940 si
82 1914 219 1941 hominem
231 1914 330 1946 solum,
343 1915 387 1942 dei
398 1916 550 1951 cognitione
563 1915 698 1942 imbutum
711 1923 783 1941 esse:
801 1923 849 1940 nec

46 1951 198 1986 quidquam
214 1960 273 1979 esse
290 1952 378 1984 aliud,
401 1953 474 1988 quod
491 1954 594 1984 animo,
619 1961 633 1979 e
649 1953 742 1979 divina
760 1956 848 1978 mente

46 1988 156 2020 hausto,
170 1990 323 2024 praeditum
335 1991 383 2017 sit:
407 1995 562 2025 tantamque
572 1991 661 2017 inesse
674 1990 777 2017 homini
788 1997 850 2015 cae-

45 2027 153 2053 citatem
165 2031 246 2062 atque
257 2027 422 2059 socordiam,
436 2032 478 2059 ut,
496 2028 605 2054 divinae
617 2028 784 2064 cognationis
797 2027 849 2053 im-

46 2072 163 2096 memor,
181 2070 320 2091 aversetur
336 2065 526 2101 migrationem
541 2065 574 2092 ad
586 2065 686 2092 deum?
711 2066 763 2091 Nec
775 2065 848 2091 enim

46 2100 121 2128 aliud
132 2109 191 2128 esse
203 2111 274 2129 mors
283 2123 289 2133 ,
305 2111 388 2137 quam
401 2104 525 2139 migratio
537 2103 569 2129 ad
582 2103 710 2129 caelestes
721 2111 849 2138 superas—

45 2146 99 2174 que
110 2139 198 2170 sedes,
212 2140 392 2167 existimanda
403 2145 456 2172 est,
471 2149 519 2167 nec
530 2140 558 2167 id
568 2140 655 2166 solum
669 2141 769 2167 ratione
781 2148 849 2174 qua-

45 2176 117 2207 dam,
131 2178 259 2212 aequitati
272 2178 432 2213 veritatique
445 2183 637 2209 consentanea,
653 2178 701 2204 sed
713 2180 793 2204 etiam
805 2187 848 2204 sa-

45 2214 278 2249 pientissimorum
300 2215 441 2242 hominum
463 2216 580 2242 maxime
603 2216 678 2242 firmo
701 2216 847 2250 stabilique

45 2259 190 2278 consensu.
217 2252 299 2287 Atqui
311 2261 383 2283 eum,
397 2253 444 2287 qui
458 2252 507 2279 boc
519 2258 596 2287 pacto
607 2253 708 2284 vivere,
722 2262 751 2279 ac
764 2262 847 2288 paene

45 2297 60 2315 a
75 2297 103 2315 se
119 2289 178 2324 ipso
193 2289 339 2316 dissentire
354 2290 432 2321 velit,
456 2291 614 2316 meminisse
630 2295 700 2317 certe
719 2292 846 2326 oportuit,

45 2331 142 2353 terram
154 2327 241 2361 ipsam
252 2327 412 2362 omniaque,
430 2336 499 2362 quae
513 2327 565 2353 sub
576 2327 649 2354 caelo
660 2333 737 2359 sunt,
753 2328 847 2355 divina

45 2363 182 2390 voluntate
195 2365 260 2399 regi,
270 2369 464 2399 proptereaque
476 2365 606 2400 quiddam
619 2366 786 2401 nobis,qnod
799 2366 848 2392 ob-

44 2401 209 2428 servandum
216 2401 443 2428 etaddiscendum
452 2402 781 2437 videatunpraescribere.
789 2405 844 2430 ⁴65.

44 2438 112 2471 Quis
127 2447 190 2476 ergo
207 2444 302 2465 terram
320 2440 407 2474 ipsam
423 2445 469 2466 aut
483 2441 628 2474 quotannis
648 2440 776 2471 feracem,
801 2446 847 2468 aut

44 2484 152 2511 semper
168 2477 284 2512 optimas
300 2476 391 2512 fruges
412 2482 437 2503 et
453 2486 601 2512 numquam
618 2479 701 2504 malas
723 2478 847 2505 inutiles-

44 2521 99 2549 que
114 2514 211 2541 herbas
227 2514 350 2541 edentem
371 2513 579 2549 efferentemque
605 2516 690 2542 vidit?
709 2517 772 2551 quis
788 2517 847 2542 ani-

43 2550 125 2577 malia
135 2559 243 2587 semper
254 2552 351 2578 uberes
364 2555 449 2578 foetus
460 2552 589 2583 edidisse,
607 2562 755 2588 numquam
768 2554 847 2580 steri-

44 2587 146 2616 litatem
165 2597 244 2624 passa
261 2597 320 2616 esse
341 2589 542 2616 recordabitur?
574 2590 650 2622 Quod
666 2592 690 2617 si
707 2591 771 2617 baec
788 2592 845 2625 ipsa

43 2634 122 2653 secus
133 2634 162 2652 se
174 2626 286 2658 habent,
310 2627 434 2662 nihilque
447 2627 473 2653 in
485 2627 566 2653 rebus
578 2627 706 2654 humanis
717 2634 846 2663 perpetuo

43 2663 152 2690 firmum
167 2663 345 2699 eiusdemque
358 2669 467 2691 naturae
478 2669 568 2700 optare
581 2664 655 2692 licet:
678 2674 740 2697 cur.
763 2674 845 2701 quam

43 2701 73 2728 in
88 2701 216 2728 omnibus
236 2706 263 2729 et
281 2702 363 2729 rebus
381 2707 407 2730 ct
426 2702 610 2729 animantibus
628 2703 845 2730 vicissitudinem

872 665 881 675 Ἴ,
903 638 1099 674 fruendamque
1115 641 1253 667 veritatem
1269 642 1386 668 iucunde
1398 642 1521 669 traducit.

872 675 880 705 ,ἶ
902 676 1008 702 beatius
1020 677 1123 704 homini
1135 686 1213 712 posse
1227 680 1390 714 contingere,
1404 681 1478 711 satis,
1492 685 1521 707 ut
1532 681 1654 711 arbitror,
1668 689 1702 707 ex

1637 162 1699 188 ⁴359

902 228 1048 258 cernimus,
1063 235 1122 253 eam
1134 227 1167 254 ab
1179 227 1288 255 homine
1299 229 1495 266 seiungamus?
1505 229 1557 263 Qui
1568 231 1591 257 si
1603 231 1702 259 multos

903 273 986 291 annos
998 264 1113 291 feliciter
1124 265 1231 297 vixerit,
1245 267 1268 292 si
1279 266 1410 299 sobolem,
1419 267 1615 303 honores,opes
1627 278 1702 295 asse-

902 307 1004 336 quutus
1018 302 1065 328 diu
1076 303 1156 329 tantis
1168 303 1245 330 bonis
1255 303 1308 330 frui
1320 306 1448 339 potuerit:
1462 306 1597 340 praeclare
1609 315 1701 333 secum

903 348 961 365 esse
974 345 1062 366 actum
1075 349 1137 366 vere
1148 340 1257 367 dixerit.
1292 344 1346 368 166.
1369 342 1422 369 Sed
1433 343 1539 369 adversi
1551 348 1639 370 tamen
1651 344 1702 370 ali-

872 409 880 415 „
903 377 970 411 quid
989 377 1163 404 subeundum
1183 378 1429 415 perferendumque
1450 380 1631 416 relinquetur:
1654 381 1703 408 de—

904 423 978 440 mum
990 415 1139 449 oppetenda
1152 425 1222 442 mors
1234 417 1296 447 erit,
1321 426 1390 452 quae
1404 426 1435 444 eo
1446 417 1530 444 levior
1541 427 1599 445 esse
1611 418 1700 450 debet,

903 452 975 486 quod
987 452 1114 478 omnibus
1126 455 1278 479 communis
1290 459 1338 485 est,
1356 463 1404 481 nec
1414 456 1542 490 cuiquam
1554 456 1702 491 singularis

903 494 949 515 aut
969 491 1126 524 praecipua;
1153 491 1199 516 sed
1217 492 1266 517 hoc
1280 501 1389 527 quoque
1405 494 1516 528 gratior,
1535 494 1608 528 quod
1624 503 1672 520 nos
1688 503 1702 520 a

903 526 996 552 multis
1008 528 1144 554 erroribus
1156 528 1295 559 abstrahit,
1309 530 1420 564 quibus,
1429 530 1517 565 quoad
1530 531 1659 562 vivimus,
1674 532 1701 558 in

903 568 973 590 tanta
984 565 1143 598 opinionum
1159 567 1284 592 varietate
1291 567 1454 602 assiduaque
1462 569 1702 603 veriinquisitione

903 602 1054 636 perturbari
1075 611 1154 637 saepe
1175 603 1308 635 solemus,
1331 610 1356 631 et
1377 605 1409 631 ad
1432 606 1518 639 ipsam
1539 606 1702 632 cernendam

1563 643 1621 675 Quo
1633 643 1702 670 nihil

903 722 933 740 eo
945 715 1076 748 suspicari
1088 724 1247 749 possumus,
1266 717 1338 751 quod
1356 718 1444 743 innata
1457 723 1497 744 est
1508 718 1611 744 homini
1623 719 1703 752 cupi-

903 751 1118 779 ditasscientiae:
1132 754 1190 779 eius
1202 759 1289 780 autem
1302 755 1472 788 praestantia,
1481 764 1532 781 non
1540 764 1604 781 sane
1611 755 1700 787 video,

903 797 955 823 qua
972 789 1023 815 alia
1040 790 1066 815 in
1084 799 1111 816 re
1123 791 1176 816 nisi
1188 791 1214 817 in
1229 791 1344 825 perfecta
1357 793 1477 818 veritatis
1488 794 1640 828 cognitione
1653 802 1703 827 po-

903 827 953 852 sita
964 827 1008 852 sit.
1049 827 1090 853 Ex
1100 836 1154 862 quo
1167 828 1202 858 fit,
1217 833 1254 859 ut,
1269 830 1388 856 veritatis
1399 831 1580 865 cognitionem
1592 839 1702 857 assecu-

903 864 935 893 ti,
959 863 1075 898 perfecta
1092 865 1268 900 absolutaque
1284 867 1396 892 scientia
1412 869 1560 901 potiamur3
1584 876 1702 902 vereque

902 901 956 926 dici
971 906 1069 936 potest,
1090 903 1138 937 qui
1154 904 1292 930 veritatem
1308 905 1444 930 intueatur
1461 913 1598 940 sensuque
1614 907 1703 940 perci-

871 942 880 967 Ἃ,
903 939 971 972 piat,
995 947 1056 964 eum
1074 941 1128 966 voti
1144 941 1187 966 sui
1202 946 1351 976 compotem
1369 951 1486 977 vereque
1507 942 1615 969 beatum
1631 951 1700 969 esse.

902 975 998 1002 XLIX.
1024 978 1079 1003 ⁴67.
1101 977 1177 1009 Quod
1194 979 1217 1004 si
1233 979 1307 1005 beata
1324 980 1377 1005 vita
1393 980 1544 1014 quaerenda
1560 980 1637 1007 nobis
1651 985 1700 1011 est,

903 1021 951 1039 nec
967 1013 1117 1048 quidquam
1133 1014 1293 1050 fugiendum
1311 1017 1411 1051 magis,
1434 1026 1516 1052 quam
1533 1026 1564 1044 ne
1580 1019 1703 1044 miseria-

879 1072 880 1079 ,
903 1059 962 1076 rum
978 1052 1109 1086 gravitate
1123 1060 1292 1086 premamur:
1315 1054 1382 1089 quid
1403 1054 1449 1080 illo
1468 1055 1576 1081 homine
1592 1056 1702 1082 stultius

903 1093 949 1114 aut
960 1088 1085 1115 stolidius
1102 1091 1213 1124 reperiri
1229 1096 1328 1125 potest,
1349 1092 1396 1126 qui
1407 1097 1555 1118 ceterorum
1572 1098 1655 1119 morte
1667 1093 1703 1119 ita

903 1127 1020 1161 angitur,
1034 1131 1077 1157 ut,
1091 1127 1182 1154 beatae
1194 1129 1264 1154 vitae
1275 1128 1390 1159 oblitus,
1404 1130 1530 1156 miseram
1543 1135 1621 1164 atque
1634 1130 1704 1156 infe-

904 1163 982 1190 licem
993 1165 1177 1191 consectetur?
1197 1165 1316 1192 Profecto
1330 1167 1403 1192 enim
1415 1167 1449 1193 ita
1461 1176 1490 1193 se
1504 1176 1545 1193 res
1558 1168 1644 1197 habet,
1664 1173 1700 1198 ut,

903 1202 956 1227 nisi
973 1203 1066 1228 mortis
1082 1202 1236 1238 dolorisque
1252 1204 1347 1230 timore
1365 1204 1493 1231 liberatus
1512 1206 1560 1235 sit,
1583 1206 1662 1231 etiam
1680 1206 1703 1230 si

903 1238 1002 1265 multas
1013 1241 1133 1275 cognitas
1145 1246 1339 1276 perceptasque
1352 1242 1465 1268 virtutes
1473 1242 1577 1273 habeat,
1587 1248 1705 1269 rectum-

902 1285 955 1311 que
967 1282 992 1303 et
1002 1286 1119 1312 aequum
1130 1279 1204 1304 omni
1216 1278 1294 1313 plane
1307 1279 1414 1305 utilitati
1427 1285 1582 1314 anteponat,
1608 1281 1704 1306 beatus

902 1319 991 1340 tamen
1006 1323 1065 1341 esse
1082 1324 1160 1342 nenio
1176 1317 1270 1350 possit.
1311 1316 1381 1348 Quid
1396 1317 1468 1342 enim
1481 1317 1554 1342 alind
1567 1317 1642 1343 ‹lolor
1653 1322 1701 1348 est,

903 1353 956 1378 nisi
970 1353 1106 1379 cruciatus
1118 1354 1215 1383 animi,
1231 1354 1307 1388 isque
1319 1354 1485 1388 perpetuus?
1505 1354 1570 1388 qnid
1584 1354 1657 1380 alind
1670 1355 1704 1380 ti-

902 1398 973 1421 mor,
997 1391 1050 1416 nisi
1066 1391 1193 1417 assiduus
1211 1391 1358 1417 invisarum
1376 1400 1404 1418 ae
1420 1392 1592 1418 molestarum
1613 1400 1703 1418 reruni

903 1427 1008 1454 metus?
1040 1430 1096 1454 ⁴68.
1118 1429 1151 1454 At
1162 1437 1215 1463 quo
1228 1429 1306 1455 modo
1318 1428 1383 1456 felix
1395 1435 1439 1455 aut
1452 1430 1545 1455 beatus
1558 1438 1616 1455 esse
1629 1435 1704 1463 pote-

902 1466 944 1495 rit,
959 1466 1005 1500 qui
1017 1465 1126 1492 assiduo
1137 1466 1258 1492 cruciatu
1271 1471 1398 1500 metuque
1412 1466 1570 1501 urgebitur?
1590 1468 1660 1498 Quin
1673 1475 1704 1493 eo

903 1503 1026 1529 miserior
1041 1508 1120 1537 atque
1137 1503 1271 1529 infelicior
1286 1504 1435 1530 existimari
1452 1504 1544 1533 debet,
1563 1504 1635 1539 quod
1651 1513 1703 1530 non

901 1540 991 1566 solum
1007 1541 1060 1567 sibi
1077 1541 1130 1575 ipsi
1146 1541 1296 1567 molestiam
1314 1542 1506 1576 miseriamque
1525 1542 1701 1576 comparabit,

902 1578 949 1603 sed
966 1579 993 1604 in
1009 1583 1158 1604 ceterorum
1174 1579 1254 1604 etiam
1270 1587 1420 1605 sermonem
1436 1588 1464 1605 ac
1478 1580 1704 1613 vituperationem

903 1616 1030 1642 incurret.
1065 1616 1139 1642 Nihil
1152 1617 1224 1642 enim
1237 1617 1321 1642 nimio
1333 1616 1422 1643 dolore
1435 1616 1593 1645 deformius.
1609 1616 1678 1643 nibil
1689 1625 1703 1642 a

904 1653 961 1679 viro
975 1653 1101 1680 alienius.
1142 1654 1187 1683 Et,
1206 1654 1228 1679 si
1240 1654 1359 1688 eorporis
1375 1654 1552 1688 pravitatibus
1566 1655 1704 1688 vitupera·

902 1691 938 1717 tio
950 1692 1083 1725 proposita
1096 1695 1148 1721 est,
1168 1691 1242 1717 vitiis
1256 1692 1335 1725 ipsis,
1354 1692 1456 1726 quibus
1472 1691 1572 1717 laborat
1584 1693 1701 1719 animus.

870 1740 879 1764 ιἸ
902 1728 969 1754 nibil
983 1729 1174 1763 turpitudinis,
1199 1729 1267 1758 nibil
1285 1729 1405 1755 inuretur
1418 1728 1562 1755 infamiae?
1583 1729 1628 1755 llla
1642 1737 1704 1756 vcro

878 1766 879 1770 ’
901 1770 926 1792 ct
937 1767 1060 1801 graviora
1072 1771 1149 1796 sunt,
1167 1771 1192 1792 et
1204 1766 1297 1792 maiori
1312 1767 1546 1792 animadversione
1562 1767 1705 1793 vindican-

877 1861 878 1866 ,
901 1842 1022 1867 animum
1036 1842 1142 1876 ipsum,
1156 1846 1366 1876 occupaverunt.

901 1803 948 1833 da,
967 1812 1020 1839 quo
1036 1804 1210 1834 nobiliorem,
1226 1812 1308 1838 quam
1320 1812 1418 1839 eorpus
1429 1809 1477 1835 est,
1491 1804 1593 1835 sedem.
1607 1813 1704 1839 nempe

1413 1843 1466 1868 tet).
1489 1842 1564 1873 Quod
1582 1843 1604 1867 si
1618 1843 1704 1876 turpis

901 1879 976 1905 dolor
988 1880 1089 1905 nimius
1101 1884 1126 1905 et
1138 1880 1334 1913 vituperatione
1346 1879 1461 1914 dignus,
1477 1884 1547 1905 certe
1561 1879 1627 1905 illud
1640 1888 1705 1905 eon-

901 1922 1039 1951 sequetur,
1055 1922 1092 1947 ut,
1106 1917 1153 1951 qui
1167 1917 1250 1942 nimio
1262 1916 1347 1942 dolori
1359 1917 1480 1951 seipsum
1493 1917 1585 1945 tradat.
1601 1926 1632 1943 ne
1647 1916 1704 1942 lau-

900 1954 933 1980 de
950 1954 1061 1989 quidem
1083 1954 1137 1980 ulla
1158 1954 1258 1989 dignus
1274 1960 1424 1980 censeatur.
1466 1955 1512 1980 Est
1531 1955 1603 1980 enini
1620 1955 1705 1980 series

900 1992 1048 2027 quaedam,
1067 1992 1185 2018 maxime
1198 1992 1302 2018 veritati
1314 1997 1501 2020 consentanea.
1520 1992 1704 2017 utsententia-

901 2030 1019 2060 rum,sic
1032 2038 1134 2056 rerum:
1149 2029 1423 2064 et.quemadmodum
1437 2030 1461 2055 in
1477 2030 1705 2063 sermonedispu-

901 2068 1054 2102 tationeque
1066 2072 1155 2094 nostra
1168 2068 1283 2093 nectitur
1294 2066 1368 2093 aliud
1383 2076 1416 2093 ex
1427 2067 1488 2094 alio.
1500 2068 1543 2096 ita,
1552 2068 1600 2102 qui
1612 2076 1639 2092 se
1652 2074 1703 2092 una

901 2105 991 2139 aliqua
1010 2105 1050 2131 vel
1068 2104 1236 2131 deformitate
1256 2104 1297 2130 vel
1320 2104 1488 2138 turpitiuline
1506 2105 1639 2139 implicari
1656 2113 1704 2138 pa-

901 2143 978 2171 titur,
1003 2143 1095 2169 multis
1119 2142 1209 2168 statim
1236 2142 1353 2167 miseriis
1377 2151 1406 2168 at·
1422 2142 1638 2168 deformitatibus
1655 2150 1704 2175 op-

901 2180 1042 2214 primetur.
1084 2180 1113 2206 1..
1138 2180 1194 2205 ⁴70.
1217 2179 1270 2204 Nec
1287 2188 1350 2205 vero
1365 2179 1437 2205 credi
1452 2180 1546 2208 velini,
1565 2188 1620 2208 nie,
1639 2179 1702 2213 quia

900 2217 986 2243 dolori
1013 2217 1096 2243 nimio
1122 2225 1285 2251 repugnem,
1313 2216 1412 2242 idcirco
1436 2217 1554 2243 dolorem
1575 2217 1648 2242 ouini
1669 2224 1703 2242 ex

900 2260 973 2289 parte
996 2254 1162 2289 improbare,
1186 2262 1335 2288 omnesque
1358 2253 1431 2280 illius
1455 2263 1488 2281 ex'
1510 2255 1600 2280 animo
1622 2254 1702 2279 libras

899 2292 1054 2318 evellendas
1063 2292 1229 2318 existimare.
1264 2291 1310 2317 Est
1321 2292 1403 2319 enim.
1417 2297 1551 2326 (prutenus
1565 2292 1643 2317 bomo
1654 2290 1703 2317 do-

901 2329 964 2362 leat;
988 2335 1021 2360 et,
1039 2329 1121 2364 (quod
1138 2328 1283 2363 prudenter
1293 2338 1307 2354 a
1319 2328 1445 2355 Crantore
1457 2329 1558 2354 ‹tn-nnn
1572 2330 1631 2357 est),
1644 2330 1702 2355 sivo

899 2372 1005 2394 secetur
1019 2376 1080 2402 pars
1092 2366 1182 2401 aliqua
1197 2366 1326 2400 eorporis,
1335 2367 1393 2392 sive
1405 2367 1545 2394 avellatur.
1554 2375 1652 2392 sensus
1663 2371 1703 2392 ta—

900 2413 960 2431 men
973 2405 1067 2431 adesse
1079 2404 1169 2430 debet.
1190 2403 1263 2429 istud
1275 2404 1346 2429 euim
1360 2403 1428 2429 nibil
1440 2404 1636 2430 dolere—lieri
1649 2412 1702 2430 non

875 2459 877 2474 ,⁴
899 2447 993 2477 potest,
1002 2441 1318 2477 quin.quemadmmlum
1332 2440 1461 2467 feritatem
1473 2442 1592 2475 corporis
1604 2449 1703 2475 ‹piam-

899 2480 970 2510 dam,
984 2481 1022 2506 sie
1035 2481 1119 2506 animi
1131 2485 1268 2513 stuporem
1281 2480 1430 2504 maximum
1445 2478 1554 2504 indicet.
1578 2479 1633 2504 ΠΙ.
1647 2478 1700 2505 Sed

900 2518 1029 2544 niinirum
1043 2517 1110 2543 illud
1122 2522 1170 2545 est,
1180 2516 1252 2550 quod
1267 2515 1554 2550 improbamus.dolori
1567 2525 1614 2542 nos
1628 2517 1701 2551 ipsos

899 2555 933 2581 ita
945 2555 1058 2585 tradere,
1068 2560 1096 2581 ut
1108 2555 1134 2581 in
1150 2554 1229 2580 aliam
1243 2553 1353 2579 fortasse
1365 2554 1516 2589 graviorem
1529 2562 1562 2580 ex
1574 2553 1625 2579 alia
1639 2562 1701 2588 par-

899 2597 923 2618 te
936 2593 1159 2627 vituperationem
1174 2591 1336 2617 incidanms.
1379 2592 1444 2617 Nam
1457 2591 1698 2625 quemadmodum,

898 2630 945 2664 qui
961 2629 1029 2656 nibil
1042 2639 1151 2665 prorsus
1163 2628 1259 2658 dolent,
1268 2628 1419 2655 desciscere
1432 2629 1555 2655 videatur
1566 2629 1599 2655 ab
1612 2629 1701 2655 bomi-

899 2668 941 2693 nis
954 2672 1060 2697 natura,
1076 2676 1160 2702 quae,
1177 2671 1260 2692 morte
1273 2666 1410 2700 perculsa,
1424 2665 1543 2692 dolorem
1555 2675 1585 2693 ac
1597 2666 1699 2692 ltu-tum

898 2704 989 2740 aliquo
1006 2704 1085 2731 modo
1101 2704 1220 2730 indicare
1235 2704 1356 2739 cogitur:
1379 2705 1427 2735 ita,
1450 2705 1498 2739 qui
1514 2703 1600 2731 dolori
1617 2704 1700 2730 nimis
