1941 3052
236 135 286 160 DE
318 133 504 160 FINIBUS
534 134 751 161 BONORUM
782 135 835 161 ET
865 135 1386 163 MALORUMLIB.111.CAP.

78 211 212 242 petantur.
252 206 294 231 71.
316 205 361 231 Ius
371 209 474 236 autern,
492 205 565 240 quod
576 206 612 232 ita
623 205 677 232 dici
689 205 873 240 appellarique

77 245 172 279 possit,
181 242 209 269 id
220 250 278 268 esse
290 247 396 269 natura:
409 242 583 278 alienumque
594 252 653 269 esse
664 252 678 269 a
689 244 809 278 sapiente
820 252 872 269 non

78 281 157 308 modo
168 280 297 307 iniuriam
307 280 351 306 cui
364 279 459 311 facere,
475 289 570 307 verum
581 282 661 307 etiam
673 289 778 307 nocere.
818 281 872 307 Nec

77 327 141 346 vero
155 322 258 344 rectum
274 322 326 348 est⁷
343 326 405 343 cum
421 318 516 344 amicis
527 323 573 345 aut
583 318 651 344 bene
664 318 767 344 meritis
779 326 874 344 conso—

77 357 147 383 ciare
158 360 204 382 aut
216 356 380 390 coniungere
397 355 538 382 iniuriam:
555 356 770 391 gravissimeque
786 360 812 381 et
827 364 874 381 ve-

77 394 184 420 rissime
195 392 362 424 defenditur,
380 401 528 427 numquam
540 394 702 428 aequitatem
714 393 747 419 ab
758 392 872 419 utilitate

76 439 155 466 posse
166 430 288 465 seiungi:
302 434 336 460 et,
350 430 485 464 quidquid
496 439 612 465 aequum
625 431 781 464 iustumque
792 435 870 461 esset,

76 467 105 495 id
116 468 196 495 etiam
208 467 365 494 honestum:
383 468 574 502 vicissimque,
594 467 729 502 quidquid
743 472 814 493 esset
825 467 873 494 ho-

77 510 193 536 nestum,
207 505 234 531 id
248 506 349 531 iustum
361 505 441 531 etiam
453 510 531 540 atque
543 514 660 539 aequum
673 505 736 531 fore.

132 543 174 569 72.
187 542 227 568 Ad
239 551 339 577 easque
350 543 472 573 virtutes,
485 542 518 568 de
530 542 631 577 quibus
642 542 809 577 disputatum
821 546 869 573 est⁷

76 579 244 607 dialecticam
269 580 349 606 etiam
370 579 521 615 adiungunt
541 584 567 606 et
589 580 743 615 physicam3
772 587 871 613 easque

77 617 170 644 ambas
185 618 316 643 virtutum
329 618 435 643 nomine
446 617 594 652 appellant:
617 617 735 647 alteram,
744 616 816 651 quod
824 616 870 642 ha-

76 655 138 682 beat
158 655 302 686 rationem⁷
324 663 357 680 ne
378 655 423 680 cui
438 654 504 681 falso
519 655 711 683 assentiamur,
730 662 797 680 neve
810 662 872 679 um-

76 701 159 727 quam
179 692 297 726 captiosa
314 692 502 726 probabilitate
518 691 656 722 fallamur,
678 700 777 726 eaque,
799 698 869 725 quae

76 729 199 756 debonis
211 734 237 755 et
247 729 325 755 malis
337 729 523 760 didicerimus,
538 734 567 755 ut
578 734 666 755 tenere
679 730 801 763 tuerique
808 737 871 762 pos-
892 735 901 748 ³⁴

76 767 174 794 simus.
214 767 282 793 Nam
302 767 361 792 sine
384 766 433 793 hac
454 771 508 792 arte
528 767 653 801 quemvis
674 766 836 792 arbitrantur
856 773 870 790 a

77 813 140 830 vero
151 803 250 830 abduci
262 803 373 838 fallique
384 812 472 838 posse.
513 804 593 829 Recte
604 804 694 838 igitur,
707 804 730 829 si
742 803 869 829 omnibus

77 842 104 867 in
120 841 201 867 rebus
212 842 347 868 temeritas
358 841 543 876 ignoratioque
554 841 649 867 vitiosa
661 845 713 871 est,
728 850 770 866 ars
781 840 814 866 ab
827 840 870 866 his

77 887 121 909 ea,
135 887 203 913 quae
214 878 282 904 tollit
293 878 372 908 haec,
387 879 474 904 virtus
485 878 620 904 nominata
635 883 684 904 est.
724 877 810 904 XXII.
826 878 868 903 73.

76 916 205 951 Physicae
226 924 334 950 quoque
354 924 405 941 non
425 916 483 941 sine
499 924 594 941 caussa
610 915 727 941 tributus
743 915 814 941 idem
830 919 871 941 est

76 953 174 979 honos:
197 957 335 987 propterea
346 952 432 987 quod,
447 953 495 987 qui
506 954 696 979 convenienter
706 957 816 979 naturae
828 953 870 979 vi-

75 994 167 1016 cturus
178 990 222 1021 sit,
238 991 262 1016 ei
274 989 500 1024 proficiscendum
514 994 554 1016 est
564 990 784 1017 abomnimundo
791 995 870 1025 atque

75 1027 109 1054 ab
124 1028 183 1053 eius
199 1028 394 1062 procuratione.
435 1028 489 1053 Nec
506 1036 568 1054 vero
582 1032 669 1062 potest
679 1029 825 1063 quisquam
837 1027 870 1054 de

74 1065 153 1091 bonis
168 1068 194 1091 et
213 1064 292 1091 malis
308 1073 370 1091 vere
387 1064 520 1096 iudicare,
545 1065 598 1091 nisi
613 1066 687 1091 omni
706 1066 812 1101 cognita
828 1074 871 1091 ra-

74 1103 146 1129 tione
162 1106 285 1134 naturae,
303 1106 329 1128 et
344 1102 414 1129 vitae
426 1103 506 1128 etiam
521 1102 648 1134 deorum,
668 1107 694 1129 et
704 1108 795 1129 utrum
806 1111 870 1129 con-

75 1140 173 1170 veniat,
187 1148 279 1171 necne⁷
293 1144 387 1166 natura
399 1139 516 1166 hominis
523 1148 585 1166 eum
593 1141 732 1166 universa:
745 1148 870 1175 quaeque

74 1182 138 1203 sunt
152 1181 240 1203 vetera
255 1182 395 1212 praecepta
407 1178 584 1212 sapientium,
601 1178 648 1212 qui
659 1177 754 1204 iubent
765 1180 871 1211 tempori

73 1223 179 1247 parere,
201 1219 227 1241 et
245 1217 317 1248 sequi
340 1217 426 1245 deum,
450 1219 515 1241 etse
530 1224 645 1246 noscere,
663 1219 689 1241 et
704 1217 768 1241 uilzil
782 1217 868 1241 nimis.

77 1253 144 1278 llaec
163 1252 221 1278 sine
242 1252 364 1287 physicis
384 1260 466 1286 quam
486 1252 542 1278 vim
558 1252 686 1283 habeant,
714 1252 750 1287 (et
770 1252 870 1279 habent

75 1289 243 1323 maximam.)
259 1289 351 1315 videre
364 1298 442 1315 nemo
453 1294 548 1324 potest.
589 1289 676 1324 Atque
690 1290 770 1316 etiam
782 1290 815 1316 ad
827 1291 870 1316 iu·-

74 1327 174 1353 stitiam
198 1326 351 1357 colendam⁷
373 1326 406 1353 ad
430 1327 543 1353 tuendas
563 1327 696 1353 amicitias
711 1332 736 1354 et
751 1327 869 1363 reliquas

73 1364 197 1390 caritates
216 1364 282 1399 quid
304 1369 397 1390 natura
417 1364 516 1393 valeat,
541 1364 605 1390 haec
622 1373 674 1390 una
689 1366 806 1400 cognitio
821 1374 870 1400 po—

75 1405 126 1427 test
145 1401 257 1428 tradere.
298 1401 353 1427 Nec
374 1410 436 1428 vero
458 1402 543 1436 pietas
564 1402 694 1428 adversus
709 1402 786 1434 deos,
809 1411 867 1434 nec,

73 1443 172 1473 quanta
189 1439 232 1465 his
243 1439 328 1473 gratia
340 1438 481 1470 debeatur,
500 1440 558 1465 sine
570 1439 748 1474 explicatione
759 1445 868 1467 naturae

74 1475 189 1511 intelligi
201 1481 296 1510 potest.

129 1514 171 1539 74.
193 1513 246 1539 Sed
263 1514 314 1539 iam
331 1514 430 1544 sentio,
450 1522 491 1540 me
507 1522 566 1540 esse
582 1513 689 1549 longius
700 1519 866 1549 provectum,

73 1559 156 1585 quam
172 1551 307 1585 proposita
324 1552 390 1577 ratio
406 1551 562 1585 postularet.
603 1552 703 1578 Verum
722 1552 870 1578 admirabi-

75 1587 107 1614 lis
122 1589 281 1623 compositio
297 1588 457 1623 disciplinae
474 1589 698 1624 incredibilisque
714 1598 804 1616 rerum
817 1595 870 1616 tra-

73 1626 113 1652 xit
127 1625 205 1652 ordo:
232 1634 328 1660 quem,
345 1634 393 1660 per
408 1625 473 1651 deos
485 1626 662 1653 immortales!
686 1635 773 1653 nonne
788 1628 870 1653 mira-

73 1662 128 1689 ris‘?
146 1662 217 1695 Quid
228 1663 299 1689 enim
311 1663 394 1690 autin
407 1667 509 1694 natura,
523 1672 575 1698 qua
587 1664 656 1690 nihil
668 1669 708 1691 est
719 1665 817 1699 aptius,
828 1665 870 1691 ni-

74 1699 111 1726 hil
123 1699 300 1735 descriptius,
314 1705 359 1727 aut
370 1701 397 1726 in
409 1700 537 1735 operibus
549 1710 629 1727 manu
643 1701 719 1728 sactis
731 1707 784 1728 tam
796 1711 870 1729 com-

72 1738 191 1772 positum
207 1742 315 1773 tamque
331 1742 499 1773 compactum
511 1743 536 1765 et
555 1744 771 1774 coagmentatum
792 1740 870 1766 inve-

73 1775 125 1801 niri
150 1775 254 1810 potest‘?
292 1774 365 1807 Quid
390 1776 524 1810 posterius
549 1776 632 1810 priori
653 1785 705 1803 non
726 1776 870 1803 convenit‘?

71 1812 143 1845 Quid
155 1813 287 1847 sequitur,
301 1812 374 1847 quod
388 1821 439 1839 non
452 1813 777 1848 respondeatsuperiori‘?
796 1814 867 1846 Quid

73 1858 125 1876 non
141 1850 180 1876 sic
195 1849 270 1876 aliud
281 1858 315 1876 ex
326 1849 378 1876 alio
392 1851 521 1881 nectitur,
544 1855 649 1882 utnon,
668 1852 692 1877 si
705 1860 786 1878 unam
798 1851 869 1878 litte-

73 1895 129 1913 ram
146 1887 277 1918 moveris,
299 1886 389 1914 labent
403 1887 512 1914 onmia?
542 1889 596 1914 Nec
612 1893 699 1915 tamen
715 1889 866 1924 quidquam

72 1928 120 1955 est,
135 1923 207 1958 quod
219 1925 321 1950 moveri
333 1925 428 1958 possit.

127 1961 169 1987 75.
191 1960 277 1993 Quam
298 1961 389 1996 gravis
410 1970 482 1993 vero,
504 1970 585 1997 quam
607 1962 763 1998 magnifica,
787 1972 868 1998 quam

71 2003 197 2024 constans
212 1998 352 2025 coniicitur
363 2007 474 2033 persona
486 2000 628 2033 sapientis!
654 2001 711 2034 qui,
729 2009 814 2035 quum
828 2010 870 2027 ra-

73 2036 109 2062 tio
120 2035 253 2066 docuerit,
271 2035 343 2070 quod
358 2036 500 2062 honestum
512 2041 595 2067 esset,
613 2036 639 2062 id
651 2045 709 2063 esse
721 2037 808 2063 solum
822 2038 870 2064 bo-

71 2081 151 2103 num,
169 2081 277 2107 semper
291 2073 326 2100 sit
341 2081 449 2099 necesse
465 2078 505 2100 est
520 2074 628 2104 beatus,
647 2083 763 2109 vereque
779 2076 868 2101 onmia

72 2111 123 2137 ista
148 2110 256 2137 nomina
280 2110 430 2144 possideat,
457 2119 526 2145 quae
556 2111 661 2138 irrideri
682 2111 715 2137 ab
736 2112 868 2146 imperitis

72 2147 168 2174 solent.
191 2148 299 2174 Rectius
311 2148 384 2174 enim
395 2148 576 2182 appellabitur
587 2157 646 2178 rex.
660 2158 740 2183 quam
753 2150 869 2184 Tarqui-

74 2186 151 2216 nius,
171 2185 220 2220 qui
237 2193 284 2211 nec
300 2194 328 2211 sc
341 2193 389 2211 nec
400 2194 463 2211 suos
476 2194 567 2219 regere
579 2186 677 2220 potuit:
701 2187 799 2213 rectius
812 2196 868 2213 ma-

71 2223 156 2258 gister
167 2222 274 2257 populi.
292 2222 325 2257 (is
337 2223 408 2248 enim
421 2228 461 2249 est
476 2222 608 2257 dictator,)
624 2232 705 2258 (pram
718 2224 806 2254 Sulla,
819 2225 867 2259 qui

72 2261 154 2286 trium
166 2259 353 2294 pestiferorum
367 2260 503 2291 vitiorum.
520 2259 651 2292 luxuriae,
661 2262 868 2292 avaritiae,cru-

71 2297 199 2328 delitatis,
218 2298 346 2333 magister
357 2296 420 2323 suit:
436 2298 534 2324 rectius
545 2297 636 2329 dives,
649 2307 730 2333 quam
743 2299 865 2329 Crassus.
896 2318 898 2334 ζ

919 2339 969 2357 qun,
981 2331 1017 2358 qui
1029 2331 1051 2351 in
1062 2332 1175 2357 nrlrrptatr·
1186 2338 1290 2351 nummum
1301 2331 1380 2351 lmnunr
1391 2336 1481 2358 ponant.
1493 2331 1556 2351 lilreri
1565 2332 1714 2357 duumuirum

71 2335 133 2369 qui,
151 2335 205 2361 nisi
220 2336 353 2371 eguisset,
372 2343 520 2369 numquam
537 2335 700 2369 Euphratem
717 2335 790 2362 nulla
803 2336 866 2362 belli

71 2380 167 2398 caussa
178 2373 290 2399 transire
302 2371 441 2398 voluisset.
474 2372 551 2398 Recte
563 2373 622 2398 eius
633 2373 721 2399 onmia
733 2373 865 2404 dicentur.

71 2409 120 2444 qui
133 2410 185 2436 scit
204 2410 244 2436 uti
257 2409 332 2436 solus
343 2409 479 2436 omnibus:
522 2414 590 2435 ret-te.
605 2410 684 2436 etiam
697 2410 809 2444 pulcher
820 2420 867 2445 ap-

71 2445 230 2481 pellabitur;
253 2447 337 2473 animi
357 2448 429 2473 enim
449 2447 607 2473 lineamenta
623 2452 686 2474 sunt
702 2447 864 2482 pulchriora,

71 2492 153 2518 quam
179 2485 312 2519 corporis:
340 2488 409 2511 recte
425 2483 499 2509 solus
522 2483 602 2514 liber.
621 2493 669 2510 nee
689 2484 865 2511 dominationi

71 2521 234 2556 cuiusquam
250 2530 347 2557 parens
359 2530 446 2556 neque
457 2521 748 2556 obedienscupiditati:
771 2523 812 2548 76.
826 2531 867 2548 re-

71 2562 112 2584 cte
122 2558 250 2590 invictus,
264 2559 343 2585 cuius
354 2559 434 2585 etiam
445 2559 468 2584 si
479 2567 576 2593 eorpus
588 2559 794 2593 constringatur,
809 2560 868 2585 nni-

72 2603 116 2622 mo
131 2599 220 2622 tamen
236 2596 345 2622 vincula
357 2597 433 2623 iniici
445 2595 517 2622 nulla
531 2596 643 2630 possint.
667 2596 758 2630 Neque
770 2604 867 2631 exspe-

70 2637 124 2659 ctet
134 2632 260 2659 ultimum
272 2638 379 2669 tempus
390 2634 492 2663 aetatis.
507 2638 536 2659 ut
546 2633 726 2668 tumdenique
734 2633 867 2660 indit-etur

71 2669 202 2697 beatusne
221 2669 311 2703 fuerit,
333 2679 419 2706 quum
439 2675 589 2698 extremum
608 2671 676 2697 vitae
692 2670 764 2697 diem
782 2676 866 2698 morte

901 205 904 242 l

901 351 903 362 ι

901 320 903 338 ἕ
925 323 996 344 ctum
1018 327 1113 354 rogum
1129 319 1294 353 pertulisset.

1417 138 1444 162 19
1465 152 1501 156 —
1522 140 1563 164 ⁶22.
1653 140 1718 165 4025

924 205 1082 233 confecerit:
1105 206 1178 241 quod
1194 206 1239 233 ille
1255 216 1326 234 unus
1342 216 1355 234 e
1366 212 1470 242 septem
1483 208 1654 243 sapientibus
1666 218 1718 236 non

925 244 1060 278 sapienter
1073 244 1200 270 Croesum
1214 246 1327 271 monuit.
1368 246 1434 271 Nam
1446 247 1470 271 si
1481 246 1575 272 beatus
1586 255 1718 282 umquam

926 281 1035 312 fuisset,
1053 281 1157 308 beatam
1172 283 1254 308 vitam
1267 291 1353 317 usque
1365 282 1398 309 ad
1413 282 1491 309 illum
1503 292 1517 309 a
1531 283 1600 319 Cyro
1611 289 1719 310 exstru-

1334 319 1411 351 Quod
1426 321 1449 346 si
1465 321 1500 346 ita
1516 326 1568 351 est,
1586 326 1615 347 ut
1631 330 1719 356 neque

925 356 1084 390 quisquam,
1105 357 1158 382 nisi
1173 356 1259 382 bonus
1272 357 1324 382 vir.
1344 361 1369 383 et
1383 366 1476 383 omnes
1487 358 1550 384 boni
1562 358 1633 384 beati
1648 359 1716 385 sint:

901 396 903 433 ,ζ
924 393 990 427 quid
1002 393 1172 428 philosophia
1185 395 1271 429 magis
1282 394 1433 426 colendum,
1448 400 1493 421 aut
1503 395 1570 430 quid
1582 400 1622 422 est
1633 397 1720 423 virtu-

925 434 948 456 te
959 430 1099 456 divinius‘?

1218 579 1222 580 γ
1227 573 1379 586 *do-90·-
1387 578 1390 580 Α

1293 772 1349 798 lli.

1076 833 1245 862 LIBER
1286 834 1563 869 QUARTUS.

975 962 1019 983 AR
1029 962 1055 983 G.
1078 963 1104 984 In
1118 963 1214 984 introitu
1224 963 1302 985 Cicero
1313 964 1477 992 philosophiam
1488 964 1585 985 Stoicam
1596 964 1619 985 in
1629 964 1717 985 unit-er-

922 1004 969 1017 sum
989 997 1138 1024 reprehendit,
1157 999 1253 1019 maxime
1270 1006 1322 1020 vero
1339 1003 1451 1021 auctorem
1469 999 1518 1020 eius
1533 1000 1656 1024 Zenonem,
1673 1000 1718 1027 qui,

924 1033 1087 1054 Socraticorum
1094 1033 1268 1061 Aristotelisque
1276 1034 1397 1062 disciplina
1407 1038 1488 1056 temere
1497 1034 1589 1059 relicta,
1601 1042 1677 1055 novam
1689 1035 1720 1056 sit

923 1075 990 1088 ausus
1001 1069 1105 1093 tundere,
1118 1076 1161 1089 non
1172 1069 1218 1089 nisi
1227 1069 1291 1090 novis
1302 1070 1432 1096 quibusdam
1443 1070 1517 1091 verbis
1528 1073 1549 1090 et
1555 1070 1667 1091 scribendi
1673 1070 1719 1090 dis-

923 1103 1054 1130 serendique
1068 1104 1156 1124 ratione
1174 1104 1344 1132 discrepantem.
1364 1113 1382 1126 c.
1394 1108 1404 1126 1
1412 1108 1446 1126 —5.
1457 1106 1511 1126 Item
1522 1105 1584 1126 illam
1594 1105 1720 1126 stoicorum

923 1146 1004 1159 summo
1015 1139 1104 1160 «lehuno
1115 1139 1198 1160 etmalo
1205 1141 1319 1160 verlrurnm
1330 1140 1413 1168 potius,
1421 1147 1483 1167 qnam
1489 1147 1569 1165 rerum,
1576 1147 1625 1161 esre
1631 1143 1719 1161 contro-

923 1174 1025 1194 versiam.
1041 1175 1097 1195 Nam
1105 1174 1284 1195 constitutionem
1291 1175 1352 1196 illam
1359 1175 1450 1202 primurn
1457 1179 1555 1201 untur-ne,
1563 1183 1576 1196 a
1585 1182 1627 1202 qua
1637 1179 1658 1196 et
1664 1177 1719 1196 catu

921 1210 947 1230 de
953 1209 1077 1230 Stoicorum
1090 1217 1149 1230 more
1160 1216 1254 1230 exorsus
1265 1210 1302 1235 sit,
1310 1211 1426 1237 utriusque
1435 1211 1506 1238 pertis
1518 1218 1567 1232 esre
1577 1218 1719 1235 communem,

920 1248 944 1265 ut
955 1245 1016 1265 nulla
1026 1246 1052 1265 de
1062 1246 1127 1265 rebus
1139 1245 1168 1265 sit
1178 1245 1298 1266 dissensio.
1327 1246 1482 1267 Valetudinem
1493 1246 1604 1273 corporir,
1615 1253 1720 1266 sensuum

921 1280 1082 1305 integritatem,
1102 1287 1145 1300 non
1160 1288 1210 1301 esse
1224 1282 1292 1305 hona,
1308 1281 1345 1301 red
1357 1281 1496 1308 praepositn;
1525 1288 1580 1308 quire
1594 1281 1617 1301 in
1627 1287 1720 1308 cor-pore

921 1315 1040 1340 excellant,
1051 1323 1094 1335 non
1105 1323 1154 1336 esse
1164 1323 1203 1343 per
1213 1323 1236 1336 se
1247 1316 1381 1343 expetenda,
1394 1316 1431 1336 sed
1442 1316 1560 1340 sumendis,
1579 1315 1653 1336 omnin
1663 1315 1720 1335 vitia

920 1357 969 1371 esse
984 1351 1058 1378 par-iffi
1079 1351 1115 1377 qui
1130 1351 1233 1371 virtutem
1248 1358 1291 1371 nun
1306 1350 1370 1377 plene
1384 1351 1499 1371 consecuti
1508 1350 1566 1375 sint,
1578 1357 1660 1371 summe
1670 1357 1720 1371 esse

920 1386 1023 1406 miserus:
1049 1393 1074 1406 en
1084 1393 1134 1406 vero
1145 1393 1188 1406 nun
1199 1392 1248 1406 esse
1258 1385 1380 1411 eiusmodi,
1391 1389 1415 1406 ut
1425 1390 1488 1406 vetus
1498 1385 1539 1405 illu
1548 1385 1671 1412 disciplina
1681 1386 1718 1405 de-

920 1422 1012 1442 serenda
1034 1421 1104 1441 fuisse
1120 1421 1232 1445 videntur,
1250 1420 1380 1447 praesertim
1395 1428 1459 1447 quunr
1475 1428 1544 1441 novae
1559 1420 1719 1445 significationi

921 1457 1049 1479 verborum.
1065 1456 1088 1476 in
1105 1456 1184 1482 quibus
1198 1455 1359 1483 disputationis
1373 1457 1438 1476 cardo
1449 1459 1556 1480 versetur.
1567 1455 1656 1481 linguae
1667 1463 1718 1476 ron-

921 1492 1013 1511 suetudo
1025 1491 1154 1515 refragetur.
1179 1498 1197 1511 c.
1207 1493 1264 1511 6-9.
1280 1490 1386 1517 Sequitur
1395 1490 1475 1511 deinde
1485 1490 1584 1517 pronior
1594 1490 1717 1517 disputatio

920 1526 946 1546 tle
966 1526 1013 1550 his,
1029 1533 1084 1552 quae
1099 1533 1112 1546 n
1126 1527 1211 1546 Catone
1226 1525 1285 1546 dicta
1295 1530 1369 1550 erant,
1385 1532 1452 1552 enque
1463 1526 1606 1546 conferuntur
1616 1533 1662 1546 cum
1674 1525 1718 1550 tris,

920 1568 975 1587 «lune
988 1561 1066 1582 Cir-eru
1081 1560 1210 1588 anteposuit
1224 1560 1363 1581 Catonianis.
1395 1561 1457 1584 Quod
1468 1562 1494 1580 nh
1505 1561 1584 1581 iisdem
1594 1560 1668 1581 initiis
1680 1567 1717 1581 na-

919 1600 994 1620 turne,
1010 1595 1081 1616 nuinu·
1097 1599 1117 1615 et
1132 1603 1236 1622 corpure,
1255 1598 1277 1616 et
1294 1595 1411 1622 utriusque
1424 1596 1569 1616 consen-andi
1583 1596 1656 1616 »tudio
1667 1603 1719 1623 pro-

920 1630 1048 1651 ficiscantur
1069 1631 1140 1651 Stoici
1164 1635 1183 1651 et
1205 1630 1363 1658 Peripatetici:
1391 1631 1448 1651 male
1466 1631 1555 1652 Stoico·
1573 1631 1648 1658 paullo
1667 1635 1719 1658 pont

921 1666 1020 1693 corpur-is
1035 1665 1101 1692 plane
1116 1666 1233 1690 obliuisci,
1249 1669 1270 1686 et
1285 1665 1308 1686 in
1319 1666 1455 1692 exquirendo
1467 1673 1550 1686 summo
1561 1667 1617 1686 huno
1628 1670 1649 1686 et
1660 1666 1717 1686 muln

920 1708 984 1721 ιιιιιιιιι
1006 1701 1100 1721 nuirnunr
1120 1701 1213 1721 intueri:
1242 1708 1289 1721 unni
1310 1701 1352 1721 risi
1369 1701 1469 1727 corporis
1489 1702 1545 1721 hona
1561 1700 1639 1721 virtuti
1653 1700 1718 1725 lunge

921 1736 1131 1763 sintpostpunendn.
1143 1736 1178 1756 liis
1189 1741 1259 1756 tamen
1271 1739 1344 1763 partes
1355 1735 1413 1756 sitne
1425 1737 1500 1756 heatae
1509 1735 1625 1756 contineri.
1639 1739 1662 1757 10
1670 1738 1716 1757 -12-

922 1770 1007 1791 Deinde
1017 1778 1081 1798 quum
1093 1771 1187 1791 onmium
1199 1771 1332 1791 naturalium
1342 1770 1416 1791 simile
1427 1771 1455 1790 nit
1467 1771 1496 1794 id,
1508 1771 1533 1791 rrd
1541 1771 1597 1797 quod
1605 1771 1677 1791 numia
1683 1778 1706 1791 re

922 1806 1031 1829 fer-autur.
1048 1809 1069 1826 et
1083 1807 1140 1832 quud
1151 1806 1179 1826 uit
1191 1806 1292 1826 ultimum
1304 1813 1374 1826 rerum
1387 1806 1571 1832 np1=r=t‹·n‹1nrun.;
1595 1806 1667 1826 omnir
1679 1813 1717 1826 rru-

921 1844 962 1861 tern
979 1844 1057 1861 natura
1071 1841 1152 1861 nullam
1169 1841 1203 1861 sni
1219 1845 1301 1868 pnrteru
1319 1841 1404 1861 deser-nt
1414 1857 1419 1865 ,
1431 1848 1500 1867 neque
1511 1841 1577 1861 aliam
1588 1841 1633 1861 alin
1644 1840 1716 1868 purtin-

921 1883 963 1896 rem
975 1877 1047 1899 duent.
1059 1883 1101 1896 nun
1112 1884 1168 1900 esse,
1180 1884 1218 1896 cur
1228 1883 1333 1896 summurn
1345 1877 1424 1896 honuni
1435 1883 1477 1895 nun
1489 1880 1535 1895 tutu
1547 1876 1569 1896 in
1581 1876 1668 1896 humine
1679 1883 1717 1902 pu·

921 1914 992 1931 natur.
1008 1918 1026 1931 c.
1044 1914 1075 1932 ¹3.
1092 1914 1123 1931 Η.
1144 1912 1206 1935 (Qu-ut
1218 1916 1289 1932 nrrtenr
1299 1911 1370 1931 Stuiri
1382 1915 1468 1935 negent.
1479 1918 1544 1938 pune
1554 1910 1662 1932 corintitni
1672 1910 1716 1930 xir-

921 1949 1001 1970 tutem.
1017 1945 1048 1971 ni,
1065 1953 1120 1973 ιμιιυ·
1131 1950 1193 1966 extra
1205 1953 1250 1967 earn
1262 1946 1315 1971 sint,
1327 1947 1352 1966 nd
1364 1947 1448 1966 beatam
1459 1946 1525 1966 xitum
1537 1946 1660 1973 pertineant
1669 1961 1674 1968 ,
1694 1945 1716 1966 id

921 1984 988 2001 tntum
1003 1984 1080 2002 contra
1094 1988 1150 2001 ense.
1181 1982 1257 2008 Neque
1268 1981 1324 2002 eninr
1339 1981 1442 2002 virtutem
1453 1989 1519 2008 pnsu-
1535 1981 1653 2005 introduci,
1663 1981 1716 2005 nini,

920 2023 976 2043 qun(-
999 2017 1058 2042 legat
1081 2020 1102 2037 et
1120 2016 1207 2036 reiieint
1216 2032 1222 2040 .
1242 2016 1315 2037 «unuin
1334 2024 1396 2037 murm
1417 2017 1443 2037 ad
1464 2023 1567 2037 urrunnun
1584 2017 1715 2036 referantur.

920 2059 938 2072 e.
960 2054 991 2073 ¹5.
1012 2055 1043 2073 16.
1073 2052 1115 2072 inm
1136 2052 1164 2072 ιιιΙ
1184 2051 1269 2078 reliqua
1285 2051 1356 2079 pergit
1370 2052 1455 2072 (icero.
1481 2053 1512 2072 Ar
1527 2052 1618 2079 primunr
1630 2051 1716 2078 quirl‘nr

921 2086 1009 2107 minime
1025 2087 1158 2114 prolnnrnlunr
1174 2094 1223 2107 esre
1237 2087 1304 2111 dir-it,
1316 2087 1372 2113 quud
1384 2086 1467 2110 sinit-i,
1485 2094 1557 2113 quum.
1569 2087 1625 2113 quud
1637 2087 1665 2107 uit
1677 2087 1715 2107 hu-

920 2125 1005 2142 rrestunr
1013 2137 1018 2146 ,
1029 2121 1099 2142 nulum
1111 2129 1159 2142 unsr-
1170 2123 1248 2142 honum
1259 2123 1362 2145 (irruerint,
1375 2128 1451 2141 rursus
1462 2121 1534 2142 :lirant
1543 2138 1547 2146 ,
1559 2122 1626 2142 initia
1637 2129 1715 2149 propo-

898 2175 899 2178 ,
921 2157 991 2177 nenrln
1010 2164 1059 2177 nne
1077 2157 1237 2178 nccorrrrnndrrtn
1257 2161 1356 2179 naturae.
1376 2163 1467 2182 qunrnnr
1482 2164 1494 2176 ‹-
1509 2157 1629 2177 nelei-tinne
1644 2157 1715 2177 xirtun

921 2191 991 2218 inunxit
1004 2191 1120 2212 err-inere.
1152 2192 1200 2211 Non
1216 2191 1273 2211 euim
1285 2198 1334 2211 ene
1351 2199 1454 2218 aequum,
1472 2192 1561 2212 aliunde
1576 2193 1637 2212 tinem
1653 2192 1716 2211 heare

897 2237 898 2242 κ
920 2234 927 2245 r
935 2226 1006 2246 ixi-mli
1015 2242 1020 2250 ,
1032 2226 1047 2246 i.
1059 2233 1076 2247 e.
1088 2227 1115 2246 ab
1126 2225 1218 2246 irunt-nto
1227 2242 1231 2250 ,
1242 2225 1332 2246 nii-rude
1342 2234 1400 2250 reru.
1412 2227 1427 2247 i.
1435 2235 1453 2247 e.
1464 2234 1476 2247 ιι
1487 2231 1571 2250 riuturni.
1583 2226 1715 2254 principium

920 2261 998 2286 ugr-nuli
1019 2265 1100 2288 petr-re.
1121 2261 1157 2281 rent
1177 2268 1219 2281 ιιιιιι
1239 2261 1324 2281 rntiouo
1343 2265 1458 2288 utrumque
1476 2262 1585 2282 contineri
1600 2267 1714 2288 oportere:

919 2304 947 2316 ex
961 2304 1003 2322 qun
1019 2296 1067 2323 ipnn
1082 2296 1171 2316 Stoicae
1181 2295 1287 2319 retinnit,
1303 2296 1329 2316 rle
1340 2297 1382 2316 line
1393 2297 1506 2319 honarum.
1520 2297 1596 2316 sitium
1609 2296 1714 2320 inueniri.

919 2367 945 2386 ιΙι·
956 2366 1065 2386 norun-urin
1077 2370 1096 2385 et
1108 2365 1216 2393 appetiti-r
1227 2370 1246 2385 et
1259 2366 1317 2386 rra-tin
1328 2365 1393 2385 ιίιιιιιΙ
1405 2372 1587 2386 runnu-urantur.
1600 2374 1617 2387 r.
1631 2369 1661 2386 ΓΙ.
1671 2370 1713 2386 inm

920 2400 941 2420 in
962 2401 1009 2420 illiu
1024 2401 1179 2421 mnu-ocimu»,
1209 2408 1271 2421 onrnr·
1285 2401 1367 2420 Ιιιιιιηιιι
1379 2401 1506 2423 ΙιιιιιΙιιΙιίΙε.
1521 2402 1636 2421 ΙιιιιιΙιιΜΙο1
1650 2408 1714 2421 amne

919 2436 1036 2455 hunricum
1045 2451 1050 2459 ,
1066 2436 1139 2459 initur
1154 2444 1218 2456 ιιιιιιι(
1231 2437 1313 2456 lunium
1325 2435 1442 2456 tanne-rum
1452 2452 1456 2457 .
1485 2436 1536 2455 irem
1549 2436 1570 2455 in
1582 2435 1621 2455 illu
1633 2435 1713 2456 write:

921 2473 980 2497 ςιιυι(
999 2471 1080 2491 hunum
1096 2471 1138 2494 sr'l.
1153 2470 1178 2491 r‘rl
1191 2478 1236 2491 rur
1245 2471 1358 2497 optabile,
1368 2473 1428 2498 qimid
1439 2471 1549 2497 optabile,
1564 2472 1713 2497 expetendum

919 2511 958 2525 etr.
972 2506 1027 2525 nurui
1039 2513 1063 2525 rur
1071 2522 1076 2528 ,
1087 2513 1142 2532 qum·
1152 2513 1164 2525 ιι
1175 2506 1260 2526 nemine
1271 2507 1429 2529 ‹urit-minuunt.
1441 2506 1486 2526 nini
1497 2513 1509 2526 ι
1519 2514 1560 2533 qun
1571 2506 1620 2527 ιιιΙι
1630 2506 1713 2527 sirmio

919 2541 968 2560 Ιὶιιίη
984 2541 1088 2561 honarum
1103 2541 1213 2561 rumim-ri
1223 2546 1346 2561 cernuntur.
1371 2540 1464 2567 itu-liqn-
1474 2545 1557 2561 antem:
1577 2549 1664 2565 amun.
1675 2542 1712 2569 qui

919 2582 960 2595 nnn
972 2575 1016 2595 nint
1027 2575 1146 2602 unq-iente..
1159 2583 1226 2603 rur-qne
1237 2576 1330 2596 nri-eru-
1341 2583 1397 2599 eure.
1409 2576 1482 2596 unmi-
1492 2580 1552 2597 reete
1563 2576 1621 2597 tur-ta
1631 2581 1651 2597 et
1662 2584 1711 2604 pec-

918 2614 966 2630 vntrr
981 2609 1094 2636 rwqunlifl.
1109 2615 1129 2630 οι
1145 2610 1180 2630 hin
1195 2611 1290 2634 rimilin,
1306 2611 1337 2631 ἱιιι
1353 2618 1474 2638 repugnare
1487 2611 1590 2632 remirm·
1605 2618 1630 2632 ιι·
1640 2619 1711 2632 rerum

919 2649 1017 2668 natur-e,
1029 2649 1051 2665 ut
1062 2644 1091 2665 iia
1101 2644 1157 2672 ipris
1169 2646 1277 2666 tullnntnr
1287 2653 1320 2669 err.
1332 2653 1359 2666 rx
1369 2646 1449 2673 quiliu-
1459 2645 1600 2672 colligantur.
1612 2655 1630 2667 r.
1640 2650 1669 2668 rs.
1680 2650 1710 2668 19.

919 2681 990 2706 Atque
1005 2680 1043 2701 tuu-
1064 2680 1112 2707 iprrr
1127 2688 1149 2701 re
1161 2682 1240 2702 factum
1252 2688 1313 2705 ene.
1329 2685 1351 2702 ιιι
1363 2688 1461 2703 taurum
1473 2689 1516 2702 non
1526 2682 1629 2703 obtinen-
1641 2682 1710 2706 Zeno.

1458 2722 1505 2748 12ss
