1941 3052
401 190 456 216 AD
487 189 783 216 HERENNIUM
816 189 901 215 LlB.

24 266 85 290 runt
101 262 134 288 ab
151 262 184 288 iis
201 259 368 296 plerumque,
389 261 436 295 qui
450 264 531 286 artem
546 260 705 286 nescierunt.
740 260 807 285 Tum
827 259 830 274 ¹

23 300 85 335 quis
103 303 150 331 est,
166 298 212 334 qui
226 298 309 333 possit
324 297 359 328 id,
375 297 447 331 quod
461 297 493 323 de
507 302 561 323 arte
575 297 719 331 scripserit,
736 305 808 323 com-

23 337 142 373 probare,
167 336 218 362 nisi
237 334 338 369 aliquid
352 335 449 360 scribat
462 343 495 360 ex
508 334 581 360 arte‘?
606 334 754 369 Contraque
769 334 809 360 fa-

23 375 104 405 ciunt,
121 381 200 408 quam
214 371 331 407 polliceri
347 372 478 397 videntur.
513 372 579 397 Nam
593 381 678 406 quum
693 371 808 397 scribere

23 415 104 438 artem
119 410 268 440 instituunt,
282 409 406 435 videntur
419 409 505 435 dicere
516 418 544 434 se
554 409 726 444 excogitasse,
735 408 807 443 quod

23 448 87 475 alios
100 447 234 479 docerent3
249 455 334 481 quum
349 455 410 472 vero
424 447 552 477 scribunt,
566 446 708 472 ostendunt
719 446 804 477 nobis,

22 485 86 521 quid
101 484 144 511 alii
159 484 339 519 excogitarint.
360 484 403 510 lv.
419 484 451 509 At
465 484 513 509 1100
527 484 617 517 ipsum
632 483 740 509 difficile
757 487 804 513 est,

21 522 154 557 inquiunt,
178 520 275 556 eligere
293 521 326 547 de
348 521 449 547 multis.
484 521 553 552 Quid
576 521 663 546 dicitis
681 520 808 546 disticile‘?

22 708 205 743 scripsissetis,
225 706 370 743 gloriosum
391 707 528 741 putaretis.
563 706 610 733 Sin
629 711 716 733 autem
734 706 806 732 istud
827 713 828 722 ¹

22 745 189 773 artificiosum
207 745 344 780 egregium
363 744 460 776 dicitis,
481 744 576 775 videte,
598 753 631 770 ne
648 744 747 770 insueti
766 752 807 769 re-

21 791 80 809 rum
93 782 221 808 maiorum
235 782 389 813 videamini,
417 782 440 807 si
454 790 501 807 vos
516 790 595 815 parva
606 790 647 807 105
661 781 738 807 sicuti
752 790 807 806 ma-

20 828 71 856 gna
88 819 206 846 delectat.
239 819 306 845 Nam
323 820 374 845 isto
392 818 469 845 modo
496 818 593 854 eligere
607 818 682 844 rudis
696 818 806 853 quidem
827 835 828 841 1

20 865 96 884 1101110
109 860 201 891 potest,
215 856 262 882 sed
275 857 333 882 sine
347 865 452 882 5111111110
466 856 575 882 artificio
589 856 676 882 multi.
692 856 807 887 7.Quis-

19 894 80 929 quis
97 893 168 920 enim
186 893 298 920 audierit
312 894 344 919 de
358 898 411 920 arte
426 893 516 928 paullo
530 893 600 928 plus,
617 894 643 919 in
659 893 806 919 elocutione

18 931 180 966 praesertim,
196 931 283 957 onmia
298 931 387 957 videre
401 931 503 965 poterit,
520 940 587 966 quae
602 940 635 957 ex
648 935 701 956 arte
711 930 807 956 dicun-

18 972 73 1001 tur,
97 967 181 994 facere
198 977 275 994 nemo
293 969 395 1003 poterit,
412 969 463 994 nisi
479 968 613 994 eruditus:
634 968 668 994 ita
683 972 720 999 ut,
737 968 759 993 si
773 968 806 993 de

18 1005 158 1041 tragoediis
171 1006 250 1032 Ennii
264 1006 331 1032 velis
345 1006 487 1032 sententias
502 1005 598 1041 eligere
612 1010 657 1031 aut
680 1005 711 1031 de
722 1006 806 1031 Pacu-
833 1035 834 1038 Ἴ

17 1043 103 1069 vianis
121 1043 250 1077 periodos,
271 1043 333 1078 quia
348 1043 425 1077 plane
439 1043 513 1069 rudis
528 1043 554 1068 id
569 1043 653 1069 facere
667 1051 744 1068 nemo
758 1051 806 1076 po-

17 1080 84 1111 terit,
105 1088 188 1115 quum
203 1079 304 1111 feceris,
321 1084 343 1106 te
361 1080 580 1106 litteratissimum
595 1085 680 1114 putes,
698 1080 805 1114 ineptus

17 1117 63 1149 515,
80 1121 215 1152 propterea
229 1118 300 1153 quod
314 1118 341 1143 id
352 1117 428 1144 facile
442 1117 519 1143 faciat
532 1118 622 1152 quivis
637 1117 805 1143 mediocriter

17 1153 159 1187 litteratus;
175 1155 237 1181 item
251 1155 282 1186 si,
296 1164 380 1190 quum
395 1164 427 1181 ex
441 1155 603 1181 orationibus
618 1159 662 1181 aut
677 1155 805 1189 poematis
825 1159 834 1193 J,

17 1191 128 1227 elegeris
146 1192 275 1227 exempla,
296 1201 364 1227 quae
383 1193 461 1219 certis
485 1193 570 1228 signis
589 1192 692 1218 artilirii
718 1196 804 1218 notata

17 1233 87 1260 sunt,
103 1230 165 1264 quia
184 1230 258 1256 rudis
277 1230 304 1256 id
318 1238 395 1257 nemo
410 1229 493 1256 facere
508 1231 599 1264 possit,
616 1230 805 1256 artificiosissi—

16 1275 58 1292 me
72 1270 96 1292 te
110 1266 204 1293 fecisse
217 1271 304 1302 putes,
320 1276 404 1299 erres,
425 1272 561 1302 propterea
575 1268 647 1302 quod
663 1268 712 1293 isto
726 1268 804 1302 signo
825 1279 826 1286 1

15 1303 139 1330 videmus
163 1308 187 1330 te
211 1304 332 1331 nonnihil
355 1305 437 1331 huius
460 1305 496 1331 rei
520 1305 600 1331 scire:
629 1305 688 1330 aliis
707 1305 801 1340 signiS,
825 1320 826 1326 .

16 1340 98 1367 multa
112 1341 179 1368 scire
194 1342 384 1378 intelligemus.
399 1342 475 1374 Quod
490 1342 512 1368 si
528 1342 699 1368 artificiosum
714 1346 753 1368 est
764 1342 804 1368 in—

15 1377 142 1414 telligere,
158 1387 226 1413 quae
241 1380 294 1406 sint
308 1388 341 1406 ex
354 1384 408 1406 arte
423 1380 529 1414 scripta,
546 1380 631 1405 multo
645 1379 804 1405 051111111ἶοί-

15 1416 97 1448 osius,
114 1416 203 1451 ipsum
218 1417 333 1443 scribere
346 1425 379 1443 ex
393 1421 455 1443 arte.
486 1417 536 1448 Qui
551 1417 621 1443 enim
636 1417 728 1443 scribit
741 1417 805 1443 arti-

15 1453 112 1485 ficiose,
129 1453 161 1480 ab
175 1453 234 1480 aliis
248 1454 385 1480 commode
399 1454 495 1488 scripta
510 1454 585 1480 facile
599 1454 746 1490 intelligere
756 1463 804 1488 po—

15 1491 87 1517 terit:
119 1491 166 1526 qui
189 1491 268 1527 eliget
285 1491 369 1522 facile,
390 1500 442 1517 non
456 1492 581 1518 continuo
595 1492 652 1526 ipse
666 1491 803 1517 commode

15 1528 115 1554 scribit.
141 1528 182 1560 Et,
199 1529 221 1554 si
236 1532 275 1555 est
289 1529 404 1554 maxime
418 1528 603 1562 artificiosum3
625 1529 676 1555 alio
687 1533 803 1563 tempore

14 1569 122 1592 utantur
143 1574 172 1592 ea
194 1565 326 1597 facultate,
352 1575 402 1592 non
421 1570 487 1597 tum,
508 1574 593 1601 quum
608 1574 698 1600 parere
712 1567 764 1600 ipsi
779 1570 804 1592 et

15 1603 123 1639 gignere
137 1607 162 1629 et
174 1603 291 1638 proferre
304 1603 411 1629 debent.
445 1603 589 1634 Postremo,
606 1604 633 1629 in
648 1612 678 1629 eo
692 1604 746 1629 vim
762 1613 803 1629 ar-

15 1640 88 1667 1111011
110 1645 274 1672 consumant,
300 1644 329 1666 ut
350 1641 403 1675 ipsi
426 1641 458 1666 ab
481 1640 540 1666 aliis
562 1641 651 1675 potius
674 1640 800 1676 eligendi,

14 1685 94 1713 quam
108 1677 219 1704 aliorum
234 1678 295 1704 boni
309 1677 435 1704 electores
449 1679 644 1704 existimentur.
657 1678 751 1704 Contra
762 1687 800 1709 ea,

15 1723 82 1751 quae
95 1715 128 1742 ab
142 1715 175 1742 iis
188 1715 322 1747 dicuntur,
343 1716 390 1750 qui
404 1715 497 1742 dicunt
511 1715 604 1741 alienis
618 1715 749 1750 exemplis
764 1717 802 1742 uti
823 1730 825 1746 ,

14 1756 139 1788 oportere,
156 1753 219 1779 satis
234 1757 273 1779 est
286 1753 397 1779 dietum.
420 1753 505 1785 Nunc,
518 1761 586 1788 quae
597 1754 738 1788 separatim
749 1753 802 1780 dici

14 1794 134 1826 possunt,
149 1790 358 1817 consideremus.

68 1827 99 1854 V.
119 1827 237 1854 Dicimus
255 1828 345 1864 igitur,
366 1835 411 1853 eos
429 1836 514 1862 quum
533 1827 600 1858 ideo,
621 1827 693 1862 quod
707 1827 801 1854 alienis

15 1868 129 1896 utantur,
149 1873 266 1900 peccare,
286 1869 342 1891 tum
357 1865 442 1900 magis
456 1865 534 1891 etiam
549 1864 713 1900 delinquere,
729 1865 801 1900 quod

14 1910 29 1929 a
49 1901 141 1929 multis
163 1902 284 1937 exempla
306 1907 422 1929 sumant.
458 1902 510 1928 Sed
524 1902 556 1928 de
570 1910 609 1933 eo,
625 1902 697 1937 quod
712 1907 801 1937 postea
823 1922 824 1933 ,

14 1939 140 1972 diximus,
156 1944 216 1966 ante
227 1939 375 1966 videamus.
398 1939 426 1966 Si
436 1939 616 1971 concederem,
629 1939 714 1966 aliena
724 1949 802 1975 opor—
822 1956 824 1973 ,

15 1982 67 2005 tere
89 1985 224 2004 assumere
246 1976 381 2012 exempla,
406 1977 539 2003 vincerem
562 1977 644 2003 unius
666 1982 799 2012 oportere:
823 1992 824 1997 =

14 2015 139 2051 primum,
163 2014 235 2050 quod
257 2018 345 2041 contra
368 2014 418 2041 1100
435 2014 508 2040 nulla
527 2018 606 2040 staret
620 2023 710 2041 eorum
725 2016 799 2041 ratio.

14 2053 114 2080 Liceret
134 2053 206 2078 enim
228 2051 356 2087 eligerent
377 2056 402 2078 et
420 2052 561 2086 probarent
577 2052 734 2086 quemlibet,
754 2053 801 2087 qui
822 2065 824 2088 J

14 2089 66 2117 sihi
82 2090 110 2117 in
128 2098 220 2116 omnes
238 2098 280 2115 res
298 2089 480 2124 suppeditaret
493 2088 624 2123 exempla,
641 2089 681 2115 vel
697 2095 801 2124 poetam

14 2126 56 2154 vel
76 2130 213 2158 oratorem,
237 2127 315 2153 cuius
337 2127 489 2152 auctoritate
512 2126 667 2152 niterentur.
702 2127 801 2153 Deinde

13 2164 120 2192 interest
141 2164 230 2199 magni
252 2164 319 2195 eius,
343 2164 390 2198 qui
408 2163 509 2189 discere
525 2163 590 2194 vult,
611 2167 700 2190 utrum
716 2173 800 2190 unum

14 2201 108 2234 omnia,
133 2209 165 2228 1111
188 2201 275 2227 omnia
299 2201 441 2232 neminem,
466 2200 513 2226 sed
536 2200 609 2227 aliud
624 2200 705 2227 ulium
727 2206 802 2236 putet
822 2198 824 2230 l

14 2239 137 2274 consequi
152 2246 239 2274 posse.
274 2238 303 2264 Si
320 2238 390 2264 enim
410 2238 512 2272 putabit
526 2246 603 2272 posse
617 2239 705 2264 onmia
720 2248 800 2273 penes

13 2283 97 2303 unum
110 2276 262 2306 consistere,
277 2275 335 2309 ipse
348 2283 455 2310 quoque
469 2274 501 2301 ad
515 2275 635 2301 omnium
650 2276 748 2302 nitetur
763 2276 802 2302 sa-
822 2297 823 2320 ,

13 2313 150 2346 cultatem3
172 2313 213 2339 sin
232 2312 259 2339 id
277 2312 436 2347 desperabit,
457 2313 483 2338 iu
503 2313 595 2347 paucis
609 2321 637 2338 se
651 2313 797 2347 exercebit,
822 2325 823 2364 1

12 2350 78 2386 ipsis
100 2351 171 2377 enim
192 2354 332 2376 contentus
354 2349 415 2382 erit3
446 2358 493 2376 nec
511 2349 619 2381 mirum,
638 2359 724 2385 quum
743 2351 800 2385 ipse
821 2382 823 2386 .

13 2391 163 2423 praeceptor
181 2388 243 2413 artis
261 2387 348 2413 onmia
364 2395 444 2421 penes
459 2395 543 2413 unum
558 2387 672 2421 reperire
687 2396 738 2414 non
753 2397 800 2422 po·
821 2394 823 2416 1

13 2425 100 2452 tuerit.
133 2424 226 2451 Allatis
240 2425 322 2460 igitur
334 2423 465 2458 exemplis
483 2432 497 2449 a
512 2424 616 2456 Catone,
633 2433 647 2450 a
661 2425 797 2457 Gracchis,
821 2419 823 2433 '

13 2469 28 2488 a
41 2461 135 2494 Laelio,
152 2470 166 2488 a
180 2461 312 2496 Scipione,
329 2461 421 2490 Galba,
439 2461 555 2492 Porcina,
572 2461 674 2492 Crasso,
687 2462 800 2489 Antonio
821 2458 822 2481 l

12 2499 167 2534 ceterisque,
183 2499 245 2525 item
260 2499 375 2533 sumptis
390 2498 449 2524 aliis
464 2507 476 2524 11
492 2498 584 2532 poetis,
601 2498 660 2525 aliis
672 2499 704 2525 ab
717 2499 800 2526 111510-
820 2494 822 2546 Ι

820 2558 821 2570 l

13 2535 111 2563 riarum
124 2536 307 2570 scriptoribus,
324 2544 431 2562 neeesse
445 2535 494 2561 erit
507 2544 579 2566 eum,
595 2536 642 2570 qui
661 2536 753 2567 discet,
766 2537 798 2563 ab
820 2547 828 2573 3

13 2573 136 2600 omnibus
157 2577 249 2608 putare
270 2573 367 2605 onmia,
391 2573 424 2599 ub
447 2581 500 2598 uno
522 2581 605 2607 pauca
622 2574 666 2599 vix
681 2575 798 2608 potuisse

13 2610 92 2637 sumi.
126 2611 150 2637 8.
165 2610 251 2642 Quare
265 2619 293 2637 se
307 2610 388 2636 unius
403 2609 517 2636 alicuius
531 2618 589 2635 csse
603 2610 718 2636 similem
733 2612 797 2638 satis

12 2644 133 2680 habebit3
148 2647 245 2679 omnia,
261 2656 328 2683 quae
338 2656 430 2674 omnes
441 2647 590 2677 habuerint,
603 2647 689 2674 solum
702 2648 798 2675 babere

12 2691 41 2710 ΒΘ
61 2692 139 2719 posse
161 2684 272 2711 diffidet.
306 2685 376 2721 Ergo
398 2684 492 2711 inutile
514 2689 554 2710 est
575 2685 599 2710 ei
622 2685 669 2719 qui
695 2685 797 2712 discere
818 2681 820 2733 1

13 2719 70 2748 vult
86 2730 137 2748 non
156 2726 256 2757 putare,
277 2731 361 2748 unum
375 2730 454 2757 posse
479 2722 577 2748 onmia.
624 2723 707 2758 Igitur
720 2731 798 2750 nemo

834 530 836 546 1

22 564 110 586 utrum
125 558 294 589 laboriosum,
319 567 352 584 an
370 558 559 584 artificiosum?
592 558 618 583 Si
635 558 805 588 laboriosum,
827 553 836 592 J}

22 605 73 623 non
90 596 176 622 statim
191 595 364 630 praeclarum.
399 596 466 621 Sunt
483 595 552 621 enim
568 594 651 620 multa
667 594 804 625 laboriosa,
827 592 835 619 {³

21 642 88 669 quae
106 633 129 660 si
147 632 256 664 faciatis,
278 641 329 659 non
343 633 468 658 continuo
481 632 646 667 gloriemini,
675 632 726 657 nisi
743 631 807 657 forte
834 650 835 659 1

21 670 138 702 etiamsi
148 674 232 696 vestra
245 678 325 696 manu
336 670 439 695 fabulas
449 674 494 695 aut
503 670 633 695 orationes
644 673 709 695 totas
722 673 807 695 trans·
827 669 835 699 ἶ,

835 354 836 368 l

835 379 836 389 1

834 448 836 456 A

834 752 835 758 ¹
859 749 1036 770 sumerentur.

1234 192 1249 199 .-

934 189 976 215 IV.
1012 190 1108 216 CAP.
1146 193 1245 216 1-1
1615 197 1647 221 ‘23

859 260 885 285 in
898 259 965 286 hanc
979 260 1106 287 incideret
1120 262 1280 295 opinionem,
1297 263 1319 288 si
1334 262 1367 288 ab
1379 271 1431 289 uno
1441 264 1562 298 exempla
1573 274 1648 291 sum-

859 297 985 331 psissent.
1020 299 1096 324 Nunc
1115 298 1164 324 hoc
1182 299 1251 334 signi
1271 304 1318 329 est,
1339 300 1411 334 ipsos
1429 302 1492 326 artis
1506 302 1647 336 scriptores

860 342 910 359 non
930 339 1046 368 putasse,
1066 344 1151 361 unum
1171 337 1288 370 potuisse
1306 337 1333 362 in
1352 338 1477 363 omnibus
1492 338 1648 365 elocutionis

859 372 979 404 partibus
994 373 1101 404 enitere,
1117 374 1243 407 quoniam
1259 382 1344 408 neque
1356 384 1402 400 sua
1415 375 1589 409 protulerunt,
1603 385 1649 402 ne-

859 416 911 442 que
935 410 1016 435 unius
1039 410 1161 441 alicuius,
1188 415 1232 436 aut
1255 411 1370 446 denique
1393 412 1520 443 duorum,
1546 414 1593 439 sed
1616 415 1649 440 ab

859 446 984 472 omnibus
1007 448 1155 473 oratoribus
1179 452 1204 474 et
1226 449 1309 482 poetis
1328 449 1449 483 exempla
1463 456 1646 485 sumpserunt.

859 483 966 514 Deinde,
980 484 1002 509 si
1014 485 1075 518 quis
1087 485 1151 510 velit
1161 490 1242 511 artem
1254 486 1432 512 demonstrare
1444 487 1510 513 nibil
1523 489 1649 522 prodesse

859 519 891 545 ad
901 520 1068 552 discendum,
1086 531 1137 548 non
1152 522 1219 548 male
1234 527 1322 549 utatur
1337 524 1385 549 1100
1399 524 1560 555 adiumento,
1577 526 1649 560 quod

859 565 929 595 unus
952 566 1044 584 onmes
1067 560 1130 585 artis
1154 565 1239 593 partes
1266 562 1393 596 consequi
1421 570 1498 587 nemo
1523 564 1646 597 potuerit.

858 594 934 625 Quod
952 595 1034 630 igitur
1052 596 1126 622 iuvat
1144 605 1234 623 eorum
1254 599 1389 629 rationem,
1410 600 1458 633 qui
1476 601 1584 626 omnino
1598 601 1649 626 im—

858 631 970 665 probant
984 637 1074 663 artem,
1104 634 1130 659 id
1146 643 1196 660 non
1211 635 1354 661 ridiculum
1369 640 1408 662 est
1434 637 1523 671 ipsum
1538 639 1649 672 scripto-

859 677 913 694 rem
928 670 991 695 artis
1010 679 1059 695 suo
1073 671 1172 697 iudicio
1185 672 1373 705 comprobare?
1406 674 1475 706 Ergo
1489 674 1521 700 ab
1536 683 1589 701 uno
1602 684 1649 701 su-

859 706 954 732 menda
974 706 1058 733 fuisse
1076 708 1218 733 docuimus
1238 709 1367 743 exempla,
1385 711 1406 736 si
1422 707 1527 746 semper
1541 712 1648 738 aliunde

1069 745 1111 771 VI.
1128 747 1152 770 9.
1173 746 1249 771 Nunc
1263 747 1370 772 0111111110
1385 748 1492 774 aliunde
1518 749 1648 775 sumenda

859 790 909 807 non
938 781 1030 812 fuisse,
1061 781 1118 818 [sic]
1146 782 1338 818 intelligemus.
1376 785 1495 811 Primum
1516 787 1645 816 omnium,

858 818 930 852 quod
948 819 980 844 ab
999 819 1062 844 artis
1081 820 1208 853 scriptore
1227 820 1332 846 affertur
1350 822 1512 856 exemplum,
1530 824 1562 849 de
1576 825 1648 849 eius-

858 856 918 881 dem
937 856 1047 882 artificio
1064 856 1143 883 debet
1161 865 1232 889 055ος
1255 866 1306 883 11011
1334 863 1370 889 111,
1387 860 1408 884 51
1425 860 1486 893 quis
1502 869 1647 895 purpuram

859 897 903 918 aut
917 893 989 918 aliud
1004 894 1144 928 quippiam
1159 894 1277 920 vendens
1291 895 1373 922 dicat:
1397 896 1478 922 Sume
1493 906 1506 922 a
1520 907 1575 924 me:
1601 898 1647 924 sed

859 930 940 956 liuius
959 931 1113 965 exemplum
1132 931 1239 958 aliunde
1258 933 1354 967 rogabo
1372 934 1474 968 tibique
1499 936 1646 961 ostendam.

859 967 886 993 Si
914 976 1014 993 merces
1041 969 1093 1003 ipsi
1119 970 1165 1004 qui
1193 969 1337 1000 venditant,
1363 970 1470 997 aliunde
1493 972 1647 1006 exemplum

857 1006 1006 1039 quaeritent
1019 1010 1064 1032 aut
1078 1007 1104 1032 in
1119 1007 1186 1032 areis
1197 1016 1304 1033 acervos
1315 1016 1342 1033 se
1353 1008 1440 1034 dicant
1451 1009 1529 1035 tritici
1540 1010 1645 1040 babere,

857 1046 882 1068 et
896 1051 986 1068 eorum
1002 1043 1156 1077 exemplum
1172 1052 1262 1079 pugno
1277 1054 1327 1070 non
1343 1045 1464 1077 babeant,
1477 1046 1549 1081 quod
1561 1052 1648 1073 051011-

856 1079 932 1111 dant,
953 1081 975 1106 si
990 1081 1178 1114 Triptolemus,
1194 1090 1279 1116 quum
1295 1082 1449 1109 hominibus
1463 1092 1552 1110 semen
1569 1084 1649 1120 largi-

857 1121 936 1148 retur,
953 1118 1011 1151 ipse
1025 1118 1057 1143 ab
1072 1118 1131 1144 aliis
1149 1119 1176 1144 id
1192 1119 1346 1145 hominibus
1361 1125 1541 1153 mutuaretur,
1566 1127 1611 1148 aut
1625 1123 1647 1148 si

856 1154 1038 1186 Prometheus,
1055 1164 1141 1190 quum
1155 1156 1312 1182 mortalibus
1327 1158 1416 1191 iguem
1427 1158 1546 1184 dividere
1558 1159 1645 1190 vellet¹

832 1203 834 1223 3
857 1192 913 1226 ipse
928 1201 941 1217 a
956 1193 1062 1223 vicinis,
1079 1202 1139 1219 cum
1155 1198 1219 1219 testa
1234 1191 1383 1225 ambulans,
1400 1196 1576 1222 carbunculos
1591 1206 1648 1223 cor-

832 1230 834 1232 ’
857 1233 967 1264 rogaret,
985 1239 1036 1256 non
1051 1231 1182 1257 ridiculus
1198 1231 1349 1257 videretur?
1370 1233 1413 1258 Isti
1425 1234 1648 1267 magistri,omni—

857 1275 902 1292 11111
917 1267 1023 1293 dicendi
1038 1273 1229 1303 praeceptores,
1252 1278 1303 1295 non
1324 1270 1448 1296 videntur
1466 1271 1518 1297 sibi
1537 1271 1647 1297 ridicule

856 1303 950 1335 facere,
967 1313 1051 1339 quum
1066 1306 1102 1336 id,
1119 1306 1191 1340 quod
1203 1306 1262 1332 aliis
1273 1307 1440 1341 pollicentur,
1453 1308 1485 1333 ab
1496 1308 1554 1334 aliis
1565 1318 1648 1343 quae-

856 1346 926 1367 runt.
953 1341 980 1368 Si
995 1343 1042 1377 qui
1057 1352 1085 1369 se
1100 1343 1184 1370 sontes
1199 1344 1338 1375 maximos,
1352 1346 1458 1379 penitus
1468 1346 1644 1377 absconditos,

856 1380 992 1413 aperuisse
1015 1380 1092 1411 dicat,
1117 1385 1142 1407 et
1169 1381 1233 1407 haec
1256 1382 1349 1408 sitiens
1368 1391 1453 1417 quum
1468 1384 1582 1409 maxime
1611 1384 1648 1410 lo-

856 1421 961 1451 quatur,
979 1426 1066 1452 neque
1080 1418 1184 1449 habeat,
1200 1419 1247 1453 qui
1262 1419 1333 1445 sitim
1349 1420 1430 1451 sedet,
1448 1430 1498 1446 11011
1514 1421 1648 1447 rideaturf'

856 1455 901 1480 lsti
915 1463 1001 1489 quum
1016 1464 1067 1481 non
1082 1455 1160 1482 modo
1169 1456 1291 1482 dominos
1301 1466 1329 1482 se
1342 1457 1463 1488 fontium,
1477 1458 1524 1484 sed
1535 1467 1563 1484 se
1574 1459 1647 1493 ipsos

857 1491 941 1517 fontes
955 1501 1013 1518 esse
1027 1493 1124 1523 dicant,
1141 1498 1166 1519 et
1179 1494 1300 1520 onmium
1311 1495 1395 1530 rigare
1407 1495 1519 1521 debeant
1530 1496 1644 1531 ingenia,

856 1537 907 1555 non
923 1534 1017 1564 putant
1030 1529 1085 1556 sore
1099 1530 1252 1561 ridiculum,
1269 1532 1300 1562 si,
1317 1540 1403 1566 quum
1419 1532 1445 1558 id
1462 1532 1644 1566 polliceantur,

856 1571 974 1592 arescant
989 1567 1040 1601 ipsi
1055 1567 1182 1593 siccitate.
1218 1568 1315 1594 Chares
1334 1578 1347 1594 a
1363 1570 1479 1604 Lysippo
1493 1574 1593 1596 statuas
1608 1570 1647 1596 fa-

855 1612 913 1630 cere
929 1613 980 1630 non
1000 1605 1050 1631 isto
1063 1604 1142 1630 modo
1155 1605 1257 1636 didicit,
1275 1610 1303 1631 ut
1318 1606 1452 1641 Lysippus
1466 1612 1545 1641 caput
1559 1612 1647 1634 osten-

855 1641 928 1667 deret
946 1642 1072 1677 Myronis,
1093 1642 1200 1668 bracbia
1219 1643 1377 1674 Praxitelae,
1398 1648 1490 1678 pectus
1509 1644 1644 1680 Polycleti,

855 1683 973 1705 ventrem
992 1684 1018 1705 et
1030 1688 1106 1705 crura
1120 1679 1133 1692 *
1143 1678 1155 1692 *
1165 1679 1191 1712 *ς
1220 1680 1266 1706 sed
1285 1681 1372 1706 omnia
1386 1690 1472 1707 coram
1488 1683 1645 1716 magistrum

854 1715 994 1743 facientem
1013 1716 1128 1747 videbat,
1154 1721 1301 1744 ceterorum
1325 1726 1403 1752 opera
1422 1718 1463 1744 vel
1487 1715 1541 1745 sua*
1553 1725 1646 1754 sponte

854 1757 955 1788 poterat
975 1754 1152 1780 considerare.
1186 1755 1240 1781 vlt.
1259 1757 1297 1781 10.
1322 1756 1367 1782 Isti
1388 1756 1500 1782 credunt
1518 1766 1570 1787 eos,
1599 1759 1645 1792 qui

854 1791 918 1817 baec
932 1791 1016 1818 velint
1029 1791 1140 1822 discere,
1157 1791 1206 1818 alia
1221 1791 1321 1819 ratione
1335 1792 1422 1819 doceri
1437 1802 1514 1828 posse
1528 1803 1646 1820 commo-

853 1828 925 1855 dius.
960 1829 1094 1855 Praeterea
1110 1837 1141 1855 ne
1157 1834 1268 1864 possunt
1282 1830 1391 1865 quidem
1407 1840 1435 1856 ea
1450 1840 1517 1865 quae
1532 1840 1646 1858 sumun-

854 1870 897 1892 tur
910 1866 943 1892 ab
957 1866 1016 1892 aliis
1030 1866 1151 1901 exempla
1167 1871 1218 1893 tam
1233 1876 1291 1893 esse
1305 1868 1499 1895 accommodata
1510 1869 1541 1895 ad
1552 1874 1643 1899 artem,

853 1912 934 1938 quam
949 1904 1063 1938 propria,
1080 1908 1216 1938 propterea
1230 1905 1301 1940 quod
1313 1906 1339 1931 in
1350 1905 1462 1932 dicendo
1473 1906 1565 1932 leviter
1575 1915 1645 1933 1111115

853 1941 970 1976 quisque
989 1941 1062 1968 locus
1081 1941 1240 1976 plerumque
1259 1943 1383 1977 tangitur,
1405 1952 1437 1969 no
1455 1952 1496 1969 ars
1511 1950 1643 1978 appareat,

854 1979 879 2004 iu
907 1979 1094 2013 praecipiendo
1116 1988 1241 2013 expresse
1264 1981 1411 2014 conscripta
1430 1989 1526 2015 ponere
1545 1986 1646 2016 oportet

853 2015 983 2050 exempla,
1010 2021 1038 2043 ut
1060 2017 1087 2042 in
1110 2018 1172 2042 artis
1196 2016 1306 2043 formam
1329 2018 1470 2044 convenire
1489 2019 1599 2052 possint,
1621 2024 1645 2045 et

854 2058 912 2088 post
926 2054 953 2079 in
967 2053 1089 2085 dicendo,
1107 2063 1139 2080 ne
1153 2055 1237 2089 possit
1251 2063 1292 2080 ars
1307 2055 1424 2081 eminere
1437 2060 1463 2081 ct
1476 2056 1508 2081 ab
1518 2056 1644 2082 omnibus·

854 2091 947 2121 videri,
973 2090 1095 2117 facultate
1118 2092 1227 2117 oratoris
1245 2091 1400 2118 occultatur.
1435 2093 1504 2126 Ergo
1523 2094 1600 2119 etiam
1617 2099 1645 2119 ut

854 2129 938 2163 magis
953 2137 994 2154 ars
1008 2133 1190 2163 cognoscatur,
1207 2129 1264 2154 suis
1283 2129 1414 2163 exeruplis
1429 2130 1526 2156 melius
1541 2135 1581 2156 est
1595 2132 1642 2156 1111.

853 2166 987 2192 Ρο51101110
1005 2165 1069 2191 haec
1087 2175 1195 2201 quoque
1213 2175 1254 2192 res
1275 2175 1321 2192 nos
1339 2166 1416 2193 duxit
1434 2167 1466 2193 ad
1486 2167 1553 2194 lianc
1567 2169 1644 2194 ratio-

853 2212 922 2234 nem,
939 2203 1010 2237 quod
1027 2204 1132 2229 uomina
1147 2212 1234 2229 rerum
1250 2204 1357 2234 Graeca,
1371 2213 1439 2238 quae
1452 2206 1641 2235 eom-errimus,

853 2249 882 2266 ea
900 2244 998 2266 remota
1013 2245 1075 2266 sunt
1089 2249 1102 2266 a
1116 2241 1318 2267 consuetudine.
1345 2242 1417 2273 Quae
1431 2242 1502 2268 enim
1517 2251 1558 2268 res
1572 2242 1642 2276 apud

853 2282 955 2303 nostros
970 2286 1021 2304 non
1035 2282 1117 2308 erant,
1134 2286 1224 2304 earum
1240 2287 1327 2304 10111111
1343 2279 1449 2304 uomina
1464 2288 1514 2305 non
1526 2284 1643 2313 poteraut

852 2323 911 2341 esse
926 2315 1030 2341 usitata.
1046 2315 1115 2350 Ergo
1126 2315 1189 2341 liaec
1203 2316 1334 2350 asperiora
1350 2316 1435 2350 primo
1446 2316 1586 2342 videantur
1598 2326 1642 2342 110-

851 2361 925 2378 00550
939 2357 987 2383 est,
1005 2352 1086 2387 idque
1101 2352 1145 2378 1101
1159 2353 1204 2383 101,
1222 2362 1273 2379 11011
1289 2358 1384 2383 nostra,
1400 2353 1566 2379 distieultate.
1594 2354 1642 2379 lte-

853 2389 958 2424 liquum
972 2390 1118 2424 scripturae
1132 2395 1304 2416 consumetur
1318 2391 1344 2416 in
1359 2390 1499 2424 exemplis.
1516 2391 1642 2416 1111001111-

851 2435 899 2452 cna
918 2427 941 2452 si
960 2428 1155 2461 posuissemus,
1177 2426 1275 2453 fartum
1290 2432 1368 2457 esset,
1387 2432 1422 2457 ut,
1439 2427 1510 2462 quod
1525 2436 1641 2453 001111110-

850 2464 912 2490 dius
931 2468 1001 2490 esset
1018 2464 1044 2490 in
1064 2464 1112 2490 boc
1128 2464 1202 2494 libro,
1223 2464 1249 2489 id
1266 2469 1383 2489 nostrum
1400 2473 1450 2490 non
1465 2469 1548 2497 osset,
1569 2465 1640 2500 quod

850 2501 972 2535 asperius
991 2505 1015 2527 et
1035 2501 1201 2531 inusitatum,
1223 2501 1247 2526 id
1268 2502 1372 2535 proprie
1391 2501 1467 2527 nobis
1486 2502 1641 2528 attribuere-

851 2543 902 2564 tur.
937 2538 1006 2572 Ergo
1029 2538 1095 2564 lianc
1112 2547 1220 2572 quoque
1244 2538 1485 2564 inco·umoditateui
1511 2539 1640 2575 fugimus.

827 2577 828 2586 ¹
851 2576 896 2601 llis
914 2575 947 2601 do
965 2576 1077 2606 00115515,
1097 2584 1182 2609 quum
1202 2575 1265 2601 artis
1285 2575 1464 2602 inventionem
1479 2577 1639 2603 Graecorum

850 2612 1051 2647 probassemus,
1072 2612 1256 2647 cxciiiploruui
1275 2613 1401 2639 rationem
1421 2614 1504 2640 5001111
1525 2623 1575 2640 uon
1594 2622 1640 2639 su-

849 2659 920 2676 mus.

905 2688 981 2714 Nunc
1000 2691 1105 2721 tempus
1125 2686 1249 2721 postulat,
1271 2691 1298 2713 ut
1316 2687 1348 2713 ad
1363 2687 1520 2713 elocutionis
1535 2696 1640 2723 praeee-

849 2728 892 2760 pta
911 2729 1086 2751 transeamus.
1121 2724 1245 2758 llipartita
1264 2725 1313 2750 erit
1327 2725 1408 2760 igitur
1423 2724 1499 2751 nobis
1513 2725 1639 2751 010011110-
