1941 3052
235 165 282 189 3³⁴2
800 162 841 187 2⁴.
878 161 912 186 M.

946 160 976 186 Τ.
1010 159 1284 187 ClCIZRONlS

231 233 410 263 ‹lucr-lmntur,
436 233 480 259 ned
504 234 580 259 etiam
604 240 635 258 ex
659 232 778 257 finitimis
802 230 903 257 visendi
926 239 1018 255 causum
1040 230 1043 243 '
1071 230 1172 256 deraret
1190 229 1291 260 nolum.
1313 230 1359 257 aed
1378 231 1456 257 etiam
1471 236 1589 266 posceret
1601 236 1626 258 et
1641 230 1776 267 flagitaret.
1817 235 1859 261 27.

231 272 410 297 convenirent.
457 271 514 304 lpse
544 274 630 294 nutem
663 268 815 302 triumphus
845 267 1018 302 quamobrem

231 309 350 334 omnium
375 307 569 341 triumphorum
593 305 763 338 gratissimus
786 305 884 339 popido
904 305 1020 330 llomano
1040 326 1041 331 .

233 344 282 371 fuit
296 350 374 379 atquo
389 342 619 370 iucundissimus?
631 342 696 374 Quia
710 341 775 367 nibil
788 346 827 367 eat
840 341 946 366 victoria
958 341 1019 366 dul-

231 383 302 407 ciua:
328 381 432 407 nullum
456 385 494 406 est
518 385 604 405 autem
624 379 805 404 testimonium
826 379 949 404 victoriae
963 387 1020 403 ccr—

232 420 298 447 tius,
319 427 412 452 qumi,
433 426 500 451 quos
515 425 592 450 saepo
607 416 747 445 metueris,
768 424 812 441 cos
831 420 856 441 te
871 416 972 441 vinctos
986 414 1019 441 ad

231 455 393 489 supplic-ium
408 454 468 479 «luci
485 453 582 479 videre.
613 454 654 478 67.
671 453 723 478 lloc
738 457 764 478 tu
779 453 952 487 quamobrem
968 461 1018 478 non

231 492 334 517 fecisti?
359 491 530 525 quamobrem
546 491 579 516 ita
594 490 642 515 iate
657 490 739 524 pirata
753 490 853 515 celatus
867 494 920 520 est,
940 490 1018 524 quasi

229 537 289 554 eum
309 529 425 562 aspicere
449 527 521 553 nefas
545 526 632 553 essct?
657 527 829 562 quamobrem
853 526 1017 561 supplicium

229 575 280 592 non
295 564 454 599 sumpsisti?
475 573 554 599 quam
568 564 602 590 ob
616 573 736 590 caussam
752 564 886 590 hominem
902 573 1019 590 reserva-

228 603 280 628 stiss'
305 611 414 636 ecquem
433 602 529 628 audisti
549 602 575 628 in
590 601 679 628 Sicilia
694 606 768 628 antea
783 606 888 636 captum
904 601 1019 635 archipi-

229 644 323 670 ratam,
339 639 386 674 qui
402 648 452 665 non
467 639 552 665 securi
569 647 711 673 percussus
725 638 778 664 ait?
796 648 879 665 unum
894 638 958 664 cedo
971 647 1019 664 au-

227 682 324 702 ctorem
348 677 385 702 tui
411 676 483 703 facti:
509 677 590 702 unius
613 676 700 711 profer
721 676 885 711 exemplum.
921 676 1016 701 Vivum

229 719 255 739 tu
271 713 454 748 archipiratam
474 714 615 740 servabas:
641 713 834 748 quamobrem?
859 722 905 748 per
924 714 1018 738 trium-

229 751 321 785 phum,
337 750 423 781 credo,
439 759 519 786 quem
534 755 593 777 ante
606 759 714 776 currum
729 755 805 776 tuum
820 750 939 776 duceres.
967 751 1018 776 Ne-

227 796 280 823 que
294 788 364 814 enim
379 788 526 823 quidquam
542 792 596 814 erat
611 788 660 814 iam
673 787 815 823 reliquum,
832 788 883 814 nisi
896 786 1017 813 utclasse

228 824 319 860 populi
335 825 443 851 Romani
463 825 640 860 pulcherrima
659 825 756 851 amissa
776 825 965 860 provinciaque
980 824 1017 850 la-

226 867 310 888 cerata
326 862 478 897 triumphus
494 863 595 889 navalis
610 863 656 888 tibi
671 862 865 888 decerneretur.

281 899 387 925 xxvn.
408 901 449 925 68.
469 900 524 935 Age
542 908 630 934 porro,
650 899 778 925 custodiri
798 899 892 926 ducem
908 898 1018 934 praedo-

227 944 291 962 num
312 945 378 962 novo
397 945 481 967 more,
500 946 580 972 quam
599 937 684 963 securi
702 935 775 963 feriri
793 937 913 963 omnium
927 945 1018 962 exem-

227 973 279 1008 plo,
296 975 381 1009 magis
396 974 504 1008 placuit.
538 975 610 1006 Quae
623 978 687 1000 sunt
700 974 766 1000 istae
779 973 933 1000 custodiae?
946 973 1016 1008 apud

226 1019 294 1046 quos
309 1010 447 1037 homines?
464 1011 689 1046 quemadmodum
704 1016 744 1037 est
757 1010 927 1037 asservatus?
950 1011 1017 1036 Lau-

212 1048 324 1082 ¹tumias
339 1048 518 1083 Syracusanas
532 1057 625 1075 omnes
639 1048 766 1075 audistis:
787 1048 907 1083 plerique
922 1049 1014 1074 nostis.

226 1086 300 1120 Opus
311 1090 351 1111 est
361 1086 464 1121 ingenS,
481 1086 661 1121 magnificum.
679 1094 771 1121 regum
786 1094 814 1111 ac
829 1090 1014 1121 tyrannorum:

227 1127 309 1149 totum
328 1127 368 1149 est
381 1131 414 1149 ex
427 1132 492 1149 saxo
506 1123 531 1149 in
547 1122 693 1149 mirandam
708 1120 876 1149 altitudinem
890 1122 1017 1157 depresso

226 1164 251 1186 et
269 1159 414 1186 multorum
433 1161 519 1195 operis
539 1161 645 1195 penitus
663 1161 765 1186 exciso:
794 1159 861 1186 nihil
877 1164 928 1186 tam
942 1159 1017 1186 clau·
1036 1193 1037 1198 1

1037 1201 1038 1204 ’
1066 1202 1205 1233 argentum
1219 1197 1337 1224 ablatum
1352 1201 1378 1223 et
1390 1205 1524 1224 aversum.
1565 1197 1665 1224 XXIX.
1680 1198 1714 1224 At
1725 1198 1857 1233 quemad-

225 1205 286 1223 sum
301 1196 332 1223 ad
346 1197 446 1228 exitus¹
464 1197 529 1224 nihil
545 1202 596 1224 tam
611 1201 717 1232 septum
732 1197 864 1232 undique,
882 1196 948 1224 nihil
964 1201 1015 1223 tam

226 1238 312 1260 tutum
332 1234 364 1260 ad
383 1234 517 1261 custodias
536 1243 583 1261 nec
598 1235 652 1261 fieri
667 1243 714 1261 nec
728 1235 836 1269 cogitari
850 1239 945 1270 potest.
986 1234 1015 1260 ln

226 1271 272 1297 bas
285 1271 436 1303 lautumias,
452 1272 474 1298 si
485 1272 531 1306 qui
546 1271 653 1306 publice
667 1271 834 1299 custodiendi
848 1276 919 1303 sunt,
935 1271 1014 1298 etiam

225 1317 257 1334 ex
271 1309 364 1334 ceteris
379 1309 484 1343 oppidis
495 1309 600 1335 Siciliae
614 1309 710 1336 deduci
725 1310 899 1344 imperantur.
921 1311 961 1335 69.
977 1309 1015 1335 Eo

224 1345 295 1380 quod
315 1345 412 1372 multos
430 1347 548 1381 captivos
567 1347 638 1373 cives
657 1347 788 1373 Romanos
806 1347 964 1376 coniecerat.
989 1351 1015 1372 et

223 1382 296 1417 quod
310 1382 401 1409 eodem
415 1387 514 1410 ceteros
529 1384 625 1418 piratas
636 1384 758 1411 contrudi
769 1384 920 1418 imperarat.
936 1382 1014 1409 intel-

225 1419 300 1451 lexit,
327 1420 350 1446 si
369 1420 440 1446 bunc
457 1420 628 1447 subdititium
647 1421 833 1456 archipiratam
853 1421 879 1447 in
893 1420 1013 1447 eamdem

223 1456 369 1483 custodiam
384 1457 510 1490 dedisset,
528 1457 590 1489 sore,
607 1463 636 1484 ut
650 1467 664 1485 a
676 1458 768 1485 multis
779 1459 805 1485 in
818 1458 956 1484 lautumiis
969 1466 1014 1484 ve-

223 1503 268 1521 rus
283 1494 328 1520 ille
342 1494 398 1521 dux
411 1500 591 1530 quaereretur.
613 1497 704 1531 Itaque
718 1495 853 1522 bominem
868 1495 932 1522 huic
944 1495 1014 1530 opti-

223 1540 280 1558 mae
299 1532 502 1568 tutissimaeque
520 1533 656 1559 custodiae
674 1541 726 1560 non
741 1532 821 1559 audet
833 1533 1011 1559 committere:

221 1568 338 1604 denique
352 1568 496 1605 Syracusas
511 1574 577 1597 totas
591 1571 679 1597 timet:
695 1570 818 1597 amandat
832 1570 967 1597 hominem
977 1585 1014 1589 —

221 1605 293 1641 quo‘?
306 1605 462 1642 Lilybaeum
476 1607 594 1634 fortasse.
617 1607 712 1634 Video:
729 1612 816 1634 tamen
826 1607 947 1633 homines
958 1615 1014 1633 ma-

224 1643 326 1670 ritimos
340 1652 391 1670 non
406 1644 484 1678 plane
498 1644 659 1671 reformidat.
691 1645 810 1675 Minime,
825 1644 939 1671 iudices.
964 1644 1014 1670 Pa-

223 1689 346 1707 normum
361 1680 460 1716 igitur‘?
479 1681 579 1708 Audio:
599 1690 763 1716 quamquam
779 1681 928 1717 Syracusis,
945 1689 1013 1716 quo—

224 1718 294 1744 niam
309 1718 336 1744 in
351 1717 517 1753 Syracusano
530 1723 624 1753 captus
642 1723 710 1750 erat,
730 1719 859 1749 maxime,
880 1719 903 1745 si
922 1719 1012 1745 minus

221 1754 355 1789 supplicio
368 1755 446 1785 affici,
463 1760 488 1781 at
497 1755 625 1782 custodiri
636 1756 781 1791 oportebat.
804 1756 842 1782 Ne
851 1756 1012 1782 Panormum

220 1791 340 1827 quidem.
370 1793 412 1818 70.
428 1792 485 1824 Quo
499 1792 599 1828 igitur‘?
612 1801 666 1828 quo
679 1792 796 1828 putatis?
809 1793 848 1819 Ad
863 1793 984 1820 homines
998 1801 1011 1819 a

220 1829 365 1864 piratarum
384 1833 456 1855 metu
475 1833 500 1856 et
517 1830 670 1864 suspicione
687 1830 878 1861 alienissimos,
904 1839 917 1856 a
936 1830 1012 1856 navi-

220 1866 308 1902 gando
322 1866 456 1901 rebusque
470 1867 611 1893 maritimis
626 1868 826 1898 remotissimos,
841 1867 875 1893 ad
889 1867 1011 1894 Centuri-

220 1903 306 1938 pinos,
324 1903 444 1930 homines
457 1904 573 1931 maxime
587 1904 805 1936 mediterraneos,
820 1913 941 1931 summos
955 1913 1012 1930 ara-

220 1945 304 1967 tores:
336 1941 383 1975 qui
410 1949 506 1968 nomen
532 1950 680 1976 numquam
706 1942 859 1968 timuissent
885 1942 1010 1968 maritimi

220 1977 374 2012 praedonis:
395 1986 480 2005 unum
499 1982 524 2005 te
541 1983 659 2013 praetore
673 1979 838 2006 horruissent
851 1979 1008 2014 Apronium,

220 2019 369 2041 terrestrem
384 2015 579 2050 archipiratam.
612 2016 653 2047 Et,
670 2020 699 2042 ut
712 2016 803 2051 quivis
817 2015 893 2042 facile
908 2017 1012 2051 perspi-

219 2056 302 2083 ceret,
318 2051 346 2078 id
360 2052 393 2078 ab
406 2053 457 2079 isto
471 2057 558 2080 actum
573 2061 645 2084 esse,
661 2057 691 2079 ut
704 2053 749 2080 ille
762 2054 920 2088 suppositus
935 2053 1010 2080 facile

219 2093 245 2116 et
264 2089 375 2115 libenter
392 2098 420 2116 se
438 2089 529 2121 illum,
549 2091 597 2125 qui
615 2099 667 2117 non
684 2095 751 2121 erat,
775 2099 834 2117 esse
855 2091 1008 2117 simularet:

218 2126 330 2161 imperat
348 2126 543 2162 Centuripinis,
568 2131 598 2154 ut
619 2128 642 2154 is
665 2128 737 2154 victu
758 2129 906 2163 ceterisque
930 2128 1010 2154 rebus

217 2172 299 2198 quam
325 2163 510 2190 liberalissime
531 2164 801 2200 commodissimeque
827 2165 1007 2192 adhiberetur.

218 2200 337 2227 XXVIII.
358 2202 400 2227 70.
424 2202 524 2228 Interea
544 2202 718 2238 Syracusani,
741 2202 863 2229 homines
886 2203 962 2238 periti
985 2207 1010 2229 et

217 2237 342 2269 humani,
367 2239 414 2273 qui
433 2247 485 2265 non
503 2239 581 2266 modo
599 2248 641 2270 ea.
665 2248 734 2274 quae
752 2240 891 2274 perspicua
910 2245 1006 2271 essent,

219 2275 317 2306 videre,
334 2283 427 2302 verum
441 2277 520 2302 etiam
533 2277 635 2303 occulta
650 2277 781 2311 suspicari
795 2282 911 2312 possent,
928 2277 1010 2303 liabe-

219 2312 281 2338 bant
295 2313 421 2339 rationem
436 2322 528 2340 omnes
543 2313 662 2348 quotidie
676 2315 835 2349 piratarum,
856 2315 903 2349 qui
921 2315 1008 2341 securi

219 2349 372 2376 ferirentur:
391 2359 472 2385 quam
492 2350 590 2377 multos
608 2360 666 2377 esse
680 2356 822 2386 oporteret,
843 2360 877 2378 ex
890 2353 949 2387 ipso
962 2360 1009 2378 na-

218 2387 297 2421 vigio,
315 2387 386 2421 quod
401 2392 455 2414 erat
467 2393 584 2423 captum,
600 2392 625 2414 et
636 2397 669 2415 ex
679 2397 813 2415 remorum
824 2397 936 2415 numero
945 2397 1009 2416 con-

219 2423 351 2450 iiciebant.
385 2425 444 2455 Iste,
461 2425 533 2460 quod
547 2434 648 2456 omneS,
665 2426 712 2460 qui
726 2426 829 2452 artificii
844 2426 947 2461 aliquid
961 2426 1009 2452 ha-

218 2460 328 2487 buerant
342 2466 387 2487 aut
400 2461 507 2493 formae,
524 2467 670 2489 removerat
683 2467 763 2498 atque
776 2463 930 2495 abduxerat,
946 2463 1009 2490 reli—

217 2505 284 2531 quos
298 2498 334 2528 si,
350 2503 379 2524 ut
392 2499 556 2526 consuetudo
570 2505 622 2531 est.
642 2500 782 2526 universos
795 2501 829 2526 ad
843 2500 935 2535 palum
949 2500 1008 2527 alli-

216 2539 317 2568 gasset.
344 2534 483 2562 clamorem
508 2537 601 2571 populi
625 2536 679 2563 fore
697 2537 897 2572 suspicabatur,
921 2546 1007 2573 quum

217 2575 288 2596 tanto
307 2571 396 2605 plures
414 2573 521 2600 abducti
538 2578 638 2604 essent,
665 2582 746 2608 quam
765 2574 859 2601 relicti.
900 2575 1008 2610 Propter

218 2607 284 2633 hanc
302 2616 438 2640 caussam,
458 2619 543 2644 quum
562 2611 722 2637 instituisset
740 2610 806 2637 alios
824 2611 876 2638 alio
889 2616 1006 2647 tempore

218 2644 374 2678 producere:
395 2650 480 2672 tamen
495 2648 521 2673 in
536 2652 607 2673 tanto
620 2652 751 2674 conventu
767 2656 844 2674 nemo
857 2653 924 2679 erat.
939 2649 1006 2684 quin

217 2682 342 2709 rationem
363 2691 558 2719 numerumque
577 2685 683 2711 haberet
698 2689 721 2711 et
736 2684 853 2720 reliquos
869 2694 921 2712 non
935 2686 1007 2712 desi-

1070 269 1159 298 Quum
1175 268 1309 293 maximua
1324 276 1452 294 numerus
1465 268 1577 299 deesset.
1594 274 1650 295 turn
1666 270 1714 296 iate
1724 269 1804 297 bomo
1813 279 1861 298 no-

1071 303 1153 330 farius
1167 305 1193 330 in
1207 312 1298 330 eorum
1319 304 1419 335 locum.
1439 314 1506 340 quos
1525 305 1634 332 domum
1653 315 1729 333 auam
1743 307 1776 333 de
1791 308 1861 343 pira-

1071 342 1104 366 tiu
1123 340 1282 372 abduxerat.
1302 341 1465 369 substituere
1482 347 1508 369 et
1524 352 1675 378 aupponere
1687 345 1775 379 coepit
1787 345 1860 372 cives

1072 379 1210 408 Romanos.
1226 386 1294 412 quoa
1308 379 1334 405 in
1345 387 1475 405 carcerem
1486 384 1559 406 antea
1569 381 1729 407 coniecerat:
1744 389 1861 416 quorum

1071 415 1136 441 alios
1150 415 1314 441 Sertorianos
1333 415 1431 442 milites
1445 416 1528 443 fuiuae
1542 417 1715 444 insimulabat
1727 422 1753 444 et
1766 427 1800 445 ex
1814 418 1861 446 tti-

1071 452 1162 486 spania
1182 452 1315 488 fugientea
1334 452 1367 479 ad
1385 452 1503 480 Siciliam
1521 454 1648 489 appulae·
1665 464 1723 481 ease
1740 455 1858 482 dicebat:

1071 489 1149 519 alios.
1165 490 1212 524 qui
1227 498 1241 515 a
1256 489 1434 524 praedonibus
1448 495 1522 517 erant
1535 492 1613 526 capti,
1628 500 1714 527 quum
1729 497 1861 519 mercatu-

1071 535 1112 552 ras
1127 526 1242 553 facerent
1254 531 1300 553 aut
1312 527 1429 562 aliquam
1444 527 1478 553 ob
1491 536 1613 555 causeam
1633 530 1794 565 navigarent.
1810 538 1859 556 aua

1072 563 1205 590 voluntate
1226 572 1288 590 cum
1312 565 1403 599 piratis
1427 564 1510 591 fuisse
1528 565 1666 601 arguebat.
1705 566 1796 602 Itaque
1813 567 1860 594 alii

1070 601 1142 627 cives
1153 601 1271 632 Romani.
1288 610 1321 628 ne
1333 607 1562 637 cognoscerentur.
1578 603 1711 637 capitibus
1723 603 1860 631 obvolutis

1069 646 1083 664 e
1096 646 1199 664 carcere
1212 638 1245 664 ad
1259 638 1350 673 palum
1365 643 1444 673 atque
1458 638 1490 665 ad
1503 647 1592 666 necem
1605 640 1787 675 rapiebantur:
1802 641 1858 672 alii.

1069 684 1153 710 quum
1168 684 1181 701 a
1197 675 1288 702 multia
1301 676 1407 702 civibus
1419 676 1542 703 Romania
1553 683 1810 712 recognoscerentur.
1825 678 1860 705 ab

1069 713 1194 739 omnibus
1207 712 1421 744 defenderentur,
1437 715 1523 740 securi
1539 713 1709 741 feriebantur.
1739 715 1859 747 Quorum

1069 758 1118 786 ego
1135 750 1167 776 de
1187 750 1357 776 acerbissima
1377 755 1461 777 morte
1478 751 1718 787 crudelissimoque
1739 753 1859 780 cruciatu

1068 787 1164 818 dicam,
1179 795 1266 822 quum
1279 795 1341 814 eum
1356 787 1443 814 locum
1459 793 1567 815 tractare
1579 797 1703 823 coepero:
1729 794 1755 815 et
1769 789 1803 816 ita
1816 789 1860 816 di—

1068 833 1138 854 cam.
1156 829 1197 853 ut.
1213 825 1236 850 si
1251 833 1292 851 me
1306 825 1332 851 in
1347 833 1376 850 ea
1390 825 1564 860 querimonia.
1580 834 1661 861 quam
1676 835 1736 852 sum
1751 826 1859 853 habitu-

1069 870 1114 888 rus
1127 861 1160 888 de
1175 862 1253 888 istius
1266 861 1420 889 crudelitate
1433 867 1460 889 et
1472 862 1504 889 de
1517 863 1618 889 civium
1629 863 1805 890 Romanorum
1817 864 1859 891 in·

1067 899 1225 934 dignissima
1241 903 1336 930 morte,
1352 908 1403 926 non
1418 899 1496 926 modo
1510 900 1588 931 vires.
1605 909 1696 927 verum
1711 901 1789 927 etiam
1805 901 1858 927 vita

1067 935 1184 967 deficiat,
1210 936 1236 962 id
1260 936 1326 963 mihi
1349 936 1512 971 praeclarum
1535 942 1561 964 et
1583 937 1731 964 iucundum
1754 942 1856 973 putem.

1067 974 1109 1000 73.
1126 974 1193 1000 llaec
1207 974 1289 1009 igitur
1301 978 1342 1000 est
1354 978 1428 1010 gesta
1442 983 1492 1005 res,
1509 974 1573 1001 haec
1588 975 1695 1001 victoria
1709 974 1855 1009 praeclara:

1068 1019 1227 1046 myoparone
1241 1011 1351 1046 piratico
1364 1016 1448 1046 capto.
1465 1011 1521 1038 dux
1533 1011 1668 1042 liberatus.
1685 1012 1858 1047 symphonia-

1067 1048 1090 1074 ci
1105 1048 1213 1074 Romam
1229 1049 1318 1074 missi:
1339 1048 1447 1075 formosi
1467 1048 1588 1076 homines
1601 1054 1627 1075 et
1640 1048 1819 1076 adolescentes
1831 1054 1859 1076 et

1067 1085 1180 1111 artifices
1197 1085 1306 1112 domum
1325 1085 1447 1112 abducti:
1468 1086 1494 1112 in
1512 1095 1603 1113 eorum
1623 1085 1710 1113 locum
1729 1086 1800 1113 etad
1813 1095 1858 1114 eo-

1067 1131 1126 1149 rum
1141 1131 1282 1149 numerum
1296 1123 1368 1149 cives
1379 1123 1488 1150 Romani
1503 1123 1626 1150 hostilem
1638 1124 1664 1150 in
1676 1123 1784 1150 modum
1795 1132 1858 1150 cru-

1066 1160 1126 1186 ciati
1141 1164 1166 1186 et
1179 1161 1277 1186 necati:
1302 1160 1389 1186 omnis
1404 1161 1485 1187 vestis
1504 1160 1603 1187 ablata:
1627 1169 1705 1187 omne
1722 1169 1817 1187 aurum
1831 1165 1858 1187 et

1066 1234 1176 1261 modum
1191 1235 1248 1269 ipse
1261 1243 1320 1261 sese
1334 1234 1422 1261 induit
1435 1235 1521 1269 priore
1539 1234 1658 1262 actione?
1683 1234 1734 1267 Qui
1749 1239 1784 1261 tot
1797 1234 1856 1262 dien

1066 1272 1200 1303 tacuisset.
1216 1276 1323 1306 repente
1337 1272 1363 1298 in
1375 1272 1410 1298 M.
1422 1272 1502 1298 Annii
1517 1272 1633 1298 hominis
1643 1271 1856 1306 splendidissimi

1067 1309 1226 1340 testimonio,
1241 1317 1326 1344 quum
1341 1309 1364 1335 is
1377 1310 1463 1335 civem
1475 1309 1622 1336 Romanum
1633 1309 1754 1339 dixisset.
1769 1308 1857 1336 archi·-

1065 1347 1177 1381 piratam
1199 1350 1321 1382 negasset
1343 1347 1430 1372 securi
1453 1354 1512 1373 esse
1534 1354 1706 1381 percussum.
1731 1345 1854 1379 exsilium

1064 1384 1225 1410 conscientia
1242 1383 1350 1410 sceleris
1368 1387 1393 1410 et
1412 1382 1500 1410 furore
1517 1392 1552 1410 ex
1571 1383 1709 1410 maleficiis
1729 1388 1857 1418 concepto

1065 1421 1194 1448 excitatus
1210 1420 1286 1452 dixit,
1302 1429 1340 1452 se.
1355 1420 1428 1456 quod
1442 1421 1520 1447 sciret
1530 1421 1582 1448 sibi
1593 1421 1698 1447 crimini
1708 1420 1800 1448 datum
1811 1421 1853 1452 iri.

1064 1458 1204 1494 pecuniam
1223 1458 1356 1493 accepisse
1375 1466 1462 1493 neque
1478 1457 1512 1484 de
1529 1466 1592 1485 vero
1609 1457 1767 1493 archipirata
1779 1466 1857 1484 aum-

1065 1496 1151 1530 psisse
1166 1495 1340 1530 supplicium.
1357 1494 1416 1522 ideo
1428 1495 1515 1522 securi
1527 1504 1578 1522 non
1589 1495 1767 1530 percussisse:
1783 1494 1856 1522 domi

1064 1541 1123 1559 esse
1141 1533 1212 1568 apud
1230 1541 1290 1559 sese
1307 1532 1480 1567 archipiratas
1497 1532 1566 1559 dixit
1582 1532 1660 1559 duos.
1699 1533 1742 1559 74.
1761 1531 1783 1559 Ο
1801 1531 1856 1559 cle-

1065 1570 1190 1596 mentiam
1201 1569 1294 1605 populi
1305 1570 1416 1596 Romani
1427 1578 1474 1596 seu
1488 1570 1578 1605 potius
1591 1569 1744 1605 patientiam
1760 1569 1855 1596 miram

1064 1615 1093 1634 ac
1106 1607 1284 1642 singularem}
1305 1606 1396 1634 Civem
1410 1607 1558 1634 Romanum
1572 1607 1659 1634 securi
1673 1615 1732 1633 esse
1744 1615 1855 1641 percus-

1064 1653 1134 1675 sum,
1150 1644 1263 1675 Annius.
1279 1652 1362 1678 eques
1374 1644 1519 1675 Romanus,
1535 1643 1613 1671 dicit:
1629 1648 1708 1670 taces.
1729 1643 1855 1679 Archipi-

1064 1686 1147 1708 ratam
1162 1686 1252 1717 negat:
1269 1680 1368 1707 fateris.
1389 1681 1431 1708 Fit
1444 1682 1561 1717 gemitus
1574 1681 1695 1708 omnium
1705 1685 1730 1708 et
1739 1680 1851 1708 clamor:

1063 1727 1148 1754 quum
1169 1723 1257 1745 tamen
1275 1727 1290 1744 a
1307 1719 1439 1753 praesenti
1458 1718 1592 1753 supplicio
1610 1723 1656 1744 tuo
1672 1726 1701 1744 se
1722 1718 1854 1744 continuit

1063 1755 1180 1791 populus
1195 1756 1330 1782 Romanus
1348 1760 1373 1782 et
1391 1756 1530 1790 repressit,
1550 1760 1576 1782 et
1589 1755 1684 1782 salutis
1697 1763 1762 1782 suae
1775 1755 1855 1782 ratio-

1063 1801 1124 1819 nem
1146 1792 1266 1819 iudicum
1289 1793 1423 1819 severitati
1442 1793 1597 1819 reservavit.
1637 1791 1726 1824 Quid?
1750 1791 1854 1819 sciebas

1063 1830 1111 1856 tibi
1125 1830 1230 1857 crimini
1245 1829 1337 1856 datum
1352 1829 1402 1856 iri‘?
1423 1829 1597 1864 quamobrem
1615 1828 1737 1856 sciebas?
1757 1837 1855 1864 quam—
1895 1837 1899 1842 ·
1915 1835 1919 1844 ’

1062 1867 1152 1894 obrem
1166 1868 1246 1894 etiam
1260 1866 1449 1902 suspicabare?
1472 1867 1614 1894 Inimicum
1633 1866 1750 1893 habebas
1768 1866 1854 1893 nemi-

1062 1913 1132 1931 nem.
1172 1904 1200 1931 Si
1214 1904 1338 1936 haberes,
1358 1908 1446 1931 tamen
1460 1913 1512 1931 non
1527 1905 1563 1930 ita
1576 1904 1693 1935 vixeras,
1709 1908 1739 1930 ut
1751 1908 1854 1930 metum

1061 1941 1154 1968 iudicii
1168 1943 1334 1976 propositum
1347 1941 1445 1968 habere
1458 1941 1579 1968 deberes.
1618 1941 1658 1968 An
1677 1945 1715 1972 te,
1734 1939 1763 1967 id
1779 1940 1853 1976 quod

1062 1979 1118 2005 fieri
1128 1978 1204 2010 solet,
1219 1979 1380 2005 conscientia
1391 1978 1516 2005 timidum
1527 1978 1763 2014 suspiciosumque
1772 1977 1854 2004 facie-

1060 2015 1123 2043 bat?
1147 2015 1199 2048 Qui
1213 2016 1307 2052 igitur.
1323 2024 1409 2051 quum
1423 2024 1496 2042 esses
1508 2024 1570 2042 cum
1584 2016 1708 2050 imperio,
1728 2015 1781 2041 iam
1794 2019 1852 2041 tum

1060 2053 1192 2080 iudicium
1205 2058 1232 2080 et
1244 2053 1345 2080 crimen
1358 2053 1498 2080 horrebas:
1514 2061 1576 2079 reus
1588 2061 1674 2088 quum
1689 2056 1725 2079 tot
1738 2051 1852 2079 testibus

1060 2099 1211 2126 coarguare,
1228 2095 1302 2126 potes
1315 2090 1348 2117 de
1357 2090 1527 2117 damnatione
1535 2088 1675 2117 dubitare?
1691 2089 1850 2120 75.Verum,

1060 2129 1083 2154 si
1097 2127 1197 2154 crimen
1210 2127 1260 2155 hoc
1273 2128 1424 2158 metuebas,
1445 2136 1477 2154 ne
1494 2127 1557 2163 quis
1575 2127 1622 2154 abs
1641 2131 1666 2153 te
1679 2126 1852 2162 suppositum

1059 2174 1119 2192 esse
1144 2165 1256 2196 diceret,
1285 2166 1333 2200 qui
1355 2173 1404 2200 pro
1425 2164 1583 2199 archipirata
1605 2164 1693 2191 securi
1714 2163 1850 2190 feriretur:

1059 2207 1151 2229 utrum
1168 2202 1275 2229 tandem
1293 2202 1342 2229 tibi
1360 2202 1393 2228 ad
1411 2201 1592 2229 defensionem
1611 2201 1714 2228 firmius
1732 2200 1787 2227 fore
1799 2208 1852 2235 pu-

1060 2240 1129 2270 tasti.
1146 2240 1173 2266 in
1186 2239 1296 2270 iudicio,
1311 2244 1403 2266 coactu
1417 2244 1497 2275 atque
1509 2238 1654 2275 efflagitatu
1668 2246 1735 2268 meo,
1751 2237 1852 2272 produ·
1896 2243 1909 2275 μ’,

1059 2285 1118 2304 cere
1136 2277 1169 2303 ad
1187 2277 1291 2313 ignotos
1309 2281 1380 2304 tanto
1398 2280 1457 2311 post
1474 2284 1550 2307 eum.
1569 2283 1650 2311 quem
1664 2275 1851 2309 archipiratam

1060 2322 1119 2341 esse
1137 2314 1253 2345 diceres,
1273 2323 1305 2340 an
1324 2313 1422 2340 recenti
1440 2321 1467 2340 re
1481 2313 1621 2349 Syracusis
1635 2312 1706 2347 apud
1719 2316 1794 2338 notos
1808 2312 1851 2338 in-

1059 2355 1194 2386 spectante
1208 2351 1298 2378 Sicilia
1312 2359 1395 2386 paene
1408 2355 1460 2377 tota
1474 2350 1561 2377 securi
1574 2348 1671 2376 ferire?
1691 2348 1767 2379 Vide,
1782 2347 1851 2384 quid

1059 2389 1171 2419 intersit.
1188 2393 1278 2415 utrum
1292 2387 1443 2415 faciendum
1457 2387 1546 2414 fuerit.
1576 2387 1606 2413 In
1620 2385 1666 2413 illo
1678 2385 1850 2421 reprehensio

1059 2425 1133 2452 nulla
1146 2434 1205 2452 esse
1217 2426 1317 2461 potuit:
1333 2425 1377 2452 hic
1389 2424 1509 2451 defensio
1522 2423 1596 2451 nulla
1605 2427 1654 2450 est.
1676 2423 1767 2458 Itaque
1780 2421 1850 2450 illud

1058 2471 1164 2498 semper
1176 2471 1270 2490 omnes
1283 2462 1416 2489 fecerunt:
1431 2461 1481 2488 hoc
1495 2461 1558 2496 quis
1571 2465 1631 2488 ante
1646 2465 1680 2492 te,
1695 2460 1758 2496 quis
1772 2467 1849 2494 prae—
1892 2455 1901 2466 ³

1059 2505 1097 2526 ter
1110 2505 1135 2526 te
1147 2499 1246 2531 fecerit,
1262 2508 1370 2535 quaero.
1391 2499 1506 2525 Piratam
1519 2499 1614 2525 vivum
1622 2497 1743 2525 tenuisti.
1762 2496 1850 2530 Quem

1057 2537 1090 2563 ad
1105 2536 1203 2564 finem?
1227 2537 1293 2564 dum
1307 2544 1392 2572 quum
1405 2535 1518 2570 imperio
1530 2534 1616 2562 fuisti.
1652 2533 1850 2567 Quamobrem?
1893 2543 1897 2563 ῑ

1057 2583 1110 2610 quo
1124 2573 1266 2609 exemplo?
1277 2583 1325 2601 cur
1338 2572 1458 2600 tamdiu?
1469 2581 1525 2604 cur,
1540 2573 1660 2607 inquam,
1675 2571 1783 2598 civibus
1795 2571 1849 2598 Ro-

1057 2612 1157 2642 manis,
1176 2620 1245 2646 quos
1258 2611 1357 2646 piratae
1370 2614 1506 2644 ceperant,
1526 2609 1613 2636 securi
1631 2609 1721 2635 statim
1738 2616 1849 2643 percus—

1057 2649 1103 2679 sis.
1119 2649 1186 2682 ipsis
1200 2649 1292 2683 piratis
1307 2647 1374 2674 lucis
1384 2655 1494 2673 usuram
1505 2651 1558 2672 tam
1568 2646 1722 2673 diuturnam
1732 2643 1848 2671 dedisti?

1057 2686 1098 2712 67.
1114 2685 1212 2712 Verum
1226 2690 1296 2712 esto:
1317 2685 1350 2711 sit
1365 2684 1412 2710 tibi
1427 2683 1494 2710 illud
1509 2683 1624 2710 liberum
1636 2690 1714 2710 omne
1728 2686 1843 2717 tempus,
