1941 3052
250 121 428 149 EPISTOL.
449 122 498 149 AD
517 122 675 149 BRUTUM
696 123 767 149 LIB.
789 123 826 149 II.
848 122 904 149 ΕΡ.
929 123 1029 149 1-7,

82 203 110 221 re
120 193 265 225 sensimus,
281 202 379 229 magno
389 193 510 228 periculo
524 194 666 220 sentimus.
706 193 816 219 Recenti
828 192 874 219 illo

81 236 213 266 tempore,
236 235 264 257 tu
280 231 370 257 omnia
387 230 419 256 ad
435 239 542 265 pacem,
565 239 635 265 quae
649 231 767 257 oratione
778 230 874 257 confici

81 277 134 296 non
148 272 261 303 poterat;
294 276 343 303 ego
353 268 443 294 omnia
455 268 488 294 ad
500 268 659 299 libertatem.
676 276 746 303 quae
756 268 815 294 sine
827 277 874 302 pa-

79 314 109 332 ce
130 305 204 332 nulla
224 309 277 338 est3
309 314 402 340 pacem
419 305 505 340 ipsam
520 304 592 331 bello
610 310 689 340 atque
705 306 787 331 armis
803 305 874 331 effici

80 351 159 378 posse
179 342 338 369 arbitrabar.
379 342 473 369 Studia
490 351 542 369 non
553 342 667 369 deerunt
677 351 750 369 arma
761 351 875 377 poscen-

79 381 157 411 tium,
175 388 291 414 quorum
305 380 484 414 repressimus
500 381 631 414 impetum
643 379 820 414 ardoremque
832 388 875 405 re-

79 417 237 444 stinximus.
276 419 302 444 2.
324 418 416 452 Itaque
432 417 513 443 resin
527 426 589 443 eum
602 417 690 443 locum
703 422 820 448 venerat,
834 421 872 447 ut,

79 455 134 481 nisi
143 454 250 481 Caesari
261 454 406 481 Octaviano
416 454 483 480 deus
493 454 604 489 quidam
616 454 690 480 illam
700 459 817 481 mentem
828 454 875 480 de-

78 491 176 523 disset,
195 493 223 518 in
238 496 395 526 potestatem
411 491 588 526 perditissimi
605 491 723 517 hominis
738 497 764 518 et
775 492 876 526 turpis-

78 529 143 555 simi
153 529 305 556 M.Antonii
317 529 481 555 veniendum
493 528 586 555 fuerit:
604 537 721 563 quocum
737 529 813 555 vides
826 529 875 555 hoc

79 571 198 601 tempore
209 568 268 601 ipso
291 566 364 601 quod
375 567 410 593 sit
421 571 606 601 quantumque
612 571 756 592 certamen.
778 566 806 592 Id
814 575 876 600 pro-

78 603 147 630 fecto
163 604 269 630 nullum
285 608 369 635 esset,
387 604 441 630 nisi
455 609 512 630 tum
524 608 698 630 conservatus
711 608 782 630 esset
793 604 876 629 Anto-

79 641 152 668 nius.
193 641 246 668 Sed
258 641 323 667 haec
332 642 435 667 omitto.
475 641 527 667 Res
538 642 610 667 enim
626 649 640 666 a
652 646 675 667 te
686 645 761 676 gesta
773 649 875 666 memo—

79 678 173 705 rabilis
190 684 216 705 et
230 687 318 713 paene
330 678 453 704 caelestis
465 678 571 712 repellit
584 686 676 704 omnes
687 678 875 712 reprehensio-

79 724 140 742 nes:
163 717 266 751 quippe
280 724 349 751 quae
361 724 394 742 ne
406 715 485 742 laude
496 715 608 750 quidem
620 716 684 741 satis
696 715 792 741 idonea
803 715 874 741 affici

78 754 174 788 possit.
196 754 330 780 Exstitisti
342 762 429 787 nuper
440 752 516 779 vultu
528 761 634 778 severo:
658 753 816 783 exercitum,
830 761 875 778 co-

79 791 151 825 pias,
175 790 294 826 legiones
313 790 422 817 idoneas
440 798 488 825 per
503 794 528 816 te
543 789 620 816 brevi
635 794 753 824 tempore
765 798 875 824 compa-

78 829 153 855 rasti.
193 829 235 854 Dii
251 827 428 854 immortales!
463 827 511 862 qui
526 826 571 853 ille
586 828 712 857 nuntius,
730 836 799 862 quae
812 827 873 853 illae

80 865 195 896 litterae,
218 873 286 900 quae
303 864 402 891 laetitia
417 869 540 895 senatus,
558 873 627 899 quae
644 864 766 890 alacritas
778 865 874 890 civita-

79 903 113 929 tis
129 903 196 929 erat!
228 902 298 928 nihil
309 910 439 937 umquam
451 901 508 928 vidi
520 906 574 927 tam
584 902 707 928 omnium
718 902 874 928 consensio-

79 948 111 966 ne
123 939 271 966 laudatum.
310 939 373 965 Erat
385 939 548 974 exspectatio
560 938 737 974 reliquiarum
747 939 871 965 Antonii:

78 985 159 1012 quem
175 978 296 1012 equitatu
313 976 522 1012 legionibusque
536 985 632 1011 magna
644 985 678 1003 ex
688 981 762 1011 parte
774 976 875 1011 spolia-

77 1023 130 1041 ras.
160 1015 198 1040 Ea
209 1022 318 1049 quoque
328 1014 424 1040 habuit
435 1014 537 1040 exitum
548 1013 704 1048 optabilem.
734 1015 802 1040 Nam
814 1019 874 1040 tuae

78 1051 194 1083 litterae,
216 1060 286 1087 quae
302 1052 426 1078 recitatae
442 1052 469 1077 in
486 1055 580 1077 senatu
596 1056 672 1082 sunt,
690 1056 715 1078 et
730 1052 875 1086 imperato-

78 1089 115 1115 ris
128 1088 304 1126 [consilium],
313 1088 462 1115 etmilitum
471 1089 606 1119 virtutem,
615 1093 640 1115 et
648 1089 808 1115 industriam
816 1094 875 1115 tuo-

77 1129 148 1158 rum,
162 1127 190 1153 in
201 1126 303 1162 quibus
310 1126 447 1153 Ciceronis
457 1125 673 1156 mei,declarant.
696 1126 773 1158 Quod
785 1127 807 1152 si
820 1127 874 1152 tuis

77 1164 237 1198 placuisset,
261 1164 294 1190 de
316 1164 359 1190 his
376 1163 470 1190 litteris
487 1162 594 1194 referri,
611 1168 638 1190 et
654 1165 706 1190 nisi
723 1164 750 1190 in
767 1169 874 1198 tempus

78 1201 358 1232 turbulentissimum,
381 1205 442 1235 post
455 1200 608 1226 discessum
624 1201 725 1227 Pansae
743 1201 872 1232 consulis,

78 1239 251 1270 incidissent,
274 1238 359 1265 honos
375 1246 483 1273 quoque
499 1238 587 1264 iustus
603 1242 629 1264 et
638 1238 746 1265 debitus
757 1239 810 1265 diis
823 1239 875 1264 im-

78 1276 238 1302 mortalibus
258 1275 381 1302 decretus
402 1279 481 1302 esset.
512 1277 536 1301 3.
557 1275 626 1301 Ecce
643 1276 692 1302 tibi
706 1276 774 1302 Idih.
787 1276 872 1311 April.

77 1313 185 1340 advolat
205 1322 282 1339 mane
302 1313 374 1339 celer
388 1312 477 1344 Pilus,
492 1313 540 1347 qui
557 1313 610 1338 vir!
643 1313 682 1339 dii
698 1313 774 1344 boni,
792 1322 873 1348 quam

77 1351 182 1387 gravis!
205 1359 287 1386 quam
298 1350 436 1377 constans!
460 1358 541 1384 quam
553 1349 683 1376 bonarum
696 1351 723 1377 in
736 1351 874 1385 republica

78 1389 208 1423 partium!
233 1389 280 1414 llic
300 1387 427 1423 epistolas
443 1388 518 1413 affert
532 1387 613 1418 duas,
632 1397 713 1414 unam
729 1393 775 1415 tuo
787 1389 875 1415 nomi-

78 1434 124 1457 ne.
147 1425 257 1452 alteram
275 1425 396 1452 Antonii.
436 1425 484 1451 Dat
503 1424 619 1452 Servilio
640 1425 749 1452 tribuno
769 1425 871 1460 plebis,

78 1463 124 1490 ille
139 1463 269 1490 Cornuto:
292 1463 438 1489 recitantur
454 1463 481 1488 in
497 1466 601 1489 senatu.
642 1463 794 1490 Amomus
809 1473 874 1490 rno-

78 1509 140 1528 COS.
180 1501 277 1536 Magna
288 1499 438 1530 admiratio,
457 1504 485 1526 ut
496 1500 519 1525 si
531 1504 601 1526 esset
614 1501 764 1531 recitatum,
780 1501 875 1527 Dota-

78 1546 170 1564 ιιειιΛ
184 1547 212 1563 in
221 1547 251 1563 ri:
260 1546 361 1568 aaron,
375 1546 389 1563 a
401 1545 454 1571 quo
465 1536 576 1571 quidem
585 1542 712 1564 venerant
726 1538 872 1565 tabellarii:

77 1575 126 1602 sed
145 1583 223 1601 nemo
238 1574 289 1601 Pili
304 1574 417 1605 similis,
440 1575 488 1609 qui
503 1573 621 1609 proferre
639 1575 739 1601 litteras
753 1575 871 1607 auderet,

78 1617 124 1640 aut
139 1612 341 1648 magistratibus
358 1610 479 1639 reddere.
521 1612 592 1638 Tuae
604 1613 758 1644 recitantur,
777 1613 874 1640 breves

1059 122 1253 149 EPISTOLA
1272 123 1320 149 AD
1341 123 1555 150 OCTAVIUM.
1672 126 1721 150 965

925 193 986 219 illae
997 193 1122 228 quidem,
1139 193 1187 220 sed
1199 194 1225 220 in
1236 194 1383 221 Antonium
1395 194 1542 221 admodum
1554 193 1638 221 lenes.
1668 195 1721 222 Ve-

925 231 1064 257 hementer
1086 231 1234 257 admiratus
1249 237 1367 258 senatus
1408 232 1475 258 Mihi
1491 237 1581 259 autem
1597 241 1650 258 non
1666 237 1722 258 erat

925 268 1100 302 explicatum,
1114 268 1181 303 quid
1192 277 1309 304 agerem.
1350 269 1442 296 Falsas
1456 269 1593 296 dicerem?
1613 269 1686 301 Quid
1697 270 1721 295 si

925 310 953 331 tu
965 314 1009 331 eas
1021 305 1217 340 approbasses?
1239 306 1448 333 Confirmarem?
1467 308 1526 334 Non
1537 312 1592 333 erat
1602 307 1722 342 dignita-

926 343 959 368 tis
980 347 1051 369 tuae.
1101 344 1191 378 Itaque
1218 343 1263 369 ille
1287 343 1345 370 dies
1368 344 1485 371 silentio.
1535 346 1560 371 4.
1591 344 1722 370 Postridie

926 384 1015 406 autem
1027 389 1112 415 quum
1123 389 1211 407 sermo
1222 381 1424 412 increbruisset,
1432 381 1562 416 Pilusque
1573 381 1665 408 oculos
1676 390 1723 407 ve-

927 417 1081 443 hementius
1100 418 1242 444 hominum
1259 418 1428 450 offendisset,
1450 424 1542 445 natum
1557 419 1667 445 omnino
1683 423 1723 445 est

926 455 1091 489 principium
1104 464 1117 481 a
1131 464 1184 481 me.
1211 456 1246 481 De
1260 457 1486 490 procos.Antonio
1498 456 1595 482 multa:
1618 456 1723 482 Sestius

926 500 1036 518 caussae
1047 501 1099 518 non
1111 492 1209 524 defuit,
1224 498 1292 527 post,
1301 502 1343 519 me
1354 502 1416 519 cum
1428 499 1528 529 quanto
1535 503 1615 520 suum
1623 493 1721 523 filium,

926 534 1025 563 quanto
1042 538 1132 555 meum
1149 531 1176 556 in
1192 530 1312 564 periculo
1324 530 1445 557 futurum
1456 531 1578 562 duceret,
1595 532 1618 557 si
1632 536 1722 557 contra

926 575 1030 600 procos.
1057 576 1130 593 arma
1152 566 1287 594 tulissent.
1332 568 1408 594 Nosti
1429 569 1579 595 hominem:
1611 576 1723 594 caussae

927 612 978 629 non
990 603 1086 630 defuit.
1126 604 1257 631 Dixerunt
1268 605 1347 631 etiam
1359 606 1416 632 alii.
1447 606 1536 632 Labeo
1548 614 1610 632 vero
1622 610 1720 636 noster,

926 649 974 666 nec
996 641 1106 676 signum
1121 646 1198 667 tuum
1216 642 1242 668 in
1254 643 1380 676 epistola,
1403 652 1452 669 nec
1468 643 1540 669 diem
1556 644 1719 678 appositum,

926 686 974 704 nec
989 683 1013 704 te
1025 679 1168 712 scripsisse
1179 678 1213 704 ad
1224 684 1293 710 tuos,
1311 685 1340 706 ut
1351 680 1460 706 soleres.
1501 681 1555 707 Hoc
1569 689 1663 715 cogere
1675 689 1723 706 vo-

926 714 1010 746 lebat,
1033 715 1114 741 salsas
1136 715 1236 742 litteras
1260 725 1332 746 esse,
1351 722 1388 748 et,
1407 718 1431 744 si
1446 719 1568 753 quaeris,
1581 717 1720 752 probabat.

925 754 950 778 5.
972 753 1050 778 Nunc
1071 758 1148 779 tuum
1165 758 1205 779 est
1219 754 1378 785 consilium,
1397 756 1489 786 Brute,
1507 755 1540 781 de
1556 760 1608 781 toto
1624 762 1721 790 genere

925 789 1000 816 belli.
1042 790 1126 816 Video
1143 795 1167 816 te
1179 790 1287 817 lenitate
1298 791 1434 822 delectari,
1448 797 1473 818 et
1484 801 1546 818 eum
1558 797 1651 826 putare
1666 792 1723 818 sru—

925 831 999 853 ctum
1009 835 1068 853 esse
1081 828 1245 854 maximum:
1268 829 1403 863 praeclare
1414 829 1536 864 quidem,
1549 829 1597 855 sed
1609 829 1669 855 aliis
1681 838 1723 855 re-

925 864 986 895 bus,
1009 864 1070 890 aliis
1085 865 1265 899 temporibus,
1285 866 1359 892 locus
1376 875 1434 892 esse
1445 866 1513 893 solet
1523 866 1657 901 debetque
1668 866 1724 892 cle-

925 902 1050 928 mentiae.
1083 902 1160 928 Nunc
1171 902 1238 937 quid
1250 904 1347 938 agitur,
1361 903 1458 930 Brute‘?
1479 903 1598 938 Templis
1611 903 1723 930 deorum

926 939 1120 966 immortalium
1140 940 1265 967 imminet
1280 940 1421 967 hominum
1437 942 1575 976 egentium
1590 946 1615 967 et
1632 941 1724 975 perdi·

926 981 1013 1003 torum
1025 985 1097 1011 spes,
1107 985 1155 1003 nec
1166 977 1317 1012 quidquam
1329 978 1403 1004 aliud
1414 978 1568 1004 decernitur
1580 978 1629 1004 hoc
1641 978 1721 1008 hello,

926 1015 980 1040 nisi
997 1019 1088 1040 utrum
1104 1015 1204 1045 simus,
1227 1023 1321 1041 necne.
1362 1015 1411 1042 Cui
1428 1017 1578 1050 parcimus,
1597 1021 1641 1042 aut
1656 1015 1724 1050 quid

926 1051 1051 1087 agimus?
1075 1052 1122 1078 His
1137 1060 1199 1087 ergo
1210 1052 1389 1083 consulimus,
1403 1054 1504 1088 quibus
1516 1054 1665 1079 victoribus
1678 1061 1725 1079 ve-

925 1090 1038 1124 stigium
1053 1091 1174 1116 nostrtim
1186 1089 1293 1116 nullum
1304 1090 1490 1125 relinquetur‘.>
1520 1092 1587 1117 Nam
1603 1090 1670 1125 quid
1682 1091 1724 1116 in-

926 1131 1007 1153 terest
1018 1126 1267 1158 interDolabellam,
1276 1129 1616 1162 etquemvisAntoniorum
1625 1127 1725 1154 trium?

925 1172 1041 1199 quorum
1057 1165 1081 1190 si
1096 1165 1141 1190 cui
1156 1165 1306 1199 parcimus,
1330 1165 1393 1192 duri
1412 1165 1515 1192 suimus
1532 1167 1559 1192 in
1574 1165 1722 1192 Dolabella.

925 1202 994 1228 Haec
1014 1206 1044 1228 ut
1055 1202 1090 1228 ita
1101 1203 1212 1228 sentiret
1223 1207 1331 1228 senatus
1342 1202 1514 1238 populusque
1526 1204 1672 1234 Romanus,
1686 1207 1725 1229 et-

925 1240 948 1265 si
970 1248 1011 1265 res
1033 1239 1092 1273 ipsa
1107 1239 1232 1274 cogebat,
1256 1244 1343 1266 tamen
1361 1242 1478 1267 maxima
1497 1249 1531 1267 ex
1546 1246 1620 1276 parte
1635 1246 1725 1267 nostro

925 1276 1038 1302 consilio
1054 1282 1133 1311 atque
1149 1278 1305 1303 auctoritate
1316 1277 1466 1312 perfectum
1478 1283 1527 1304 est.
1569 1279 1608 1304 Tu
1620 1278 1643 1304 si
1656 1278 1724 1304 hane

925 1314 1055 1340 rationem
1067 1323 1120 1340 non
1131 1314 1238 1348 probas,
1253 1320 1325 1341 tuam
1337 1316 1498 1342 sententiam
1509 1315 1662 1345 defendam,
1672 1324 1724 1341 non

926 1351 1077 1386 relinquam
1090 1360 1187 1378 meam.
1229 1353 1323 1386 Neque
1334 1352 1498 1379 dissolutum
1513 1362 1526 1379 a
1538 1358 1562 1379 te
1573 1353 1724 1388 quidquam

926 1389 1049 1415 homines
1065 1393 1234 1423 exspectant,
1253 1398 1341 1424 neque
1355 1390 1475 1418 crudele.
1515 1391 1601 1416 Huius
1615 1391 1653 1416 rei
1667 1399 1726 1416 mo-

925 1425 1026 1453 deratio
1042 1426 1130 1453 facilis
1149 1431 1197 1457 est,
1215 1427 1282 1452 utin
1294 1426 1377 1453 ducos
1392 1428 1539 1454 vehemens
1551 1428 1598 1458 sis,
1613 1428 1639 1454 in
1652 1427 1726 1453 mili—

925 1469 964 1490 tes
982 1463 1111 1490 liberalis.
1152 1465 1177 1490 6.
1199 1464 1354 1490 Ciceronem
1370 1474 1469 1497 meum,
1489 1466 1624 1495 miBrute,
1642 1465 1724 1491 velim

925 1510 1006 1536 quam
1018 1501 1168 1536 plurimum
1180 1505 1268 1527 tecum
1282 1502 1391 1529 habeas.
1423 1503 1535 1529 Virtutis
1549 1502 1724 1537 disciplinam

925 1538 1064 1565 meliorem
1086 1539 1202 1573 reperiet
1223 1538 1339 1571 nullam,
1366 1549 1448 1575 quam
1469 1539 1722 1575 contemplationem

925 1581 1006 1612 atque
1018 1576 1195 1603 imitationem
1210 1577 1259 1603 tui.
1271 1584 1330 1604 Mn.
1343 1577 1456 1606 Kalend.
1468 1578 1541 1606 Maii.

786 1762 1010 1777 —<w>·z>—

872 1952 926 1978 ⁴08.

564 2017 852 2048 CICERONI

898 2021 1240 2052 SUPPOSITA

312 2094 758 2143 EPISTOLA
833 2097 935 2146 Al)

1013 2097 1490 2148 OCTAVIUM.

638 2269 832 2297 NOTITIA
864 2272 1157 2299 LtTTEnAntA.

130 2338 201 2364 Haec,
221 2346 278 2367 quae
290 2337 393 2359 Ciceroni
411 2338 504 2359 annun*
522 2338 579 2359 mule
597 2339 732 2365 ascribitur,
750 2340 846 2368 epistola
867 2341 948 2361 lem'
963 2341 1132 2362 rmnmmtnriir
1151 2341 1272 2361 illustram
1289 2340 1350 2361 alien
1367 2344 1398 2360 n!
1415 2340 1513 2360 I'nn'n'u‘u
1526 2343 1583 2360 1536.
1595 2340 1722 2367 itaut-'qur

80 2375 138 2395 1541.
149 2373 173 2394 ιίι
183 2377 203 2394 4.

131 2468 208 2489 ARG.
224 2467 305 2489 orni·
315 2471 337 2489 et
346 2467 462 2489 vehemens
473 2467 506 2488 iux
512 2467 583 2488 eelim
594 2467 616 2487 in
623 2467 744 2491 numium.
755 2468 800 2495 qui.
813 2468 873 2489 nubi.

77 2506 99 2524 to
115 2506 246 2524 commutata
259 2502 385 2527 vuluntate,
407 2499 545 2530 nptinintium
561 2507 581 2523 rt
593 2506 683 2523 uenatu·
694 2507 767 2530 parm
778 2503 872 2530 relique-

77 2541 111 2558 rat
121 2541 143 2559 et
153 2545 177 2558 ne
186 2538 212 2559 ml
224 2538 344 2559 Antonium
354 2538 486 2559 contulerat.

243 2583 410 2611 CICERO
439 2583 641 2610 OCTAVIO
671 2582 698 2609 S.

134 2622 158 2647 ⁴.
181 2615 214 2647 Si
229 2629 276 2656 per
287 2625 346 2648 tuas
359 2621 478 2657 legiones
490 2620 557 2647 mihi
569 2619 672 2646 licitum
686 2619 789 2651 suisset,
803 2629 872 2655 quae

77 2658 180 2685 nomini
200 2666 260 2685 meo
275 2658 424 2694 populique
440 2658 553 2685 Romani
576 2662 639 2684 sunt
656 2657 869 2690 inimicissimae,

926 2472 1016 2498 venire
1032 2473 1059 2498 in
1078 2477 1200 2498 senatum
1213 2481 1356 2507 coramque
1368 2471 1401 2497 (lc
1416 2471 1554 2506 republica
1566 2471 1718 2506 ‹lisputnre;

925 2509 1064 2535 fvcissom:
1101 2518 1189 2544 nequo
1215 2515 1267 2536 tum
1297 2509 1423 2539 litwnwr.
1453 2518 1534 2544 quam
1559 2511 1719 2536 necessario.

924 2546 1002 2572 Nulla
1023 2547 1096 2573 enim
1119 2547 1251 2577 remedia,
1274 2555 1343 2581 quac
1365 2546 1524 2573 vulneribus
1545 2546 1718 2577 adhibentur,

924 2588 976 2609 trun
990 2583 1091 2610 faciunt
1101 2584 1230 2615 dolorem,
1244 2593 1325 2619 quam
1338 2593 1407 2619 quae
1418 2589 1481 2610 sunt
1492 2583 1629 2610 salutaria.
1666 2584 1719 2611 Sed

922 2621 1226 2655 quoniam,cohortibus
1246 2622 1355 2647 armatis
1376 2622 1587 2656 circumseptus,
1610 2627 1719 2648 senatus

923 2658 991 2685 nihil
1003 2658 1077 2685 aliud
1090 2668 1150 2686 vore
1162 2664 1248 2695 potest
1258 2659 1411 2690 decernere.
1426 2659 1478 2686 nisi
1491 2658 1539 2695 [sc]
1554 2660 1660 2686 timere:
1682 2660 1718 2694 (iu
