1941 3052
251 195 282 218 50¹.
830 193 854 216 5.
890 190 922 216 M.
959 190 987 215 Ἰ“.

248 262 416 289 ‹cinmodum
436 262 486 288 sibi
507 263 605 290 maius.
627 270 706 296 quim·
726 260 895 286 commodum
910 259 991 290 dicet,
1011 264 1038 285 ut
1060 263 1061 266 ’

249 308 416 335 nequaquam
443 300 520 326 fuerit
544 299 617 325 illius
635 297 779 326 commodi,
801 297 872 331 quod
891 297 1036 331 expetitum

247 337 358 367 dicatur,
377 337 532 370 magnitudo
545 341 588 361 aut
603 344 663 361 eum
678 344 708 360 eo
724 333 898 363 incommodo,
911 333 983 368 quod
995 342 1039 358 ne-

247 374 349 402 ciderit.
371 369 492 399 atui-un·
513 373 557 398 illo
576 372 704 407 periculo,
725 371 795 406 quod
816 370 950 399 subeatur,
966 379 1039 396 com-

250 411 376 445 paraiuln;
399 411 445 445 qui
460 420 551 436 omnes
567 410 614 435 loci
628 409 750 434 similiter
762 409 787 433 in
800 407 959 433 incominmli
971 415 1039 441 quo-

248 457 300 483 que
318 448 440 474 vitatione
459 447 646 473 tractabuntur.
684 446 722 471 27.
746 446 792 470 Sin
811 448 946 470 accusator
963 444 1039 470 ‹lixe-

249 490 280 511 rit
300 494 373 511 reum
386 486 399 496 ⁶
415 485 439 510 id
459 494 516 509 esse
531 488 661 512 secutum,
682 482 752 517 quod
772 483 794 508 ei
816 483 903 507 visum
919 482 952 507 sit
966 490 1039 507 com-

250 522 367 551 modum,
385 526 428 547 aut
443 521 468 546 id
485 521 597 555 fugisse,
619 520 690 554 quod
710 519 807 554 putarit
821 528 879 544 esse
894 519 1039 544 incommo—

249 560 326 587 dum,
353 567 515 593 quamquam
544 558 569 583 iu
589 557 652 583 falsa
673 556 750 582 fuerit
768 557 906 591 opinione:
929 555 1040 581 (lemon-

249 596 385 622 strandum
401 596 449 620 crit
462 594 603 625 defensori,
618 594 750 620 neminem
763 598 831 619 tanta
842 602 900 619 esse
916 593 1037 623 stultitia,

248 634 294 668 qui
315 633 358 658 tali
379 633 404 658 iu
424 640 450 658 re
469 632 551 666 possit
571 631 705 657 veritatem
722 631 850 664 ignorare.
885 630 996 662 Quodsi
1013 630 1039 656 id

249 669 414 699 coucedatur,
441 668 508 695 illud
534 678 583 694 uon
606 677 763 694 concessum
787 668 832 698 iri,
854 676 885 693 ne
903 668 1040 693 dubitasse

248 707 356 741 quidem
373 706 452 736 huuc,
468 706 533 741 quid
548 706 606 732 eius
622 706 687 731 iuris
702 709 779 733 essct,
797 705 842 730 scd
859 705 893 734 id,
907 705 979 739 quod
992 704 1041 730 fal-

248 752 307 769 sum
325 743 412 774 fuerit,
429 744 486 769 sine
501 743 553 769 ulla
568 743 731 769 dubitatione
748 741 804 778 [pro
819 742 892 772 falso,
909 742 980 776 quod
997 751 1041 767 vo-

250 779 329 816 rum,]
347 789 393 815 pro
408 789 468 806 vero
483 781 618 815 probasse.
652 779 727 811 Quod
743 781 764 805 si
779 779 949 809 dubitaverit,
966 788 1041 805 suni-

250 827 306 843 mae
326 817 409 844 fuisse
423 817 560 848 amentiae,
577 817 658 843 dubia
673 825 720 851 spe
735 816 882 851 impulsum
897 821 997 842 certum
1014 817 1040 842 in

249 854 398 890 periculum
418 864 445 881 se
464 855 636 881 committere.
676 856 717 880 ⁶28,
743 853 974 886 Quemadmodum
994 862 1041 879 au-

249 897 300 918 tem
316 897 460 923 accusator,
476 901 561 927 quum
576 892 609 917 al»
623 891 682 917 aliis
696 891 802 926 culpam
817 891 978 921 ‹lt-movebit,
995 891 1042 916 ‹le-

249 929 362 956 fensoris
378 929 441 955 locis
457 933 557 955 utetur:
580 929 618 955 sic
633 929 665 954 iis
681 928 753 958 loeis,
769 929 816 963 qui
831 929 975 954 accusatori
987 928 1041 954 dati

249 971 324 996 sunt,
342 971 430 993 utetur
448 975 520 998 reus,
541 975 625 1002 quum
646 967 672 992 in
691 966 756 992 alios
770 966 802 992 ab
816 974 844 992 se
858 966 958 991 crimen
974 965 1042 991 volet

249 1003 398 1030 transferre.

306 1041 351 1067 tx.
374 1041 414 1067 Ex
428 1049 538 1076 persona
550 1045 637 1067 autem
652 1041 802 1067 coniectura
816 1040 943 1075 capietur,
961 1040 982 1065 si
997 1047 1042 1065 cae

250 1086 303 1109 res,
324 1087 393 1113 quae
412 1079 531 1113 personis
550 1078 690 1104 attributae
708 1082 783 1107 sunt,
800 1077 941 1113 diligenter
954 1077 1043 1103 consi-

249 1115 425 1146 derabuntur,
442 1124 510 1151 quas
524 1124 615 1141 omnes
631 1115 656 1141 in
672 1115 758 1150 primo
773 1114 840 1140 libro
854 1115 1040 1149 exposuimus.
1064 1131 1065 1134 ,

251 1153 315 1179 Nam
334 1157 359 1179 et
376 1153 409 1179 de
427 1162 533 1179 nomine
548 1161 748 1187 nonnumquam
763 1151 865 1187 aliquid
880 1151 1042 1186 suspicionis

250 1190 376 1216 nascitur.
411 1191 512 1216 Nomen
535 1195 622 1216 autem
642 1198 726 1224 quum
745 1189 874 1219 dicimus,
896 1197 1042 1224 cognomen

248 1235 357 1262 quoque
375 1227 539 1263 intelligatur
555 1231 666 1262 oportet.
700 1227 736 1252 De
755 1227 871 1252 bominis
890 1226 960 1252 enim
972 1230 1043 1251 certo

249 1269 273 1290 et
292 1265 398 1299 proprio
417 1264 544 1291 vocabulo
563 1265 664 1300 agitur,
691 1268 720 1290 ut
738 1264 760 1290 si
784 1264 919 1294 dicamus,
944 1263 1043 1289 idcirco

249 1301 366 1337 aliquem
385 1301 498 1329 Caldum
517 1302 612 1332 vocari,
629 1301 700 1336 quod
716 1301 853 1327 temerario
867 1305 891 1326 et
907 1300 1043 1335 repentino

249 1339 360 1365 consilio
378 1340 425 1371 sit3
445 1344 491 1366 aut
508 1339 539 1370 si,
556 1348 585 1365 ea
601 1347 627 1365 rc
642 1339 796 1364 hominibus
811 1338 918 1365 Graecis
933 1337 1043 1372 imperi—
1064 1368 1065 1373 Ἰ

250 1377 283 1402 tis
307 1377 386 1403 verba
410 1376 525 1408 dedisse,
548 1376 619 1411 quod
643 1375 752 1402 Clodius
775 1379 821 1402 aut
843 1374 974 1401 Caecilius
997 1378 1043 1400 aut

250 1414 355 1440 Mucius
374 1418 520 1440 vocaretur.
554 1415 596 1441 29.
615 1413 648 1440 Et
662 1413 694 1439 de
708 1417 800 1439 natura
816 1412 875 1439 licet
889 1412 1043 1447 aliquantu-
1064 1417 1072 1436 ’ξ

250 1451 305 1477 lum
329 1451 426 1477 ducere
443 1451 615 1486 suspicionis.
650 1449 745 1477 Omnia
764 1450 835 1476 enim
855 1450 931 1480 haee,
950 1450 992 1475 vir
1009 1458 1042 1475 an

249 1488 355 1519 mulier,
372 1488 454 1515 huius
468 1497 500 1514 an
515 1488 588 1514 illius
602 1488 718 1514 civitatis
732 1488 779 1520 sit3
802 1487 902 1522 quibus
914 1487 947 1513 sit
960 1487 1043 1513 maio-
1064 1511 1065 1514 ,

250 1525 338 1556 ribus,
355 1526 455 1560 quibus
469 1526 683 1561 consanguineis,
700 1533 754 1560 qua
767 1529 858 1555 aetate,
875 1532 928 1559 quo
943 1525 1040 1555 animo,
1064 1539 1065 1561 3

248 1571 302 1597 quo
316 1571 432 1598 corpore,
447 1571 516 1597 quae
529 1567 637 1589 naturae
651 1566 713 1589 sunt
727 1561 861 1592 attributa,
877 1561 910 1587 ad
924 1561 1041 1596 aliquam
1064 1578 1065 1584 .

248 1601 427 1627 coniecturam
453 1599 601 1626 faciendam
627 1599 808 1635 pertinebunt.
851 1599 885 1625 Et
911 1607 943 1625 ex
969 1599 1042 1625 victu

250 1637 349 1664 multae
360 1637 501 1664 trahuntur
510 1637 686 1672 suspiciones,
699 1645 793 1672 quum,
802 1635 1040 1671 quemadmodum,

249 1679 274 1700 et
293 1674 363 1709 apud
382 1683 462 1710 quos,
483 1679 509 1701 et
526 1683 540 1701 a
557 1674 658 1710 quibus
676 1674 806 1700 educatus
824 1678 849 1699 et
862 1673 984 1700 cruditus
997 1673 1040 1704 sit,

249 1712 394 1747 quaeritur,
411 1716 436 1738 et
449 1712 612 1747 quibuscum
627 1711 707 1742 vivat,
726 1719 779 1746 qua
790 1711 889 1737 ratione
900 1711 977 1741 vitae,
990 1718 1044 1745 quo

251 1757 322 1775 more
340 1749 485 1776 domestico
503 1750 584 1775 vivat.
619 1750 659 1775 30.
682 1749 715 1775 Et
732 1757 765 1775 ex
783 1747 888 1774 fortuna
905 1756 984 1783 saepe
1002 1756 1044 1774 ar—
1065 1755 1066 1758 ¹

249 1787 415 1823 gumentatio
428 1787 554 1817 nascitur,
570 1795 655 1821 quum
670 1794 764 1812 servus
778 1794 811 1812 an
823 1785 898 1816 liber,
915 1785 1044 1820 pecunio-

250 1833 298 1851 sus
320 1833 352 1851 an
371 1833 481 1859 pauper,
501 1823 599 1850 nobilis
614 1832 646 1850 an
659 1822 795 1859 ignobilis,
813 1822 877 1849 felix
891 1831 923 1848 an
938 1821 1040 1853 infelix,
1064 1830 1066 1852 ·,

251 1862 371 1897 privatus
389 1870 422 1888 an
439 1862 467 1888 in
481 1865 608 1896 potestate
621 1862 655 1887 sit
670 1866 714 1887 aut
728 1860 807 1886 fuerit
821 1864 866 1886 aut
880 1859 987 1886 futurus
998 1859 1040 1890 sit,

250 1899 445 1931 consideratur,
472 1903 518 1925 aut
534 1898 650 1933 denique
669 1897 771 1933 aliquid
789 1905 880 1924 eorum
895 1897 1040 1932 quaeritur,

250 1945 320 1972 quae
343 1935 462 1963 fortunae
481 1944 539 1962 esse
558 1936 682 1962 attributa
700 1934 897 1971 intelliguntur.
932 1934 1043 1960 Habitus

251 1978 340 2000 autem
358 1973 484 2009 quoniam
502 1974 530 2000 in
549 1973 638 2008 aliqua
653 1972 766 2007 perfecta
781 1976 805 1998 et
819 1971 949 1999 constanti
961 1971 1043 1997 animi

251 2015 296 2037 aut
313 2011 431 2046 corporis
449 2009 615 2037 absolutione
632 2010 765 2041 consistit,
785 2017 839 2044 quo
853 2009 880 2035 in
894 2017 990 2045 genere
1004 2013 1045 2034 est
1066 2027 1073 2041 .,

252 2049 346 2079 virtus,
359 2048 468 2074 scientia
479 2052 504 2074 et
513 2056 582 2083 quae
592 2047 722 2074 contraria
733 2051 809 2078 sunt3
825 2046 940 2081 resipsa,
949 2054 1044 2072 caussa
1066 2055 1067 2073 ;

252 2085 350 2120 posita,
369 2085 487 2116 docebit,
503 2084 600 2120 ecquid
615 2085 657 2111 liic
670 2092 778 2119 quoque
793 2082 867 2110 locus
881 2083 1044 2117 suspicionis

251 2122 380 2149 ostendat.
411 2123 478 2148 Nam
501 2121 645 2148 affectionis
666 2121 777 2156 quidem
795 2121 860 2147 ratio
875 2121 1044 2156 perspicuam

251 2159 317 2186 solet
331 2168 393 2194 prae
406 2167 435 2186 se
447 2168 538 2195 gerere
551 2160 738 2189 coniecturam,
755 2162 784 2184 ut
798 2166 879 2189 amor,
895 2157 1042 2188 iracundia,

252 2196 386 2228 molestia,
406 2201 542 2232 propterea
560 2196 633 2231 quod
651 2201 676 2222 et
693 2196 812 2231 ipsorum
831 2195 873 2221 vis
886 2194 1045 2230 intelligitur

252 2239 285 2264 et,
302 2242 371 2269 quae
387 2243 429 2260 res
443 2234 539 2260 harum
553 2233 670 2268 aliquam
685 2241 741 2259 rem
755 2236 961 2267 consequantur,
979 2231 1045 2258 faci-

253 2271 291 2297 les
309 2271 417 2307 cognitu
434 2275 507 2298 sunt.
541 2273 581 2298 3⁴.
604 2270 730 2297 Studium
749 2274 837 2296 autem
859 2270 986 2304 quoniam
1005 2273 1045 2295 est

252 2308 360 2335 assidua
390 2313 415 2335 et
445 2308 590 2335 vehemens
621 2307 738 2343 aliquam
770 2306 802 2333 ad
832 2315 887 2333 rem
913 2305 1045 2341 applicata

253 2354 349 2381 magna
366 2354 428 2372 cum
442 2345 578 2372 voluntate
591 2345 738 2380 occupatio,
751 2343 828 2370 facile
842 2352 875 2370 ex
888 2352 919 2370 eo
932 2343 1045 2370 ducetur

253 2383 458 2418 argumentatio,
478 2391 560 2418 quam
578 2391 620 2409 res
638 2383 696 2417 ipsa
714 2381 876 2408 desiderabit
893 2381 919 2407 in
938 2389 1043 2407 caussa.

254 2420 317 2445 ltem
341 2428 374 2446 ex
395 2419 506 2447 consilio
524 2424 646 2446 sumetur
663 2418 767 2454 aliquid
784 2418 961 2453 suspicionis,
984 2426 1045 2444 nam

253 2456 395 2483 consilium
413 2461 453 2484 est
467 2456 570 2492 aliquid
585 2456 697 2483 faciendi
712 2464 764 2483 non
778 2455 926 2482 faciendive
939 2455 1046 2490 excogi-

253 2497 305 2519 tata
319 2495 393 2520 ratio.
426 2495 480 2521 Iam
494 2493 562 2521 facta
576 2498 600 2520 et
613 2502 692 2520 casus
706 2498 731 2520 et
744 2494 883 2524 orationeS,
899 2501 968 2528 quae
982 2496 1046 2518 sunt

253 2531 342 2556 omnia
359 2530 399 2566 (ut
416 2531 444 2558 in
457 2531 664 2558 confirmationis
678 2530 825 2566 praeceptis
839 2530 940 2556 dictum
954 2529 1004 2564 est)
1017 2530 1045 2555 in

253 2567 303 2593 tria
317 2571 435 2602 tempora
447 2568 598 2600 distributa,
615 2568 691 2594 facile
702 2568 751 2594 erit
760 2567 860 2598 videre,
876 2566 973 2601 ecquid
984 2566 1046 2593 affe-

255 2608 312 2631 rant
326 2604 359 2631 ad
372 2605 579 2632 confirmandam
592 2606 771 2632 coniecturam
785 2604 957 2639 suspicionis.

310 2641 344 2667 X.
368 2643 408 2669 39..
427 2642 465 2668 Ac
480 2643 601 2677 personis
618 2642 728 2678 quidem
742 2650 784 2668 res
798 2650 843 2668 eae
857 2645 920 2668 sunt
933 2640 1047 2667 attribu—

1023 187 1296 215 thssttoxts

1090 258 1150 285 facti
1169 267 1263 293 parurn
1283 257 1455 284 firmitudinis
1474 257 1593 288 babebit.
1614 257 1665 284 nisi
1684 257 1790 283 animus
1808 257 1877 287 eius.

1089 297 1134 331 qui
1152 295 1330 325 insimulatur,
1348 295 1373 321 in
1388 303 1445 321 eam
1460 295 1639 329 suspicionem
1650 294 1804 325 adducetur.
1821 299 1850 321 ut
1865 302 1880 320 a

1066 339 1069 372 t
1090 333 1133 358 tali
1156 332 1234 367 culpa
1258 341 1308 358 non
1333 332 1453 358 videatur
1475 332 1654 358 abhorruisse.
1683 331 1715 358 Ut
1733 332 1803 358 enim
1822 332 1882 359 ani-

1066 376 1069 405 ῃ
1091 378 1164 395 mum
1184 370 1298 395 alicuius
1316 369 1465 404 improbare
1480 368 1545 395 nibil
1559 369 1660 399 attinet,
1675 377 1760 404 quum
1774 377 1878 400 caussa.

1090 416 1172 441 quare
1187 407 1342 441 peccaverit,
1360 415 1411 432 non
1426 406 1583 437 intercessit,
1599 407 1638 432 sic
1651 414 1773 432 caussam
1781 406 1880 440 moeati

1068 445 1069 450 ¹
1091 443 1252 470 intercedere
1270 443 1326 469 leve
1345 448 1397 473 est,
1414 444 1435 469 si
1451 443 1557 469 animus
1571 443 1637 469 nulli
1653 444 1742 469 minus
1757 442 1882 469 honestae

1091 481 1184 507 rationi
1207 480 1295 507 affinis
1312 480 1470 507 ostenditur.
1504 479 1591 512 Quare
1609 481 1689 506 vitam
1708 481 1779 509 eius.
1799 488 1880 515 quem

1068 518 1069 543 l
1091 519 1191 553 arguit,
1211 527 1242 544 ex
1262 522 1320 544 ante
1340 517 1415 543 factis
1429 522 1565 543 aecusator
1575 517 1723 552 improbare
1737 516 1842 543 debebit
1855 521 1884 543 et

1068 560 1069 587 ,
1090 555 1242 585 ostendere,
1263 556 1284 581 si
1303 564 1357 590 quo
1376 556 1402 581 in
1422 555 1476 589 pari
1492 559 1551 580 ante
1566 559 1672 588 pecoem
1684 554 1823 580 convictus
1837 554 1881 580 sit.

1092 592 1118 618 Si
1139 593 1164 618 id
1182 601 1233 618 non
1251 593 1358 626 poterit,
1376 593 1490 627 siquam
1506 592 1532 617 in
1547 591 1662 617 similem
1677 596 1737 617 ante
1750 591 1884 626 suspicio-

1093 638 1151 656 nem
1168 631 1277 658 venerit,
1291 638 1320 654 ac
1334 630 1458 658 maxime,
1475 630 1496 655 si
1513 629 1566 655 fieri
1583 629 1685 663 poterit,
1701 627 1783 654 simili
1793 628 1884 664 aliquo

1093 667 1118 693 in
1141 675 1237 702 genere
1260 667 1381 692 eiusdem
1406 666 1475 692 modi
1499 675 1593 692 caussa
1613 665 1701 700 aliqua
1720 670 1884 692 commotum

1093 713 1215 739 peccasse
1234 708 1278 729 aut
1298 704 1324 730 in
1343 712 1426 738 aeque
1441 712 1534 737 magna
1550 712 1576 729 re
1590 707 1634 728 aut
1649 703 1675 729 in
1690 703 1787 729 maiore
1798 707 1843 728 aut
1857 703 1883 729 in

1093 742 1206 767 minore:
1231 746 1258 766 ut
1272 741 1304 771 si,
1320 750 1401 776 quem
1417 741 1527 775 pecunia
1542 740 1611 766 dieat
1626 740 1765 766 inductum
1778 739 1884 767 fecisse.

1093 778 1176 813 possit
1194 778 1375 804 demonstrare
1393 778 1481 813 aliqua
1501 779 1527 804 in
1547 786 1573 803 re
1591 778 1649 803 eius
1663 776 1771 812 aliquod
1785 776 1883 803 factum

1092 825 1212 842 avarum.
1248 818 1288 841 33.
1312 816 1375 841 ltern
1394 815 1420 841 in
1439 816 1510 841 omni
1529 823 1622 841 caussa
1642 820 1761 841 naturam
1780 818 1825 840 aut
1844 814 1885 840 vi-

1092 857 1164 879 ctum
1184 858 1228 879 aut
1247 853 1367 879 studium
1387 857 1431 878 aut
1447 852 1578 879 fortunam
1597 856 1642 878 aut
1660 851 1762 886 aliquid
1781 859 1882 883 eorum,

1093 899 1161 925 quae
1181 891 1301 924 personis
1320 890 1444 916 attributa
1463 894 1537 919 sunt,
1559 889 1590 915 ad
1609 897 1666 915 eam
1684 897 1815 914 caussam.
1831 896 1884 923 qua

1093 932 1255 954 commotum
1270 935 1392 962 peccasse
1405 926 1483 956 dicet,
1499 926 1643 961 adiungere
1653 931 1732 960 atque
1742 934 1775 952 ex
1784 925 1885 960 dispari

1093 974 1201 1000 quoque
1218 973 1314 1000 genere
1331 963 1485 998 culparum,
1506 964 1528 989 si
1547 972 1580 990 ex
1595 964 1649 998 pari
1664 962 1787 989 sumendi
1802 962 1887 989 facul-

1095 1007 1133 1028 tas
1148 1011 1199 1028 non
1213 1002 1270 1032 erit,
1287 1002 1437 1036 improbare
1451 1001 1570 1027 animum
1585 1000 1728 1026 adversarii
1739 1000 1883 1035 oportebit:

1095 1044 1123 1065 ut
1134 1040 1156 1065 si
1168 1040 1276 1065 avaritia
1288 1039 1427 1065 inductum
1439 1047 1534 1074 arguas
1546 1037 1648 1067 fecisse,
1661 1042 1686 1063 et
1696 1045 1884 1068 avarumeum,

1093 1085 1174 1112 quem
1193 1085 1311 1107 accuses,
1325 1076 1505 1102 demonstrare
1524 1084 1576 1101 non
1594 1075 1689 1110 possiS,
1706 1074 1765 1101 aliis
1779 1074 1886 1101 affinem

1094 1123 1152 1140 esse
1171 1114 1244 1140 vitiis
1259 1113 1366 1144 doceas,
1387 1118 1411 1139 et
1432 1111 1483 1150 [ex]
1499 1121 1528 1139 ea
1543 1121 1570 1138 re
1585 1121 1636 1138 non
1650 1120 1708 1138 esse
1723 1111 1884 1143 mirandum.

1093 1152 1140 1186 qui
1159 1152 1186 1177 in
1205 1150 1248 1177 illa
1268 1160 1295 1177 re
1314 1151 1399 1185 turpis
1413 1155 1457 1176 aut
1471 1149 1587 1185 cupidus
1601 1154 1645 1175 aut
1660 1149 1782 1184 petulans
1796 1148 1884 1179 fuerit,

1094 1189 1142 1215 hac
1154 1196 1262 1223 quoque
1277 1189 1304 1214 in
1319 1196 1346 1214 re
1360 1196 1422 1214 eum
1436 1187 1593 1222 deliquisse.
1619 1186 1754 1219 Quantum
1768 1187 1839 1212 enim
1853 1186 1886 1212 de

1094 1226 1231 1252 honestate
1245 1230 1269 1252 et
1283 1225 1436 1252 auctoritate
1447 1225 1515 1255 eius,
1531 1224 1578 1259 qui
1593 1225 1722 1260 arguitur,
1738 1223 1886 1250 detractum

1093 1269 1142 1294 est,
1159 1262 1324 1289 tantumdem
1339 1262 1371 1288 de
1386 1262 1509 1288 facultate
1523 1262 1604 1288 totius
1617 1266 1656 1287 est
1666 1261 1829 1287 defensionis
1840 1260 1888 1287 de-

1094 1301 1239 1328 minutum.
1274 1301 1315 1326 3-5.
1338 1299 1365 1326 Si
1381 1299 1448 1326 nulli
1462 1299 1550 1325 affinis
1565 1299 1659 1333 poterit
1675 1299 1738 1324 vitio
1752 1307 1813 1324 reus
1827 1303 1887 1324 anta

1093 1338 1210 1365 admisso
1224 1337 1407 1368 demonstrari,
1425 1336 1498 1363 locus
1515 1336 1657 1362 inducetur
1671 1335 1728 1366 ille,
1745 1344 1792 1370 per
1805 1343 1886 1370 quem

1071 1375 1072 1378 ’
1093 1375 1215 1402 hortandi
1238 1374 1341 1401 iudices
1359 1378 1450 1404 erunt,
1472 1378 1500 1400 ut
1519 1378 1635 1399 veterem
1654 1372 1751 1399 famam
1770 1372 1887 1399 hominis

1094 1412 1160 1439 nihil
1185 1412 1217 1438 ad
1240 1420 1296 1438 rem
1314 1415 1408 1446 putent
1426 1411 1566 1446 pertinere.
1601 1411 1667 1436 Nam
1686 1419 1748 1436 eum
1767 1414 1826 1436 ante
1843 1417 1889 1436 ce-

1094 1450 1176 1481 lasse,
1206 1458 1277 1476 nunc
1301 1448 1441 1475 manifesto
1464 1449 1560 1480 teneri3
1588 1456 1671 1483 quare
1693 1455 1745 1474 non
1767 1451 1888 1482 oportere

1093 1487 1162 1514 hanc
1180 1495 1236 1513 rem
1254 1494 1288 1512 ex
1306 1487 1443 1521 superiore
1457 1486 1509 1512 vita
1524 1485 1646 1520 spectari,
1664 1485 1710 1511 sed
1722 1485 1888 1520 superiorem

1094 1525 1177 1551 vitam
1200 1532 1234 1550 ex
1251 1523 1300 1550 hac
1322 1532 1349 1550 re
1367 1523 1525 1558 improbari,
1541 1527 1575 1553 et,
1595 1527 1640 1548 aut
1654 1526 1810 1557 potestatem
1827 1526 1890 1548 ante

1094 1561 1220 1597 peccandi
1239 1569 1290 1587 non
1309 1560 1405 1591 fuisse,
1426 1565 1470 1586 aut
1488 1568 1624 1586 caussam:
1646 1564 1704 1590 aut,
1720 1560 1744 1586 si
1757 1559 1822 1586 haee
1834 1558 1888 1586 dici

1094 1608 1146 1626 non
1169 1602 1301 1634 poterunt,
1326 1597 1469 1624 dicendum
1492 1597 1540 1623 erit
1561 1597 1628 1623 illud
1652 1601 1814 1627 extremum,
1835 1605 1888 1623 non

1094 1644 1153 1663 esse
1164 1636 1272 1667 mirum,
1285 1635 1308 1661 si
1319 1643 1390 1661 nunc
1401 1635 1518 1669 primum
1528 1634 1680 1669 deliquerit.
1702 1634 1768 1660 Nam
1781 1642 1889 1660 necesse

1064 1679 1073 1702 ¹,ss
1095 1681 1162 1703 esse,
1183 1681 1259 1704 eum,
1279 1673 1327 1707 qui
1342 1671 1406 1698 velit
1420 1680 1536 1707 peccare,
1552 1671 1696 1706 aliquando
1710 1672 1827 1706 primum
1841 1671 1889 1702 da»

1095 1711 1226 1746 linquere.
1261 1709 1309 1736 Sin
1332 1710 1385 1736 vita
1409 1714 1468 1735 ante
1491 1713 1546 1735 acta
1568 1709 1742 1745 ignorabitur,
1764 1707 1889 1735 hocloco

1095 1748 1235 1783 praeterito
1256 1751 1290 1777 et,
1315 1756 1364 1773 cur
1387 1751 1572 1782 praetereatur,
1596 1746 1783 1777 demonstrato,
1808 1754 1888 1782 argu-

1095 1785 1192 1812 mentis
1206 1785 1401 1811 accusationem
1416 1784 1505 1810 statim
1518 1783 1674 1810 confirmare
1687 1783 1827 1818 oportebit.

1150 1822 1197 1848 Xl.
1219 1823 1261 1848 35.
1277 1821 1403 1848 Defensor
1417 1826 1504 1847 autem
1517 1821 1643 1855 primum,
1655 1821 1679 1846 si
1690 1820 1794 1855 poterit,
1807 1819 1890 1847 debe-

1095 1860 1134 1886 bit
1152 1860 1233 1886 vitam
1253 1860 1324 1890 eius,
1345 1859 1392 1894 qui
1410 1858 1619 1889 insimulabitur,
1635 1866 1717 1893 quam
1730 1857 1890 1884 honestissi-

1072 1915 1073 1933 ἦ
1095 1905 1166 1924 mam
1185 1896 1375 1923 demonstrare.
1408 1896 1437 1922 Id
1456 1895 1541 1926 faciet,
1557 1896 1581 1922 si
1593 1895 1713 1922 ostendet
1726 1894 1816 1930 aliqua
1829 1895 1888 1921 eius

1072 1951 1073 1954 =
1095 1939 1155 1961 nota
1172 1938 1197 1960 et
1214 1934 1366 1960 communia
1383 1933 1483 1965 officia,
1505 1932 1578 1968 quod
1594 1941 1693 1968 genus,
1708 1933 1737 1958 in
1756 1936 1887 1967 parentes.

1094 1976 1232 2008 cognatos,
1257 1972 1370 2002 amicos,
1390 1970 1497 2001 affines,
1519 1970 1695 2002 necessarios3
1717 1970 1797 1996 etiam
1819 1977 1890 2004 quae

1094 2009 1181 2045 magis
1199 2017 1256 2034 rara
1274 2013 1299 2034 et
1317 2008 1415 2035 eximia
1431 2012 1503 2038 sunt,
1523 2007 1547 2033 si
1565 2007 1598 2034 ab
1611 2015 1642 2034 eo
1655 2015 1716 2033 cum
1731 2015 1827 2042 magno
1839 2005 1890 2033 ali-

1095 2054 1149 2081 quo
1168 2045 1256 2072 labore
1278 2050 1324 2072 aut
1342 2044 1462 2080 periculo
1489 2048 1535 2071 aut
1552 2049 1666 2079 utraque
1683 2052 1724 2075 re,
1741 2052 1827 2078 quum
1841 2051 1889 2070 ne-

1095 2092 1170 2110 cesse
1188 2091 1240 2109 non
1259 2087 1342 2114 esset,
1362 2082 1443 2109 officii
1460 2090 1568 2112 caussa,
1589 2086 1635 2108 aut
1651 2082 1680 2108 in
1693 2080 1889 2116 rempublicam

1095 2125 1141 2147 aut
1157 2121 1185 2146 in
1205 2125 1326 2155 parentes
1344 2124 1389 2146 aut
1406 2120 1435 2146 in
1453 2119 1558 2154 aliquos
1571 2127 1673 2150 eorum,
1689 2119 1737 2153 qui
1750 2117 1829 2144 modo
1841 2126 1890 2145 ex-

1095 2158 1175 2192 positi
1189 2162 1260 2188 sunt,
1277 2157 1344 2183 faeta
1357 2165 1415 2183 esse
1428 2156 1511 2188 dicer,
1533 2155 1630 2182 deinde
1642 2156 1666 2182 si
1680 2154 1747 2182 nihil
1758 2154 1890 2190 deliquis-

1095 2203 1133 2226 se,
1154 2194 1228 2221 nulla
1245 2194 1391 2229 cupiditate
1409 2193 1570 2228 impeditum
1588 2193 1621 2219 ab
1634 2192 1722 2220 officio
1734 2193 1887 2219 recessisse.

1095 2231 1174 2264 Quod
1191 2239 1222 2258 eo
1238 2232 1420 2258 confirmatius
1439 2231 1496 2261 erit,
1517 2231 1549 2261 si,
1569 2239 1656 2266 quum
1669 2234 1784 2265 potestas
1797 2230 1890 2265 impu·
1908 2250 1912 2254 .

1096 2277 1129 2296 ne
1142 2268 1246 2304 aliquid
1260 2268 1374 2295 faciendi
1388 2269 1478 2294 minus
1493 2268 1603 2294 honeste
1616 2267 1701 2294 fuisse
1713 2267 1825 2298 dicetur,
1840 2274 1889 2293 vo-

1097 2305 1186 2333 luntas
1204 2306 1228 2332 ei
1247 2305 1361 2332 faciendi
1379 2305 1606 2332 demonstrabitur
1621 2303 1750 2331 abfuisse.
1778 2305 1819 2331 36.
1834 2303 1890 2331 Hoc

1074 2347 1075 2351 ’
1095 2348 1184 2370 autem
1202 2344 1293 2378 ipsum
1310 2351 1397 2379 genus
1415 2343 1464 2369 erit
1477 2351 1508 2369 eo
1521 2342 1634 2371 firmius,
1648 2341 1672 2368 si
1685 2349 1715 2368 eo
1729 2341 1788 2376 ipso
1801 2341 1829 2368 in
1841 2349 1889 2378 ge·-

1074 2387 1075 2392 ’
1096 2389 1170 2411 nere,
1190 2389 1245 2415 quo
1263 2385 1401 2416 arguetur,
1418 2380 1519 2415 integer
1533 2383 1607 2405 antea
1626 2378 1710 2405 fuisse
1723 2378 1889 2405 demonstra-
1904 2383 1907 2386 ’

1074 2423 1075 2451 t
1095 2417 1181 2444 bitur:
1204 2422 1233 2444 ut
1247 2418 1279 2448 si,
1295 2426 1382 2452 quum
1397 2417 1522 2443 avaritiae
1534 2424 1628 2443 caussa
1641 2415 1737 2442 fecisse
1750 2420 1885 2451 arguatm,
1901 2431 1905 2438 ι

1067 2458 1075 2480 .¹
1096 2455 1207 2481 minime
1225 2455 1297 2481 omni
1315 2455 1344 2481 in
1357 2455 1411 2480 vita
1425 2453 1553 2489 pecuniae
1565 2453 1682 2488 cupidus
1696 2452 1781 2479 fuisse
1793 2452 1888 2480 docea—
1903 2458 1910 2484 ¹,

1074 2491 1075 2519 l
1096 2496 1148 2518 tur.
1182 2492 1230 2518 Hic
1247 2491 1294 2518 illa
1311 2499 1408 2527 magna
1429 2499 1492 2518 cum
1509 2491 1637 2526 gravitate
1657 2490 1800 2516 inducetur
1816 2489 1888 2516 indi-

1067 2530 1075 2566 ’ᾖ
1095 2529 1197 2565 gnatio,
1212 2529 1302 2555 iuncta
1314 2528 1511 2564 conquestioni,
1526 2535 1574 2562 per
1585 2536 1668 2562 quam
1681 2527 1810 2553 miserum
1823 2526 1888 2554 faci-

1074 2582 1075 2594 ,
1095 2575 1148 2592 nus
1171 2574 1230 2592 esse
1251 2571 1277 2592 et
1298 2566 1450 2601 indiguum,
1465 2573 1551 2600 quum
1573 2565 1680 2591 animus
1695 2564 1770 2591 omni
1787 2564 1815 2590 in
1833 2564 1887 2591 vita
1904 2564 1908 2598 ᾗ

1074 2597 1076 2647 ᾖ
1096 2603 1177 2629 fuerit
1199 2611 1213 2629 a
1236 2603 1309 2630 vitiis
1332 2602 1536 2632 remotissimus,
1561 2610 1620 2628 eam
1642 2609 1764 2628 caussam
1782 2605 1883 2636 putare.

1074 2659 1076 2666 .
1096 2648 1165 2675 quae
1178 2640 1301 2666 homines
1315 2640 1428 2667 audaces
1441 2639 1470 2665 iu
1484 2638 1605 2665 fraudem
1619 2647 1710 2674 rapere
1728 2637 1823 2669 soleat,
1842 2645 1887 2665 ca-
1902 2636 1908 2637 ’

255 2683 309 2710 tae,
325 2687 358 2705 ex
374 2679 475 2714 quibus
487 2679 613 2706 omnibus
627 2688 713 2706 unum
722 2679 752 2705 in
762 2678 851 2705 locum
861 2678 958 2705 coactis
969 2685 1048 2704 accu-
1067 2679 1077 2716 i,
1096 2677 1246 2704 stissimum
1263 2685 1372 2712 quoque
1385 2676 1522 2703 hominem
1538 2675 1571 2702 ad
1584 2675 1749 2711 peccandum
1767 2675 1892 2710 potuisse·

255 2716 349 2742 satoris
370 2717 419 2743 erit
439 2717 631 2751 improbatione
654 2716 771 2743 hominis
794 2716 842 2742 uti.
867 2716 933 2742 Nam
951 2723 1046 2742 caussa
1068 2713 1077 2743 lt
1095 2713 1247 2749 impellere,
1275 2719 1321 2741 aut
1338 2714 1462 2749 iniquum
1481 2721 1539 2739 esse
1557 2717 1583 2739 et
1601 2713 1702 2749 optimo
1714 2713 1813 2747 cuique
1826 2719 1886 2747 per-
