1941 3052
810 100 852 125 7³.
887 99 921 124 M.

238 102 286 127 7tn

239 171 362 197 nuntium
376 174 523 196 noatrormn
536 169 704 195 comitiorum
720 173 948 202 exspectaturum.

239 214 325 233 tamen
338 207 418 232 simul
431 216 459 231 nc
472 216 512 232 inc·
524 206 693 238 designatum
706 205 833 234 audieris.
851 209 879 231 ut
890 205 938 231 tibi
950 213 1029 231 curae

237 246 285 273 sit,
303 244 374 279 quod
391 243 423 268 nd
441 243 582 277 puritlwrns
599 243 705 272 attint-t.
724 251 797 275 rogo.
841 241 1028 277 Syngrapliam

237 282 376 308 Sittianam
391 281 437 306 tini
450 279 616 305 commendo.
642 279 870 304 Commentarium
883 288 970 305 rerum
984 288 1029 306 ur-

238 319 365 344 lmnarmn
378 317 494 351 primum
507 316 568 341 dedi
583 317 610 341 l..
624 316 756 342 Castrinio
768 316 858 346 Paeto,
878 316 1028 342 secundum

237 357 269 383 ci.
286 355 333 390 qui
347 355 393 380 lias
406 353 505 379 litteras
518 353 564 379 tilii
576 352 660 378 dedit.

289 431 326 451 ΙΙΙ,
347 431 361 450 Α
373 431 422 450 KG.
440 431 471 450 ne
482 430 529 450 suin
539 431 564 450 tul
576 430 703 450 sir-emnem
714 429 805 452 litim-in,
817 430 844 449 tle
854 430 928 454 Hirro,
939 431 965 450 tle
975 430 1027 451 Plii-

237 466 311 486 l-›timu
322 469 341 485 et
354 466 379 485 tle
389 465 480 488 Milone,
493 465 570 485 lilnrnm
582 465 675 491 aliqui-iu
687 464 731 485 silui
743 465 800 485 mitti
811 472 823 485 ι
834 465 940 485 (liet-runt
949 465 1018 492 cupit.

429 502 614 525 (ttu1n·u·*.S·‹l11ui=·.
625 502 716 520 Mun-ltu
727 508 772 520 ron.
785 504 838 522 703)

379 545 576 571 (IAELlUS
610 545 880 571 CICERONIS.

291 584 312 608 ⁴.
337 578 438 608 Estne?
450 583 521 608 vici'?
531 587 556 609 et
569 583 616 609 tilii
628 591 720 617 saepe,
733 582 805 617 quod
818 590 928 617 negaras
939 581 1028 608 disce·

234 620 300 645 dens
316 625 471 645 curaturum
488 620 551 650 tibi,
571 619 670 646 litteras
687 620 780 646 mitto‘?
800 620 859 649 Est.
877 620 899 645 si
915 619 1027 654 quidem

235 656 418 691 perferuntur.
436 665 504 691 quas
520 656 562 683 do.
604 657 690 692 Atque
708 657 756 683 boc
770 665 801 683 eo
815 657 973 689 diligentius
989 656 1027 682 l'a-

234 695 309 724 ctito,
327 694 413 728 quod,
431 702 516 728 quum
527 695 629 720 otiosus
641 703 714 723 sum.
733 693 824 728 plane.
839 694 886 720 ubi
897 693 1026 720 delectem

233 730 344 757 otiolum
362 739 465 761 meum.
484 740 534 757 non
553 731 646 757 liabeo.
687 731 725 757 Tu
742 739 827 765 quum
845 732 941 757 Romae
957 739 1024 760 era5,

234 768 283 794 lioc
295 768 362 794 mibi
374 773 475 794 certum
488 777 517 794 uc
530 768 756 795 iucundissimum
773 769 876 794 vacanti
889 769 1025 803 negotium

233 809 297 836 crat,
312 809 399 831 tecum
412 805 438 831 id
450 806 497 831 otii
510 810 616 841 tempus
627 814 798 832 consumere:
814 805 894 840 idque
906 814 957 831 non
971 814 1027 831 me-

233 842 360 868 diocriter
375 842 511 874 desidero;
530 848 559 869 ut
575 852 626 869 non
639 843 717 869 modo
729 843 795 868 milii
808 843 882 869 solus
893 851 965 873 esse=
979 842 1025 868 scd

234 880 345 910 Romae,
369 884 393 906 te
412 879 542 914 profecto,
563 880 680 906 solitudo
696 880 819 906 videatur
835 879 915 906 facta:
938 881 1025 914 etqui

232 916 312 951 (quae
334 925 392 943 mea
413 917 576 953 negligentia
593 917 642 951 est)
660 917 757 943 multos
772 925 852 952 saepe
865 917 924 943 dics
940 916 973 943 ad
990 922 1023 946 te.

211 962 215 969 ¹
232 962 318 988 quum
330 953 374 979 liic
385 962 452 985 eras,
466 963 517 981 non
529 955 698 985 accedebam,
707 963 778 980 nunc
788 954 908 989 quotidie
921 963 971 980 non
983 962 1026 979 es-
1046 959 1055 989 {³
1153 986 1157 990 η
1190 986 1194 990 ἱ

1046 993 1047 998 ’
1077 990 1176 1011 mentio
1188 985 1233 1011 illa
1245 984 1325 1013 fatua.
1339 995 1420 1021 quam
1432 986 1612 1014 deriseramus
1623 989 1697 1019 otim.
1714 990 1869 1024 etpromul-

232 998 261 1016 se
273 995 310 1021 te.
329 991 361 1017 ad
373 1000 453 1026 quem
465 992 607 1022 cursitem,
624 991 782 1018 discrucior.
823 992 939 1017 Maxime
951 1000 1023 1021 vero,

234 1032 261 1054 ut
273 1032 297 1054 te
308 1027 366 1054 dics
381 1033 525 1063 noctesque
541 1037 682 1064 quaeram,
700 1029 857 1063 competitor
868 1029 961 1054 llirrus
978 1036 1026 1054 cu-

233 1069 281 1091 rat.

232 1106 315 1128 torem
326 1102 415 1128 dolere
424 1123 430 1133 ,
446 1107 471 1129 et
481 1103 662 1134 dissimulare,
677 1112 718 1129 me
730 1103 879 1133 certiorem,
892 1111 972 1137 quam
984 1110 1022 1132 se,

231 1139 424 1166 candidatum?
436 1139 468 1165 de
480 1149 546 1175 quo,
561 1145 602 1170 ut=
616 1149 697 1175 quem
708 1145 798 1174 optas,
812 1148 893 1174 quam
905 1140 1024 1174 primum

232 1176 357 1202 nuntium
369 1177 494 1212 accipias,
505 1182 546 1204 tua
560 1177 665 1203 medius
677 1177 757 1203 fidius
769 1178 864 1212 magis,
873 1185 955 1212 quam
966 1185 1024 1203 mea

231 1222 325 1239 caussa
337 1215 426 1248 cupio.
459 1215 524 1240 Nam
537 1223 604 1245 mea.
618 1214 696 1245 sisio,
710 1214 819 1240 forsitan
831 1223 893 1240 cum
906 1213 1025 1248 locuple-

231 1251 296 1277 tiore
308 1250 431 1277 rescram.
446 1251 497 1277 Sed
510 1251 559 1277 hoc
570 1260 656 1286 usque
668 1260 698 1277 eo
709 1260 792 1278 suave
806 1256 853 1282 cst,
868 1256 905 1282 ut¹
919 1251 942 1277 si
954 1252 1025 1277 acci-

231 1287 312 1318 derit,
339 1292 390 1314 tota
406 1289 460 1315 vita
475 1289 546 1315 risus
563 1289 640 1314 nobis
655 1288 750 1315 deesse
765 1297 816 1315 non
838 1289 932 1323 possit.
972 1288 1024 1314 Sed

230 1324 314 1350 tanti?
326 1325 374 1351 sed
387 1325 548 1357 mehercule,
562 1334 614 1352 non
626 1325 920 1352 multumM.Octavius
931 1334 1023 1352 eorum

229 1361 303 1392 odia,
327 1370 396 1396 quae
417 1363 524 1389 llirrum
544 1367 683 1397 premunt,
707 1372 775 1398 quae
796 1362 929 1398 permulta
948 1368 1020 1394 sunt,

229 1398 363 1425 sublevat.
403 1401 428 1426 2.
450 1399 526 1432 Quod
547 1400 580 1426 ad
596 1400 734 1426 Philotimi
756 1400 845 1427 liberti
863 1399 983 1426 officium
998 1404 1024 1426 et

229 1435 298 1461 bona
309 1436 417 1462 Milonis
429 1437 534 1464 attinet:
556 1437 682 1463 dedimus
693 1446 816 1472 operam,
835 1442 864 1464 ut
874 1442 900 1464 et
911 1437 1023 1464 Philoti-

230 1481 290 1499 mus
310 1482 392 1508 quam
413 1474 603 1501 honestissime
618 1474 711 1501 Miloni
726 1474 831 1501 absenti
847 1475 961 1509 eiusque
976 1483 1023 1500 ne-

228 1511 353 1536 cessariis
365 1511 537 1543 satisfaceret,
546 1516 572 1538 et
580 1511 731 1538 secundum
743 1512 801 1538 eius
813 1511 893 1538 fidem
905 1516 930 1538 et
941 1511 1023 1538 sedu-

229 1546 329 1573 litatem
345 1548 509 1575 existimatio
525 1553 570 1575 tua
585 1553 798 1575 conservaretur.
840 1548 909 1575 Illud
925 1556 997 1575 nunc
1008 1557 1021 1575 a

228 1588 253 1610 te
268 1589 341 1619 peto,
359 1585 383 1611 si
399 1586 452 1612 eris
467 1586 506 1621 (ut
517 1586 604 1621 spero)
614 1586 730 1617 otiosus,
747 1585 858 1621 aliquod
869 1585 901 1612 ad
914 1595 975 1616 nos,
994 1590 1022 1612 ut
1043 1605 1044 1610 .

228 1621 413 1657 intelligamus
424 1631 472 1649 nos
484 1623 533 1649 tibi
544 1631 623 1649 curae
634 1631 702 1654 esse,
711 1622 849 1658 σύνταγμα
855 1623 1019 1649 conscribas.

227 1658 279 1690 Qui
292 1659 341 1684 tibi
353 1659 435 1690 istuc,
454 1660 560 1695 inquis,
578 1660 605 1686 in
617 1664 734 1686 mentem
746 1661 832 1690 venit,
850 1659 955 1686 homini
969 1668 1021 1686 non

228 1695 335 1730 inepto‘?
355 1695 466 1731 Aliquid
482 1705 516 1723 ex
532 1702 584 1723 tam
601 1697 694 1723 multis
710 1697 764 1723 tuis
780 1697 962 1723 monumentis
973 1706 1021 1723 ex·
1042 1724 1043 1729 ,

227 1737 304 1763 stare,
314 1733 386 1767 quod
398 1738 501 1760 nostrae
513 1734 647 1760 amicitiae
659 1735 815 1760 memoriam
827 1735 942 1768 posteris
953 1743 1021 1768 quo-

227 1777 280 1803 que
294 1769 397 1804 prodat.
437 1770 596 1797 Cuiusmodi
612 1770 708 1801 velim,
726 1776 803 1805 puto,
821 1772 940 1805 quaeris.

227 1807 320 1837 citius,
339 1807 386 1842 qui
402 1816 508 1834 omnem
525 1808 594 1834 nosti
609 1807 796 1842 disciplinam.
819 1807 886 1842 quid
902 1809 1020 1835 maxime

226 1845 380 1875 conveniat,
399 1845 575 1880 excogitabis.
616 1845 720 1872 Genere
736 1850 838 1876 tamen⁷
856 1845 929 1879 quod
945 1850 970 1872 et
986 1845 1019 1872 ad

226 1888 274 1907 nos
289 1882 432 1915 pertineat,
450 1886 476 1908 et
491 1882 658 1908 διδασκαλίαν
672 1882 832 1917 quamdam,
851 1886 879 1908 ut
898 1888 1020 1910 versetur

226 1917 296 1944 inter
306 1926 411 1949 manus,
426 1918 531 1945 habeat.
574 1918 669 1955 [Vale.]

279 1991 317 2012 lv.
333 1991 409 2012 ΛΚΕ.
425 1992 509 2013 Scribit
523 1993 550 2013 ute
563 1993 704 2014 danmatione
713 1993 824 2015 Messalae
834 1998 855 2016 et
865 1996 939 2016 Servii
950 1999 977 2017 tr.
987 1996 1018 2024 pl.

224 2025 346 2051 designati:
361 2026 389 2047 de
398 2028 422 2048 C.
433 2027 539 2048 Marcello
548 2034 594 2048 eos.
603 2028 649 2048 des.
657 2043 662 2052 ,
673 2029 699 2049 de
708 2028 826 2050 Dolabella
837 2030 924 2051 xxa-iro
935 2035 1017 2057 creato,

224 2060 319 2081 Lentulo
330 2061 426 2088 repulso.
436 2062 463 2082 de
474 2062 582 2087 Curione.
594 2063 621 2083 de
630 2063 740 2088 comitiis.
751 2065 778 2085 de
788 2064 844 2085 actis
854 2065 877 2085 in
888 2070 966 2087 senam
974 2082 979 2091 .
991 2067 1018 2087 de

225 2095 327 2117 Caesaris
338 2096 409 2117 animo
420 2103 471 2122 erga
480 2097 608 2125 Pompeium
618 2102 639 2118 et
649 2099 696 2120 sui·
707 2099 733 2120 de
743 2101 816 2121 rebus.
836 2101 870 2121 Cf.
880 2100 909 2125 lt,
922 2104 954 2122 to.

414 2134 501 2157 (Rom-sc,
511 2135 601 2158 Sulpicio,
610 2136 704 2154 Marcello
715 2143 760 2154 crus.
773 2138 827 2160 70³.)

321 2176 356 2202 M.
378 2176 546 2204 CAELIUS
565 2177 592 2204 S.
613 2179 644 2204 D.
666 2179 702 2205 M.
724 2179 923 2208 CICERONI.

281 2215 304 2239 l.
324 2209 438 2241 Invideo
449 2214 512 2240 tibi:
526 2219 579 2241 tam
591 2215 674 2242 multa
686 2217 816 2251 quotidie,
829 2227 898 2253 quae
908 2219 1014 2250 mirere,

223 2250 292 2276 istuc
303 2250 482 2285 perferuntur.
517 2252 637 2279 Primum
649 2253 726 2284 illud.
739 2253 894 2281 absolutum
906 2256 1017 2283 Messal-

223 2287 290 2313 lam:
313 2287 411 2314 deinde
426 2288 552 2315 eumdem
568 2290 790 2318 condemnatum:
812 2292 842 2319 C.
859 2292 1016 2319 Marcellum

221 2324 360 2351 consulem
372 2325 485 2352 factum:
499 2327 534 2352 M.
548 2326 721 2354 Calidium*a
731 2328 840 2363 repulsa
851 2329 1016 2364 postulatum

222 2370 236 2386 a
248 2361 344 2388 Galliis
359 2362 479 2389 duobus:
497 2363 526 2389 P.
538 2363 703 2391 Dolabellam
714 2365 964 2400 quindecimvirum
976 2367 1016 2394 fa-

221 2402 304 2424 ctum.
342 2400 396 2426 Hoc
409 2400 460 2426 tibi
470 2408 523 2427 non
535 2401 654 2432 invideo,
666 2403 786 2429 caruisse
798 2408 822 2429 te
832 2403 1015 2438 pulcherrimo

222 2435 387 2468 spectaculo.
404 2441 430 2463 et
442 2437 549 2464 Lentuli
563 2438 655 2465 Cruris
671 2439 774 2473 repulsi
786 2440 893 2467 vultum
907 2450 960 2468 non
972 2442 1015 2467 vi-

222 2470 305 2497 disse.
338 2473 372 2498 At
381 2481 434 2507 qua
445 2482 501 2508 spe,
515 2483 597 2509 quam
607 2480 678 2502 certa
688 2477 814 2510 opinione
825 2477 1011 2505 descenderat!

222 2514 303 2549 quam
316 2509 374 2542 ipso
384 2509 524 2537 diffidente
533 2512 682 2539 Dolabella!
704 2513 738 2539 Et
748 2513 871 2540 hercules
879 2535 885 2545 ‚
901 2516 955 2542 nisi
966 2524 1015 2542 no-

222 2548 270 2569 stri
285 2545 388 2586 equites
404 2548 510 2574 acutius
524 2548 670 2580 vidissent.
689 2558 774 2584 paene
789 2551 950 2579 concedente
965 2552 1014 2579 ad-

221 2588 340 2607 versario
354 2589 515 2616 superasset.
555 2587 580 2612 2.
601 2586 672 2613 Illud
687 2592 712 2613 te
728 2595 780 2614 non
796 2588 910 2615 arbitror
931 2590 1014 2616 mira-

222 2621 294 2648 tum,
315 2617 453 2651 Servium,
475 2621 646 2657 designatum
666 2624 807 2651 tribunum
821 2625 925 2660 plebis,
948 2635 1013 2653 con-

321 1064 459 1097 Quomodo
471 1065 548 1092 illum
559 1071 637 1100 putas
649 1071 795 1101 auguratus
807 1070 883 1092 tuum
895 1066 1025 1099 competi·
1046 1090 1047 1095 ,

981 1771 1019 1797 Τιι
1042 1779 1043 1782 ’

988 168 1028 195 Τυ
1049 168 1059 189 ll
1081 168 1250 194 demnatum:
1272 169 1351 195 cuiun
1363 168 1450 196 locum
1461 170 1489 197 C.
1503 171 1583 198 Curio
1593 173 1679 207 petiit.

1047 806 1049 811 ¹
1079 799 1170 825 lendas
1186 799 1301 826 Sextiles
1317 809 1403 835 usque
1419 803 1584 835 exspectavi.

956 98 985 124 T.
1019 98 1292 125 ctCEttoxts

1719 173 1770 200 San
1808 182 1870 201 uam

1083 206 1177 231 incutit
1187 205 1287 235 multis,
1297 207 1412 241 quicum
1421 206 1628 244 facilitatemque
1639 211 1697 235 eius
1705 219 1755 237 ιιοη
1764 181 1869 241 ιῗὲτυηῑ,

1082 251 1208 277 inagnum
1222 247 1336 268 metum:
1355 243 1401 269 scd
1410 264 1415 273 ,
1435 249 1463 270 ut
1473 253 1550 279 spero
1561 251 1585 272 et
1597 246 1668 277 volo,
1686 253 1710 273 ct
1743 254 1770 274 ut
1783 258 1810 273 rw
1822 248 1873 275 tert

1082 280 1152 313 ipse.
1172 279 1254 305 bonos
1269 284 1295 306 ct
1309 286 1431 306 senatum
1447 281 1535 307 malet.
1575 283 1669 313 Totus.
1689 290 1716 310 ut
1733 294 1803 311 nunc
1819 291 1868 315 est.

1081 316 1130 342 boc
1142 317 1261 342 scaturit.
1302 317 1388 343 lluius
1404 317 1547 345 voluntatis
1561 320 1667 346 initium
1678 327 1704 347 et
1713 331 1807 347 caussa
1819 328 1867 350 est.

1080 353 1152 388 quod
1169 362 1231 379 eum
1247 362 1299 380 non
1316 354 1485 381 mediocriter
1496 356 1605 387 (jaesar.
1623 358 1671 392 qui
1686 359 1752 385 solet
1765 361 1871 385 intimo-

1081 399 1140 416 rum
1153 390 1293 416 liominum
1304 392 1436 417 amicitias
1446 392 1499 418 sibi
1511 393 1631 427 qualibet
1643 395 1762 429 impensa
1774 396 1872 423 adiun-

1079 436 1150 462 gere.
1166 427 1243 453 valde
1254 429 1424 463 contempsit.
1458 430 1515 461 Qua
1529 431 1554 456 in
1567 439 1594 457 re
1607 431 1673 457 milii
1687 433 1792 460 videtur
1804 433 1872 460 illud

1080 473 1209 499 perquam
1223 470 1333 491 venuste
1345 465 1485 492 cecidisse.
1525 467 1601 499 Quod
1616 478 1629 494 a
1641 469 1753 504 reliquis
1763 479 1872 506 quoque

1081 510 1166 536 usque
1177 510 1208 528 eo
1218 506 1258 528 est
1268 502 1500 533 animadversum.
1519 509 1547 531 ut
1557 505 1650 534 Curio.
1669 507 1716 540 qui
1728 507 1795 533 nihil
1807 517 1872 534 con-

1079 539 1140 565 silio
1153 539 1222 569 facit,
1237 541 1337 566 ratione
1348 545 1374 566 et
1386 540 1493 567 insidiis
1505 550 1570 568 usus
1583 542 1718 569 videretur
1730 545 1756 570 in
1767 546 1872 571 evitan-

1078 576 1121 602 dis
1132 585 1224 602 eorum
1236 577 1370 607 consitiis.
1387 578 1434 612 qui
1446 586 1474 603 se
1486 578 1653 605 intenderant
1664 580 1831 608 adversarios
1843 583 1870 609 in

1078 614 1137 639 eius
1154 613 1334 640 tribunatum.-
1357 614 1455 641 Lollios
1468 616 1478 626 ‘
1495 620 1520 641 et
1536 617 1676 647 Antonios,
1698 623 1724 644 et
1743 618 1769 644 id
1784 627 1872 651 uenus

1080 650 1198 677 valentes
1211 650 1281 677 dico.
1312 653 1337 678 3.
1361 652 1411 678 llas
1422 652 1532 687 egotibi
1545 652 1645 679 litteras
1656 663 1687 680 eo
1698 650 1799 682 maiore
1808 657 1872 683 misi

1079 687 1232 719 intervallo,
1249 688 1322 723 quod
1338 690 1507 715 comitiorum
1521 690 1664 717 dilationes
1673 694 1871 727 occupatiorem

1079 734 1120 750 me
1132 725 1280 756 habebant,
1299 730 1324 752 et
1340 731 1494 761 exspectare
1507 727 1532 753 in
1543 727 1602 754 dies
1613 729 1716 755 exitum
1727 730 1868 766 cogebant.

1078 767 1115 791 ut,
1128 761 1256 788 consectis
1267 763 1404 794 omnibus,
1419 768 1442 790 tc
1454 763 1568 791 tacerem
1579 767 1730 792 certiorem.
1766 767 1805 794 ,td
1818 768 1872 794 Ka-

1625 803 1766 830 Praetoriis
1782 813 1871 831 morae

1077 836 1209 871 quaedam
1222 837 1383 864 inciderunt.
1421 838 1477 864 Mea
1489 847 1567 873 porro
1577 841 1684 866 comitia
1695 850 1776 875 quem
1788 850 1871 868 even-

1077 879 1133 899 tum
1145 874 1199 900 sint
1211 873 1343 905 habitura,
1357 876 1457 901 nescio.
1490 875 1650 910 Opinionem
1662 878 1783 912 quidem,
1796 879 1869 913 quod

1076 910 1109 936 ad
1122 911 1228 937 llirrum
1243 912 1348 942 attinet.
1367 912 1567 941 incredibilem.
1586 914 1714 941 aedilium
1725 916 1813 950 plebis
1824 925 1870 942 co·

1077 948 1174 977 mitiis.
1198 953 1273 974 nacta
1293 954 1365 975 sunt.
1411 950 1477 975 Nam
1498 951 1533 977 M.
1555 951 1676 978 Caelium
1698 953 1868 979 Vinicianum

1075 1023 1147 1057 gatio
1158 1022 1191 1048 de
1202 1022 1329 1049 dictatore
1338 1043 1344 1053 ,
1362 1023 1452 1050 subito
1461 1024 1572 1055 deiecit,
1590 1030 1615 1051 et
1625 1026 1760 1053 deiectum
1772 1036 1869 1062 magno

1075 1059 1191 1085 elamore
1208 1060 1327 1086 insecuta
1342 1065 1390 1087 est.
1431 1061 1495 1087 lnde
1507 1062 1614 1088 Hirrum
1628 1064 1717 1090 cuncti
1730 1064 1781 1090 iam
1794 1064 1804 1074 ²
1817 1072 1869 1090 non

1077 1096 1230 1122 faciendum
1245 1096 1374 1132 flagitare.
1414 1097 1496 1132 Spero
1515 1104 1539 1125 te
1556 1099 1678 1126 celeriter
1691 1105 1717 1127 et
1730 1100 1763 1127 de
1779 1101 1866 1129 nobis.

1075 1133 1148 1168 quod
1164 1135 1291 1168 sperasti,
1309 1139 1334 1160 et
1348 1134 1381 1160 de
1397 1134 1457 1165 illo,
1475 1136 1547 1170 quod
1563 1137 1607 1163 vix
1617 1145 1724 1171 sperare
1735 1146 1818 1164 ausus
1827 1147 1866 1168 es.

1075 1170 1242 1197 auditurum.
1283 1172 1306 1198 t.
1323 1172 1359 1198 De
1369 1171 1508 1207 republica
1520 1174 1573 1200 iarn
1584 1174 1647 1200 novi
1659 1175 1808 1210 quidquam
1820 1183 1869 1202 ex·-

1075 1213 1195 1242 spectare
1206 1208 1387 1235 desieramus:
1404 1209 1451 1235 sed
1463 1218 1547 1244 quum
1559 1216 1668 1238 senatus
1680 1211 1788 1239 habitus
1798 1217 1869 1239 esset

1075 1245 1108 1271 ad
1120 1245 1253 1280 Apollinis
1269 1255 1294 1272 a.
1311 1246 1338 1272 d.
1355 1254 1395 1272 xi.
1412 1246 1524 1274 Kalend.
1541 1248 1624 1278 Sext..
1643 1254 1668 1275 et
1682 1248 1824 1276 referretur
1834 1249 1868 1276 de

1075 1283 1210 1317 stipendio
1220 1283 1269 1310 Cn.
1277 1283 1411 1318 Pompeii:
1426 1285 1526 1312 mentio
1536 1284 1603 1312 sacta
1614 1291 1654 1312 est
1665 1285 1698 1312 de
1710 1286 1814 1322 legione
1825 1295 1865 1317 ea.

1074 1328 1156 1354 quam
1172 1328 1318 1355 expensam
1335 1320 1397 1347 tulit
1411 1321 1440 1347 C.
1456 1322 1562 1349 Caesari
1574 1323 1731 1358 Pompeius,
1748 1332 1802 1359 quo
1816 1332 1868 1350 nu—

1075 1365 1147 1384 mero
1158 1362 1238 1388 esset,
1251 1366 1305 1393 quo
1316 1363 1496 1394 appeteretur3
1517 1368 1604 1395 quum
1615 1368 1648 1387 ex
1659 1360 1867 1391 Gallia.coacius

1074 1399 1145 1421 esset
1155 1394 1244 1421 dicere
1255 1395 1412 1430 Pompeius,
1425 1404 1454 1422 se
1466 1396 1599 1432 legionem
1610 1397 1792 1425 abducturum
1800 1419 1806 1429 ,
1818 1398 1867 1425 sed

1074 1440 1126 1458 non
1141 1433 1231 1459 statim
1246 1432 1298 1459 sub
1315 1433 1477 1460 mentionem
1493 1439 1518 1460 et
1535 1435 1689 1461 convicium
1708 1435 1867 1462 obtrectato-

1074 1477 1144 1495 rum.
1184 1469 1248 1496 Inde
1260 1471 1438 1505 interrogatus
1451 1476 1491 1498 est
1501 1470 1534 1498 de
1546 1472 1716 1498 successione
1727 1472 1756 1499 C.
1769 1472 1866 1499 Caesa-

1074 1507 1124 1532 ris:
1143 1505 1176 1532 de
1192 1515 1245 1541 qua
1262 1506 1323 1543 [hoc
1338 1512 1379 1533 est
1392 1507 1426 1534 de
1441 1507 1599 1545 provinciis]
1617 1508 1745 1544 placitum
1761 1514 1814 1539 est,
1837 1514 1867 1536 ut

1073 1552 1154 1578 quam
1171 1545 1290 1578 primum
1306 1544 1339 1570 ad
1351 1544 1449 1571 Urbem
1461 1550 1638 1572 reverteretur
1648 1546 1696 1573 Cn.
1710 1546 1863 1581 Pompeius„

1073 1586 1102 1606 ut
1121 1589 1210 1607 coram
1231 1589 1261 1607 eo
1277 1581 1310 1608 de
1327 1583 1498 1609 successione
1514 1583 1715 1617 provinciarum
1731 1588 1863 1619 ageretur.

1073 1618 1139 1644 Nam
1156 1619 1307 1645 Ariminum
1324 1618 1356 1645 ad
1372 1620 1520 1645 exercitum
1532 1620 1674 1654 Pompeius
1690 1625 1745 1647 erat
1761 1621 1863 1647 iturus:

1072 1660 1098 1682 et
1111 1657 1202 1682 statim
1218 1656 1258 1682 iit.
1299 1656 1364 1682 Puto
1379 1656 1448 1683 idib.
1465 1656 1560 1682 Sextil.
1576 1657 1610 1683 de
1625 1665 1655 1683 ea
1671 1665 1699 1683 re
1714 1662 1802 1683 actum
1819 1658 1863 1683 iri.

1072 1692 1191 1720 Profecto
1206 1698 1251 1719 aut
1267 1693 1429 1728 transigetur
1444 1693 1548 1728 aliquid
1563 1698 1609 1720 aut
1624 1694 1738 1728 turpiter
1750 1695 1865 1721 interce-

1071 1730 1159 1758 detur.
1199 1731 1266 1757 Nam
1282 1730 1310 1756 in
1325 1729 1488 1765 disputando
1499 1731 1613 1757 coniecit
1624 1730 1697 1757 illam
1709 1739 1801 1758 vocem
1813 1731 1862 1758 Cn.

1072 1769 1229 1803 Pompeius,
1252 1767 1351 1793 Omnes
1371 1773 1491 1802 oportere
1507 1768 1612 1794 senatui
1632 1767 1703 1794 dicto
1723 1768 1864 1795 audientes

1071 1814 1140 1832 esse.
1179 1805 1236 1840 Ego
1247 1809 1335 1831 tamen
1346 1804 1386 1830 sic
1399 1804 1468 1831 nihil
1483 1810 1622 1839 exspecto.
1639 1805 1774 1840 quomodo
1785 1805 1865 1832 Paul·

1072 1843 1142 1874 lum,
1159 1841 1298 1869 consulem
1314 1841 1499 1877 designatum.
1519 1843 1639 1876 primum
1650 1843 1809 1869 sententiam
1820 1842 1864 1869 di—

1070 1885 1184 1906 centem.
1225 1881 1250 1905 5.
1271 1879 1384 1914 Saepius
1400 1883 1425 1905 te
1445 1879 1575 1905 admoneo
1590 1878 1623 1905 de
1641 1879 1795 1915 syngrapha
1810 1879 1864 1906 Sit-

1070 1918 1151 1944 tiana.
1192 1916 1278 1951 Cupio
1300 1917 1373 1943 enim
1391 1920 1416 1942 te
1432 1915 1596 1952 intelligere,
1618 1924 1678 1943 eam
1699 1925 1755 1943 rem
1771 1916 1804 1943 ad
1819 1925 1863 1943 me

1071 1954 1149 1981 valde
1160 1954 1304 1989 pertinere.
1343 1953 1410 1979 ltem
1420 1953 1454 1980 de
1464 1953 1603 1988 pantheris
1611 1973 1617 1984 ,
1629 1957 1660 1980 ut
1669 1953 1809 1989 Cibyratas
1819 1962 1863 1980 ar-

1070 2000 1159 2018 cessas
1167 2012 1173 2022 ,
1207 1998 1340 2025 curesque
1348 2011 1354 2021 ,
1388 1995 1418 2018 ut
1445 1990 1514 2017 mihi
1535 1990 1678 2017 vehantur.
1725 1991 1861 2018 Praeterea

1070 2030 1223 2055 nuntiatum
1234 2028 1322 2058 nobis.
1331 2032 1356 2054 et
1366 2035 1414 2063 pro
1424 2032 1495 2054 certo
1509 2028 1563 2054 iam
1573 2027 1695 2058 habetur,
1703 2036 1794 2064 regem
1799 2027 1863 2055 Ale-

1070 2066 1233 2093 xandrinum
1245 2070 1391 2092 mortuum.
1431 2064 1502 2097 Quid
1513 2065 1582 2091 mihi
1591 2065 1714 2096 suadeas,
1727 2064 1862 2100 quomodo

1069 2112 1183 2139 regnum
1194 2102 1263 2129 illud
1273 2111 1302 2129 se
1314 2102 1418 2133 habeat,
1426 2103 1489 2137 quis
1499 2106 1630 2137 procuret,
1639 2101 1782 2138 diligenter
1792 2102 1861 2129 mihi

1068 2140 1231 2176 perscribas.
1271 2139 1400 2166 Kalendis
1412 2139 1506 2166 Sextil.

1120 2218 1149 2238 V.
1167 2217 1243 2238 ARG.
1258 2217 1358 2238 Metuere
1372 2223 1396 2237 ne
1410 2216 1513 2238 Ciceroni
1527 2215 1638 2241 significat
1651 2222 1680 2237 ex
1694 2215 1796 2237 thiei
1805 2215 1860 2236 belli

1069 2253 1126 2273 fam·
1140 2253 1167 2273 ob
1181 2252 1314 2280 paucitatem
1328 2252 1441 2279 copi-nun
1455 2251 1511 2272 eius.
1535 2251 1605 2272 Addit
1618 2251 1645 2271 tle
1658 2250 1800 2271 succensione
1807 2257 1859 2278 pru-

1068 2287 1190 2309 vineinrum
1199 2287 1292 2314 eiusque
1301 2287 1415 2308 tarditate.
1432 2286 1468 2307 ef.
1479 2287 1508 2311 u.
1520 2289 1552 2308 ¹⁰.

1256 2324 1344 2346 (Romae,
1354 2324 1444 2347 sulpicio,
1454 2324 1545 2342 Mne-eno
1554 2329 1601 2341 coss.
1611 2324 1667 2343 703.)

1248 2366 1416 2394 CAELIUS
1439 2365 1627 2393 CICERONI
1647 2364 1674 2392 S.

1126 2406 1150 2430 l.
1173 2399 1237 2436 Qua
1258 2409 1285 2430 tu
1305 2412 1368 2430 cura
1383 2405 1436 2434 sis,
1457 2403 1530 2438 quod
1544 2402 1578 2429 ad
1593 2410 1687 2436 pacem
1701 2402 1857 2437 provinciae

1065 2447 1127 2468 tuae
1142 2441 1372 2476 finitimarumque
1391 2441 1531 2476 regionum
1548 2440 1654 2469 attinet,
1679 2440 1782 2472 nescim
1807 2447 1858 2475 ego

1065 2479 1177 2513 quidem
1193 2478 1366 2505 vehementer
1378 2477 1461 2504 animi
1471 2476 1585 2511 pendeo.
1625 2476 1693 2503 Nam
1703 2477 1728 2503 si
1738 2476 1788 2503 hoc
1799 2485 1858 2503 mo—

1064 2516 1152 2542 derari
1167 2524 1323 2550 possemuS,
1340 2519 1384 2546 ut,
1400 2523 1449 2549 pro
1463 2513 1570 2540 viribus
1585 2514 1724 2548 copiarum
1737 2518 1854 2545 tuarum,

1064 2552 1130 2579 belli
1145 2561 1253 2588 quoque
1269 2553 1409 2579 exsisteret
1420 2550 1589 2586 magnitudo.
1603 2555 1642 2581 et,
1654 2555 1786 2586 quantum
1796 2549 1856 2586 glo-

1064 2591 1119 2616 riae
1129 2589 1322 2624 triumphoque
1331 2597 1400 2624 opus
1411 2593 1493 2618 esset,
1511 2596 1730 2622 assequeremur,
1747 2588 1855 2622 perieu-

1065 2626 1202 2662 losamque
1218 2631 1244 2653 et
1257 2635 1368 2662 gravem
1379 2625 1453 2652 illam
1463 2624 1664 2652 dimicationem
1675 2625 1852 2652 evitaremus:
