1941 3052
201 1087 206 1094 ¹
248 1085 294 1111 diu
309 1085 410 1111 dictum
425 1089 473 1111 est.
498 1085 530 1111 Et
544 1085 629 1120 magis
644 1085 669 1110 in
685 1084 733 1110 boc
747 1084 855 1118 quidem
870 1084 1035 1119 ignoscendi,

253 200 283 224 ot
829 199 851 221 ὓ.
888 197 921 222 Μ.

254 271 296 296 vix
312 269 337 295 in
353 269 451 295 iudicio
465 268 567 303 probari
583 272 675 303 potent,
685 267 743 293 ideo
756 266 826 301 quod
841 275 966 292 concesso
977 275 1040 300 pec·
1058 268 1060 288 ἰ

251 311 308 332 cato
328 306 436 332 distic-ite
459 311 497 331 cst
520 306 552 331 nli
571 315 609 334 ι-υ,
626 305 671 339 qui
689 309 853 338 peccaturum
870 303 965 329 vinds-x
980 312 1038 328 esse
1058 319 1060 335 ι

251 344 337 374 ‹lc-liet,
360 348 387 369 ut
403 344 529 376 ignom-ut,
552 343 699 376 impetrare.
734 342 819 372 Quart·
834 346 906 374 parte
920 342 978 366 eius
992 349 1038 373 ge·
1058 339 1060 366 l

253 382 331 411 neris,
344 390 428 415 quum
443 389 563 405 caiis-inm
580 388 629 405 non
645 379 670 404 in
685 387 716 403 en
729 379 906 407 constitueris,
923 379 960 403 uti
977 378 1039 403 lire-
1058 378 1067 415 ᾗ

253 419 297 443 luit,
334 418 365 443 Ut
388 418 409 443 si
435 426 480 451 pro
500 417 589 451 aliquo
610 415 680 440 claro
698 420 741 440 nut
761 414 818 440 forti
840 415 903 444 viro,
919 415 997 440 euius
1012 415 1037 441 in
1058 415 1067 445 ll

252 454 443 489 rempublicam
464 453 545 479 multa
564 457 626 478 sunt
646 452 779 479 tuan-ticin,
797 452 911 482 ‹tin-rim
941 452 1035 486 possis,
1058 460 1060 477 ι

251 501 334 526 qutun
361 492 472 517 videaris
497 500 546 515 nnn
571 490 607 515 uti
627 489 818 522 deprecatione,
837 489 873 514 uti
894 493 989 518 tamen,
1006 489 1037 514 ad

252 529 321 555 lium·
337 529 458 554 modum:
487 526 561 558 Quod
576 527 607 556 si,
625 526 735 555 indit-os,
753 526 794 551 liic
810 535 856 560 pro
869 527 926 551 suis
941 526 1039 552 bem-li-
1066 522 1068 560 l

251 567 307 595 riis,
329 575 375 600 pro
388 574 437 590 sun
451 564 548 592 ⁴dudio,
564 563 634 597 quod
651 564 676 588 in
693 572 738 588 vos
752 572 857 597 semper
871 563 972 593 habuit,
994 562 1037 589 tati
1059 561 1068 608 ῙΙ

251 612 299 628 sun
314 607 437 636 tempure,
455 601 598 627 multorum
613 609 722 626 suorum
738 605 805 626 recte
821 600 946 626 sat-torum
961 609 1039 626 eaus-
1059 612 1060 618 ¹

251 650 286 670 sa,
313 640 357 665 uni
377 639 472 664 delicto
491 643 518 663 ut
537 638 717 671 ignom-rotis,
744 637 896 672 postularet,
923 642 974 663 tnui
997 638 1039 663 ‹ti-
1058 609 1068 691 ,ν

249 686 331 710 gnum
352 681 435 702 vestra
455 675 659 701 tnansuetudine
676 683 756 709 quam
777 675 873 700 virtute
894 675 974 700 liuius
997 685 1038 699 es-

250 719 297 743 set,
315 713 424 743 iudices,
442 722 454 738 a
471 712 546 738 vobis
561 712 627 738 hane
642 721 705 742 rem,
723 712 770 738 hoc
785 712 1038 746 postulante,impe-

251 751 320 776 irari.
357 750 454 776 Deinde
472 758 569 785 augere
588 749 715 775 beneficia
735 749 823 775 licebit
837 754 861 775 et
877 749 977 775 iudices
993 758 1038 783 per
1065 780 1067 787 .

251 788 336 813 locum
359 796 528 813 communem
547 786 579 813 ad
598 786 751 821 ignoscendi
773 786 933 812 voluntatem
953 787 1038 812 ‹lvdu-
1058 805 1067 820 Ἴ

249 834 316 850 cere.
354 827 409 851 ⁴05.
429 825 514 857 Quare
534 824 582 850 hoe
601 832 695 858 genus,
711 832 874 858 quamquam
891 824 915 849 in
931 824 1037 849 iudiciis

249 871 300 888 non
324 866 452 891 versatur,
474 862 524 887 nisi
542 861 658 896 quadam
677 869 710 887 ex
728 866 809 895 parte,
836 866 921 886 tamen
935 861 997 895 quia
1013 865 1037 886 et
1058 872 1066 890 μ

249 908 310 934 pars
328 899 392 925 haec
411 900 467 933 ipsa
482 898 630 925 inducenda
646 906 846 933 nonnumquam
862 903 900 923 est
915 903 939 923 et
955 899 980 924 in
995 907 1037 923 se-

250 940 312 962 natu
330 941 375 962 aut
393 937 419 962 in
439 936 549 962 consitio
562 944 640 970 saepe
654 936 725 961 omni
741 936 766 961 in
782 944 878 969 genere
893 935 1034 965 tractanda,
1065 967 1066 970 Ἴ

248 974 275 999 in
290 973 316 999 id
331 982 438 1008 quoque
454 978 590 1008 praecepta
605 981 743 1007 ponemus.
780 973 845 998 Nam
865 973 890 998 in
905 977 997 998 senatu
1013 976 1038 998 et

248 1011 275 1036 in
290 1011 400 1037 consilio
413 1011 445 1036 (le
460 1010 581 1046 Syphace
595 1011 641 1036 diu
656 1009 830 1035 deliberatum
846 1014 898 1040 est,
925 1014 948 1035 ct
963 1009 994 1035 ‹le
1005 1010 1035 1041 Q.
1058 1015 1067 1049 Μ

249 1048 397 1074 Numitorio
411 1047 486 1074 l‘ullo
504 1047 574 1082 apud
590 1048 618 1073 L.
634 1047 770 1081 Opimium
785 1052 810 1073 et
824 1047 882 1073 eius
895 1046 1036 1072 consilium
1058 1050 1067 1070 l*

248 1131 328 1156 quam
355 1122 529 1158 cognoscendi
552 1121 694 1156 postulatio
715 1121 808 1147 valuit.
844 1122 910 1147 Nam
933 1130 1038 1155 semper
1058 1107 1067 1162 il

248 1159 336 1185 animo
350 1159 418 1186 bono
431 1168 459 1185 se
473 1160 500 1186 in
515 1158 643 1194 populum
659 1159 805 1185 Romanum
822 1158 904 1184 fuisse
919 1167 969 1184 non
985 1163 1037 1184 tam
1058 1158 1067 1191 ll

250 1196 325 1222 facile
340 1197 474 1231 probabat,
495 1205 579 1232 quum
594 1196 764 1222 coniecturali
778 1196 965 1222 constitutione
981 1200 1038 1221 ute-
1058 1193 1067 1238 2¹¹

250 1238 330 1264 retur,
354 1243 435 1269 quam
459 1238 488 1260 ut
510 1238 615 1268 propter
641 1234 772 1268 posterius
799 1233 957 1259 beneficium
985 1233 1036 1259 sibi
1058 1238 1067 1264 ῃ

248 1271 436 1305 ignosceretur,
457 1279 540 1306 quum
560 1271 751 1305 deprecationis
770 1275 856 1305 partes
871 1270 1035 1305 adiungeret.
1058 1266 1067 1295 li

247 1308 358 1334 XXXV.
377 1310 432 1334 406.
449 1308 585 1343 Oportebit
599 1309 681 1344 igitur
694 1316 764 1338 eum,
781 1309 827 1343 qui
842 1308 894 1334 sibi
913 1312 941 1333 ut
960 1309 1038 1343 igno-
1058 1316 1067 1337 :'

247 1350 335 1371 scatin-
353 1345 505 1380 postulabit,
526 1353 740 1375 commemorare,
761 1345 783 1371 si
802 1354 853 1379 qua
868 1354 915 1371 sua
932 1345 1034 1379 poterit,

247 1383 373 1409 beneficia
396 1387 433 1414 et,
458 1384 480 1409 si
503 1383 610 1418 poterit,
635 1382 773 1409 ostendere
795 1391 824 1408 ea
847 1383 943 1408 maiora
967 1391 1034 1413 esse,

247 1429 328 1455 quam
343 1420 491 1455 haec,quae
505 1420 656 1455 deliquerit,
670 1424 699 1446 ut
712 1419 774 1454 plus
788 1419 820 1445 ab
835 1428 865 1446 eo
879 1420 940 1445 boni
955 1428 1036 1454 quam

247 1457 309 1483 mali
325 1457 470 1492 profectum
485 1466 543 1484 esse
557 1457 691 1489 videaturg
719 1457 815 1483 deinde
830 1457 958 1483 maiorum
974 1465 1037 1483 suo-

247 1503 306 1520 rum
329 1495 464 1526 beneficia,
488 1495 510 1521 si
534 1503 586 1529 qua
610 1494 761 1524 exstabunt,
783 1493 911 1528 proferre;
940 1494 1036 1520 deinde

246 1532 383 1558 ostendere
406 1540 457 1558 non
479 1531 539 1558 odio
562 1540 648 1566 neque
670 1531 826 1557 crudelitate
845 1531 947 1561 fecisse,
964 1531 1036 1566 quod

247 1569 344 1600 fecerit,
370 1569 416 1595 sed
439 1573 483 1595 aut
505 1568 616 1595 stultitia
635 1572 679 1595 aut
702 1568 823 1603 impulsu
851 1568 965 1594 alicuius
992 1573 1037 1595 aut

246 1606 334 1641 aliqua
350 1606 458 1633 honesta
473 1610 517 1633 aut
531 1606 662 1641 probabili
676 1614 784 1638 caussa;
812 1610 902 1641 postea
917 1605 1037 1640 polliceri

246 1647 272 1669 et
293 1643 447 1670 confirmare
471 1652 508 1675 se,
520 1648 545 1669 et
563 1643 612 1670 hoc
630 1647 735 1678 peccato
748 1642 855 1669 doctum
870 1647 895 1669 et
909 1643 1037 1669 beneflcio

246 1689 347 1711 eorum,
367 1681 414 1715 qui
428 1681 480 1707 sibi
494 1681 652 1717 ignoverint,
672 1680 866 1710 confirmatum,
883 1680 954 1706 omni
970 1684 1037 1705 tem-

246 1726 308 1752 pore
323 1727 336 1743 a
351 1718 395 1744 tali
409 1719 508 1744 ratione
522 1717 691 1750 abfuturum,
707 1717 803 1743 deinde
814 1726 888 1752 spem
899 1717 1036 1743 ostendere

246 1754 336 1789 aliquo
359 1763 387 1781 se
410 1756 436 1781 in
460 1754 516 1781 loco
539 1763 634 1790 magno
656 1755 698 1784 iis,
718 1755 765 1789 qui
780 1754 832 1780 sibi
847 1755 1033 1785 concesserint,

246 1792 309 1818 usui
333 1791 467 1818 futurum:
498 1793 554 1818 ⁴07.
579 1796 677 1826 postea,
703 1792 725 1817 si
745 1790 856 1817 facultas
874 1792 931 1821 erit,
948 1800 976 1817 se
990 1796 1035 1817 aut

245 1829 474 1865 consanguineum
493 1834 538 1855 aut
556 1829 608 1855 iam
627 1837 640 1854 a
660 1829 806 1854 maioribus
821 1829 846 1854 in
860 1829 955 1863 primis
969 1829 1037 1854 ami-

245 1875 306 1892 cum
321 1874 380 1892 esse
393 1866 596 1898 demonstrabit;
613 1871 637 1892 et
651 1865 855 1900 amplitudinem
867 1874 930 1892 suae
941 1865 1037 1892 volun-

246 1904 306 1930 tatis
321 1908 347 1930 et
359 1903 522 1930 nobilitatem
536 1903 641 1939 generis
655 1911 756 1932 eorum,
772 1903 819 1937 qui
834 1911 862 1929 se
872 1903 977 1929 salvum
991 1911 1036 1929 ve-

247 1941 304 1971 lint,
320 1945 346 1967 et
359 1940 515 1976 dignitatem
529 1940 667 1967 ostendere
681 1945 706 1966 et
719 1945 803 1966 cetera
820 1939 879 1976 [ea],
895 1948 964 1975 quae
975 1949 1036 1975 per-

245 1978 318 2004 sonis
337 1977 369 2004 ad
384 1978 546 2004 honestatem
566 1982 591 2004 et
604 1977 808 2012 amplitudinem
823 1981 886 2004 sunt
899 1977 1033 2008 attributa,

245 2023 306 2041 cum
329 2016 527 2049 conquestione,
552 2016 609 2041 sine
631 2015 787 2051 arrogantia,
812 2015 839 2041 in
858 2023 887 2040 se
905 2023 964 2041 esse
979 2013 1036 2051 [de-

245 2051 422 2088 monstrabit]‚
439 2057 468 2078 ut
481 2052 579 2079 bonore
594 2053 683 2087 potius
696 2052 795 2086 aliquo,
806 2060 887 2087 quam
902 2051 957 2078 ullo
970 2060 1037 2086 sup-

246 2089 326 2123 plicio
339 2089 438 2125 dignus
452 2098 510 2115 esse
524 2089 658 2122 videatur3
683 2089 779 2116 deinde
793 2093 893 2115 ceteros
906 2088 1032 2124 proferre,

245 2126 346 2160 quibus
359 2127 457 2152 maiora
471 2126 565 2153 delicta
579 2135 703 2153 concessa
717 2127 779 2152 sint.
795 2126 833 2152 Ac
846 2126 962 2152 multum
974 2134 1036 2160 pro-

246 2164 322 2194 ficiet,
344 2164 367 2190 si
385 2172 413 2189 se
432 2164 629 2190 misericordem
647 2164 675 2190 in
693 2168 820 2199 potestate
834 2168 859 2190 et
872 2171 1035 2198 propensum

244 2200 277 2226 ad
291 2201 484 2236 ignoscendum
500 2200 583 2227 fuisse
596 2201 724 2228 ostendet.
759 2201 846 2235 Atque
860 2201 950 2235 ipsum
966 2200 1035 2226 illud

244 2242 383 2272 peccatum
401 2239 450 2264 erit
467 2238 674 2269 extenuandum,
695 2243 724 2264 ut
737 2246 819 2273 quam
833 2238 975 2264 minimum
988 2238 1036 2264 ob-

244 2274 328 2301 fuisse
342 2275 477 2307 videatur,
498 2279 524 2302 et
536 2280 582 2302 aut
596 2280 672 2310 turpe
685 2280 730 2301 aut
744 2274 838 2302 inutile
851 2275 1036 2301 demonstran-

244 2311 309 2338 dum
331 2311 378 2338 tali
399 2311 432 2338 de
450 2312 557 2339 homine
575 2313 740 2347 supplicium
758 2321 874 2339 sumere.
908 2312 1032 2338 XXXVI.

246 2350 300 2375 408.
315 2349 414 2375 Deinde
429 2349 492 2376 locis
506 2350 695 2376 communibus
710 2349 917 2376 misericordiam
931 2353 1034 2384 captare

244 2386 373 2420 oportebit
391 2395 425 2412 ex
441 2387 475 2413 iis
489 2387 645 2421 praeceptis,
666 2395 735 2422 quae
750 2387 776 2413 in
791 2388 877 2422 primo
890 2386 958 2412 libro
971 2390 1035 2412 sunt

244 2424 372 2457 exposita.
401 2423 578 2450 Adversarius
592 2429 679 2450 autem
695 2423 831 2450 malefacta
845 2424 968 2459 augebit:
993 2424 1035 2450 ni-

244 2459 281 2485 hil
301 2461 492 2494 imprudenter,
513 2461 559 2487 sed
577 2462 665 2488 omnia
679 2470 713 2487 ex
726 2461 880 2487 crudelitate
895 2465 920 2487 et
933 2459 1033 2487 malitia

244 2496 310 2522 facta
324 2497 392 2523 dicet
401 2507 405 2529 ς
421 2498 511 2533 ipsum
521 2498 767 2529 immisericordem,
775 2498 923 2533 superbum
933 2497 1030 2530 fuisse;

244 2538 277 2563 et,
302 2534 325 2559 si
347 2535 450 2568 poterit,
473 2535 593 2562 ostendet
614 2544 720 2570 semper
739 2536 879 2562 inimicum
898 2534 982 2561 fuisse
1007 2539 1033 2561 et

243 2571 359 2596 amicum
373 2570 429 2597 fieri
443 2572 517 2598 nullo
530 2573 608 2599 modo
621 2581 708 2607 posse.
725 2572 753 2599 Si
767 2573 894 2599 beneficia
908 2571 1029 2607 proferet,

243 2612 288 2633 aut
307 2607 396 2642 aliqua
413 2608 446 2635 de
463 2618 557 2635 caussa
571 2609 646 2640 facta,
664 2619 716 2636 non
730 2614 837 2644 propter
850 2608 1032 2635 benevolenti-

243 2652 285 2670 am
299 2644 502 2678 demonstrabit;
530 2651 574 2672 aut
588 2652 678 2681 postea
691 2647 783 2673 odium
797 2655 855 2673 esse
868 2655 926 2672 acre
939 2654 1032 2672 susce·
1057 2645 1060 2680 ἶ

244 2685 334 2715 ptum;
362 2687 407 2708 aut
421 2682 466 2709 illa
481 2684 568 2709 omnia
584 2683 721 2710 maleficiis
735 2692 794 2710 esse
807 2683 906 2716 deleta3
934 2687 979 2709 aut
993 2683 1031 2709 le-

244 2718 316 2744 viora
330 2718 464 2749 beneficia,
481 2729 560 2755 quam
576 2720 717 2753 maleticia3
733 2726 880 2756 aut,quum
894 2720 1030 2747 beneficiis
1050 2714 1059 2744 lt

957 196 985 222 Τ.
1021 193 1293 222 etcanoxts

1090 266 1172 292 bonos
1191 265 1298 291 babitus
1317 265 1359 294 nit,
1380 273 1428 300 pro
1446 264 1575 291 maleficio
1588 273 1699 300 poenam
1714 267 1784 293 sumi
1798 276 1876 302 opor·

1090 308 1151 329 tere.
1188 304 1243 328 ⁴09.
1261 301 1358 328 Deinde
1373 307 1448 336 turpe
1462 310 1520 327 esse
1534 307 1579 328 aut
1593 303 1686 329 inutile
1701 303 1811 337 ignosci.
1828 304 1877 330 De-

1090 340 1159 369 inde,
1175 339 1208 365 dc.-
1221 347 1275 374 quo
1289 343 1317 364 ut
1332 343 1446 373 poteumi
1461 344 1529 364 esset
1543 348 1620 375 saepe
1634 341 1756 374 optarint,
1778 342 1804 367 in
1815 349 1876 367 eum

1091 382 1216 411 'mu-,state
1231 385 1280 402 non
1298 376 1334 402 uti
1349 384 1481 402 summam
1492 377 1713 404 emmunim:
1729 378 1877 413 etcogitare

1089 419 1216 448 oportere,
1232 422 1312 448 quem
1327 413 1445 439 animum
1461 414 1487 439 in
1501 422 1562 440 eum
1578 414 1618 440 vet
1633 415 1711 449 quale
1724 415 1816 441 odium
1831 415 1878 441 lia-

1091 451 1204 477 buerint.
1237 451 1321 476 Locus
1335 455 1422 476 autem
1437 451 1587 477 communis
1600 452 1649 477 erit
1663 452 1809 486 indignatio
1822 461 1878 478 ma-

1091 488 1167 513 leficii
1187 492 1212 513 ct
1226 487 1298 517 alter,
1319 496 1411 513 eorum
1431 488 1548 514 misereri
1568 493 1695 523 oportere.
1711 490 1758 523 qui
1773 493 1878 524 propter

1091 525 1290 554 fnrtunam,non
1306 530 1412 559 propter
1426 525 1552 551 malitiam
1568 526 1593 551 in
1605 526 1718 552 miseriis
1730 527 1792 552 sint.
1807 526 1878 558 Quo-

1090 563 1159 588 niam
1180 563 1261 595 igitur
1279 562 1304 588 in
1323 562 1438 595 generali
1457 563 1643 588 constitutione
1657 562 1757 589 tamdiu
1772 568 1878 598 propter

1089 600 1147 625 eius
1171 600 1285 634 partium
1310 599 1508 625 multitudinem
1531 608 1733 629 commoramur,
1759 609 1791 626 ne
1814 599 1878 626 forte

1091 637 1214 662 varietate
1233 641 1257 662 et
1275 636 1496 662 dissimilitudine
1515 645 1602 662 rerum
1618 636 1744 663 diductus
1762 637 1876 663 alicuius

1089 674 1195 699 animus
1219 674 1245 700 in
1263 674 1407 708 quemdam
1426 683 1538 700 errorem
1553 673 1695 703 deferatur,
1719 674 1785 709 quid
1799 675 1876 701 etiam

1090 711 1166 736 nobis
1184 719 1216 737 ex
1235 719 1266 737 eo
1283 720 1379 746 genere
1394 715 1480 741 restet,
1496 716 1521 737 et
1534 720 1616 746 quare
1630 716 1718 742 restet,
1733 711 1878 738 admonen—

1089 748 1153 773 dum
1169 748 1282 774 videtur.

1145 785 1320 811 Iuridicialem
1339 794 1460 811 caiissam
1475 794 1533 811 esse
1547 785 1710 816 dicebamus,
1727 786 1754 811 in
1768 794 1820 820 qua
1834 794 1878 812 ae-

1088 822 1134 856 qui
1150 827 1174 848 et
1189 823 1273 856 iniqui
1288 827 1424 850 manumet
1436 823 1545 857 praemii
1557 827 1601 848 aut
1612 831 1710 857 poenae
1720 823 1786 848 ratio
1795 831 1878 858 quae-

1089 864 1197 885 reretur.
1233 860 1282 885 Eas
1301 868 1418 889 caussas,
1439 860 1465 886 in
1483 860 1584 894 quibus
1603 860 1635 885 de
1649 869 1734 895 aequo
1747 865 1771 885 et
1786 860 1878 895 iniquo

1088 897 1233 931 quaeritur,
1249 897 1434 931 exposuimus,
1470 897 1604 923 xxxvu.
1622 899 1678 923 ΗΟ.
1694 898 1781 923 Restat
1796 906 1874 927 nunc,

1089 938 1117 959 ut
1140 933 1173 959 de
1192 935 1308 968 praemio
1325 938 1349 959 et
1368 933 1401 959 (le
1420 942 1501 968 poena
1516 934 1691 968 explicemus.
1726 934 1792 960 Sunt
1806 935 1876 961 enim

1089 970 1187 996 multae
1209 979 1327 1001 caussae,
1351 979 1420 1005 quae
1442 980 1474 997 ex
1494 972 1603 1005 praemii
1622 971 1736 997 alicuius
1752 972 1877 1006 petitione

1088 1012 1217 1034 constant.
1248 1009 1313 1034 Nam
1328 1012 1352 1033 et
1367 1007 1437 1042 apud
1452 1008 1553 1034 iudices
1567 1008 1599 1034 de
1614 1009 1731 1043 praemio
1743 1017 1822 1043 saepe
1835 1017 1878 1035 ac-

1088 1049 1239 1071 cusatorum
1263 1045 1407 1080 quaeritur,
1434 1050 1458 1071 et
1476 1054 1489 1071 a
1508 1051 1600 1071 senatu
1620 1050 1665 1071 aut
1678 1054 1692 1071 a
1705 1046 1817 1072 consilio
1829 1046 1879 1072 ali-

1058 1075 1059 1104 l
1089 1082 1160 1117 quod
1175 1083 1322 1117 praemium
1338 1091 1416 1117 saepe
1427 1083 1533 1117 petitur.
1551 1083 1587 1109 Ac
1597 1084 1730 1109 neminem
1740 1084 1878 1110 conveniet

1089 1119 1218 1150 arbitrari,
1244 1128 1299 1150 nos,
1324 1128 1408 1155 quum
1432 1119 1540 1155 aliquod
1562 1120 1715 1155 exemplum
1735 1129 1876 1155 ponamus,

1089 1156 1160 1191 quod
1179 1157 1206 1183 in
1221 1162 1312 1183 senatu
1327 1162 1427 1192 agatur,
1448 1158 1481 1183 ab
1500 1157 1617 1184 iudiciali
1632 1166 1729 1193 genere
1742 1157 1878 1193 exemplo-

1089 1202 1148 1220 rum
1167 1194 1297 1220 recedere.
1331 1194 1469 1229 Quidquid
1487 1196 1557 1221 enim
1576 1195 1609 1221 de
1624 1195 1729 1221 homine
1744 1195 1879 1230 probando

1089 1235 1133 1257 aut
1148 1231 1322 1266 improbando
1335 1231 1532 1267 dicitunquum
1547 1232 1579 1258 ad
1593 1241 1650 1258 eam
1665 1232 1807 1259 dictionem
1817 1241 1879 1259 sen-

1089 1269 1230 1294 tentiarum
1244 1277 1352 1304 quoque
1366 1269 1431 1295 ratio
1444 1269 1665 1300 accommodetur,
1683 1269 1709 1296 id
1722 1278 1782 1300 non,
1798 1270 1821 1296 si
1831 1278 1878 1305 per

1088 1306 1232 1332 sententiae
1251 1306 1392 1333 dictionem
1412 1307 1507 1341 agitur,
1526 1306 1730 1333 deliberativum
1749 1311 1803 1337 est;
1830 1307 1877 1333 sed

1058 1340 1066 1370 ³}
1088 1343 1150 1377 quia
1173 1343 1206 1369 de
1228 1343 1335 1370 homine
1358 1345 1491 1375 statuitur,
1516 1344 1641 1370 iudiciale
1659 1349 1698 1370 est
1713 1343 1876 1370 babendum.

1088 1380 1203 1407 Omnino
1216 1385 1304 1407 autem
1318 1381 1365 1416 qui
1377 1381 1518 1417 diligenter
1526 1382 1646 1407 omnium
1657 1389 1811 1408 caussarum
1822 1382 1877 1408 vim

1088 1422 1114 1444 et
1132 1422 1251 1444 naturam
1269 1419 1430 1454 cognoverit,
1451 1423 1507 1445 tum
1521 1426 1616 1453 genere
1631 1423 1687 1445 tum
1702 1420 1781 1445 etiam
1795 1418 1877 1445 forma
1914 1416 1917 1422 '

1088 1464 1132 1481 eas
1146 1454 1277 1490 intelliget
1291 1455 1431 1482 dissidere.
1453 1456 1552 1483 Ceteris
1567 1461 1654 1482 autem
1670 1456 1789 1491 partibus
1803 1460 1877 1492 aptas

1089 1494 1157 1518 inter
1171 1501 1199 1518 se
1213 1501 1305 1519 omnes
1324 1497 1349 1519 et
1362 1493 1440 1519 aliam
1455 1494 1482 1519 in
1496 1493 1574 1519 aliam
1589 1493 1750 1528 implicatam
1765 1493 1875 1520 videbit.

1090 1531 1147 1556 tlt.
1170 1531 1247 1556 Nunc
1269 1530 1301 1556 de
1324 1531 1448 1565 praemiis
1466 1530 1675 1557 consideremus.
1708 1531 1738 1557 L.
1758 1531 1877 1557 Licinius

1089 1567 1201 1594 Crassus
1214 1567 1307 1593 consul
1322 1568 1452 1602 quosdam
1466 1568 1494 1594 in
1507 1568 1627 1594 citeriore
1641 1568 1735 1599 Gallia,
1757 1567 1831 1594 nullo
1843 1567 1878 1594 il-

1089 1604 1165 1631 lustri
1184 1612 1270 1639 neque
1287 1609 1358 1631 certo
1375 1604 1442 1631 duce
1461 1613 1547 1640 neque
1561 1613 1592 1631 eo
1605 1605 1711 1631 nomine
1725 1613 1813 1640 neque
1827 1613 1878 1632 nu-

1089 1650 1162 1668 mero
1184 1641 1325 1676 praeditos.
1350 1646 1379 1668 ut
1400 1642 1475 1678 digni
1498 1647 1595 1673 essent,
1619 1643 1667 1677 qui
1682 1642 1770 1669 hostes
1784 1642 1876 1677 populi

1087 1680 1197 1705 Romani
1212 1687 1270 1704 esse
1283 1678 1443 1709 dicerentur,
1459 1680 1506 1714 qui
1518 1684 1580 1705 tunc
1590 1680 1794 1706 excursionibus
1803 1684 1829 1706 et
1840 1679 1877 1705 la-

1088 1717 1206 1743 trociniis
1223 1715 1346 1742 infestam
1367 1717 1530 1751 provinciam
1548 1716 1695 1747 redderent,
1711 1721 1877 1743 consectatus

1087 1758 1127 1780 est
1139 1758 1165 1780 et
1177 1752 1302 1785 confecit3
1330 1754 1440 1780 Romam
1454 1753 1534 1786 redit,
1555 1754 1722 1788 triumphum
1736 1754 1770 1780 ab
1783 1758 1876 1780 senatu

1087 1790 1210 1826 postulat.
1244 1790 1291 1816 Hic
1309 1795 1334 1817 et
1351 1791 1378 1817 in
1397 1790 1580 1826 deprecatione
1599 1791 1664 1817 nihil
1686 1790 1728 1827 [ad
1743 1789 1801 1827 nos]
1816 1791 1877 1817 atti·—

1087 1833 1131 1854 net
1145 1827 1291 1854 rationibus
1305 1833 1330 1854 et
1343 1828 1568 1854 insinuationibus
1581 1829 1712 1855 rationum
1722 1836 1877 1863 supponen-

1087 1865 1128 1891 dis
1147 1865 1179 1891 ad
1197 1864 1385 1891 iudicationem
1400 1866 1552 1900 pervenire3
1581 1870 1716 1900 propterea
1729 1865 1811 1900 quod.
1823 1865 1876 1892 nisi

1087 1902 1136 1929 alia
1150 1910 1259 1937 quoque
1272 1902 1371 1928 incidet
1380 1903 1533 1929 constitutio
1542 1908 1587 1929 aut
1598 1911 1658 1937 pars
1668 1903 1874 1934 constitutionis,

1087 1940 1203 1974 simplex
1222 1940 1271 1965 erit
1289 1939 1415 1966 iudicatio
1433 1944 1459 1966 et
1476 1940 1504 1966 in
1517 1941 1672 1975 quaestione
1686 1940 1743 1975 ipsa
1756 1940 1877 1966 eontine-

1087 1977 1167 2003 bitur.
1202 1977 1231 2002 ln
1245 1976 1436 2011 deprecatione,
1453 1977 1622 2004 huiusmodi:
1642 1976 1800 2012 Oporteatne
1812 1985 1877 2012 poe-

1087 2022 1119 2040 na
1133 2013 1220 2040 affici‘?
1246 2014 1273 2040 in
1288 2014 1345 2044 hac,
1361 2014 1531 2040 huiusmodi:
1557 2013 1715 2049 Oporteatne
1728 2014 1784 2040 dari
1798 2022 1876 2049 prae-

1087 2050 1190 2077 mium‘?
1203 2050 1346 2077 XXXVIII.
1363 2052 1420 2078 ΗΞ.
1436 2051 1512 2077 Nunc
1525 2051 1558 2077 ad
1572 2051 1682 2086 praemii
1692 2052 1875 2086 quaestionem

1086 2089 1222 2123 appositos
1249 2087 1319 2114 locos
1345 2096 1519 2123 exponemus.
1557 2089 1632 2115 Ratio
1657 2089 1739 2124 igitur
1764 2088 1875 2123 praemii
1902 2095 1903 2098 ’

1087 2130 1213 2160 quattuor
1226 2130 1266 2151 est
1279 2125 1306 2151 in
1320 2130 1408 2160 partes
1421 2125 1577 2152 distributa:
1593 2126 1621 2152 in
1633 2125 1770 2156 beneficia,
1785 2126 1813 2152 in
1826 2125 1876 2152 ho-

1086 2163 1194 2193 minem,
1210 2163 1238 2188 in
1252 2163 1363 2197 praemii
1376 2171 1470 2198 genus,
1486 2163 1514 2189 in
1528 2162 1676 2189 facultates.
1699 2162 1828 2189 Beneficia
1841 2171 1876 2189 ex

1085 2208 1133 2226 sua
1147 2200 1184 2231 vi,
1199 2208 1233 2226 ex
1246 2204 1372 2234 tempore,
1389 2208 1422 2226 ex
1435 2200 1524 2226 animo
1537 2200 1605 2230 eius,
1621 2200 1668 2234 qui
1680 2199 1749 2230 fecit,
1765 2208 1799 2226 ex
1810 2207 1874 2226 casu

1085 2236 1295 2263 considerantur.
1316 2237 1357 2263 Ex
1370 2245 1419 2263 sua
1433 2237 1459 2263 vi
1473 2241 1636 2271 quaerentur
1648 2237 1698 2263 boc
1711 2236 1802 2263 modo:
1818 2245 1875 2263 ma-

1084 2282 1137 2310 gna
1155 2282 1187 2300 an
1205 2282 1295 2308 parva,
1316 2273 1402 2300 facilia
1420 2282 1453 2300 an
1472 2273 1599 2305 difficilia,
1615 2273 1762 2310 singularia
1774 2274 1828 2300 sint
1840 2282 1874 2300 an
1896 2295 1898 2298 ,

1085 2310 1214 2347 vulgaria,
1231 2319 1292 2337 vera
1306 2319 1339 2337 an
1353 2310 1418 2337 falsa
1428 2311 1544 2346 quadam
1555 2312 1723 2338 exornatione
1733 2310 1875 2338 honesten-

1085 2352 1140 2381 tur;
1160 2357 1194 2374 ex
1207 2352 1324 2383 tempore
1341 2353 1439 2379 autem,
1457 2349 1480 2375 si
1495 2353 1561 2379 tum,
1577 2357 1663 2383 quum
1676 2348 1871 2383 indigeremus;
1902 2359 1903 2362 ¹

1084 2393 1170 2420 quum
1183 2386 1262 2411 ceteri
1272 2393 1324 2412 non
1335 2390 1443 2420 possent
1452 2390 1498 2412 aut
1507 2385 1607 2412 nollent
1616 2384 1755 2420 opitulari;
1770 2385 1793 2411 si
1804 2389 1870 2416 tum,

1084 2431 1169 2457 quum
1187 2430 1250 2456 spes
1267 2422 1443 2455 deseruisset3
1471 2431 1505 2449 ex
1521 2423 1618 2453 animo,
1637 2423 1661 2448 si
1679 2430 1731 2448 non
1744 2422 1788 2448 sui
1800 2430 1875 2448 oom—
1890 2438 1898 2462 Ι

1084 2459 1156 2486 modi
1169 2468 1272 2491 caussa,
1288 2459 1336 2486 sed
1349 2468 1380 2486 eo
1393 2459 1504 2486 consilio
1517 2459 1579 2486 fecit
1591 2460 1688 2490 omnia,
1704 2464 1734 2485 ut
1747 2459 1797 2486 hoe
1809 2467 1874 2486 eon-
1898 2488 1900 2490 ,

1083 2496 1161 2523 ficere
1178 2501 1281 2531 posset3
1310 2505 1344 2524 ex
1360 2505 1433 2528 casu,
1449 2497 1472 2523 si
1486 2505 1539 2523 non
1552 2495 1665 2527 fortuna,
1681 2496 1728 2522 sed
1741 2495 1871 2523 industria

1083 2533 1181 2560 factum
1200 2533 1336 2561 videbitur
1353 2538 1399 2560 aut
1411 2535 1434 2560 si
1447 2533 1594 2560 industriae
1608 2533 1712 2560 fortuna
1725 2532 1870 2560 obstitisse.

1083 2572 1140 2597 413.
1162 2571 1191 2597 In
1209 2571 1344 2598 hominem
1361 2575 1462 2602 autem,
1481 2570 1583 2606 quibus
1600 2570 1747 2597 rationibus
1764 2570 1869 2600 vixerit.

1081 2608 1149 2643 quid
1170 2612 1295 2643 sumptus
1315 2609 1344 2635 in
1361 2617 1419 2634 eam
1436 2616 1492 2634 rem
1510 2612 1556 2634 aut
1573 2607 1670 2634 laboris
1682 2607 1869 2642 insumpserit;

1081 2645 1178 2680 ecquid
1195 2644 1339 2680 aliquando
1352 2645 1403 2671 tale
1412 2644 1515 2678 fecerit;
1543 2653 1609 2671 num
1622 2644 1701 2671 alieni
1716 2644 1813 2671 laboris
1825 2647 1871 2670 aut

1057 2685 1059 2699 f
1079 2682 1194 2708 Deorum
1216 2682 1341 2709 bonitatis
1355 2682 1504 2717 praemium
1521 2682 1574 2708 sibi
1592 2681 1721 2716 postulet;
1743 2689 1807 2708 num
1821 2680 1871 2707 ali—

1079 2719 1187 2754 quando
1200 2719 1258 2754 ipse
1271 2719 1348 2746 talem
1363 2719 1397 2746 ob
1410 2727 1531 2746 caussam
1545 2719 1662 2754 praemio
1674 2718 1790 2753 aliquem
1800 2717 1868 2744 affici
