1941 3052
526 117 577 143 DE
608 116 806 143 LEGIBUS
839 117 1120 144 LIB.111.C.tP.

67 189 141 217 novi.
181 188 217 215 M.
238 188 410 218 Rectissime.
424 187 535 220 Quinte,
552 187 754 214 animadvertis.
794 187 863 213 Haec

67 231 108 254 est
118 226 290 260 enim,quam
302 225 392 260 Scipio
404 225 493 251 laudat
505 225 532 251 in
544 225 621 251 libris
628 230 739 260 etquam
747 225 863 251 maxime

67 264 162 300 probat
172 263 391 298 temperationem
403 263 581 298 reipublicae;
595 271 664 298 quae
675 262 745 289 effici
757 271 809 288 non
816 271 864 297 po-

67 301 172 332 tuisset,
187 301 240 327 nisi
251 300 297 327 tali
309 300 489 335 descriptione
500 301 717 336 magistratuum.
747 300 813 326 Nam
825 300 864 325 sic

67 338 203 370 habetote;
221 338 423 373 magistratibus
438 338 540 372 iisque,
557 338 605 372 qui
616 341 758 372 praesunt,
779 337 865 363 conti-

66 376 125 402 neri
140 375 350 410 rempubhcam,
372 380 398 401 et
410 383 444 401 ex
459 383 552 401 eorum
567 375 773 409 compositione.
791 374 864 409 quod

66 413 201 447 cuiusque
217 412 382 447 reipublicae
397 421 483 448 genus
498 413 546 442 sit,
568 412 693 448 intelligi.
734 411 807 443 Quae
822 420 863 437 res

66 459 152 486 quum
166 450 367 485 sapientissime
383 449 651 484 moderatissimeque
666 450 808 476 constituta
821 457 865 475 es-

66 492 132 514 seta
147 487 296 514 maioribus
312 487 424 518 nostris,
442 486 510 513 nihil
528 487 611 513 habui
622 495 698 516 sane,
718 495 769 512 non
786 486 864 512 modo

66 525 197 555 multum,
220 524 293 559 quod
310 529 430 559 putarem
447 524 600 550 novandum
618 525 645 550 in
662 524 780 558 legibus.
823 525 862 549 43.

66 563 134 591 Αττ.
151 562 257 589 Reddes
269 562 352 597 igitur
363 561 450 592 nobis,
464 566 493 588 ut
504 562 531 587 in
543 561 682 597 religionis
696 561 753 596 lege
765 560 861 591 fecisti,

67 599 205 627 admonitu
217 604 243 625 et
254 603 347 635 rogatu
359 607 432 629 meo,
448 599 487 625 sic
498 598 531 625 de
543 598 754 634 magistratibus,
768 603 797 624 ut
807 597 865 624 dis-

65 642 159 673 putes,
172 637 275 672 quibus
286 636 319 662 de
330 636 435 662 caussis
452 636 569 663 maxime
584 636 687 671 placeat
701 637 751 662 ista
761 635 865 661 descri-

64 675 131 711 ptio.
172 675 208 700 M.
226 674 346 703 Faciam.
367 673 465 705 Attice,
483 678 512 700 ut
523 674 578 700 vis:
595 678 620 699 et
632 673 719 700 locum
732 673 813 699 istum
825 678 864 698 to-

65 717 137 743 tum,
155 716 186 738 ut
200 720 214 738 a
226 711 390 738 doctissimis
401 711 528 737 Graeciae
539 711 692 746 quaesitum
705 715 730 737 et
741 710 864 744 disputa-

65 754 123 777 tum
134 754 187 780 est,
205 748 360 784 explicabo:
378 753 416 779 et,
435 753 464 775 ut
474 749 593 779 institui,
612 752 700 774 nostra
714 748 771 773 iura
784 748 864 773 attin·
885 771 886 775 ,

65 795 138 823 gam.
169 787 237 813 Αττ.
251 786 324 812 Istud
337 787 453 812 maxime
465 790 591 820 exspecto
602 784 753 811 disserendi
765 793 861 820 genus

64 825 100 851 M.
123 824 205 859 Atqui
216 823 344 859 pleraque
355 828 419 849 sunt
429 823 498 849 dicta
512 824 538 849 in
551 822 606 848 illis
622 822 712 848 libris:
735 822 807 856 quod
826 821 864 847 l'a-

64 861 192 888 ciendum
205 861 264 891 fuit,
273 869 357 896 quum
372 860 405 887 de
416 861 516 895 optima
529 859 666 894 republica
678 864 862 894 quaereretur.

67 900 106 926 ⁴4.
119 899 171 925 Sed
184 899 266 924 huius
278 898 328 924 loci
339 897 372 923 de
384 897 587 933 magistratibus
597 897 773 931 suntpropria
781 904 864 931 quae-

64 936 136 967 dam.
150 945 164 962 a
176 935 359 970 Theophrasto
370 935 500 970 primum,
513 934 612 960 deinde
624 935 760 970 aDiogene
775 934 864 960 Stoico

63 973 186 1009 quaesita
201 972 340 999 subtilius.
381 972 425 999 VI.
446 973 514 998 Arr.
536 972 596 998 Ain'
613 971 739 998 tandem?
754 973 833 998 etiam
850 980 863 997 a

63 1011 160 1038 Stoicis
181 1011 231 1037 ista
251 1014 359 1036 tractata
375 1009 456 1036 sunt‘?
475 1010 511 1036 M.
528 1010 586 1036 Non
602 1018 679 1041 sane,
703 1010 756 1035 nisi
772 1009 806 1035 ab
822 1017 861 1040 eo,

64 1057 146 1084 quem
159 1048 237 1075 modo
249 1047 396 1078 nominavi,
405 1052 430 1074 et
441 1052 532 1082 postea
544 1056 558 1073 a
570 1055 667 1083 magno
680 1047 789 1074 homine
800 1051 825 1073 et
836 1046 863 1072 in

63 1087 160 1122 primis
175 1085 294 1116 erudito,
311 1085 445 1112 Panaetio.
486 1085 554 1111 Nam
566 1091 669 1112 veteres
681 1086 763 1112 verbo
775 1091 861 1116 tenus,

64 1128 140 1150 acute
156 1123 197 1149 illi
213 1122 323 1158 quidem
333 1143 339 1154 ,
356 1122 404 1149 sed
421 1130 472 1149 non
485 1122 517 1149 ad
530 1123 602 1149 hunc
615 1132 695 1149 usum
706 1123 864 1158 popularem

64 1166 145 1196 atque
155 1160 279 1192 civilem,
297 1160 330 1186 de
341 1160 480 1195 republica
491 1160 670 1187 disserebant.
712 1161 752 1187 Ab
764 1160 813 1187 hac
825 1160 864 1186 fa-

64 1199 140 1225 milia
156 1199 243 1233 magis
260 1199 308 1224 ista
326 1202 483 1228 manarunt.
506 1197 613 1224 Platone
629 1199 762 1233 principe.
803 1199 865 1224 Post

65 1235 220 1267 Aristoteles
236 1235 382 1262 illustravit
396 1244 503 1261 omnem
520 1235 592 1262 hunc
608 1235 717 1262 civilem
729 1236 755 1262 in
768 1235 865 1270 dispu-

63 1273 144 1301 tando
171 1272 259 1299 locum
281 1272 489 1308 Heraclidesque
511 1273 649 1304 Ponticus,
675 1273 810 1308 profectus
831 1273 865 1299 ab

63 1310 158 1338 eodem
181 1310 298 1337 Platone.
340 1310 542 1345 Theophrastus
568 1319 644 1342 vero,
670 1311 810 1337 institutus
831 1310 865 1337 ab

63 1347 220 1379 Aristotele,
240 1348 385 1379 habitavit.
405 1353 434 1374 ut
448 1348 538 1379 scitis,
560 1348 587 1374 in
603 1356 634 1374 eo
649 1356 747 1383 genere
764 1357 862 1379 rerum,

64 1386 97 1412 ab
109 1385 258 1420 eodemque
265 1385 407 1412 Aristotele
418 1385 512 1412 doctus
520 1385 697 1412 Dicaearchus
710 1385 773 1411 huic
785 1387 866 1412 ratio-

63 1424 92 1450 ni
103 1423 248 1457 studioque
265 1432 317 1449 non
333 1422 429 1450 detuit.
470 1424 532 1449 Post
546 1432 560 1449 a
575 1423 758 1458 Theophrasto
770 1423 865 1449 Phale-

63 1469 126 1487 reus
138 1460 350 1491 illeDemetrius.
359 1460 392 1486 de
404 1469 458 1495 quo
470 1460 520 1487 l'eci
532 1469 613 1495 supra
626 1461 799 1491 mentionem,
814 1460 866 1487 mi-

63 1497 185 1525 rabiliter
195 1497 343 1524 doctrinam
355 1506 389 1524 ex
396 1497 563 1525 umbraculis
570 1498 736 1524 eruditorum
744 1498 863 1533 otioque,

63 1544 116 1562 non
128 1535 207 1562 modo
219 1536 245 1561 in
257 1534 340 1561 solem
353 1540 432 1569 atque
444 1535 593 1570 pulverem,
606 1535 653 1562 sed
669 1536 694 1561 in
708 1536 796 1570 ipsum
809 1535 866 1561 dis—-

63 1573 166 1599 crimen
178 1573 319 1607 aciemque
331 1573 468 1607 produxit.
516 1573 583 1599 Nam
595 1578 621 1599 et
633 1572 804 1599 mediocriter
815 1573 863 1599 do-

63 1615 119 1637 ctos
132 1618 243 1645 magnos
256 1611 282 1636 in
296 1609 434 1644 republica
446 1611 518 1637 viros
529 1610 732 1636 etdoctissimos
742 1610 864 1637 homines

64 1657 117 1674 non
129 1648 212 1674 nimis
224 1648 250 1673 in
263 1647 403 1682 republica
415 1652 533 1674 versatos
546 1647 644 1674 multos
656 1656 864 1674 commemorare

62 1693 219 1721 possumus
259 1684 312 1717 Qui
325 1693 386 1711 vero
398 1689 510 1719 utraque
522 1694 548 1711 re
560 1685 716 1716 excelleret.
737 1691 766 1712 ut
782 1690 807 1712 et
818 1685 867 1712 do-

63 1723 164 1750 ctrinae
175 1721 274 1749 studiis
286 1726 311 1748 et
322 1722 438 1758 regenda
449 1723 557 1749 civitate
570 1723 695 1757 princeps
707 1727 786 1754 esset,
803 1724 866 1758 quis

64 1759 152 1790 facile,
170 1763 274 1794 praeter
286 1759 372 1790 hunc,
391 1760 509 1786 inveniri
523 1759 629 1794 potest‘?
652 1760 708 1787 Vll.
733 1762 772 1787 ⁴5.
795 1760 863 1787 Αττ.

63 1798 130 1824 Puto
144 1805 233 1832 posse,
247 1801 272 1823 et
283 1796 394 1832 quidem
407 1797 526 1833 aliquem
537 1797 571 1824 de
583 1798 669 1824 tribus
682 1798 770 1824 nobis.
811 1797 864 1824 Sed

64 1843 155 1871 perge⁷
169 1839 198 1861 ut
209 1842 344 1869 coeperas.

120 1909 157 1936 M.
179 1908 337 1940 Quaesitum
354 1913 394 1935 est
409 1909 492 1944 igitur
507 1909 540 1936 ab
553 1909 769 1945 illis,placeretne
781 1919 865 1936 unum

64 1947 92 1973 in
113 1947 222 1972 civitate
243 1954 302 1972 esse
327 1946 528 1981 magistratum.
549 1947 593 1973 cui
609 1947 707 1982 reliqui
727 1952 863 1982 parerent:

64 1983 137 2019 quod
159 1983 260 2010 exactis
277 1983 387 2019 regibus
405 1983 526 2019 intelligo
543 1983 678 2018 placuisse
695 1985 793 2011 nostris
809 1994 867 2010 ma-

65 2021 179 2048 ioribus.
219 2020 271 2047 Sed
283 2022 411 2056 quoniam
424 2021 511 2057 regale
522 2021 640 2048 civitatis
651 2031 750 2056 genus,
770 2022 862 2056 proba-

65 2063 122 2086 tum
146 2058 297 2094 quondam,
320 2063 425 2093 postea,
452 2067 503 2084 non
520 2063 573 2084 tam
590 2059 679 2094 regui.
697 2068 778 2093 quam
796 2060 867 2094 regis

65 2096 140 2122 vitiis
162 2095 332 2130 repudiatum
356 2100 410 2126 est,
434 2095 530 2122 nomen
554 2100 656 2122 tantum
679 2096 815 2122 videbitur
827 2105 867 2122 re-

65 2134 108 2169 gis
124 2133 310 2168 repudiatum,
330 2142 371 2159 res
391 2133 524 2165 manebit,
542 2133 566 2159 si
583 2142 653 2159 unus
664 2133 793 2159 omnibus
805 2133 868 2159 reli·

65 2171 129 2205 quis
141 2171 344 2206 magistratibus
357 2170 510 2205 imperabit.
554 2172 592 2196 ⁴6.
608 2170 694 2202 Quare
707 2179 755 2197 nec
768 2171 867 2205 Ephori

65 2207 266 2235 Lacedaemone
286 2208 345 2234 sine
365 2217 459 2234 caussa
476 2216 489 2234 a
506 2207 679 2243 Theopompo
693 2209 808 2243 oppositi
827 2217 867 2234 rv-

67 2245 164 2281 gibuS,
182 2253 230 2271 nec
246 2245 318 2279 apud
335 2254 382 2271 nos
394 2245 554 2271 consulibus
567 2245 678 2272 tribuni.
721 2246 786 2271 Nam
800 2245 866 2271 illud

66 2282 179 2318 quidem
196 2282 300 2317 ipsum,
318 2282 391 2317 quod
404 2284 430 2308 in
444 2283 500 2308 iure
513 2283 629 2317 positum
642 2287 695 2312 est,
715 2282 793 2309 habet
804 2292 868 2308 con-

67 2319 110 2346 sul
119 2340 125 2351 ,
143 2324 173 2346 ut
183 2319 207 2346 ei
220 2319 317 2354 reliqui
331 2320 502 2355 magistratus
515 2328 608 2346 omnes
620 2325 743 2354 pareant,
757 2325 867 2354 excepto

67 2357 191 2388 tribuno,
209 2357 257 2392 qui
277 2361 336 2391 post
351 2358 466 2387 exstitit.
484 2365 515 2383 ne
529 2356 569 2387 id.
583 2357 655 2392 quod
670 2356 767 2388 suerat.
781 2362 864 2383 esset:

68 2394 119 2421 hoc
134 2395 206 2421 enim
218 2395 336 2429 primum
354 2395 452 2420 minuit
467 2394 606 2420 consulare
623 2395 679 2424 ius.
696 2394 769 2429 quod
783 2394 868 2421 exsti-

68 2432 100 2458 tit
110 2432 177 2466 ipse,
190 2432 238 2467 qui
250 2440 280 2458 eo
291 2440 343 2458 non
355 2436 502 2463 teneretur3
526 2431 624 2457 deinde
635 2432 707 2466 quod
720 2432 808 2458 attulit
819 2440 868 2457 au-

69 2468 167 2496 xilium
189 2468 302 2504 reliquis
323 2477 373 2495 non
392 2468 470 2495 modo
486 2469 701 2504 magistratibus.
723 2469 770 2494 sed
786 2469 865 2495 etiam

69 2506 196 2542 privatis,
218 2506 323 2533 consuli
345 2515 397 2533 non
413 2505 579 2541 parentibus.
624 2507 662 2532 ΓΙ.
685 2507 716 2538 Q.
740 2507 866 2541 Magnum

69 2543 139 2570 dicis
162 2542 274 2570 malum.
316 2544 397 2575 Nam,
434 2544 482 2569 ista
505 2547 632 2577 potestate
654 2548 726 2572 nata,
750 2543 867 2577 gravitas

69 2580 240 2615 optimatium
264 2581 363 2608 cecidit
387 2580 578 2615 convaluitque
605 2580 647 2606 ius
673 2579 865 2606 multitudiuis.

70 2618 106 2644 M.
129 2617 186 2644 Non
202 2622 242 2644 est
257 2619 305 2650 ita.
324 2618 432 2651 Quinte.
475 2618 530 2643 Non
547 2618 618 2643 enim
637 2618 678 2643 ius
695 2617 761 2643 illud
778 2617 866 2643 solum

70 2654 216 2690 superbius
232 2655 347 2691 populo,
361 2655 408 2682 sed
421 2654 566 2682 violentius
579 2654 664 2681 videri
677 2663 785 2681 necesse
796 2660 864 2681 erat:

890 186 893 202 l

1151 120 1166 144 3
1186 133 1222 137 —
1242 120 1267 144 9.
1648 122 1711 147 ⁴2¹0

914 197 968 223 quo
992 193 1166 224 posteaquam
1192 188 1296 215 modica
1317 193 1342 215 et
1361 190 1469 225 sapiens
1490 191 1647 225 temperatio
1667 199 1711 218 ac-

915 226 1005 256 cessit,
1019 234 1147 252 conversa
1159 226 1202 253 lex
1214 227 1240 252 in
1251 235 1344 252 omnes
1357 232 1406 253 est.

972 264 1056 296 (Deest
1083 266 1193 289 oninium
1218 265 1294 290 huius
1316 266 1377 297 leyis
1400 267 1512 297 capilum
1537 266 1677 298 explicatio
1695 275 1711 291 n

913 303 1042 333 principio
1057 310 1136 334 usque
1148 303 1182 326 ml
1193 302 1238 327 hoc
1249 306 1338 334 capul:
1348 302 1455 327 Domum
1469 311 1524 328 cum
1539 304 1567 335 1.)

970 338 1036 364 V111.
1061 339 1099 364 ⁴8.
1117 339 1221 364 Domum
1233 347 1287 364 curn
1300 340 1375 364 qude
1388 342 1514 365 redemtio.
1540 339 1614 366 Nihil
1627 340 1708 370 enim,

915 379 1018 409 praeter
1034 374 1154 406 laudem,
1173 375 1251 401 bonis
1262 380 1341 410 atque
1357 376 1557 408 innocentibus,
1579 385 1665 411 neque
1677 385 1711 403 ex

917 412 1039 438 hostibus
1068 421 1155 447 neque
1182 421 1195 438 a
1224 413 1305 439 sociis
1325 413 1525 447 reportandum.
1566 415 1620 440 Iam
1642 414 1711 440 illud

915 454 1037 483 apertum
1049 454 1098 479 est,
1112 449 1228 484 profecto
1241 449 1309 475 nihil
1320 458 1379 476 esse
1392 452 1507 485 turpius,
1521 460 1603 486 quam
1614 460 1711 486 quem-

916 487 987 521 piam
1005 486 1086 522 legari
1103 487 1155 513 nisi
1167 487 1330 521 reipublicae
1342 496 1444 514 caussa.
1484 488 1596 519 Omitto.
1614 497 1711 523 quem-

916 523 1061 549 admodum
1078 525 1121 550 isti
1137 533 1164 550 se
1180 528 1273 559 gerant
1286 529 1365 559 atque
1376 526 1522 560 gesserint,
1540 527 1587 560 qui
1601 526 1711 561 legatio-

917 570 948 587 ne
975 561 1133 587 hereditates
1154 567 1200 587 aut
1219 561 1388 597 syngraphas
1411 571 1474 589 suas
1499 568 1709 598 persequuntur.

916 599 944 624 ln
964 598 1120 624 hominibus
1136 603 1176 625 est
1192 599 1241 625 hoc
1258 598 1368 625 fortasse
1388 600 1494 626 vitium.
1535 600 1587 626 Sed
1599 609 1708 635 quaero,

915 635 981 670 quid
998 644 1091 670 reapse
1109 636 1143 662 sit
1161 637 1281 671 turpius,
1299 645 1379 671 quam
1395 638 1453 663 sine
1469 639 1653 672 procuratione
1667 646 1711 664 se-

916 678 990 699 nator
1011 673 1122 708 legatus,
1148 674 1206 699 sine
1227 673 1373 704 mandatis,
1396 674 1454 700 sine
1475 674 1528 700 ullo
1545 675 1710 709 reipublicae

917 710 1046 736 munere?
1070 710 1146 742 Quod
1162 711 1272 745 quidem
1289 719 1375 745 genus
1391 710 1530 746 legationis
1541 721 1590 747 ego
1604 711 1709 743 consul,

915 756 1081 782 quamquam
1101 747 1135 774 ad
1155 748 1325 774 commodum
1342 754 1450 774 senatus
1466 750 1599 783 pertinere
1618 750 1712 776 videa-

917 790 972 815 tur,
987 789 1089 815 tamen,
1113 785 1275 820 approbante
1292 790 1385 811 senatu
1402 785 1635 820 frequentissimo,
1659 787 1711 813 nisi

916 822 984 848 mihi
1001 822 1068 848 levis
1084 822 1209 848 tribunus
1226 822 1314 857 plebis
1326 827 1381 848 tum
1395 823 1602 852 intercessisset,
1620 829 1712 850 sustu-

917 859 1018 885 lissem.
1041 860 1126 885 Minui
1139 864 1226 886 tamen
1239 864 1354 894 tempus,
1367 864 1400 890 et,
1414 860 1485 894 quod
1498 865 1552 886 erat
1565 860 1710 891 infinitum.

916 905 1035 922 annuum
1053 896 1113 923 feci.
1154 898 1189 923 Ita
1207 896 1344 931 turpitudo
1359 902 1447 923 manet
1458 897 1632 924 diuturnitate
1647 898 1713 924 sub-

918 934 977 960 lata.
1019 933 1071 960 Sed
1084 935 1150 964 iam,
1163 935 1186 960 si
1199 934 1298 969 placet,
1311 934 1343 960 de
1355 935 1503 968 provinciis
1515 935 1670 966 decedatur,
1686 936 1711 961 in

916 972 1069 1006 Urbemque
1090 971 1222 998 redeatur.
1263 973 1330 998 Αττ.
1357 972 1440 998 Nobis
1457 981 1519 998 vero
1535 972 1633 1007 placer,
1666 972 1714 998 sed

917 1010 963 1040 iis,
977 1009 1025 1044 qui
1038 1010 1064 1035 in
1077 1009 1224 1044 provinciis
1234 1013 1305 1039 sunt,
1320 1009 1432 1035 minime
1444 1009 1538 1044 placet.
1582 1012 1620 1035 19.
1634 1010 1668 1036 M.
1681 1011 1714 1036 At

893 1079 894 1082 Ἰ
918 1055 988 1077 vero,
1003 1046 1069 1077 Tite,
1083 1047 1106 1072 si
1118 1046 1251 1081 parebunt
1262 1046 1304 1072 his
1317 1046 1432 1081 legibus.
1447 1047 1514 1072 nihil
1527 1047 1576 1073 erit
1588 1047 1711 1077 hisurbe,

917 1084 984 1112 nihil
1010 1084 1089 1110 domo
1109 1092 1158 1110 sua
1178 1084 1300 1110 dulcius:
1327 1092 1375 1110 nec
1388 1083 1548 1110 laboriosius
1561 1084 1714 1111 molestius-

917 1132 969 1158 que
981 1121 1130 1157 provincia.

972 1160 1022 1186 Sed
1044 1161 1167 1195 sequitur
1189 1158 1245 1191 lex,
1268 1167 1337 1195 quae
1358 1159 1444 1185 sancit
1464 1167 1522 1184 eam
1545 1159 1714 1185 tribunorum

917 1197 1006 1233 plebis
1022 1198 1193 1232 po'testatem,
1216 1206 1286 1232 quae
1305 1202 1345 1223 est
1361 1198 1386 1223 in
1399 1196 1536 1231 republica
1549 1202 1649 1223 nostra:
1682 1196 1715 1222 de

917 1245 968 1270 qua
981 1235 1079 1261 disseri
1096 1235 1163 1261 nihil
1177 1244 1286 1261 necesse
1301 1239 1350 1261 est.
1391 1235 1422 1266 Q.
1439 1236 1471 1260 At
1488 1235 1639 1261 mehercule
1654 1243 1712 1269 ego.

919 1273 1010 1304 frater,
1028 1282 1141 1307 quaero,
1159 1272 1192 1298 de
1210 1273 1258 1298 ista
1275 1276 1402 1306 potestate
1418 1272 1484 1306 quid
1497 1273 1606 1298 sentias.
1648 1273 1713 1298 Nam

919 1311 985 1336 mihi
997 1310 1107 1345 quidem
1121 1310 1246 1345 pestifera
1261 1310 1375 1340 videtur.
1391 1310 1493 1344 quippe
1505 1318 1574 1344 quae
1587 1311 1612 1335 in
1620 1309 1715 1335 sediti—

917 1356 981 1379 one,
1002 1353 1026 1374 et
1044 1347 1076 1374 ad
1093 1348 1252 1374 seditionem
1266 1352 1323 1373 nata
1336 1347 1383 1373 sit:
1406 1347 1485 1372 cuius
1498 1348 1614 1381 primum
1627 1352 1714 1373 ortum

917 1386 941 1412 si
957 1385 1088 1411 recordari
1101 1385 1308 1414 volumus,inter
1319 1393 1390 1410 arma
1403 1385 1519 1414 civium,
1537 1390 1561 1410 et
1577 1385 1714 1418 occupatis

917 1428 943 1450 ct
953 1423 1072 1449 obsessis
1084 1423 1164 1449 Urbis
1180 1422 1423 1457 locis,pro‹·reatum
1437 1421 1571 1447 videmus.
1614 1421 1714 1447 Deinde

917 1469 1002 1495 quum
1015 1465 1085 1486 esset
1095 1461 1147 1486 cito
1160 1459 1273 1486 letatus*
1283 1481 1288 1489 ,
1303 1464 1437 1493 tamquam
1450 1468 1483 1485 ex
1497 1467 1534 1484 xii
1551 1459 1659 1487 tabulis,
1675 1460 1715 1485 iu-

917 1499 1004 1533 signis
1028 1498 1060 1524 ad
1081 1497 1276 1524 deformitatem
1298 1505 1376 1531 puer.
1397 1496 1471 1522 brevi
1484 1502 1600 1531 tempore
1613 1505 1715 1522 recrea-

918 1541 970 1566 tus,
985 1535 1122 1570 multoque
1135 1537 1239 1561 taetrior
1250 1540 1275 1560 et
1288 1534 1388 1560 foedior
1400 1539 1478 1560 natus
1490 1539 1538 1560 est.
1580 1534 1625 1559 tx.
1642 1534 1715 1565 Quae

918 1574 990 1599 enim
1011 1573 1054 1599 ille
1071 1582 1122 1599 non
1139 1572 1241 1598 edidit‘?
1261 1572 1307 1606 qui
1325 1572 1452 1606 primum,
1468 1576 1495 1597 ut
1508 1572 1590 1605 impio
1601 1571 1715 1605 dignum

919 1611 982 1641 tuit.
1004 1610 1126 1645 patribus
1138 1619 1244 1636 omnem
1258 1609 1384 1635 honorem
1397 1609 1505 1642 eripuit.
1522 1610 1610 1634 omnia
1624 1609 1714 1634 intima

917 1649 1034 1675 summis
1046 1648 1118 1682 paria
1132 1647 1204 1678 fecit,
1219 1647 1346 1676 turbavit,
1361 1647 1481 1672 miscuit:
1505 1655 1589 1680 quum
1602 1645 1716 1672 afflixis-

917 1691 957 1712 set
971 1686 1125 1721 principum
1140 1686 1312 1720 gravitatem,
1327 1692 1474 1718 numquam
1488 1689 1574 1709 tamen
1587 1684 1716 1718 conquie-

919 1724 966 1750 vit.
1007 1725 1047 1749 ⁵20.
1071 1723 1156 1757 Atque
1170 1727 1197 1748 ut
1208 1722 1237 1749 C.
1252 1722 1424 1750 Flaminium,
1438 1726 1516 1755 atque
1531 1730 1569 1750 ea,
1583 1729 1652 1755 quae
1664 1721 1716 1746 iam

919 1761 1005 1796 prisca
1022 1760 1148 1786 videntur
1160 1765 1266 1794 propter
1280 1763 1447 1787 vetustatem.
1463 1758 1626 1792 relinquam:
1650 1757 1716 1792 quid

920 1799 987 1824 iuris
999 1798 1077 1824 bonis
1091 1798 1155 1823 viris
1168 1798 1206 1823 Ti.
1222 1797 1336 1823 Gracchi
1351 1797 1502 1822 tribunatus
1516 1795 1642 1830 reliquit'?
1665 1795 1715 1821 etsi

918 1835 1106 1870 quinquennio
1122 1840 1192 1865 ante,
1215 1835 1244 1860 D.
1266 1835 1377 1860 Brutum
1395 1838 1419 1859 vt
1437 1834 1464 1859 Ι).
1482 1833 1636 1868 Scipionem
1653 1841 1717 1858 coti-

918 1873 1001 1903 sules.
1018 1873 1096 1907 (quos
1107 1878 1132 1898 et
1143 1877 1257 1907 quautos
1270 1872 1365 1904 viros-l)
1382 1871 1460 1896 homo
1472 1872 1593 1896 omuium
1608 1870 1717 1896 intimus

918 1916 943 1937 et
953 1910 1169 1940 sordidissimus,
1185 1910 1309 1936 tribunus
1322 1909 1408 1943 plebis
1421 1909 1449 1934 (ἶ,
1463 1909 1608 1937 Curiatius.
1619 1908 1644 1933 in
1657 1908 1717 1933 viu-

919 1947 978 1974 cula
994 1948 1121 1974 coniecit:
1154 1947 1225 1982 quod
1246 1953 1305 1973 ante
1323 1946 1420 1972 tactum
1434 1951 1561 1971 nouerat.
1602 1946 1631 1971 C.
1656 1953 1717 1970 vero

919 1985 1058 2012 Gracchus
1076 1985 1151 2011 runis
1167 1990 1191 2011 et
1203 1985 1267 2010 sicis
1283 1984 1330 2013 iis.
1343 1993 1411 2018 quas
1425 1984 1480 2017 ipsi·
1492 1992 1519 2008 se
1533 1983 1677 2017 proiecisse
1691 1983 1716 2008 iu

920 2023 1007 2049 sorum
1027 2022 1110 2053 dixit.
1136 2022 1238 2057 quihus
1263 2021 1476 2057 digladiarentur
1497 2021 1563 2046 iuter
1584 2029 1611 2045 se
1633 2020 1714 2046 cia-cs.

920 2068 1007 2086 nonne
1022 2068 1128 2085 omnem
1147 2059 1312 2093 reipublicae
1328 2064 1426 2084 statum
1443 2056 1622 2092 permutavit?
1646 2056 1716 2088 Quid

923 2098 975 2123 iam
1009 2097 1042 2122 de
1072 2097 1232 2126 Saturnino,
1265 2096 1404 2130 Sulpicio‘
1415 2116 1420 2124 .
1462 2095 1575 2128 reliquis
1610 2092 1717 2119 ‹th-am?

919 2143 987 2168 quos
1003 2143 1034 2159 ne
1050 2133 1185 2167 depellere
1201 2133 1311 2167 quidem
1327 2142 1340 2158 a
1359 2142 1386 2158 se
1403 2133 1460 2158 sine
1481 2131 1548 2157 ferro
1565 2136 1648 2165 potuit
1661 2139 1716 2155 res-

920 2170 1048 2206 publica?
1076 2172 1118 2196 2²¹.
1138 2171 1192 2196 Cur
1206 2175 1294 2196 nutem
1314 2175 1358 2195 aut
1376 2175 1462 2195 veteru
1475 2174 1518 2194 aut
1531 2169 1615 2194 aliena
1629 2166 1716 2202 prote-

921 2217 975 2234 ram
1000 2209 1088 2242 potius
1108 2216 1189 2241 quam
1211 2212 1236 2233 et
1257 2212 1343 2232 nostra
1365 2212 1389 2232 et
1410 2205 1542 2231 recentia?
1569 2206 1635 2236 Quis
1657 2213 1717 2229 um-

919 2254 1000 2280 quam
1019 2251 1070 2271 tam
1087 2244 1188 2273 audax.
1208 2249 1259 2270 tam
1278 2243 1404 2269 finium-us
1421 2243 1498 2268 nobis
1517 2242 1618 2270 [nissi-t,
1634 2246 1716 2267 utcu-

919 2284 1014 2317 gitaret
1036 2290 1164 2316 {iniquam
1183 2280 1216 2306 de
1236 2285 1306 2306 statu
1329 2285 1416 2305 nostro
1441 2279 1636 2307 lat›0fm-1.··1nto.
1664 2278 1715 2304 uisi

922 2327 1074 2345 mucronem
1095 2319 1211 2353 aliquem
1234 2319 1408 2344 tribunicium
1429 2318 1578 2343 exat-uisset
1602 2324 1627 2340 iu
1651 2314 1716 2340 nos'.³

920 2365 1000 2390 quem
1023 2365 1108 2391 quum
1131 2357 1251 2382 homiues
1272 2355 1390 2380 scelerati
1412 2364 1440 2380 ac
1458 2354 1551 2388 perditi
1569 2362 1620 2378 nou
1638 2351 1717 2377 modo

921 2395 973 2419 ulla
997 2394 1022 2419 in
1046 2394 1125 2418 ‹louio
1140 2392 1187 2417 scil
1210 2391 1281 2416 nulla
1297 2392 1321 2416 iu
1344 2395 1421 2424 geute
1444 2393 1599 2423 reperirent.
1622 2392 1716 2420 gentes

919 2431 972 2456 sibi
991 2431 1015 2456 iu
1029 2430 1146 2456 tenebris
1159 2428 1322 2463 reipublicae
1336 2425 1529 2461 perturbandus
1542 2429 1713 2458 putati-runt.

919 2468 995 2500 Quod
1018 2467 1095 2493 nobis
1115 2467 1225 2501 quidem
1242 2466 1380 2499 egregium
1397 2469 1421 2489 et
1441 2463 1471 2488 ad
1490 2462 1715 2487 immortalitatem

920 2506 1064 2531 nwuioriae
1079 2504 1236 2539 gloriosum,
1260 2503 1394 2528 nemiuem
1417 2502 1441 2526 iu
1459 2509 1506 2525 uos
1523 2498 1644 2524 uit-reedi-
1662 2497 1715 2524 ulla

920 2543 1058 2568 tribunum
1079 2542 1197 2576 potuisse
1215 2540 1339 2574 reperiri.
1362 2539 1413 2564 uisi
1430 2546 1473 2562 cui
1491 2535 1714 2570 iii-essequidrui

921 2579 1040 2605 licuisset
1057 2579 1174 2605 tribuno.
1216 2580 1255 2603 22.
1276 2576 1328 2602 Sed
1351 2575 1394 2601 ille
1413 2583 1480 2609 quas
1497 2579 1598 2607 stragi-s
1614 2573 1712 2599 edidit}

920 2626 964 2643 eus
982 2616 1120 2644 videlieet,
1134 2624 1201 2650 quim
1218 2615 1275 2640 siue
1292 2614 1391 2639 ratioue
1407 2621 1436 2638 nc
1452 2612 1509 2637 siue
1522 2611 1574 2637 ullu
1587 2620 1634 2645 spi·
1647 2611 1714 2636 bona

920 2654 992 2680 furor
1003 2653 1081 2680 edere
1093 2654 1178 2688 potuit
1191 2653 1310 2686 impurae
1323 2650 1437 2679 belluae.
1451 2648 1596 2675 multorum
1612 2646 1713 2674 inthim-

1440 2698 1484 2722 ¹53
1501 2696 1511 2705 ⁸
