1941 3052
217 140 265 165 ⁴30

216 217 292 235 auam
305 208 416 243 patrium
428 217 487 233 ease
500 207 630 236 iudicant,
643 215 723 240 quani
735 205 845 240 quidam
859 205 900 230 liic
912 205 1009 235 nati,et

216 255 324 272 nummo
335 246 387 271 nati
401 245 468 275 loco,
487 253 536 270 non
550 245 660 277 patriani
677 251 767 271 suain.
786 242 832 267 ned
851 242 942 267 urbem
961 241 1008 267 ho-

215 284 297 310 atiuni
309 292 368 308 esan
380 282 572 308 iudicaverunt.
613 280 663 306 Sed
675 279 740 314 quid
752 288 801 311 etro
813 279 926 304 huiusce
937 278 1008 304 ordi-

217 321 258 346 nis
280 320 400 346 hominos
416 326 634 348 commemorem,
657 325 725 351 quos
742 321 860 350 privatae
877 315 1005 346 fortunae,

215 366 283 392 quos
294 357 445 382 cummunis
458 354 608 389 respublica
617 375 622 384 ,
639 362 707 388 quos
719 353 836 387 denique
849 353 955 378 libertas
967 362 1004 383 cu.

215 403 284 429 quac
295 393 451 419 dulcissima
463 397 515 423 eat,
533 391 565 417 ad
577 391 690 417 sulutem
702 391 800 425 patriae
812 390 1006 416 defendendam

215 430 359 457 excitavit?
369 430 468 455 Servus
480 434 520 455 est
531 429 672 462 nenio,‹1ui
686 428 763 454 modo
775 427 903 453 tolerabili
915 427 1008 453 condi-

216 469 285 495 tione
295 468 330 493 sit
340 467 492 497 servitutis,
508 467 555 501 qui
572 475 623 492 non
638 465 774 491 audaciam
785 465 886 491 civium
899 465 1008 499 perbor-

215 509 312 535 rescat,
334 504 443 538 quinon
457 504 520 529 haec
530 508 599 529 stare
609 503 711 537 cupiat:
729 503 775 537 qui
793 511 858 532 non,
875 506 1006 537 quantum

214 541 293 568 audet
304 546 329 567 et
339 546 471 576 quantum
483 545 581 575 potest,
600 545 700 566 tantum
717 539 833 566 conferat
843 539 875 565 ad
886 548 1008 565 commu-

215 588 274 605 noni
287 578 401 605 salutem
415 578 568 604 voluntatis.
611 578 650 603 ΓΙ.
663 578 749 609 Quare
760 578 875 612 siquem
889 581 1006 602 vestrum

215 616 279 642 forte
301 620 451 642 commovet
475 616 536 646 hoc,
560 614 633 650 quod
655 615 776 640 nuditum
801 619 854 645 est,
885 614 1006 640 lenonem

213 653 357 688 quemdum
369 652 474 679 Lentuli
485 660 642 679 concursare
653 653 754 678 circum
770 652 905 682 tabernas,
924 652 1008 686 pretio

213 699 318 725 sperare
330 690 466 716 sollicitari
479 699 556 724 posse
567 690 669 716 animos
680 690 815 725 egentium
828 694 907 724 atque
922 690 1007 724 impe-

213 729 338 754 ritorum:
357 727 434 754 estid
445 727 555 762 quidem
567 731 690 762 coeptum
703 731 782 761 atque
794 731 936 753 tentatum:
960 726 1006 752 sed

213 764 281 791 nulli
292 769 355 791 sunt
367 765 468 791 inventi
481 769 533 791 tam
545 769 590 791 aut
602 764 704 791 fortuna
716 764 807 790 miseri
823 769 868 790 aut
885 763 1007 790 volunta-

212 807 237 829 te
249 802 359 837 perditi,
376 803 424 837 qui
442 811 492 828 non
509 803 599 836 ipsum
612 802 688 828 illum
699 801 780 828 sellae
792 806 871 836 atque
882 802 971 836 operis
982 806 1007 827 et

211 844 341 874 quaestus
352 839 500 874 quotidiani
518 839 619 870 locum,
642 840 689 873 qui
706 848 756 865 non
772 839 862 865 cubile
878 848 907 865 ac
923 838 1007 865 lectu-

213 877 269 904 lum
279 885 375 907 suum,
388 877 435 912 qui
446 877 563 912 denique
575 886 626 903 non
637 885 747 903 cursum
760 876 831 902 hunc
841 877 955 903 otiosum
967 877 1007 902 vi-

213 919 254 941 tae
264 923 329 941 suae
339 913 445 940 salvum
457 923 516 940 esse
528 914 620 940 velint.
652 913 736 940 Multo
746 922 808 940 vero
819 914 934 940 maxima
946 922 1006 948 pars

205 960 318 983 ,eoi-um.
336 951 383 986 qui
395 952 421 978 in
436 951 552 978 tabernis
563 956 639 982 sunt,
656 953 739 978 immo
755 960 817 977 vero
829 951 866 986 (id
877 952 947 977 enini
960 959 1007 985 po·

212 989 266 1016 tius
281 993 322 1015 cst
339 988 494 1024 dicendum)
508 997 596 1024 genus
611 989 660 1015 hoc
676 989 832 1015 universum
852 989 1007 1014 amantissi-

211 1035 287 1053 mum
303 1030 343 1053 est
357 1026 414 1053 otii.
454 1026 559 1052 Etenim
575 1035 652 1052 omne
673 1035 765 1053 eorum
786 1027 1004 1056 instrumentum,

211 1064 299 1090 omnis
316 1072 395 1098 opera
411 1072 441 1090 ac
454 1068 583 1098 quaestus
602 1063 749 1098 frequentia
761 1064 861 1089 civium
873 1067 1007 1089 sustenta-

212 1106 264 1132 tur.
278 1101 358 1127 alitur
373 1101 439 1127 otio:
461 1110 577 1136 quorum
589 1102 612 1127 si
624 1106 752 1136 quaestus
763 1101 878 1127 occlusis
890 1101 1007 1127 tabernis

212 1139 299 1165 minui
310 1137 385 1169 solet,
399 1138 465 1173 quid
477 1138 583 1165 tandem
596 1139 714 1165 incensis
726 1138 848 1164 futurum
860 1138 918 1164 est‘?

269 1177 309 1202 ⁴8.
331 1175 403 1208 Quae
417 1184 502 1210 quum
518 1176 554 1202 ita
569 1176 635 1207 sint,
653 1181 740 1210 patres
755 1176 911 1210 conscripti,
930 1176 1006 1201 vobis

211 1212 304 1248 populi
321 1213 432 1240 Romani
448 1213 579 1248 praesidia
596 1222 646 1240 non
663 1213 774 1239 desunt:
797 1222 844 1240 vos
861 1222 892 1239 ne
908 1212 1007 1247 populo

211 1251 329 1277 Romano
349 1250 442 1277 deesse
463 1250 620 1281 videamini„
643 1251 789 1285 providete.
830 1250 876 1276 IX,
899 1250 1006 1276 Habetis

211 1287 363 1318 consulem.
386 1296 419 1314 ex
434 1288 559 1323 plurimis
574 1288 701 1323 periculis
717 1292 742 1314 et
757 1287 864 1314 insidiis
879 1292 959 1323 atque
974 1296 1008 1314 ex

211 1325 299 1352 media
310 1330 393 1351 morte
404 1334 457 1352 non
467 1325 500 1352 ad
515 1326 596 1351 vitam
612 1334 702 1356 suani,
720 1325 767 1351 sed
783 1325 815 1352 ad
830 1324 945 1351 salutem
961 1333 1008 1351 ve-

210 1367 293 1389 stram
308 1367 473 1389 reservatum
486 1385 487 1388 ,
511 1371 604 1389 omnes
619 1363 726 1389 ordines
744 1362 777 1388 ad
796 1362 1006 1389 conservandam

213 1399 409 1434 rempublicam
421 1405 521 1432 mente,
534 1400 683 1430 voluntate,
696 1399 799 1431 studio,
817 1401 925 1430 virtute,
944 1408 1007 1426 voce

210 1437 395 1464 consentiunt:
418 1437 527 1464 obsessa
544 1437 648 1464 facibus
664 1442 689 1464 et
705 1437 764 1464 telis
776 1438 874 1472 impiae
884 1438 1007 1464 coniura-

212 1475 304 1505 tionis,
322 1475 398 1501 vobis
414 1475 531 1510 supplex
541 1483 637 1501 manus
649 1475 734 1501 tendit
743 1475 828 1510 patria
839 1475 1004 1502 communis:

213 1511 288 1538 vobis
299 1520 341 1543 se,
355 1512 432 1539 vobis
445 1513 526 1539 vitam
537 1513 659 1539 omnium
671 1512 782 1543 civium,
796 1512 873 1539 vobis
884 1521 970 1539 arcem
982 1517 1007 1538 et

211 1549 386 1584 Capitolium,
404 1549 480 1576 vobis
491 1558 550 1576 aras
561 1550 714 1581 Penatium,
737 1550 814 1576 vobis
827 1549 905 1576 illum
917 1550 1006 1586 ignem

211 1587 305 1613 Vestae
316 1591 477 1621 perpetuum
488 1596 518 1613 ac
530 1588 735 1622 sempiternum,
753 1587 829 1614 vobis
840 1588 929 1614 omnia
941 1592 1009 1613 tem-

211 1623 255 1659 pla
271 1623 382 1650 deorum
396 1629 476 1659 atque
492 1624 616 1655 delubra,
639 1624 716 1651 vobis
732 1633 824 1651 muros
837 1629 917 1659 atque
928 1624 1007 1651 Urbis

212 1665 279 1688 tecta
289 1661 467 1688 commendat.
499 1662 635 1688 Praeterea
645 1661 679 1688 de
690 1667 778 1688 vestra
790 1663 842 1688 w'ta
851 1682 857 1692 ,
870 1662 903 1688 de
914 1662 1008 1688 coniu-

210 1707 277 1734 gum
301 1703 451 1725 vestrarum
473 1707 503 1726 ac
526 1698 672 1726 liberorum
696 1699 797 1730 anima.
832 1699 865 1725 de
893 1698 1007 1726 fortunis

211 1736 342 1767 omnium,
355 1736 388 1762 de
399 1736 524 1768 sedibus,
537 1736 571 1763 de
582 1736 648 1763 focis
659 1736 756 1762 vestris
768 1735 896 1763 hodierno
905 1736 950 1762 die
962 1745 1008 1763 vo-

211 1772 255 1799 bis
265 1772 440 1799 iudicandum
451 1778 502 1800 est.
544 1775 584 1799 ⁴9.
606 1773 714 1800 Habetis
729 1773 839 1804 ducem,
863 1782 1007 1800 memorem

212 1810 308 1841 vestri,
325 1809 438 1836 oblitum
450 1811 508 1837 sui:
529 1819 599 1846 quae
610 1818 662 1837 non
673 1819 780 1845 semper
790 1810 903 1837 facultas
913 1811 1005 1837 datur:

213 1846 317 1873 habetis
333 1855 426 1874 omnes
441 1847 558 1878 ordines,
581 1856 674 1874 omnes
690 1847 826 1879 homines,
849 1849 1007 1875 universum

212 1883 344 1919 populum
355 1884 518 1916 Romanum,
530 1885 558 1911 id
568 1884 642 1920 quod
651 1885 679 1911 in
689 1885 763 1911 civili
774 1893 869 1912 caussa
880 1885 1009 1912 hodierno

212 1921 257 1948 die
267 1921 386 1956 primum
398 1922 536 1953 videmus,
554 1931 639 1948 unum
655 1927 734 1957 atque
750 1922 822 1949 idem
837 1924 1006 1949 sentientem.

213 1958 346 1994 Cogitate,
380 1960 490 1994 quantis
518 1959 656 1986 laboribus
683 1959 826 1986 fundatum
853 1960 1006 1995 imperium.

212 2000 311 2031 quanta
322 1996 420 2023 virtute
435 1996 580 2023 stabilitam
596 1996 758 2027 libertatem,
780 2002 880 2032 quanta
895 1998 1006 2025 deorum

212 2033 376 2069 benignitate
396 2038 486 2060 auctas
505 2039 731 2070 exaggeratasque
752 2033 872 2062 fortunas
887 2043 940 2062 una
955 2044 1009 2062 nox

212 2078 296 2105 paene
307 2070 411 2097 delerit.
445 2071 474 2097 Id
485 2079 518 2098 ne
529 2080 659 2107 umquam
670 2071 780 2106 posthac
792 2080 844 2099 non
855 2073 934 2099 modo
945 2081 1009 2100 con-

212 2107 268 2138 fici,
281 2107 329 2134 sed
339 2116 372 2134 ne
382 2109 493 2144 cogitari
502 2108 613 2144 quidem
626 2109 710 2144 possit
721 2117 735 2135 a
745 2109 853 2136 civibus
860 2130 866 2141 ‚
880 2110 1009 2137 hodierno

211 2144 256 2171 die
266 2145 462 2180 providendum
473 2150 523 2172 est.
545 2147 632 2181 Atque
644 2146 708 2173 haec
719 2155 780 2177 non,
790 2151 819 2173 ut
830 2155 886 2178 vos,
897 2148 945 2183 qui
957 2148 1009 2174 mi-

212 2181 242 2208 hi
252 2182 343 2209 studio
353 2191 437 2218 paene
447 2184 632 2218 praecurritis,
645 2184 798 2215 excitarem,
812 2184 918 2211 locutus
929 2194 1004 2211 sum:

212 2218 260 2246 sed
275 2224 305 2246 ut
320 2228 379 2246 mea
394 2229 459 2252 vox,
482 2229 552 2256 quae
567 2220 646 2247 debet
660 2229 720 2247 esse
735 2221 763 2247 in
779 2221 917 2257 republica
932 2223 1008 2257 prin-

212 2265 285 2292 ceps,
298 2256 386 2284 officio
397 2257 487 2284 functa
497 2258 631 2285 consulari
642 2258 787 2285 videretur.

268 2293 304 2320 X.
312 2296 354 2321 20.
365 2295 442 2322 Nunc
453 2300 605 2331 antequam,
614 2296 642 2322 Ρ.
650 2295 690 2327 C.,
702 2295 736 2322 ad
747 2297 907 2323 sententiam
918 2296 1005 2328 redeo,

211 2330 246 2358 de
255 2340 299 2358 me
309 2340 394 2366 pauca
404 2332 501 2359 dicam.
540 2333 606 2369 Ego,
618 2337 718 2368 quanta
729 2342 826 2360 manus
836 2339 876 2360 est
885 2334 1010 2360 coniura—

213 2372 309 2400 torum,
322 2378 404 2404 quam
415 2369 512 2397 videtis
523 2379 582 2397 esse
593 2379 764 2406 permagnam
772 2391 778 2402 ,
792 2375 890 2398 tantam
902 2379 945 2397 me
956 2372 1009 2398 ini—

214 2405 344 2432 micorum
355 2406 557 2434 multitudinem
568 2409 722 2442 suscepisse
732 2407 824 2434 video:
836 2408 885 2435 sed
895 2416 953 2435 eam
965 2417 1009 2435 es-

213 2450 242 2468 se
261 2442 351 2470 iudico
366 2448 472 2479 turpem
487 2453 513 2472 et
527 2444 674 2476 infirmam,
695 2449 874 2480 contemptam
889 2450 915 2472 et
933 2445 1008 2472 abie-

213 2484 293 2505 ctam.
332 2479 409 2512 Quod
419 2482 443 2508 si
457 2481 615 2518 aliquando,
632 2482 748 2509 alicuius
763 2482 852 2509 furore
867 2488 894 2509 et
907 2483 1007 2510 scelere

213 2517 354 2557 concitata,
376 2526 472 2545 manus
483 2520 533 2546 ista
548 2519 610 2554 plus
626 2519 754 2550 valuerit,
775 2528 858 2554 quam
872 2525 961 2547 vestra
977 2529 1008 2547 ac

214 2553 378 2588 reipublicae
387 2555 519 2591 dignitas:
540 2565 583 2584 me
593 2561 682 2584 tamen
694 2565 814 2584 meorum
826 2556 955 2585 factorum
965 2562 1007 2584 at—

445 135 995 163 stiland-:tumis0RAT101V.
1023 135 1060 160 ΙΝ
1083 134 1111 160 L.
1134 134 1364 161 CATtLiNAM.
1386 134 1467 161 CAt’.
1490 137 1615 160 9.—ii.

1059 213 1112 239 que
1122 204 1295 231 consiliorum
1307 213 1469 240 numquam.
1486 210 1573 240 patrea
1586 206 1743 240 conscripti.
1761 206 1851 240 poeni·

1061 242 1134 268 tebit.
1173 242 1277 268 Etenim
1290 251 1370 273 mora,
1383 251 1464 277 quam
1477 242 1515 268 illi
1527 243 1593 269 mihi
1605 242 1715 269 fortasse
1727 243 1853 270 minitan-

1060 284 1111 309 tur,
1124 280 1250 305 omnibus
1261 284 1301 305 est
1312 284 1413 314 parata:
1434 280 1502 306 vitae
1514 285 1612 307 tantam
1624 280 1740 310 laudem,
1753 284 1852 315 quanta

1061 325 1107 342 vos
1118 325 1160 342 me
1171 316 1267 342 vestris
1278 316 1391 342 decretis
1407 317 1579 348 honestastis.
1597 326 1675 344 nemo
1689 322 1730 343 est
1744 326 1853 344 antecu-

1060 358 1113 379 tus.
1145 353 1246 380 Ceteris
1257 354 1328 379 enim
1340 362 1447 388 semper
1457 354 1523 380 bene
1533 359 1623 390 gestae
1631 375 1637 385 .
1654 355 1721 381 mihi
1733 355 1778 381 uni
1789 363 1853 381 con-

1059 395 1177 417 servatae
1188 391 1350 425 reipublicae
1361 391 1564 426 gratulationem
1575 392 1742 418 decrevistis.
1763 393 1791 418 2⁴
1800 412 1805 418 .
1813 392 1853 418 Sit

1058 429 1148 463 Scipio
1159 428 1247 454 clarus
1259 428 1317 458 itte,
1334 429 1413 455 cuius
1427 428 1540 455 consilio
1552 433 1631 464 atque
1643 430 1741 456 virtute
1752 429 1853 456 lianni-

1060 465 1101 491 hal
1118 466 1144 491 in
1157 465 1272 492 Africam
1288 465 1374 492 redire
1389 470 1469 500 atque
1479 474 1513 492 ex
1524 466 1597 492 ltalia
1608 466 1735 493 decedere
1746 471 1852 493 coactus

1059 508 1112 529 est:
1134 508 1243 529 ornetur
1257 502 1323 529 alter
1336 503 1434 529 eximia
1452 503 1529 529 laude
1543 503 1697 534 Africanus.
1717 504 1764 539 qui
1785 504 1853 530 duas

1060 540 1139 566 urbes
1161 541 1223 567 huic
1240 541 1352 575 imperio
1367 540 1569 572 infestissimas,
1591 541 1780 576 Karthaginem
1797 542 1853 567 Nu—

1059 578 1251 613 mantiamque,
1259 578 1370 604 delevit:
1385 578 1513 604 habeatur
1525 579 1565 604 vir
1574 578 1699 614 egregius
1706 578 1853 605 L.Paullus

1059 615 1103 641 ille
1111 635 1117 646 ,
1134 616 1212 641 cuius
1229 624 1338 641 currum
1353 624 1399 641 rex
1410 617 1612 650 potentissimus
1623 615 1758 650 quondam
1769 620 1796 642 et
1806 624 1854 642 no-

1059 652 1210 679 bilissimus
1222 653 1315 679 Perses
1327 653 1491 679 honestavit:
1504 654 1540 679 sit
1551 654 1577 679 in
1589 658 1693 679 aeterna
1703 652 1787 688 gloria
1797 652 1853 679 ua-

1059 690 1128 721 rius,
1141 691 1188 725 qui
1201 690 1242 716 bis
1255 690 1355 716 ltaliam
1367 690 1506 716 obsidione
1517 695 1543 716 et
1553 695 1625 716 metu
1635 691 1774 716 servitutis
1786 690 1854 716 libe*

1059 728 1139 753 ravit:
1162 732 1337 762 anteponatur
1351 728 1478 754 omnibus
1490 728 1646 763 Pompeius.
1662 727 1740 754 cuius
1755 736 1797 754 res
1807 735 1854 763 ge—

1058 769 1113 791 stae
1125 770 1203 800 atque
1215 766 1326 791 virtutes
1338 765 1447 796 iisdem,
1461 765 1563 800 quihus
1573 765 1638 791 solis
1647 773 1752 795 cursus,
1766 766 1854 800 regio-

1059 802 1139 828 nibus
1150 811 1179 828 ac
1191 803 1312 828 terminis
1323 803 1493 829 continentur
1501 813 1506 829 :
1514 803 1599 828 —erit
1610 802 1800 837 profectointer
1806 802 1854 829 ho-

1059 849 1119 866 rum
1131 839 1223 866 laudes
1234 840 1337 875 aliquid
1350 839 1398 866 loci
1411 845 1515 866 nostrae
1526 840 1638 875 gloriae,
1656 840 1708 866 nisi
1721 839 1786 866 forte
1797 848 1853 866 ma-

1059 878 1101 903 ius
1117 882 1157 903 est
1172 877 1318 912 patefacere
1334 877 1411 903 nobis
1427 878 1592 912 provincias.
1609 886 1664 912 quo
1678 877 1751 903 exire
1766 877 1854 912 possi-

1059 923 1128 945 mus,
1143 923 1224 949 quam
1235 923 1340 945 curare,
1355 919 1383 940 ut
1394 916 1474 941 etiam
1488 915 1536 945 illi.
1549 915 1597 950 qui
1608 915 1714 945 absunt,
1728 914 1850 943 habeant.

1035 974 1037 993 t
1057 961 1112 987 quo
1122 953 1235 978 victores
1247 957 1422 978 revertantur.
1448 954 1490 979 22.
1502 952 1670 987 Quamquam
1682 956 1723 978 est
1734 960 1787 978 uno
1798 951 1855 978 loco

1058 989 1175 1016 conditio
1185 989 1279 1016 melior
1290 995 1413 1016 externae
1429 990 1567 1020 victoriae,
1584 998 1666 1024 quam
1681 989 1851 1019 domesticae,

1059 1027 1131 1062 quod
1143 1027 1233 1053 hostes
1245 1027 1410 1062 alienigenae
1421 1032 1465 1053 aut
1477 1027 1600 1062 oppressi
1610 1027 1741 1057 serviunt.
1754 1030 1800 1053 aut
1812 1034 1854 1053 re-

1058 1065 1128 1099 cepti
1140 1064 1269 1091 bencficio
1280 1073 1308 1090 se
1319 1063 1451 1099 obligatos
1463 1068 1571 1099 putant:
1592 1065 1640 1099 qui
1655 1069 1744 1090 autem
1759 1072 1794 1090 ex
1803 1071 1855 1090 nu-

1059 1110 1132 1128 mero
1141 1102 1255 1133 civium,
1277 1102 1410 1128 dementia
1422 1102 1512 1137 aliqua
1526 1101 1677 1136 depravati,
1702 1101 1792 1128 hostes
1807 1109 1855 1136 pa-

1059 1140 1123 1165 triae
1134 1139 1216 1165 semel
1228 1147 1287 1165 esse
1297 1144 1454 1174 coeperunt,
1471 1148 1529 1170 eos,
1546 1147 1632 1174 quum
1648 1147 1661 1165 a
1673 1139 1791 1173 pernicie
1802 1139 1854 1165 rei-

1058 1176 1183 1211 publicae
1194 1176 1338 1212 repuleris,
1356 1185 1405 1203 nec
1421 1177 1447 1203 vi
1463 1185 1583 1203 coercere
1598 1185 1646 1202 nec
1656 1175 1786 1202 beneficio
1797 1175 1855 1210 pla·

1059 1222 1117 1240 care
1133 1214 1230 1248 possis.
1270 1213 1357 1246 Quare
1373 1214 1440 1240 mihi
1455 1223 1516 1240 cum
1532 1213 1643 1249 perditis
1653 1213 1761 1240 civibus
1771 1218 1854 1240 aeter—

1059 1260 1124 1278 num
1142 1251 1243 1277 bellum
1259 1256 1416 1286 susceptum
1432 1260 1492 1277 esse
1507 1251 1598 1278 video:
1620 1250 1694 1285 quod
1707 1259 1757 1286 ego
1768 1255 1856 1277 vestro

1059 1288 1244 1323 bonorumque
1255 1289 1377 1315 omnium
1389 1289 1503 1320 auxilio,
1522 1288 1705 1323 memoriaque
1722 1292 1854 1314 tantorum

1059 1325 1253 1361 periculorum,
1269 1335 1339 1361 quae
1355 1335 1407 1352 non
1421 1326 1500 1353 modo
1510 1327 1538 1353 in
1550 1326 1599 1352 hoc
1609 1325 1722 1360 populo.
1739 1326 1788 1360 qui
1799 1333 1855 1352 ser-

1059 1368 1137 1390 vatus
1152 1368 1205 1394 est,
1223 1363 1271 1390 sed
1286 1364 1366 1390 etiam
1381 1364 1408 1390 in
1419 1364 1541 1390 omnium
1551 1363 1672 1400 gentium
1684 1362 1855 1389 sermonibus

1058 1409 1088 1427 ac
1099 1401 1235 1427 mentibus
1247 1409 1354 1436 semper
1365 1401 1492 1432 haerebit,
1505 1410 1519 1427 a
1530 1409 1573 1428 me
1583 1405 1664 1436 atque
1674 1408 1689 1426 a
1699 1400 1767 1426 meis
1778 1399 1855 1426 facile

1058 1438 1210 1473 propulsari
1229 1447 1308 1473 posse
1328 1438 1446 1465 confido:
1467 1447 1555 1474 neque
1575 1437 1629 1464 ulla
1650 1437 1766 1472 profecto
1785 1441 1855 1464 tanta

1060 1477 1100 1502 vis
1111 1476 1272 1510 reperietur,
1287 1484 1357 1511 quae
1367 1476 1582 1502 coniunctionem
1593 1479 1708 1502 vestram
1719 1475 1856 1510 equitum-

1057 1522 1111 1548 que
1126 1513 1306 1540 Romanorum
1325 1518 1351 1540 et
1370 1518 1470 1539 tantam
1486 1513 1710 1548 conspirationem
1724 1512 1855 1539 bonorum

1059 1551 1182 1577 omnium
1193 1550 1360 1586 perfringere
1371 1555 1396 1577 et
1408 1550 1565 1577 labefactare
1576 1550 1671 1585 possit.

1115 1587 1163 1614 XI.
1176 1589 1217 1614 23.
1233 1587 1306 1620 Quae
1317 1596 1402 1622 quum
1414 1588 1450 1614 ita
1460 1589 1528 1618 sint,
1541 1592 1630 1622 patres
1640 1586 1795 1622 conscripti,
1807 1594 1856 1621 pro

1059 1625 1185 1660 imperio,
1203 1633 1251 1660 pro
1261 1625 1393 1656 exercitu,
1411 1633 1460 1660 pro
1474 1625 1624 1660 provincia.
1640 1632 1722 1659 quam
1737 1623 1853 1659 neglexi.

1059 1671 1107 1698 pro
1122 1662 1260 1697 triumpho
1273 1663 1424 1697 ceterisque
1435 1662 1523 1689 laudis
1533 1662 1586 1689 insi
1628 1661 1633 1667 '
1656 1670 1697 1692 us.
1713 1666 1857 1696 quaesunt

1059 1709 1074 1726 a
1085 1708 1127 1726 me
1137 1699 1329 1734 propterUrbis
1340 1704 1498 1734 vestraeque
1509 1699 1606 1725 salutis
1615 1698 1764 1725 custodiam
1775 1706 1856 1733 repu-

1059 1737 1130 1763 diata
1138 1757 1144 1768 ,
1158 1745 1205 1771 pro
1215 1736 1348 1763 clientelis
1359 1736 1538 1771 hospitiisque
1549 1735 1773 1771 provincialibus,
1786 1744 1856 1771 quae

1060 1779 1148 1800 tamen
1159 1774 1270 1800 urbanis
1280 1774 1379 1809 opibus
1390 1782 1442 1800 non
1454 1774 1556 1801 minore
1568 1773 1657 1800 labore
1668 1777 1756 1803 tueor.
1773 1781 1855 1808 quam

1059 1820 1197 1846 comparo:
1219 1819 1268 1846 pro
1283 1811 1326 1838 his
1342 1812 1425 1847 igitur
1439 1811 1567 1838 omnibus
1577 1811 1672 1842 rebus,
1690 1819 1739 1846 pro
1749 1810 1817 1837 meis
1828 1810 1855 1836 in

1060 1857 1108 1875 vos
1119 1848 1303 1884 singularibus
1314 1849 1413 1875 studiis
1428 1857 1530 1884 proque
1546 1848 1608 1879 bac,
1629 1856 1711 1883 quam
1722 1847 1856 1882 conspici-

1060 1887 1109 1917 tis,
1131 1886 1165 1912 ad
1179 1886 1391 1913 conservandam
1411 1885 1607 1921 rempublicam
1627 1884 1766 1921 diligentia
1786 1884 1855 1912 nihil

1059 1923 1134 1950 aliud
1144 1932 1158 1950 a
1171 1923 1246 1950 vobis
1254 1944 1260 1954 ,
1278 1924 1332 1950 nisi
1347 1923 1430 1950 huius
1445 1923 1573 1958 temporis
1584 1923 1719 1958 totiusque
1729 1922 1783 1949 mei
1792 1930 1857 1949 con-

1059 1960 1164 1987 sulatus
1186 1961 1343 1987 memoriam
1363 1960 1483 1995 postulo:
1508 1969 1578 1996 quae
1597 1960 1664 1987 dum
1687 1960 1738 1986 erit
1759 1959 1857 1986 vestris

1060 1998 1196 2025 mentibus
1207 1998 1302 2029 infixa,
1320 1997 1476 2025 firmissimo
1486 2006 1530 2024 me
1539 2006 1618 2024 muro
1626 2001 1734 2032 septum
1744 2004 1804 2023 esse
1814 2005 1857 2023 ar-

1059 2035 1188 2062 bitrabor.
1222 2035 1299 2068 Quod
1309 2036 1334 2062 si
1344 2044 1432 2062 meam
1442 2043 1520 2071 spem
1530 2035 1573 2062 vis
1583 2034 1767 2070 improborum
1779 2033 1857 2061 fefel-

1061 2072 1120 2100 lerit
1143 2077 1223 2108 atque
1247 2074 1428 2108 superaverit,
1456 2072 1616 2099 commendo
1641 2071 1720 2099 vobis
1741 2079 1856 2107 parvum

1059 2119 1150 2137 meum
1162 2110 1263 2143 filium3
1283 2111 1329 2137 cui
1344 2109 1462 2145 profecto
1476 2110 1542 2137 satis
1551 2110 1602 2136 erit
1611 2108 1738 2145 praesidii
1749 2116 1803 2135 non
1811 2116 1857 2136 so-

1060 2147 1118 2174 lum
1127 2147 1161 2174 ad
1172 2147 1301 2179 salutem,
1318 2156 1413 2174 verum
1425 2148 1504 2174 etiam
1517 2147 1552 2174 ad
1561 2147 1734 2183 dignitatem,
1750 2146 1775 2172 si
1784 2145 1854 2177 eius,

1059 2186 1107 2220 qui
1120 2185 1183 2212 haec
1193 2185 1282 2212 omnia
1293 2194 1343 2212 suo
1357 2185 1442 2212 solius
1457 2184 1577 2220 periculo
1591 2183 1801 2214 conservaverit,
1822 2181 1856 2210 il-

1060 2222 1117 2249 lum
1128 2230 1188 2249 esse
1198 2222 1285 2249 filium
1297 2223 1484 2249 memineritis.
1505 2222 1548 2249 24.
1559 2221 1727 2256 Quapropter
1736 2220 1769 2247 de
1779 2228 1857 2247 sun»

1059 2268 1102 2286 ma
1112 2259 1198 2286 salute
1209 2264 1296 2286 vestra
1307 2259 1456 2295 populique
1465 2259 1587 2290 Romani,
1600 2262 1690 2294 patres
1699 2257 1853 2292 conscripti.

1059 2297 1093 2323 de
1103 2297 1201 2324 vestris
1211 2297 1373 2333 coniugibus
1383 2305 1414 2324 ac
1426 2297 1527 2328 liberis,
1534 2296 1569 2323 de
1578 2296 1632 2322 aris
1642 2303 1673 2322 ac
1684 2294 1759 2326 focis,
1771 2294 1806 2321 de
1816 2293 1857 2321 fa-

1059 2334 1102 2361 nis
1113 2343 1143 2361 ac
1153 2334 1271 2369 templis,
1283 2334 1317 2361 de
1326 2335 1409 2361 totius
1414 2334 1494 2361 Urbis
1505 2333 1581 2361 tectis
1590 2341 1621 2360 ac
1630 2331 1792 2363 sedibus,de
1802 2331 1856 2358 im-

1059 2372 1147 2406 perio,
1168 2371 1202 2398 de
1221 2371 1357 2403 libertate,
1377 2371 1411 2398 de
1425 2371 1512 2398 salute
1520 2370 1611 2398 ltaliae
1625 2369 1714 2405 deque
1729 2369 1856 2396 universa

1059 2408 1196 2444 republica
1207 2408 1342 2436 decernite
1351 2408 1494 2445 diligenter
1501 2429 1507 2439 ,
1519 2412 1551 2434 ut
1559 2407 1726 2438 instituistis,
1738 2414 1769 2433 ac
1779 2405 1856 2432 forti-

1059 2450 1107 2472 ter.
1128 2446 1238 2473 Habetis
1249 2447 1322 2473 enim
1331 2455 1394 2473 eum
1405 2444 1552 2476 consulem,
1559 2445 1608 2480 qui
1618 2448 1645 2471 et
1654 2452 1747 2479 parere
1757 2443 1854 2470 vesti-is

1058 2483 1172 2510 decretis
1182 2492 1236 2510 non
1246 2483 1364 2515 dubitet,
1377 2488 1404 2510 et
1414 2491 1453 2514 ea,
1465 2490 1535 2518 quae
1545 2481 1701 2512 statueritis,
1712 2479 1855 2516 quoadvi-

1057 2525 1111 2552 vet,
1123 2520 1266 2548 defendere
1276 2525 1303 2548 et
1311 2529 1360 2556 per
1369 2528 1398 2548 se
1408 2520 1500 2555 ipsum
1510 2523 1644 2555 praestare
1654 2518 1748 2554 possit.

918 2624 1149 2639 -ἥοψοῷ-

1903 2298 1913 2365 l.
