1941 3052
242 149 288 172 112
821 150 834 170 Η
875 147 907 171 M.
939 146 966 171 Τ.

999 145 1271 172 (liet-:noxis

241 218 362 243 facetius:
390 226 473 252 quum
495 217 611 243 liic-«isset
630 218 703 242 tin-stin
719 216 790 242 Silus
806 216 936 244 l'isonc-m,
952 215 1023 250 quod
1046 215 1054 255 Ι
1076 220 1205 250 quantum
1225 215 1327 246 liabent,
1349 216 1375 242 id
1391 215 1476 242 refert.
1511 217 1568 243 292.
1586 217 1640 243 Man
1655 222 1741 244 autem
1757 219 1822 245 nuo
1835 219 1861 246 in

240 263 267 279 nc.
282 255 307 280 in
323 263 382 280 euin
398 255 503 280 nniti-m-
522 254 647 280 dixiuvt:
673 255 751 278 ΙίιΙι-ηι
770 255 833 285 [ιι-η’,
851 254 945 287 inquit,
963 253 1023 279 Sile,
1045 260 1054 291 ιι
1076 252 1188 278 «licendo
1203 253 1265 278 liat-c
1279 262 1337 278 csse
1352 253 1425 282 solet.
1443 258 1478 282 ut.
1496 253 1556 280 boni
1571 254 1642 289 quod
1654 254 1756 284 balneat.
1770 255 1796 281 id
1806 264 1863 282 tm-

240 296 266 316 ut
282 301 309 319 υι,
327 294 391 316 unsle-
406 296 427 316 Ιι·
441 294 542 317 'nulum-
555 294 626 318 dnru,
643 293 725 315 frutus
739 292 845 315 atrro-ru.
872 290 971 315 Annuit
982 289 1026 315 Si·
1046 307 1047 320 ,
1077 289 1181 323 plectar,
1199 298 1331 319 exornem.
1347 298 1517 325 exsurgerem,
1543 291 1579 317 ibi
1593 300 1747 322 commorer,
1765 292 1800 318 ibi
1816 293 1862 318 ha-

242 328 291 354 Ιιικ,
315 329 394 353 Puta-at
408 332 490 356 etium,
507 333 533 353 ιιι
548 333 572 352 ιιι
588 337 634 352 mm
650 332 716 352 rech·
731 328 895 352 intritum-m.
917 326 944 351 ld
959 334 1025 360 quo-
1045 319 1053 360 ¹}
1078 326 1166 354 bitem.
1189 327 1223 352 ibi
1245 327 1379 353 haeream:
1406 335 1419 352 a
1439 327 1508 353 malo
1520 333 1607 354 autem
1623 329 1741 363 viamque
1753 337 1862 355 caussae

239 374 291 399 que
311 370 362 391 toto
379 366 463 399 capit·-
482 365 581 393 ιιιιιιιιιι,
600 369 626 389 ιιι
641 373 668 388 un
683 364 777 389 Crasso
789 363 871 388 ‹tm-ut.
895 363 974 389 Potest
988 368 1025 389 cl·
1046 377 1047 381 =

241 412 290 427 mm
304 405 368 434 lieri,
385 402 478 436 inquit,
495 406 520 426 n!
531 404 638 428 υηυιιίιυ,
652 403 717 433 quenl
729 405 751 425 le
761 402 862 425 undis-u·
872 402 1025 428 dit-inmuni-

240 448 314 472 qnum
328 441 448 463 ιιιιιΙιιηίἱτ.
465 439 515 463 110⁴·
531 439 563 463 ita
577 442 677 471 practer
688 437 909 472 exspectationem
920 436 1023 466 accidit.

241 481 267 501 ut
283 480 373 501 testu-m
388 476 506 500 munium
522 475 591 500 risus
605 474 736 500 obrui-ret.
770 474 854 500 liuius
868 474 972 508 generis
986 479 1025 500 est

239 513 334 548 plenus
350 512 457 540 Novius,
474 516 497 536 ct
513 512 585 536 ionis
599 515 637 537 est
653 511 803 537 familiaris:
829 512 938 544 stipitem
950 513 973 536 ai
985 513 1026 536 af-

239 551 313 581 yrvbi's,
330 554 431 578 trr-rmnu
446 553 470 573 ct
485 548 533 574 alin
549 548 688 582 permulta.
712 548 805 574 Lxxr
822 550 879 574 ⁶286.
892 548 976 582 Saepe
986 552 1026 574 et-

239 587 290 612 inm
314 585 394 611 faceto
411 585 539 610 concedas
563 585 713 611 adversario
732 585 756 611 id
776 586 874 620 ipsum,
891 585 962 620 quod
977 585 1024 611 tibi

240 623 283 648 ille
307 622 432 648 detrahit:
457 627 484 647 ιιι
505 623 533 648 C.
555 622 669 652 Laelius,
690 631 774 657 quum
793 623 816 648 ei
831 622 940 657 quidam
957 621 1026 648 malo

238 668 332 693 ueniere
353 664 429 685 natus
447 659 553 690 (liceret,
571 659 710 693 indignum
725 668 783 685 csse
798 660 855 685 suis
870 659 1023 689 maioribus,

239 698 269 722 ,ιι
283 697 390 724 hercule,
406 696 501 731 inquit,
518 701 543 722 lu
555 700 605 722 luia
615 699 714 729 tliymm.
736 696 819 731 Saepe
830 697 908 723 etiam
920 701 1026 723 senten-

239 734 303 759 tiose
318 733 427 759 ridicula
442 733 580 765 dicuntum
603 738 631 759 ιιι
646 734 677 759 Μ,
693 734 810 764 Cincius,
823 733 929 768 quodie
941 733 1024 767 legem

238 770 270 795 dc
284 770 360 796 (lonis
375 775 399 796 et
414 771 570 796 muneribus
585 770 652 801 tulit,
673 779 757 805 quum
772 771 800 797 C.
817 771 898 797 Cento
912 771 1026 805 prodiis-

238 812 285 835 set,
302 812 326 833 ot
341 808 404 833 sutis
417 807 616 838 contumeliose,
639 808 706 840 Quid
718 811 776 842 [ers.
795 808 926 834 Cinciofe?
943 816 1026 843 quae-
1046 827 1047 831 .

238 845 329 870 sisset:
356 845 387 870 (lt
400 854 476 874 enias,
497 845 590 879 iuquit,
610 845 663 874 Cui,
678 847 701 871 si
714 848 752 871 uti
766 846 834 871 velis.
868 846 926 872 287.
942 845 1025 879 Saepe
1046 854 1047 859 ¹

238 882 316 907 ctiam
331 881 408 912 salse,
425 890 492 916 quae
508 882 562 908 fieri
578 890 628 908 non
643 886 763 916 possunt,
779 886 916 916 optantur:
946 887 974 908 ut
988 882 1023 908 M.

238 918 364 953 Lepidus,
389 927 482 954 quum,
506 919 599 945 ceteris
623 919 649 945 in
672 928 765 954 campo
783 919 977 950 exercentibus.
998 920 1025 946 in

238 955 318 981 licrba
334 956 389 990 ipse
405 956 578 987 recubuisset,
599 957 687 982 Vellem
701 958 746 982 hoc
760 961 830 986 esset,
846 957 941 992 inquit,
955 958 1026 982 lubo-

237 1001 307 1018 ναι-ι’.
339 992 444 1019 Salsum
463 998 502 1019 est
521 994 607 1024 etiarn,
628 994 818 1028 quaerentibus
836 998 860 1020 et
874 994 950 1029 quusi
967 1002 1027 1028 per·

238 1030 405 1056 contantibus
420 1030 488 1056 lente
502 1030 668 1065 respondere,
684 1031 754 1065 quod
771 1031 866 1062 notint;
893 1035 921 1057 ut
933 1039 1027 1057 censor
1046 1040 1048 1048 >

194 1086 199 1093 .
240 1066 364 1101 Lepidus.
380 1076 465 1102 quum
480 1068 514 1094 M.
530 1068 644 1094 Antistio
657 1069 783 1103 Pyrgensi
799 1077 898 1103 equum
910 1068 1026 1094 ademis-

238 1108 277 1130 set
291 1104 422 1139 amicique
436 1113 520 1139 quum
536 1105 741 1131 vociferarentur
752 1110 776 1131 et
786 1105 1025 1140 quaererent,quid

238 1140 282 1167 ille
297 1142 362 1175 patri
377 1150 426 1168 suo
440 1142 616 1176 responderet,
633 1151 680 1168 cur
693 1142 847 1177 ademptum
862 1143 913 1169 sibi
925 1151 1024 1178 equum
1046 1158 1047 1164 ι

237 1177 344 1209 diceret,
364 1187 448 1213 quum
467 1179 584 1213 optimus
602 1179 720 1211 colonus,
737 1180 918 1214 parcissimuS,
935 1180 1026 1206 mode-

237 1215 382 1245 stissimus,
404 1215 602 1251 frugalissimus
625 1221 702 1247 esset,
728 1218 769 1243 Me
788 1219 901 1247 istorum,
926 1217 1023 1252 inquit.

236 1254 301 1278 m'hil
316 1255 423 1278 credere.
445 1255 503 1279 288.
519 1253 687 1289 Colliguntur
700 1263 714 1280 a
728 1254 836 1281 Graecis
849 1254 899 1280 alia
911 1254 1026 1280 nonnul-

238 1289 270 1318 la,
287 1290 487 1321 exsecrationes,
504 1291 698 1321 admirationes.
715 1291 883 1317 minutiones.
900 1291 951 1317 Sed
963 1291 1025 1317 haec

236 1326 294 1360 ipsa
310 1327 389 1353 nimis
403 1327 468 1353 mihi
484 1328 574 1354 videor
588 1328 670 1354 multa
688 1329 715 1354 in
730 1337 825 1364 genera
839 1328 1023 1363 descripsisse.

236 1363 302 1389 Nam
321 1363 375 1395 illa,
395 1373 463 1399 quae
482 1365 553 1391 verbi
573 1366 671 1391 ratione
685 1370 711 1392 et
725 1366 750 1391 vi
764 1366 940 1397 continentur,
956 1370 1025 1391 certa

236 1399 290 1426 fere
307 1409 336 1426 ac
354 1401 460 1428 definita
475 1407 550 1435 sunt3
572 1411 640 1437 quae
659 1402 826 1437 plerumque,
842 1407 871 1429 ut
885 1407 944 1429 ante
957 1403 1022 1434 dixi,

237 1437 338 1464 laudari
352 1439 445 1474 magis,
462 1447 542 1474 qnam
557 1439 634 1465 rideri
650 1439 743 1466 solent.
770 1441 828 1466 289.
844 1440 912 1466 Haec
925 1444 1022 1470 autem,

235 1482 303 1509 quae
317 1480 380 1501 sunt
392 1476 418 1502 in
433 1484 460 1502 re
473 1481 498 1502 et
512 1477 538 1502 in
553 1477 610 1511 ipsa
624 1477 762 1508 sententia,
779 1477 899 1511 partibus
910 1481 973 1503 sunt
984 1477 1025 1503 in-

236 1512 423 1543 numerabilia,
459 1514 603 1548 generibus
634 1522 726 1548 pauca.
774 1514 1024 1549 Exspectationihus

236 1549 306 1575 euim
321 1549 485 1584 decipiendis
503 1555 528 1576 et
542 1551 643 1577 naturis
657 1550 769 1577 aliorum
784 1551 935 1582 irridendis,
952 1551 1025 1585 ipso-

235 1594 295 1612 rum
318 1586 429 1613 ridicule
452 1587 601 1614 indicandis
623 1593 648 1614 et
666 1588 842 1614 similitudine
860 1589 986 1623 turpioris
1000 1593 1025 1615 et

235 1623 448 1650 dissimulatione
462 1629 487 1651 et
500 1625 669 1651 subabsurda
683 1625 794 1651 dicendo
808 1629 834 1651 et
846 1624 926 1652 stulta
936 1633 1025 1660 repre-

236 1660 376 1687 hendendo
394 1661 464 1687 risus
478 1666 627 1688 moventur.
657 1663 747 1697 ltaque
761 1662 923 1688 imbuendus
937 1667 977 1688 est
990 1662 1022 1693 is,

235 1697 282 1731 qui
296 1698 382 1724 iocose
396 1697 466 1724 volet
479 1698 575 1729 dicere,
591 1699 668 1733 quasi
683 1703 774 1725 natura
788 1699 903 1734 quadam
919 1703 977 1734 apta
991 1699 1024 1725 ad

235 1733 299 1760 haec
316 1742 412 1769 genera
429 1739 455 1761 et
473 1735 600 1766 moribus,
621 1740 651 1762 ut
664 1736 696 1762 ad
709 1736 841 1771 cuiusque
855 1736 926 1762 modi
940 1745 1024 1772 genus

235 1771 341 1797 ridiculi
357 1771 449 1798 vultus
462 1773 540 1798 etiam
552 1773 776 1805 accommodetur,
793 1774 840 1808 qui
851 1773 960 1808 quidem
971 1782 1025 1808 quo

236 1809 352 1834 severior
366 1814 404 1835 est
418 1813 443 1835 οι
457 1809 562 1840 tristior,
579 1815 607 1836 ut
622 1810 648 1836 in
663 1814 696 1841 te,
712 1809 814 1842 Crasse,
831 1810 880 1837 hoc
893 1810 1024 1846 illa,quae

235 1844 370 1876 dicuntur,
386 1845 494 1872 salsiora
508 1847 591 1873 videri
606 1847 700 1873 solent.

290 1884 349 1909 290.
365 1882 415 1909 Sed
435 1883 487 1909 iam
506 1888 543 1914 tu,
559 1884 664 1915 Antoni,
680 1885 727 1919 qui
742 1883 791 1910 hoc
805 1884 956 1911 deversorio
969 1892 1025 1911 ser—

236 1920 322 1945 monis
337 1920 388 1946 mei
404 1919 514 1947 libenter
527 1921 712 1955 acquieturum
731 1926 754 1947 te
769 1929 827 1947 esse
840 1921 940 1952 dixisti,
957 1927 1025 1948 tam-

235 1964 316 1990 quam
331 1957 358 1982 in
372 1957 542 1992 Pomptinum
556 1958 710 1989 deverteris,
726 1966 813 1993 neque
827 1967 967 1985 amoenum
978 1967 1025 1985 ne-

235 2001 288 2028 que
299 1993 433 2020 salubrem
448 1994 544 2026 locum,
564 2003 659 2021 censeo
673 2000 702 2021 ut
715 1996 779 2021 satis
793 1995 840 2022 diu
855 1999 879 2021 te
893 2000 969 2030 putes
983 2004 1024 2022 re-

235 2030 343 2064 quiesse
356 2035 382 2057 et
394 2032 443 2057 iter
456 2031 589 2067 reliquum
604 2032 731 2059 conficere
745 2041 848 2068 pergas.
881 2032 937 2068 Ego
951 2041 1021 2064 vero,

235 2072 314 2102 atque
337 2067 420 2094 hilare
443 2069 552 2103 quidem
573 2078 586 2095 a
601 2074 625 2096 te
639 2074 771 2104 acceptus,
788 2070 883 2104 inquit,
900 2074 925 2096 et
937 2078 1023 2105 quum

234 2104 334 2131 doctior
352 2113 399 2140 per
416 2110 449 2137 te,
466 2110 522 2132 tum
536 2107 614 2132 etiam
628 2106 752 2133 audacior
765 2106 850 2133 factus
863 2115 924 2133 sum
939 2107 971 2133 ad
985 2108 1024 2133 io—

235 2142 359 2168 candum.
380 2143 437 2169 Non
451 2144 522 2169 enim
536 2152 634 2174 vereor,
651 2152 683 2170 ne
696 2144 758 2179 quis
772 2152 814 2170 me
829 2144 855 2170 in
870 2144 920 2170 isto
927 2152 1023 2179 genere

236 2178 360 2205 leviorem
385 2180 437 2206 iam
455 2184 537 2214 putet,
557 2181 683 2215 quoniam
706 2181 815 2216 quidem
839 2185 867 2207 tu
889 2181 1023 2207 Fabricios

235 2216 301 2242 mihi
315 2221 435 2243 auctores
449 2221 474 2243 et
487 2217 631 2248 Africanos,
648 2218 786 2249 Maximus,
804 2217 923 2248 Catones,
944 2219 1023 2253 Lepi·

234 2252 282 2279 dos
297 2253 440 2288 protulisti.
459 2256 518 2281 29⁴.
534 2254 586 2280 Sed
600 2255 703 2281 habetis
717 2263 754 2286 ea,
771 2263 839 2290 quae
853 2255 976 2282 voluistis
990 2264 1023 2282 ex

235 2298 276 2316 me
291 2290 390 2322 audire,
407 2291 439 2317 de
452 2291 553 2326 quibus
566 2292 675 2326 quidem
686 2292 834 2318 accuratius
843 2292 987 2319 dicendum
998 2297 1023 2319 et

234 2328 404 2363 cogitandum
418 2327 478 2355 fuit.
513 2329 579 2355 Nam
593 2333 677 2355 cetera
692 2328 807 2356 faciliora
821 2333 885 2356 sunt
897 2334 976 2365 atque
990 2338 1024 2356 ex

234 2364 277 2395 iis,
303 2373 371 2399 quae
393 2365 446 2391 iam
463 2365 533 2392 dicta
551 2370 621 2397 sunt,
640 2365 742 2401 reliqua
760 2371 906 2393 nascuntur
923 2367 1020 2393 omnia.

235 2401 340 2428 LXXII.
360 2402 417 2437 Ego
434 2403 504 2429 enim
523 2411 608 2438 quum
623 2403 654 2429 ad
668 2412 790 2430 caussam
804 2412 865 2430 sum
879 2412 1022 2439 aggressus

235 2442 313 2472 atque
331 2440 419 2466 omnia
437 2440 584 2476 cogitando,
600 2440 688 2475 quoad
701 2440 785 2467 facere
799 2441 882 2476 potui,
898 2449 1024 2476 persecu—

235 2479 286 2504 tus,
302 2483 386 2510 quum
401 2481 426 2502 et
439 2481 593 2513 argumenta
607 2485 716 2504 caussae
729 2482 755 2504 et
768 2486 812 2504 eos
827 2477 906 2508 locos,
921 2478 1022 2513 quibus

234 2512 316 2537 animi
333 2512 454 2540 iudicum
472 2514 654 2546 conciliantur,
677 2519 702 2541 et
718 2514 788 2546 illos,
803 2514 904 2549 quibus
918 2523 1024 2549 permo-

235 2553 338 2579 ventur,
355 2549 409 2575 vidi
423 2555 502 2586 atque
515 2552 641 2586 cognovi3
666 2556 722 2578 tum
737 2552 877 2582 constitue,
895 2551 962 2586 quid
975 2552 1024 2578 ha—

234 2585 294 2612 beat
314 2594 437 2621 quaeque
458 2596 550 2614 caussa
572 2588 644 2619 boni,
664 2588 730 2623 quid
748 2588 821 2614 mali.
855 2588 934 2614 Nulla
951 2589 1022 2615 enim

235 2621 288 2648 fere
306 2631 348 2649 res
367 2628 451 2658 potest
470 2624 496 2651 in
510 2624 614 2651 dicendi
629 2625 847 2659 disceptationem
861 2630 906 2651 aut
918 2630 1023 2652 contro-

235 2660 348 2686 versiam
371 2661 466 2692 vocari,
491 2669 559 2696 quae
586 2670 638 2688 non
661 2661 756 2688 habeat
778 2667 937 2697 utrumque;
964 2662 1020 2693 sed,

1076 363 1110 388 ita
1130 363 1257 394 recedam,
1279 372 1329 390 non
1346 369 1374 390 ut
1389 363 1415 390 id
1430 373 1472 390 me
1485 364 1612 400 defugere
1626 371 1758 400 appareat,
1774 366 1821 392 sed
1836 372 1863 392 ut

1046 404 1053 432 s
1077 404 1159 426 totum
1184 400 1252 426 bono
1271 400 1316 426 illo
1337 401 1454 427 ornando
1475 406 1500 427 et
1522 402 1643 437 augendo
1663 402 1862 430 dissimulatum

1046 438 1053 459 1Ἰ
1076 437 1212 463 obruatur.
1236 437 1274 466 Et.
1292 438 1312 464 ni
1328 446 1420 463 caussa
1435 443 1474 464 est
1489 439 1514 464 in
1526 440 1697 474 argumentis,
1712 440 1863 466 firmissima

1052 492 1053 500 1
1076 483 1197 509 ‹pineque
1216 475 1331 501 maxime
1350 479 1432 504 tueor,
1448 475 1505 501 sive
1520 475 1595 510 plura
1609 482 1671 502 sunt
1685 477 1742 503 sive
1756 476 1862 512 aliquod

1077 520 1174 543 unum;
1201 512 1242 538 sin
1261 516 1348 538 autem
1369 513 1394 538 in
1407 512 1590 539 conciliatione
1603 518 1648 539 aut
1662 514 1688 539 in
1703 514 1864 548 permotione

1075 557 1169 574 caussa
1183 554 1231 579 est,
1248 549 1279 574 ad
1294 558 1350 575 cam
1367 558 1407 575 m(-
1423 550 1591 583 'minimum
1607 555 1716 584 partem,
1729 559 1797 586 quae
1808 560 1864 577 mn-

1077 586 1147 611 xime
1169 595 1334 612 commovi-rc
1357 587 1460 612 animos
1484 587 1621 613 bominum
1641 592 1735 621 potest,
1747 587 1861 614 confero.

1076 624 1133 649 3393.
1150 622 1259 649 Summa
1273 623 1389 658 denique
1404 623 1484 649 huius
1498 625 1603 659 generis
1618 624 1681 650 baec
1694 629 1742 654 est,
1758 629 1787 650 ut
1801 625 1823 651 si
1837 625 1864 651 in

1077 659 1220 686 refellendo
1245 660 1396 687 adversario
1419 660 1519 687 firmior
1539 669 1597 687 esse
1620 661 1714 692 oratio,
1739 670 1819 696 quam
1837 662 1864 688 in

1076 697 1262 723 confirmandis
1278 699 1373 723 nostris
1388 698 1466 724 rebus
1478 699 1665 732 potest,omnia
1677 699 1703 724 in
1715 697 1791 725 illum
1801 707 1866 726 con-

1077 734 1157 760 feram
1173 734 1236 765 tela3
1263 735 1304 760 sin
1319 739 1405 761 nostra
1421 734 1525 761 facilius
1541 735 1654 770 probari,
1670 744 1750 770 quarn
1766 735 1810 762 illa
1825 744 1865 762 re-

1077 771 1170 807 dargui
1191 776 1310 806 possunt.
1331 772 1461 798 abducere
1479 773 1582 799 animos
1603 781 1616 798 a
1630 773 1759 798 contraria
1772 772 1865 799 defen·

1077 809 1159 838 sione,
1176 813 1200 834 et
1214 808 1246 834 ud
1261 813 1375 835 nostram
1389 818 1468 835 conor
1482 809 1627 836 traducere.
1651 810 1708 836 294.
1724 810 1780 836 Duo
1789 809 1864 836 deni-

1077 854 1129 880 que
1144 845 1197 876 illa,
1213 854 1282 880 (ittae
1297 845 1422 872 facillima
1437 846 1569 877 w'dentur,
1585 847 1720 882 quioniam.
1733 855 1802 881 quae
1812 846 1865 873 dif—

1078 882 1185 908 ficiliora
1199 887 1270 913 sunt,
1287 891 1338 909 non
1353 891 1471 918 possum,
1489 884 1553 910 mihi
1569 893 1616 918 pro
1630 893 1688 910 mco
1701 884 1758 910 iure
1771 892 1862 910 sumo:

1079 929 1170 950 unum,
1200 924 1227 946 ut
1251 919 1360 946 molesto
1383 925 1428 946 aut
1450 920 1552 947 difficili
1571 925 1728 956 argumento
1743 925 1789 947 aut
1810 921 1865 947 tono

1077 965 1277 991 nonnumquam
1291 958 1400 983 omnino
1415 957 1480 983 niliil
1495 957 1681 992 respondeam:
1702 957 1773 992 quod
1788 957 1866 984 forsi-

1077 999 1119 1020 tan
1134 993 1232 1029 aliquis
1247 994 1303 1020 iure
1318 995 1435 1020 irriserit.
1458 994 1524 1027 Quis
1537 995 1608 1021 enim
1623 995 1724 1030 est.qui
1740 994 1767 1021 id
1782 994 1865 1021 faeere

1078 1040 1127 1057 non
1143 1030 1244 1066 possit?
1256 1031 1308 1057 Sed
1323 1036 1409 1058 tamen
1423 1040 1472 1067 ego
1486 1031 1518 1058 de
1532 1040 1589 1058 mea
1604 1040 1683 1063 nunc,
1697 1040 1748 1058 non
1759 1031 1791 1058 de
1801 1031 1866 1058 alio-

1077 1078 1135 1094 rum
1155 1068 1277 1094 facultate
1295 1068 1403 1103 disputo
1420 1069 1598 1104 confiteorque
1616 1077 1666 1099 me,
1687 1069 1709 1095 si
1723 1077 1792 1104 quae
1805 1077 1866 1104 pre-

1077 1110 1130 1131 mat
1154 1114 1195 1131 res
1211 1106 1403 1137 vehementius,
1419 1107 1454 1132 ita
1464 1106 1556 1132 cedere
1570 1105 1662 1137 solere,
1679 1110 1708 1132 ut
1722 1114 1773 1132 non
1788 1106 1866 1133 modo

1078 1152 1128 1169 non
1147 1143 1256 1173 abiecto,
1277 1143 1323 1169 sed
1342 1151 1374 1169 ne
1393 1144 1488 1170 reiecto
1505 1143 1615 1178 quidem
1629 1147 1706 1169 scuto
1719 1142 1811 1178 fugere
1824 1144 1866 1170 vi-

1076 1180 1146 1211 dear,
1167 1180 1213 1206 sed
1231 1180 1356 1206 adhibere
1369 1180 1512 1215 quamdam
1531 1181 1558 1207 in
1572 1180 1684 1206 dicendo
1697 1181 1812 1215 speciem
1827 1185 1865 1206 at-

1076 1225 1129 1252 que
1152 1225 1276 1252 pompam
1299 1222 1324 1243 et
1338 1226 1443 1252 pugnae
1460 1217 1575 1244 similem
1595 1217 1699 1253 fugam;
1721 1218 1865 1244 consistere

1077 1263 1140 1281 vero
1154 1255 1179 1280 in
1194 1263 1253 1281 meo
1267 1254 1398 1289 praesidio
1412 1255 1458 1285 sic,
1475 1260 1504 1281 ut
1518 1264 1568 1281 non
1583 1254 1703 1290 fugiendi
1715 1254 1806 1285 hostis,
1818 1254 1865 1281 sed

1053 1307 1055 1316 t
1076 1291 1197 1326 capiendi
1222 1291 1270 1318 loci
1290 1300 1383 1317 caussa
1401 1293 1514 1318 cessisse
1533 1291 1632 1318 videar.
1664 1293 1722 1318 2⁹5.
1745 1291 1864 1318 Alterum

1077 1333 1116 1354 est
1130 1328 1206 1359 illud,
1223 1328 1294 1363 quod
1309 1337 1357 1364 ego
1370 1330 1463 1355 oratori
1479 1329 1593 1355 maxime
1607 1327 1755 1355 cavendum
1769 1333 1795 1354 et
1805 1337 1865 1363 pro-

1077 1365 1222 1392 videndum
1238 1370 1302 1400 puto
1314 1365 1440 1401 quodque
1454 1374 1496 1392 me
1510 1366 1651 1392 sollicitare
1665 1373 1770 1392 summe
1783 1365 1863 1392 solet:

1077 1411 1128 1429 non
1143 1407 1194 1428 tam
1210 1407 1239 1429 ut
1252 1403 1353 1437 prosim
1371 1403 1482 1434 caussis,
1498 1403 1631 1430 elaborare
1645 1402 1725 1434 soleo,
1741 1411 1822 1438 quam
1837 1407 1866 1429 ut

1077 1448 1109 1466 ne
1123 1439 1189 1475 quid
1203 1440 1303 1466 obsim:
1331 1448 1382 1466 non
1400 1440 1466 1475 quin
1480 1440 1634 1466 enitendum
1648 1440 1683 1466 sit
1696 1440 1723 1466 in
1737 1444 1863 1475 utroque:

1076 1477 1122 1503 sed
1145 1481 1232 1503 tamen
1255 1476 1339 1504 multo
1356 1481 1395 1504 est
1413 1478 1519 1512 turpius
1536 1477 1629 1504 oratori
1645 1477 1767 1503 nocuisse
1781 1476 1864 1503 videri

1075 1522 1194 1545 caussae,
1209 1523 1290 1549 quam
1305 1523 1356 1541 non
1369 1514 1512 1548 profuisse.
1541 1514 1658 1541 LXXIII.
1671 1513 1723 1541 Sed
1736 1513 1803 1549 quid
1817 1514 1866 1541 hoc

1077 1551 1133 1578 loco
1146 1560 1194 1578 vos
1207 1552 1275 1578 inter
1288 1560 1344 1582 vos,
1361 1551 1471 1578 Catule‘?
1501 1551 1541 1578 An
1561 1551 1633 1582 haec,
1654 1556 1682 1577 ut
1700 1556 1763 1577 sunt
1776 1556 1865 1578 oonte-

1076 1588 1199 1619 mnenda,
1214 1587 1401 1615 contemnitis?
1423 1589 1540 1619 Minime,
1556 1589 1644 1623 inquit
1657 1587 1716 1614 ille:
1738 1587 1786 1615 sed
1801 1588 1866 1615 Cae-

1076 1634 1118 1651 sar
1131 1625 1164 1652 de
1178 1626 1228 1651 isto
1241 1626 1300 1660 ipso
1313 1625 1441 1660 quiddam
1456 1625 1524 1652 velle
1537 1625 1624 1652 dicere
1638 1625 1787 1652 videbatur.
1824 1626 1866 1652 Me

1076 1671 1138 1689 vero
1153 1662 1268 1693 lubente,
1287 1663 1376 1697 inquit
1388 1663 1529 1693 Antonius,
1544 1662 1641 1689 dixerit
1655 1663 1712 1688 sive
1726 1661 1863 1689 refellendi

1075 1708 1168 1726 caussa
1182 1700 1240 1726 sive
1253 1699 1407 1734 quaerendi.
1429 1701 1487 1726 296.
1503 1700 1571 1726 Tum
1585 1699 1679 1730 lulius,
1694 1700 1751 1735 Ego
1759 1699 1865 1726 meher-

1075 1736 1144 1767 cule,
1159 1737 1256 1771 inquit,
1271 1737 1377 1768 Antoni,
1398 1745 1504 1772 semper
1517 1737 1540 1763 is
1555 1736 1602 1767 fui,
1619 1737 1665 1772 qui
1679 1736 1713 1763 de
1727 1741 1751 1763 te
1764 1741 1865 1764 oratore

1075 1774 1114 1800 sic
1132 1773 1318 1808 praedicarem,
1339 1782 1424 1800 unum
1443 1779 1467 1800 te
1480 1775 1508 1800 in
1521 1773 1634 1800 dicendo
1646 1773 1713 1800 mihi
1727 1773 1812 1800 videri
1826 1778 1865 1800 te-

1075 1811 1234 1842 ctissimum,
1255 1811 1447 1846 propriumque
1467 1811 1517 1838 hoc
1534 1819 1593 1837 esse
1612 1810 1698 1837 laudis
1712 1815 1782 1844 tuae,
1797 1810 1864 1838 nihil

1075 1856 1088 1874 a
1103 1852 1128 1874 te
1146 1856 1274 1883 umquam
1293 1856 1352 1874 esse
1365 1847 1475 1879 dictum,
1495 1847 1567 1883 quod
1584 1847 1689 1874 obesset
1701 1848 1734 1879 ei,
1750 1855 1798 1883 pro
1810 1856 1866 1883 quo

1075 1884 1186 1911 diceres.
1220 1884 1303 1920 quue
1325 1886 1451 1912 memoria
1473 1890 1557 1916 teneo,
1580 1893 1666 1920 quum
1688 1885 1755 1911 mibi
1777 1893 1864 1911 sermo

1074 1930 1136 1948 cum
1154 1921 1204 1948 boc
1222 1922 1282 1957 ipso
1300 1922 1394 1949 Crasso
1411 1921 1503 1948 multis
1521 1922 1692 1949 audientibus
1709 1926 1780 1948 esset
1792 1921 1826 1948 de
1839 1926 1865 1948 te

1074 1959 1223 1990 institutus,
1248 1959 1413 1994 Crassusque
1436 1959 1560 1994 plurimis
1578 1959 1668 1986 verbis
1685 1958 1863 1994 eloquentiam

1075 1996 1193 2023 laudaret
1207 2000 1288 2027 tuam,
1303 1996 1406 2023 dixisse
1419 2005 1470 2027 me,
1485 2005 1547 2023 cum
1560 1997 1655 2023 ceteris
1669 1996 1723 2022 tuis
1739 1995 1864 2023 laudibus

1075 2033 1142 2060 hanc
1155 2041 1214 2060 esse
1228 2033 1269 2059 vel
1283 2034 1437 2064 maximam,
1452 2033 1524 2068 quod
1539 2042 1591 2060 non
1605 2033 1702 2063 solum,
1714 2032 1786 2068 quod
1795 2041 1864 2068 opus

1074 2075 1152 2102 esset,
1175 2070 1286 2102 diceres,
1310 2070 1357 2096 sed
1374 2070 1461 2101 etiam,
1477 2070 1550 2105 quod
1567 2079 1619 2097 non
1633 2078 1704 2105 opus
1717 2074 1795 2101 esset,
1811 2078 1863 2097 non

1073 2107 1188 2140 diceres;
1222 2108 1281 2135 297.
1306 2111 1362 2134 tum
1380 2106 1458 2133 illum
1476 2107 1543 2133 mihi
1560 2107 1719 2143 respondere
1737 2107 1861 2134 memini:

1073 2149 1158 2171 cetera
1171 2145 1200 2171 in
1213 2149 1238 2171 te
1251 2152 1357 2170 summe
1369 2152 1428 2170 esse
1442 2144 1587 2177 laudanda;
1606 2143 1675 2171 illud
1689 2152 1751 2171 vero
1762 2144 1864 2179 impro-

1074 2181 1101 2208 bi
1115 2189 1173 2208 esse
1187 2181 1303 2208 hominis
1316 2185 1342 2208 et
1354 2181 1498 2216 perfidiosi,
1514 2181 1601 2208 dicere
1610 2180 1683 2217 quod
1693 2181 1810 2208 alienum
1820 2189 1864 2208 es—

1073 2223 1114 2245 set
1123 2222 1150 2244 et
1162 2223 1266 2245 noceret
1278 2219 1312 2250 ei,
1327 2226 1376 2253 pro
1388 2226 1443 2253 quo
1455 2219 1572 2254 quisque
1584 2218 1692 2245 diceret.
1713 2217 1800 2250 Quare
1810 2227 1862 2245 non

1073 2255 1125 2282 sibi
1139 2263 1201 2282 eum
1215 2255 1354 2286 disertum,
1369 2256 1416 2290 qui
1430 2255 1458 2282 id
1471 2264 1524 2282 non
1538 2255 1641 2287 faceret,
1649 2255 1742 2286 videri,
1755 2255 1802 2281 sed
1811 2256 1862 2282 im-

1073 2292 1196 2328 probum,
1220 2293 1268 2328 qui
1290 2292 1395 2319 faceret.
1425 2293 1510 2324 Nunc,
1526 2293 1549 2319 si
1563 2292 1611 2319 tibi
1625 2292 1738 2323 videtur,
1754 2292 1860 2323 Antoni,

1073 2330 1239 2356 demonstres
1257 2329 1348 2361 velim,
1368 2338 1451 2364 quare
1469 2334 1498 2356 tu
1515 2329 1565 2356 hoc
1581 2330 1617 2355 ita
1631 2337 1759 2364 magnum
1772 2334 1860 2364 putes,

1073 2366 1141 2393 nihil
1163 2367 1191 2393 in
1209 2375 1304 2393 caussa
1326 2366 1390 2393 mali
1407 2366 1500 2397 facere.
1520 2370 1551 2393 ut
1568 2365 1635 2392 nihil
1654 2366 1703 2392 tihi
1720 2366 1749 2392 in
1762 2371 1863 2393 oratore

1073 2404 1160 2430 maius
1178 2412 1237 2430 esse
1254 2404 1385 2430 videatur.
1415 2403 1532 2430 LXXIV.
1548 2404 1606 2430 298.
1621 2403 1711 2429 Dicam
1725 2402 1860 2438 equidem,

1073 2440 1176 2472 Caesar,
1200 2441 1297 2476 inquit,
1322 2440 1390 2476 quid
1406 2439 1567 2476 intelligam
1600 2439 1648 2467 sed
1670 2444 1696 2466 et
1720 2444 1749 2466 tu
1771 2444 1798 2466 et
1813 2448 1862 2467 vos

1073 2486 1166 2504 omnes
1188 2478 1247 2509 hoc,
1271 2479 1368 2513 inquit,
1393 2481 1560 2508 mementote,
1580 2486 1633 2504 non
1651 2485 1693 2503 me
1706 2476 1739 2504 de
1752 2476 1862 2512 perfecti

1073 2515 1182 2542 oratoris
1199 2515 1338 2542 divinitate
1355 2514 1470 2550 quadam
1492 2513 1574 2549 loqui,
1589 2513 1638 2540 sed
1650 2513 1684 2540 de
1697 2514 1862 2540 exercitatio-

1073 2552 1115 2578 nis
1133 2557 1158 2578 et
1176 2552 1377 2579 consuetudinis
1391 2559 1464 2577 meae
1477 2551 1665 2578 mediocritate.
1699 2550 1785 2578 Crassi
1799 2551 1862 2586 qui-

1073 2588 1134 2615 dem
1153 2597 1312 2624 responsum
1330 2587 1484 2615 excellentis
1501 2588 1642 2614 cuiusdam
1659 2592 1701 2614 est
1717 2588 1817 2624 ingenii
1831 2597 1862 2614 ac

1073 2625 1231 2662 singularis;
1255 2627 1299 2653 cui
1317 2624 1445 2661 quiddam
1462 2625 1576 2660 portenti
1593 2624 1682 2651 simile
1697 2633 1756 2651 esse
1770 2625 1861 2651 visum

1073 2667 1121 2693 est,
1146 2671 1226 2698 posse
1248 2663 1366 2698 aliquem
1389 2662 1504 2688 inveniri
1526 2666 1663 2690 oratorem,
1688 2662 1735 2697 qui
1757 2661 1859 2697 aliquid
