1941 3052
794 156 834 181 ⁴0.
871 155 905 181 it.
940 155 970 180 T.

222 157 268 182 >500

220 227 356 261 suscipere
367 226 472 256 ‹li-huit,
492 230 532 255 ut,
550 227 571 251 si
584 234 635 260 qua
649 226 752 259 uspiam
766 225 887 251 navicula
901 224 1012 260 praedo-
1038 225 1041 253 ἶ

221 273 284 290 num
297 265 475 298 apparuisset.
490 263 654 288 aci-usamlus
669 262 810 288 rideretur.

221 303 245 327 iu
259 302 332 329 Asia,
350 310 434 334 (ptum
451 301 537 325 omnia
556 301 605 325 inm
624 299 691 325 lwlla
709 304 773 325 terra
791 300 911 334 marique
922 299 1011 325 conlc-

219 340 312 367 visst-t,
329 338 440 362 classem
454 343 538 362 tamt-n
552 337 646 362 iisdem
661 337 718 362 istis
729 337 884 362 civitatibus
897 337 1011 371 impera-
1032 347 1033 350 ¹

1031 355 1040 403 l:

219 413 301 438 seritis
323 413 428 437 nornine
451 416 503 436 tuta
525 411 612 436 onmia
634 415 659 436 et
680 416 769 444 pacata
791 420 850 436 esso
876 415 1008 445 poterant3
1032 408 1040 442 l,

218 450 296 484 qui-l
319 458 403 483 quum
422 448 466 473 illu·
481 448 653 478 ‹hu-ussisstt,
679 448 770 473 Flacco
786 448 946 474 existimatis
957 453 1012 473 sta-
1031 442 1039 484 J}

221 377 266 401 vit.
287 375 362 407 Qum!
375 375 394 399 si
410 380 464 400 tuin
476 375 567 399 statuit
578 383 646 408 opus
657 383 725 403 esse,
739 382 823 408 quum
837 374 923 408 ipsius
935 382 1011 408 prae-

852 263 942 297 ltaque
955 263 1011 296 ipse
1039 272 1040 289 ι

1031 311 1040 342 ιῖ

219 492 261 513 uu·
257 486 346 512 ·ιιιΙιιιιι
360 491 383 511 ct
397 485 442 510 l'a‹·'
439 494 460 511 ιι·
456 485 545 511 nulum
560 484 662 511 fuisse?
682 485 750 511 Xlll.
760 488 799 511 30.
808 485 893 517 Quid.
885 486 898 501 ⁵'
909 495 955 511 nos
969 485 1010 511 hic
1031 495 1040 519 ¹,

218 532 303 550 noune
316 524 373 557 ipso
386 523 491 557 l'ompe'
486 531 509 548 ιο
521 527 638 553 auctore,
657 522 747 548 Silano
758 528 782 548 ct
795 523 902 549 Murena
913 531 1011 548 consu·
1032 555 1039 564 N

219 561 297 590 libus,
311 561 488 590 ‹t‹.··‹r‹·vinms,
503 560 673 586 utclassisin
687 560 850 586 ltalianavi·
833 560 925 596 tniret?
945 568 1010 586 non-

217 636 287 669 imp(
281 635 370 665 rabat,
381 644 427 661 nos
441 635 499 661 hic
494 644 520 661 in
533 644 603 661 mire
614 643 742 669 superum
755 640 779 661 et
791 635 1011 661 inseriinisester—

216 673 282 698 tium
295 677 333 698 ter
344 677 369 698 et
380 681 424 707 qu.
420 672 500 705 :gidra
491 673 540 698 ies
552 672 746 707 erogabamus?
765 673 835 705 Quid
848 677 952 708 postero
963 681 1011 698 an-

217 710 267 736 no?
288 710 380 736 Nonne
397 710 439 736 Μ’
453 710 533 736 Cui-io
548 715 573 736 et
590 711 617 736 l'.
631 710 743 736 Sextilio
758 710 947 745 quaestoribus
964 718 1033 744 pe-

215 747 292 773 cunia
305 748 331 773 in
343 747 456 773 classem
469 752 508 773 cst
518 747 642 783 erogata?
659 747 749 779 Quid?
764 748 813 773 hoc
823 748 895 773 omni
909 750 1039 781 tempo-

215 794 241 811 re
253 785 356 819 equites
369 785 394 811 in
407 794 450 810 ora
463 785 593 811 maritima
607 794 657 811 non
676 784 801 811 fuerunt?
821 785 866 811 llla
882 789 923 810 est
938 785 1008 810 enim

213 822 297 857 gloria
318 822 408 848 divina
426 823 556 856 l‘ompeii:
581 823 697 857 primum
715 822 860 857 praedones
881 830 939 852 eos,
961 830 1009 856 qut

214 902 267 927 cst
294 901 346 923 toto
370 897 435 922 mari
460 897 574 932 dispersi
601 907 650 931 νειμ
634 898 782 928 gabantur.

212 943 306 967 pmnes
319 935 344 960 in
358 938 484 969 potestat«¹
488 944 526 961 m:
540 934 636 961 deinde
643 935 678 970 Sy
682 935 747 961 riam
760 943 819 961 esse
831 939 956 964 nostram,
966 934 1010 960 Ci-

215 971 302 998 liciam
321 972 416 1002 teneri
440 973 556 1007 Cxprum
575 981 621 1006 per
639 972 817 998 Ptolemaeum
835 980 923 1007 regem
940 970 1007 997 nihil

213 1009 324 1035 audere:
339 1010 580 1043 praetercatlrctam
589 1010 684 1036 Metelli
699 1011 795 1036 virtute
807 1018 864 1035 esse
876 1014 1006 1035 nostram:

213 1046 664 1081 nitiitcsse,11=1‹teproficiscantur,
679 1047 818 1082 nihil,quo
828 1051 1006 1073 revertantur:
1030 1067 1031 1073 .

212 1092 305 1110 omnes
316 1084 406 1114 sinim,
421 1085 611 1118 promontoria,
627 1085 719 1115 littora,
735 1084 845 1115 insulas,
859 1084 940 1110 urbes
952 1092 1009 1109 ma-

213 1121 315 1147 ritimas
326 1121 449 1147 claustris
462 1123 566 1156 imperii
580 1122 662 1148 nostri
673 1123 813 1148 contineri.
831 1124 872 1148 31.
885 1121 962 1154 Quod
973 1122 1005 1151 si,

212 1158 306 1184 Flacco
318 1164 448 1193 praetore,
467 1168 544 1185 nemo
556 1160 582 1185 in
598 1160 662 1185 mari
680 1159 777 1194 praedo
793 1159 901 1190 suisset,
920 1164 1007 1185 tamen

213 1196 295 1222 huius
316 1196 454 1231 diligentia
476 1197 693 1231 reprehendenda
715 1205 766 1223 non
788 1201 867 1223 esset.
909 1196 1008 1222 ldcirco

212 1234 298 1264 enim,
315 1234 387 1268 quod
404 1234 446 1259 hic
461 1233 575 1260 classem
593 1234 742 1265 habuisset,
761 1235 942 1261 existimarem
955 1242 1007 1260 non

212 1270 305 1297 fuisse.
328 1270 416 1302 Quid'?
427 1272 449 1297 si
463 1272 491 1297 L.
504 1271 592 1306 Oppii,
608 1272 727 1307 L.Agrii,
741 1271 870 1303 C.Cestii,
884 1272 1006 1306 equitum
1029 1294 1037 1304 U

1036 1309 1037 1315 ¹
1059 1313 1099 1335 est
1109 1317 1202 1340 ausus,
1216 1314 1244 1335 ut
1256 1309 1371 1339 haberet,
1385 1313 1482 1343 optare.

212 1308 399 1338 Romanorum,
415 1309 496 1334 huius
507 1309 586 1335 etiam
598 1309 740 1335 clarissimi
753 1310 813 1340 viri,
827 1309 875 1335 Cu.
889 1309 1004 1338 Domitii.

211 1346 256 1380 qui
271 1346 296 1371 in
309 1345 370 1371 Asia
383 1350 438 1371 tum
452 1345 555 1381 legatus
567 1346 626 1377 fuit,
641 1347 793 1373 testimonio
803 1346 892 1377 doceo,
907 1355 937 1372 eo
948 1347 1007 1380 ipso

211 1388 342 1417 tempore,
355 1391 409 1418 quo
421 1388 447 1409 tu
461 1384 518 1417 ipse
530 1392 612 1419 negas
624 1383 735 1410 classem
749 1384 898 1410 habendam
912 1383 1004 1414 fuisse,

210 1420 362 1455 complures
383 1429 396 1446 a
418 1421 597 1455 praedonibus
613 1430 672 1447 esse
688 1426 792 1456 captos:
816 1426 903 1448 tamen
920 1421 1007 1447 Flacci

210 1458 352 1484 consilium
374 1458 401 1484 in
421 1458 569 1494 remigibus
593 1459 757 1493 imperandis
781 1457 1008 1494 reprehendetur?

210 1494 299 1527 Quid‘?
314 1495 337 1521 si
353 1496 432 1521 etiam
448 1497 552 1522 occisus
568 1500 608 1522 est
619 1505 632 1522 a
644 1497 736 1531 piratis
748 1497 947 1532 Adramytenus
959 1496 1007 1522 ho-

209 1542 253 1559 nio
265 1532 371 1564 nobilis.
388 1533 466 1559 cuius
478 1538 517 1559 est
530 1533 582 1559 l'ere
594 1534 671 1560 nobis
682 1534 809 1560 omnibus
821 1542 917 1560 nomen
929 1533 1007 1560 audi-

210 1575 280 1601 tum,
304 1570 420 1606 Atyanas
441 1571 530 1606 pugil,
556 1570 775 1607 Olympionices?
797 1572 847 1598 hoc
870 1576 911 1598 est
933 1571 1005 1606 apud

209 1608 323 1634 Graecos
338 1608 474 1643 (quoniam
491 1608 523 1634 de
539 1617 630 1635 eorum
646 1609 774 1644 gravitate
785 1608 912 1643 dicimus)
924 1616 1006 1643 prope

210 1646 296 1671 maius
312 1650 336 1671 et
351 1645 508 1681 gloriosius,
531 1654 613 1681 quam
628 1646 724 1672 Romae
741 1647 931 1681 triumphasse.
972 1646 1006 1672 At

209 1683 343 1709 neminem
355 1683 459 1717 cepisti.
493 1683 579 1715 Quam
591 1683 669 1709 multi
681 1691 741 1710 orae
753 1684 900 1709 maritimae
911 1683 1006 1709 claris-

208 1758 351 1791 cepissent,
366 1766 437 1783 mare
449 1763 535 1784 tamen
549 1762 635 1784 tutum
648 1757 854 1792 praestiterunt?
869 1757 953 1785 Casus
964 1762 1005 1783 est

209 1795 280 1821 enim
293 1794 318 1820 in
331 1795 469 1829 capiendo,
485 1795 566 1825 locus,
581 1795 828 1826 eventus,occasi0:
841 1795 1004 1821 defendendi

209 1831 294 1858 facilis
306 1837 346 1858 est
357 1833 451 1862 cautio,
463 1841 513 1858 non
525 1831 612 1858 solum
626 1832 745 1859 latibulis
757 1832 921 1859 occultorum
934 1832 1005 1859 loeo-

208 1878 282 1899 rum,
300 1869 346 1895 sed
362 1869 440 1895 etiam
458 1874 645 1904 tempestatum
662 1869 840 1896 moderatione
855 1875 880 1896 et
893 1878 960 1896 conv
963 1878 1004 1896 er-

207 1907 291 1932 sione.
333 1906 402 1932 XlV.
420 1908 461 1933 32.
478 1907 622 1942 Reliquum
634 1911 687 1938 est.
705 1911 735 1933 ιιι
745 1912 898 1942 quaeratur,
913 1912 1003 1933 utrum

207 1944 256 1970 ista
267 1943 362 1970 classis
373 1952 453 1970 cursu
466 1949 491 1970 et
502 1944 582 1970 remis
614 1953 646 1970 an
658 1949 769 1979 sumptu
782 1949 885 1971 tantum
897 1949 922 1971 et
934 1944 1004 1971 litte-

208 1982 244 2007 ris
257 1981 316 2007 navi
320 1982 397 2016 ·ἐιι-ἰι
438 1982 508 2007 Νιιιιι
521 1981 547 2007 id
560 1982 642 2017 igitur
653 1990 703 2017 ne·0
694 1982 743 2007 ari
755 1987 853 2016 potest,
871 1982 950 2008 cuius
966 1983 1003 2008 rei

207 2023 301 2045 cuncta
318 2019 392 2044 testis
407 2023 447 2044 est
463 2019 537 2049 Asia,
561 2019 686 2053 bipartito
686 2003 814 2046 0classem
831 2019 1003 2046 distributam

208 2055 300 2086 fuisse,
313 2060 343 2082 ut
355 2064 405 2082 una
418 2064 478 2090 pars
489 2064 569 2091 supra
581 2056 728 2091 Ephesum,
742 2056 822 2083 altera
835 2056 902 2083 intra
914 2057 1002 2091 Ephe-

207 2102 267 2119 sum
281 2093 434 2128 navigaret?
455 2094 506 2119 Hac
518 2093 603 2119 classe
615 2094 650 2120 M.
664 2093 790 2125 Crassus,
810 2095 851 2120 vir
866 2094 1003 2129 amplissi-

207 2139 281 2161 mus,
300 2130 332 2156 ab
344 2132 416 2157 Aeno
431 2131 456 2157 in
469 2130 634 2162 Asian1‚his
647 2131 761 2157 navibus
773 2131 884 2158 Flaccus
896 2140 929 2158 ex
940 2133 1002 2158 Asia

206 2168 233 2194 in
246 2168 426 2194 Macedoniam
439 2169 499 2194 navi
502 2169 584 2204 gavit.
625 2169 653 2195 In
664 2177 719 2203 quo
729 2169 812 2205 igitur
823 2169 951 2204 praetoris
962 2174 1003 2195 est

205 2204 344 2241 diligentia
359 2205 537 2240 requirenda?
556 2206 585 2232 In
601 2214 713 2232 numero
728 2207 852 2238 navium,
870 2211 896 2233 et
911 2207 939 2233 in
955 2206 1003 2233 de-

205 2243 349 2277 scriptione
370 2243 504 2278 aequabili
525 2243 670 2278 sumptus⁹
689 2243 837 2270 Dimidium
857 2244 925 2275 eius,
948 2253 1002 2279 quo

205 2280 348 2314 Pompeius
360 2285 414 2306 erat
426 2289 500 2311 usus,
515 2280 665 2315 imperavit.
697 2282 768 2307 Num
779 2281 866 2316 potuit
877 2281 1003 2316 parcius?

204 2317 351 2352 Descripsit
375 2322 464 2344 autem
490 2319 630 2352 pecuniam
655 2317 688 2344 ad
713 2319 833 2353 Pompeii
857 2319 999 2351 rationem3

204 2362 274 2389 quae
295 2354 344 2381 fuit
365 2355 560 2381 accommodata
582 2355 611 2382 L.
633 2355 724 2382 Sullae
743 2355 931 2390 descriptioni;
953 2356 1001 2399 qui

205 2400 289 2425 quum
306 2401 398 2418 omnes
410 2393 488 2418 Asiae
502 2393 623 2419 civitates
635 2401 682 2428 pro
695 2394 814 2428 portione
825 2394 852 2419 in
864 2393 1000 2428 provincia

205 2428 404 2463 descripsisset,
422 2429 494 2456 illam
507 2431 635 2456 rationem
646 2431 674 2456 in
685 2430 842 2465 imperando
852 2435 964 2465 sumptu
975 2435 1001 2457 et

205 2464 348 2499 Pompeius
359 2471 383 2492 et
396 2466 506 2493 Flaccus
517 2472 626 2494 secutus
637 2471 686 2493 est.
709 2468 801 2502 Neque
812 2472 853 2494 est
863 2468 951 2494 adhuc
962 2472 1001 2494 ta-

206 2510 266 2527 men
278 2510 306 2527 ea
319 2511 423 2529 summa
434 2504 574 2539 completa.
609 2505 666 2531 Non
678 2504 758 2531 refert
769 2513 840 2531 vero.
875 2507 916 2531 33.
928 2504 1000 2537 Quid

207 2537 340 2565 luci-etur‘?
354 2540 442 2571 Quum
455 2542 526 2567 enim
538 2550 606 2568 onus
617 2542 761 2584 imperatae
773 2542 901 2576 pecuniae
911 2542 1000 2568 susci-

205 2576 258 2610 pit:
277 2576 312 2605 id
326 2577 396 2610 quod
410 2583 436 2603 tu
448 2579 548 2604 crimen
560 2587 619 2605 esse
630 2579 682 2609 vis,
694 2579 844 2605 confitetur.
884 2578 954 2612 Qui*
948 2579 1000 2615 igi-

205 2617 248 2639 tur
260 2613 364 2647 probari
377 2619 469 2647 potest,
482 2615 509 2641 in
521 2623 550 2641 ea
562 2617 674 2658 pecunia
686 2624 738 2642 non
750 2615 886 2642 referenda
897 2617 998 2643 crimen

204 2650 275 2676 sihi'
268 2658 358 2684 ipsum
371 2650 468 2681 facere,
486 2652 513 2677 in
525 2661 577 2687 qua
587 2653 688 2679 crimen
700 2658 770 2679 esset
781 2653 900 2684 nullum,
918 2654 941 2680 si
957 2662 999 2680 re-

205 2686 302 2714 terret?
322 2688 354 2714 At
369 2688 441 2714 enim
457 2697 538 2724 negas
553 2689 662 2716 fratrem
677 2698 781 2722 meum,
799 2691 846 2725 qui
863 2691 891 2717 L.
906 2690 998 2717 Flacco

1031 589 1033 600 ι

217 607 248 624 ne
259 606 289 623 co
301 599 359 631 ipso
374 602 503 640 tempore,
521 606 605 632 quum
620 598 647 623 L.
662 597 789 624 Flaccus'
784 607 809 624 ιιι
822 599 883 624 Asia
896 598 1010 632 remiges
1038 577 1040 626 l

1031 639 1039 652 ¹¹
1061 636 1128 661 scire
1141 644 1192 661 non
1205 640 1317 670 poterat:
1331 635 1396 670 quid
1410 635 1542 666 fecissent.
1557 636 1672 662 videbat.

214 864 285 890 tum
308 868 392 894 quum
410 859 448 885 illi
467 859 566 886 bellum
584 861 746 886 maritimum
759 859 905 895 gerendum
917 859 1008 885 datum
1030 818 1039 881 >l

809 897 927 923 redactos
951 905 1009 922 csse
1038 923 1039 931 ἵ

1006 155 1281 181 CICERONIS

1063 225 1234 254 successerit.
1258 226 1398 260 pecuniam
1420 225 1501 252 ullam
1523 227 1549 253 in
1567 227 1680 261 remiges
1696 227 1851 262 imperasse.

1063 262 1195 296 liquidem
1211 263 1302 294 Quinti
1321 262 1406 289 fratris
1423 264 1473 290 mei
1491 263 1567 290 laude
1583 264 1711 290 delector:
1734 264 1781 290 καὶ
1793 264 1854 291 aliia

1064 309 1097 325 ιιι
1092 308 1158 332 ιμει
1171 299 1341 335 gravioribus
1352 305 1431 334 atque
1443 301 1598 327 maioribus.
1632 301 1712 328 Aliud
1723 301 1853 337 quiddam

1063 336 1250 367 ⁴=nt⁴¹1tuit,aliud
1263 337 1338 362 xidit.
1365 337 1542 367 Existimavit.
1555 347 1725 374 quocumque
1737 344 1856 374 tempore

1063 374 1183 399 auditum
1195 374 1261 408 quid
1273 379 1344 400 esset
1354 374 1388 400 de
1400 374 1587 409 praedonibus.
1595 384 1675 410 quam
1689 376 1768 402 veltet
1779 376 1856 402 subi·

1064 416 1101 441 to,
1120 420 1149 436 ae
1164 411 1277 437 classem
1293 417 1519 446 comparaturum
1560 413 1679 448 Denique
1691 413 1739 439 hoc
1751 414 1855 455 primus

1063 448 1142 474 frater
1154 457 1195 474 nu·
1199 457 1229 474 us
1242 449 1268 474 in
1280 449 1341 474 Asia
1355 448 1428 479 tecit
1447 453 1475 475 ut
1492 450 1540 475 hoc
1551 455 1660 484 sumptu
1673 451 1804 486 remigum
1816 451 1855 476 ci-

1064 486 1156 511 vitatos
1170 485 1276 511 lex-‚aret
1299 486 1404 512 Crimen
1416 491 1504 512 autem
1517 491 1572 512 tum
1586 487 1669 513 videri
1680 487 1755 518 solet,
1769 496 1854 529 quum

1031 522 1160 558 aliquis
1172 527 1297 557 sumptus
1310 524 1424 550 instituit
1436 532 1493 554 eos.
1510 524 1557 559 qui
1574 529 1647 550 antea
1664 533 1715 551 non
1729 531 1802 551 erant
1814 525 1856 551 in-

1061 561 1161 590 stituti.
1176 569 1226 586 non
1239 569 1324 595 quum
1336 569 1475 587 successor
1485 561 1587 595 aliquid
1600 562 1723 587 immutat
1733 562 1765 588 de
1777 562 1856 588 insti-

1062 598 1126 623 tutis
1139 599 1266 632 priorum.
1288 598 1481 633 Flaccu5,quid
1492 598 1536 624 alii
1549 603 1637 634 postea
1650 598 1744 625 tacturi
1753 604 1853 630 ensem.

1118 672 1174 698 XV.
1198 674 1238 699 34.
1261 673 1314 699 Sed
1330 674 1456 708 quoniam
1472 673 1504 699 de
1519 674 1655 700 communi
1676 673 1757 700 totius
1777 673 1855 700 Asiae

1061 710 1172 736 crimine
1183 710 1285 736 dictum
1297 715 1350 741 est,
1368 710 1509 746 aggrediar
1521 711 1572 737 iam
1584 711 1616 737 ad
1628 710 1750 746 singulas
1761 711 1856 737 civita-

1062 752 1114 774 tes:
1133 756 1165 774 ex
1181 748 1282 782 quibus
1294 748 1329 774 sit
1340 757 1404 774 sane
1416 748 1493 774 nobis
1505 749 1589 783 prima
1600 748 1695 774 civitas
1706 748 1856 775 Acmonen-

1061 785 1108 811 sis.
1150 785 1217 811 Citat
1234 794 1327 820 praeco
1343 794 1405 811 voce
1421 787 1536 812 maxima
1553 785 1652 821 legatos
1664 786 1853 812 Acmonensea.

1062 822 1181 848 Procedit
1193 831 1263 848 unus
1275 822 1456 857 Asclepiades.
1483 823 1620 849 Prodeant.
1647 823 1767 856 Etiamne
1779 831 1856 857 prae-

1061 868 1153 886 conem
1166 861 1270 886 mentiri
1283 860 1412 895 coegisti?
1422 865 1461 887 est
1471 861 1552 892 enim,
1566 860 1653 890 credo,
1667 861 1690 886 is
1702 861 1742 886 vir
1753 861 1811 889 iste,
1825 865 1855 887 ut

1060 897 1176 923 civitatis
1193 906 1287 924 nomen
1304 907 1352 924 sua
1373 898 1526 924 auctoritate
1546 899 1689 929 sustineam
1712 897 1854 924 damnatus

1030 942 1039 966 ι,
1062 935 1225 969 turpissimis
1247 935 1354 961 iudiciis
1375 935 1461 963 domi.
1485 940 1589 962 notatus
1611 935 1704 962 litteris
1721 934 1852 970 publicis:

1038 983 1039 986 ¹
1060 973 1138 998 cuius
1154 972 1186 998 de
1203 973 1319 1006 probris,
1338 972 1476 999 adulteriis
1491 981 1521 999 ac
1532 973 1632 1007 stupris
1643 977 1748 999 exstant
1759 973 1855 999 Acmo-

1037 1103 1038 1106 .
1061 1085 1216 1115 verborum,
1240 1085 1444 1119 praetereundas
1466 1090 1539 1119 puto.

1037 1137 1038 1146 ι
1059 1121 1247 1148 drachmarum
1259 1130 1317 1147 ccvi
1330 1122 1424 1148 millia.

1061 1011 1184 1035 nensium
1203 1010 1315 1036 litterae:
1338 1019 1406 1045 quas
1422 1019 1471 1045 ego
1486 1019 1537 1036 non
1549 1010 1636 1036 solum
1649 1015 1755 1045 propter
1767 1009 1855 1044 tongi-

1061 1047 1190 1076 tudinem,
1204 1047 1251 1073 sed
1262 1048 1340 1073 etiam
1353 1052 1459 1082 propter
1470 1048 1653 1082 turpissimam
1664 1047 1854 1074 obscenitatem

1580 1085 1651 1111 Dixit
1671 1085 1779 1120 publice
1793 1084 1853 1110 data

1464 1123 1535 1148 Dixit
1547 1127 1664 1148 tantum:
1687 1122 1753 1148 nihil
1764 1126 1854 1148 osten-

1059 1159 1111 1190 dit,
1131 1159 1196 1185 nihil
1210 1159 1332 1194 protulit:
1350 1159 1398 1186 sed
1409 1159 1533 1186 adiunxit
1544 1159 1584 1190 id,
1602 1159 1673 1194 quod
1685 1164 1768 1189 certe.
1785 1167 1854 1194 quo—

1061 1197 1131 1223 niam
1152 1202 1207 1223 erat
1226 1197 1417 1227 domesticum.
1440 1197 1534 1223 docere
1554 1196 1655 1227 debuit.
1678 1205 1706 1223 se
1727 1197 1853 1231 privatim

1059 1233 1246 1260 drachmarum
1259 1242 1317 1260 ccvi
1329 1234 1413 1260 millia
1425 1234 1542 1260 dedisse.
1568 1234 1702 1266 Quantum
1715 1234 1767 1260 sibi
1778 1233 1854 1260 abla-

1060 1276 1116 1298 tum
1130 1271 1208 1298 homo
1219 1271 1474 1306 impudentissimus
1485 1271 1562 1302 dicit,
1586 1276 1688 1298 tantum
1705 1279 1853 1306 numquam

1522 1310 1564 1335 35.
1576 1309 1617 1335 Ab
1628 1309 1657 1335 A.
1669 1308 1779 1335 Sextilio
1789 1308 1855 1335 dicit

1058 1355 1087 1372 se
1098 1346 1205 1372 dedisse
1221 1351 1246 1372 et
1262 1354 1276 1372 a
1288 1347 1346 1372 suis
1359 1345 1495 1372 fratribus.
1537 1346 1625 1373 Potuit
1638 1346 1700 1372 dare
1711 1345 1851 1372 Sextilius.

1059 1384 1125 1410 Nam
1138 1383 1230 1410 tratres
1241 1383 1351 1419 quidem
1363 1389 1498 1410 consortes
1509 1388 1573 1410 sunt
1583 1383 1772 1410 mendicitatis.
1797 1384 1853 1409 Au-

1058 1421 1165 1447 diamus
1186 1422 1268 1457 igitur
1288 1421 1446 1447 Sextilium:
1469 1420 1562 1448 fratres
1582 1421 1699 1456 denique
1719 1421 1771 1455 ipsi
1792 1428 1854 1455 pro-

1058 1458 1150 1485 deant:
1164 1467 1246 1493 quam
1259 1458 1355 1489 volent,
1369 1458 1539 1493 impudenter
1550 1459 1725 1485 mentiantur:
1738 1457 1853 1493 et‚quod

1059 1505 1206 1531 numquam
1219 1496 1370 1526 habuerint,
1378 1495 1484 1522 dedisse
1495 1504 1525 1522 se
1535 1495 1638 1522 dicant:
1651 1500 1738 1522 tamen
1749 1494 1852 1530 aliquid

1058 1533 1168 1560 sortasse
1183 1542 1270 1560 coram
1287 1533 1408 1568 producti
1424 1533 1526 1564 dicent,
1549 1534 1577 1560 in
1591 1541 1646 1568 quo
1656 1532 1854 1568 reprehendan-

1058 1575 1110 1597 tur.
1151 1571 1208 1597 Non
1220 1570 1335 1599 deduxi.
1349 1571 1446 1605 inquit.
1460 1570 1614 1597 Sextilium.
1654 1570 1725 1598 Cedo
1735 1569 1851 1596 tabulas.

1057 1609 1115 1634 Non
1127 1608 1274 1643 deportavi.
1305 1608 1410 1634 Fratres
1425 1607 1519 1634 saltem
1535 1608 1642 1634 exhibe.
1674 1608 1731 1634 Non
1747 1607 1854 1634 denun-

1057 1646 1131 1672 tiavi.
1172 1645 1248 1677 Quod
1264 1653 1327 1679 ergo
1342 1653 1413 1671 unus
1428 1645 1614 1679 Asclepiades,
1638 1644 1743 1672 fortuna
1758 1652 1850 1681 egens.

1056 1683 1109 1709 vita
1121 1683 1217 1717 turpis,
1225 1683 1420 1708 existimatione
1431 1682 1582 1713 damnatus,
1594 1681 1761 1717 impudentia
1771 1686 1852 1717 atque

209 1721 270 1746 sinii
284 1720 332 1745 viri
345 1719 529 1755 praefuerunt,
553 1720 609 1755 qui.
623 1729 708 1755 quum
721 1720 880 1755 praedonem
898 1720 1004 1747 nullum
1032 1719 1035 1752 ξ
1056 1720 1165 1746 audacia
1182 1719 1279 1751 fretus,
1302 1720 1360 1746 sine
1376 1718 1488 1749 tabulis,
1511 1720 1569 1746 sine
1580 1725 1686 1746 auctore
1697 1719 1800 1749 iecerit.
1823 1718 1852 1745 id

1033 1755 1034 1782 ἶ
1056 1765 1103 1783 nos
1123 1757 1201 1792 quasi
1222 1757 1323 1783 crimen
1343 1761 1389 1783 aut
1409 1756 1591 1783 testimonium
1613 1755 1853 1792 pertimescamus?

1032 1791 1034 1795 ’
1056 1796 1096 1821 36.
1119 1795 1191 1821 Idem
1214 1794 1406 1824 laudationem,
1428 1802 1509 1829 quam
1526 1802 1574 1821 nos
1589 1794 1622 1820 ab
1637 1793 1851 1820 Acmonensibus

1057 1831 1150 1858 Flacco
1160 1832 1248 1858 datam
1261 1830 1470 1866 proferebamus.
1485 1830 1578 1858 salsam
1590 1840 1650 1858 esse
1660 1831 1774 1858 dicebat.
1797 1830 1851 1858 Cu-

1056 1870 1099 1895 ius
1113 1869 1224 1904 quidem
1242 1868 1401 1895 laudationis
1417 1869 1515 1895 iactura
1531 1868 1680 1903 exoptanda
1696 1869 1774 1895 nobis
1788 1867 1849 1894 suit.

1055 1907 1135 1938 Nam,
1158 1911 1187 1933 ut
1208 1907 1316 1942 signum
1333 1905 1473 1941 publicum
1493 1906 1612 1941 inspexit
1628 1905 1779 1940 praeclarus
1800 1905 1851 1932 iste

1055 1949 1146 1970 auctor
1165 1952 1230 1970 suae
1249 1943 1380 1975 civitatis,
1407 1942 1492 1970 solere
1517 1952 1582 1970 suos
1602 1944 1676 1970 cives
1695 1948 1851 1977 ceterosque

1055 1982 1183 2012 Graecos,
1206 1989 1239 2007 ex
1253 1985 1371 2015 tempore
1385 1980 1459 2015 quod
1474 1989 1543 2016 opus
1554 1981 1602 2012 sit,
1618 1980 1760 2016 obsignare
1770 1979 1849 2007 dixit.

1055 2019 1095 2045 Tu
1107 2027 1169 2045 vero
1180 2018 1228 2045 tibi
1241 2018 1336 2045 habeto
1346 2019 1424 2044 istam
1436 2017 1626 2045 laudationem.
1652 2018 1706 2044 Nec
1716 2018 1787 2044 enim
1799 2017 1851 2044 Ao-

1055 2056 1225 2083 monensium
1242 2056 1394 2082 testimonio
1405 2055 1491 2083 Flacci
1507 2056 1561 2082 vita
1576 2060 1602 2082 et
1616 2055 1733 2091 dignitas
1744 2055 1848 2081 nititur.

1054 2094 1105 2120 Das
1120 2094 1192 2120 enim
1208 2093 1289 2123 mibi,
1311 2093 1384 2128 quod
1401 2092 1465 2120 baec
1479 2101 1574 2120 caussa
1590 2093 1706 2119 maxime
1721 2091 1847 2127 postulat,

1055 2131 1156 2157 nullam
1166 2131 1338 2166 gravitatem,
1361 2129 1463 2157 nullam
1475 2130 1664 2161 constantiam,
1686 2129 1792 2156 nullum
1804 2128 1850 2156 fit·-

1054 2177 1129 2195 mum
1140 2169 1168 2194 in
1175 2168 1284 2195 Graecis
1296 2167 1452 2194 hominibus
1462 2167 1615 2198 eonsilium,
1623 2166 1725 2194 nullam
1731 2166 1850 2201 deniquo

1053 2214 1112 2232 esse
1123 2205 1267 2232 testimonii
1280 2205 1370 2232 fidem.
1391 2205 1450 2232 Nisi
1460 2214 1523 2232 vero
1534 2205 1662 2231 hactenus
1672 2205 1723 2231 ista
1734 2202 1849 2230 formula

1054 2243 1199 2270 testimonii
1215 2247 1295 2278 atque
1309 2243 1436 2269 orationis
1452 2247 1513 2269 tuae
1532 2242 1649 2269 describi
1667 2250 1697 2268 ac
1716 2241 1849 2277 distingui

1054 2285 1149 2315 potest,
1163 2285 1193 2306 ut
1203 2279 1297 2306 Flacco
1307 2280 1411 2306 absenti
1422 2279 1525 2315 aliquid
1535 2280 1657 2306 civitates
1668 2278 1797 2305 tribuisse
1805 2277 1849 2304 di-

1053 2322 1160 2344 cantur:
1183 2317 1274 2344 Laelio
1284 2317 1430 2352 praesenti,
1444 2325 1491 2352 per
1501 2325 1530 2343 se
1540 2316 1642 2352 agenti,
1655 2316 1682 2342 vi
1695 2315 1776 2351 legis
1788 2315 1848 2342 iure

1053 2355 1242 2385 accusationis,
1260 2354 1358 2389 opibus
1370 2359 1503 2389 praeterea
1513 2354 1572 2380 suis
1582 2353 1690 2380 terrenti
1701 2361 1731 2379 ac
1742 2352 1848 2379 minan-

1054 2393 1085 2423 ti,
1104 2391 1172 2418 nihil
1187 2392 1314 2426 temporis
1324 2400 1418 2418 caussa
1429 2391 1570 2426 scripsisse
1581 2395 1626 2416 aut
1636 2390 1795 2426 obsignasse
1805 2389 1849 2416 vi-

1052 2429 1174 2456 deantur.
1186 2429 1254 2455 XVI.
1258 2430 1300 2455 37
1307 2428 1458 2464 Equidem'
1451 2437 1479 2455 in
1490 2428 1611 2454 minimis
1622 2427 1703 2454 rebus
1713 2434 1793 2469 saepe
1803 2434 1846 2453 res

1052 2475 1163 2502 magnas
1174 2466 1244 2498 vidi,
1257 2466 1374 2497 iudices,
1387 2465 1550 2500 deprehendi
1562 2473 1592 2491 ac
1604 2465 1699 2495 teneri,
1716 2465 1784 2490 utin
1795 2463 1846 2490 hoc

1051 2503 1218 2539 Asclepiade.
1259 2503 1342 2534 Haec
1358 2511 1428 2538 quae
1442 2507 1508 2528 esta
1519 2502 1596 2528 nobis
1607 2501 1706 2536 prolata
1718 2500 1843 2531 laudatio,

1028 2543 1029 2546 ’
1051 2541 1190 2577 obsignata
1201 2545 1256 2567 erat
1266 2545 1336 2567 creta
1347 2540 1393 2566 illa
1403 2540 1532 2571 Asiatica;
1554 2547 1623 2574 quae
1639 2538 1694 2565 sere
1708 2543 1749 2564 est
1758 2537 1846 2564 omni-

1051 2578 1102 2604 bus
1118 2583 1178 2605 nota
1195 2578 1285 2604 nobis:
1307 2586 1361 2613 qua
1375 2581 1489 2603 utuntur
1497 2584 1591 2603 omnes
1602 2584 1655 2602 non
1666 2575 1762 2602 modo
1755 2584 1782 2602 ιιι
1793 2583 1845 2610 pu-

1050 2615 1142 2647 blicis,
1155 2615 1202 2641 sed
1213 2616 1292 2641 etiam
1304 2615 1332 2641 in
1343 2614 1454 2649 privatis
1467 2613 1574 2644 litteris,
1582 2622 1660 2655 quas
1671 2612 1791 2648 quotidie
1801 2612 1845 2638 vi-

1049 2653 1146 2679 demus
1157 2652 1227 2678 mitti
1237 2661 1252 2679 a
1264 2651 1429 2695 publicanis,
1446 2659 1526 2685 saepe
1541 2650 1589 2677 uni
1599 2650 1697 2685 cuique
1709 2653 1840 2676 nostrum.

1050 2690 1142 2725 Neque
1153 2690 1225 2716 enim
1237 2690 1313 2716 testis
1324 2690 1382 2724 ipse
1392 2689 1470 2724 signo
1481 2689 1602 2723 inspecto
1611 2686 1711 2714 falsum
1721 2695 1770 2714 nos
1780 2694 1844 2722 pro—
