1941 3052
222 131 284 155 4100
787 130 841 154 ⁴32.
875 129 909 154 M.

218 209 293 225 ruunt
322 204 547 226 remuncrntmrwm
568 200 677 225 locatus:
711 200 839 230 respondi!
855 199 942 230 Sripm
955 203 1010 231 pont

218 239 270 263 alin
287 239 310 262 ιἰι
326 239 384 261 haur
403 239 474 260 rerba
519 235 570 259 Smt
587 243 750 268 quamquam
768 235 1010 269 sapit-ntilmscon—

216 274 327 299 nen-ntia
346 274 400 306 ipsa
419 273 543 297 sartorum
561 272 729 305 egregiorum
743 273 942 307 ainplissinmm
957 272 1010 298 vir-

220 312 282 336 tutis
295 316 332 335 anst
346 310 506 343 prin—minum
532 315 617 334 tantun
633 309 675 334 illa
688 309 779 334 divina
794 311 878 336 virtus
893 319 944 335 non
956 314 1011 335 sta-

219 353 275 374 tuas
298 346 407 380 plumbo
430 346 610 374 inlinere-ntes,
635 355 681 371 nec
697 347 848 380 triumphos
866 348 1010 372 arescenti-
1030 359 1032 364 ·

219 385 268 410 ltus
283 384 392 411 laureis,
407 383 452 407 >ml
466 383 601 408 stabiliora
614 383 746 417 quaedmn
758 389 782 410 vt
795 384 920 410 viridiora
934 393 1009 418 prae-

218 423 329 447 minrum
351 429 446 451 :gt-nem
467 420 609 445 desiderat.
651 422 723 451 Quae
746 421 850 447 tandem
873 423 921 447 ista
937 426 1007 449 sunt,

219 459 304 492 inquit
328 457 450 482 Laelius?
470 458 537 482 Tum
558 458 656 491 Scipio.
682 458 805 484 Patimini
827 467 883 489 me,
911 459 1007 492 inquit,

217 495 340 529 quoniam
355 494 459 520 tertium
475 494 545 520 diem
560 496 610 520 iam
624 494 708 520 feriati
729 504 824 522 sumus
839 501 898 522 —etl
918 502 1008 525 cclvi-u,

216 534 306 565 qinlans
328 534 362 556 m!
386 534 560 557 narrnlitmem
578 535 669 557 munnit'
688 536 766 561 venii,
788 536 879 559 docens
895 535 940 559 illu
959 542 1010 558 esse

215 571 348 595 stabiliora
372 573 393 593 el
415 571 540 594 viridiora
557 572 731 601 praemiorum
753 579 858 603 {jener-u.
875 580 940 604 qtuw
959 573 1010 603 ipse

215 609 316 631 vairs-set
340 615 365 631 m
389 608 457 631 caelo
480 608 550 632 bonis
566 615 649 632 rerum
667 609 830 640 publicarum
847 613 950 634 serrula
970 616 1009 632 re-

215 645 332 669 ctoribus.
373 650 439 672 (tuem
450 651 462 669 1.
474 651 489 670 1.
501 657 518 669 c.
529 651 557 672 4.)

493 691 531 716 18.
554 689 729 715 Sostratum.

214 734 325 755 (Numi-run
337 735 414 757 primua
428 735 488 752 liuius
499 734 531 753 etl.
543 738 610 757 caput.
623 735 702 752 int-uuna
713 735 766 753 hini-
776 736 910 754 numu-tronto*
921 737 1008 754 011011111-
1036 749 1039 758 ‹

248 760 335 782 ›orrlptun
346 763 407 783 cnput
418 763 524 783 nepnrutuu
535 760 898 783 υ11111511111111101111111111η,11·1’11υ14ξ.
910 765 984 783 tinuit.)

270 790 315 816 IX.
337 790 378 824 (l.)
399 791 422 815 9.
445 790 533 820 Quum
555 790 580 815 in
600 789 715 815 Africam
733 791 866 816 venissem
879 791 1009 817 mutiani-
1030 795 1031 798 ’

215 827 249 853 110
265 826 369 853 consuli
385 827 416 852 ad
432 831 553 860 quartam
575 826 705 861 legionem
723 827 860 855 tribunus.
880 832 908 853 ut
922 829 1006 857 scitis,
1030 826 1031 836 ¹

215 864 346 893 militum;
370 864 438 890 1111111
453 863 518 889 1111111
532 865 619 897 potius
633 863 692 893 suit,
706 873 786 898 quam
801 870 828 890 ut
840 865 1008 891 Masinissam

213 902 399 931 convenirem,
423 910 511 935 regem
533 900 649 926 familiae
672 907 774 927 nostrae
791 902 868 928 iustis
884 902 916 927 de
930 911 1009 929 caus-

213 940 252 965 sis
268 939 476 964 amicissimum.
518 938 557 964 Ad
574 947 654 972 quem
669 944 696 965 ιιι
709 940 783 968 veni.
797 939 955 973 complexus
968 949 1008 965 me

213 978 297 1002 s‘euex
318 975 523 1004 collacrimavit,
547 975 738 1010 aliquantoque
760 981 818 1011 post
839 978 961 1010 suspexit
982 978 1006 1002 in

212 1012 326 1042 caelum,
340 1018 378 1042 et,
401 1014 509 1041 Grates,
528 1013 627 1047 inquit,
643 1013 690 1039 tibi
702 1022 764 1048 ago,
777 1022 882 1039 summe
894 1014 948 1043 Sol,
963 1024 1009 1040 vo·
1030 1024 1031 1047 j

215 1049 425 1085 bisqrreseliqui
439 1049 567 1079 Caelites,
581 1051 651 1084 quod
665 1055 738 1081 ante,
756 1060 836 1085 quam
849 1060 881 1076 ex
895 1051 942 1077 bac
955 1052 1007 1077 vita

214 1089 313 1122 migro,
331 1087 468 1121 conspicio
484 1087 509 1112 iu
527 1095 585 1113 meo
596 1096 677 1121 regno
688 1093 713 1114 et
726 1088 767 1113 liis
779 1088 854 1114 tectis
869 1089 896 1114 1’.
909 1088 1008 1115 Cornc-
1030 1096 1031 1104 ¹

215 1125 280 1151 lium
297 1124 463 1158 Scipionem,
481 1125 559 1150 cuius
575 1133 624 1159 ego
640 1125 746 1151 nomine
763 1126 820 1159 ipso
833 1134 948 1152 recreor:
973 1126 1007 1151 ita

214 1170 361 1196 numquam
377 1170 410 1188 ex
426 1162 515 1187 animo
531 1170 590 1187 meo
604 1161 718 1188 discedit
734 1162 807 1188 illius
823 1163 917 1196 optimi
928 1168 1007 1197 atque

215 1199 387 1225 invictissimi
405 1199 455 1224 viri
475 1199 612 1224 memoria.
654 1199 754 1225 Deinde
765 1208 814 1235 ego
826 1199 902 1226 illum
914 1199 947 1226 de
958 1209 1007 1227 suo

213 1245 307 1271 regno,
332 1235 375 1261 ille
393 1244 433 1261 me
449 1235 482 1261 de
500 1240 587 1261 nostra
604 1244 630 1261 re
647 1236 754 1270 publica
771 1242 940 1271 percontatus
952 1242 1004 1264 est:

213 1273 360 1307 multisque
385 1272 474 1298 verbis
500 1272 568 1299 ultro
591 1273 711 1308 citroque
740 1274 838 1300 habitis
860 1274 904 1300 ille
928 1275 1006 1301 nobis

212 1315 388 1344 consumptus
400 1314 439 1335 est
450 1309 518 1336 dies.

268 1352 302 1378 X.
328 1353 366 1377 10.
388 1352 449 1377 Post
464 1356 552 1378 autem
568 1352 640 1387 regio
651 1356 779 1386 apparatu
791 1353 892 1387 accepti
904 1361 1006 1379 sermo-

213 1398 273 1415 nem
299 1390 323 1415 in
347 1388 459 1415 multam
480 1394 584 1415 noctem
605 1389 798 1423 produximus,
821 1398 906 1424 quum
923 1399 1005 1416 senex
1027 1404 1035 1414 =,

212 1426 280 1452 nibil
299 1426 351 1452 nisi
370 1425 402 1452 de
418 1425 543 1453 Africano
560 1425 713 1460 loqueretur
728 1428 872 1462 omniaque
883 1428 942 1453 eius
955 1437 1005 1454 non

212 1463 277 1489 sacta
290 1463 391 1493 solum,
404 1463 451 1490 sed
463 1464 543 1490 etiam
553 1463 623 1490 dicta
635 1465 812 1490 meminisset.
852 1464 962 1495 Deinde,
978 1470 1007 1491 ut

213 1501 335 1527 cubitum
352 1500 542 1531 discessimus.
562 1510 603 1527 me
619 1506 644 1527 et
659 1501 691 1527 de
709 1502 765 1532 via,
783 1507 809 1528 et
823 1503 871 1536 qui
886 1502 918 1528 ad
935 1502 1006 1528 mul-
1027 1516 1028 1521 =

211 1543 265 1564 tam
287 1542 388 1564 noctem
406 1538 575 1573 vigilassem,
599 1538 707 1568 arctior.
725 1547 807 1573 quam
822 1538 938 1570 solebat,
963 1549 1007 1566 so-
1035 1570 1036 1574 Ἰ

211 1584 291 1601 11111115
311 1575 469 1610 complexus
490 1580 538 1602 est.
579 1576 626 1601 Hic
643 1575 710 1601 mihi
726 1576 815 1610 (credo
830 1576 957 1611 equidem
973 1585 1006 1603 ex

212 1612 274 1643 lioc,
293 1612 365 1647 quod
376 1621 483 1639 eramus
496 1612 591 1639 locuti:
615 1612 643 1639 lit
657 1613 728 1639 enim
741 1613 808 1644 fere,
828 1619 856 1640 ut
866 1615 1007 1650 cogitatio-
1028 1635 1029 1640 ,

211 1658 259 1676 nes
275 1658 466 1684 sermonesque
482 1650 565 1676 nostri
581 1650 685 1684 pariant
699 1650 804 1685 aliquid
821 1651 848 1677 in
864 1660 957 1677 somno
968 1656 1007 1678 ta-

212 1686 250 1716 le,
267 1687 346 1721 quale
362 1687 394 1713 de
410 1688 522 1713 Homero
533 1687 628 1713 scribit
638 1688 756 1718 Ennius,
773 1687 806 1714 de
817 1697 871 1723 quo
882 1688 1007 1715 videlicet

211 1725 369 1758 saepissime
381 1724 496 1759 vigilans
509 1724 610 1751 solebat
621 1726 736 1759 cogitare
747 1730 772 1751 et
784 1725 858 1760 loqui
867 1726 884 1760 :)
904 1725 1007 1752 Africa-

211 1770 262 1787 nus
276 1770 304 1787 se
318 1761 434 1788 ostendit
442 1770 473 1788 ea
485 1761 582 1792 forma,
595 1770 664 1796 quae
679 1762 747 1788 mibi
761 1770 795 1788 ex
806 1763 924 1798 imagine
936 1763 1004 1793 eius,

212 1806 294 1833 quam
305 1807 339 1825 ex
350 1799 418 1834 ipso,
432 1803 487 1826 erat
497 1799 595 1831 notior;
618 1807 699 1833 quem
714 1804 743 1826 ut
755 1800 864 1834 agnovi,
878 1800 1005 1835 equidem

212 1835 350 1862 cohorrui:
373 1836 419 1862 sed
432 1836 490 1866 ille,
507 1835 591 1866 Ades,
609 1836 705 1870 inquit,
714 1837 820 1867 animo,
834 1842 860 1863 et
869 1838 960 1863 omitte
973 1839 1006 1864 ti-

211 1880 321 1904 morem,
336 1873 435 1908 Scipio,
449 1878 474 1900 et
484 1882 553 1908 quae
567 1873 664 1903 dicam,
678 1873 751 1899 trade
763 1875 916 1901 memoriae.

266 1913 313 1939 Xt.
335 1914 387 1948 (Π.)
405 1916 443 1940 Μ.
469 1914 585 1940 Videsne
604 1914 678 1940 illam
695 1915 804 1946 urbem,
817 1924 899 1950 quae,
914 1924 1005 1950 parere

211 1950 310 1985 populo
323 1951 442 1977 Romano
459 1956 547 1977 coacta
563 1960 611 1985 per
626 1960 667 1977 me
680 1957 788 1978 renovat
799 1953 912 1986 pristina
923 1953 1002 1983 bella,

213 1996 263 2014 nec
284 1992 370 2022 potest
388 1987 544 2022 quiescere?
567 1988 732 2023 (ostendebat
753 1994 841 2015 autem
862 1990 1005 2026 Karthagi-

211 2033 272 2051 nem
293 2024 326 2051 de
345 2024 452 2052 excelso
472 2030 497 2051 et
512 2025 591 2060 pleno
605 2025 759 2056 stellarum,
778 2026 876 2053 illustri
893 2033 918 2054 et
934 2028 1004 2054 claro

210 2061 328 2096 quodam
349 2061 414 2097 loco)
430 2062 463 2089 ad
478 2071 559 2097 quam
578 2067 606 2089 tu
621 2063 831 2099 oppugnandam
842 2073 914 2091 nunc
927 2067 1003 2091 venis

210 2107 294 2134 paene
311 2099 406 2125 miles?
434 2100 502 2126 hanc
521 2100 570 2126 hoc
587 2100 696 2126 biennio
707 2100 800 2127 consul
812 2106 928 2131 evertes.
941 2103 1004 2129 erit-

209 2144 265 2171 que
279 2145 425 2172 cognomen
440 2137 467 2163 id
487 2137 536 2163 tibi
551 2145 599 2171 per
609 2142 633 2163 te
644 2142 764 2172 partum,
777 2138 849 2173 quod
861 2139 945 2166 habes
956 2140 1004 2166 ad-

210 2173 263 2200 huc
283 2182 297 2200 a
313 2174 390 2200 nobis
407 2174 608 2200 hereditarium.
649 2174 739 2206 Quum
755 2180 844 2202 autem
860 2177 1004 2212 Karthagi-

209 2219 272 2237 nem
291 2211 437 2242 deleveris,
460 2212 631 2246 triumphum
646 2213 733 2247 egeris
751 2221 900 2248 censorque
919 2213 1002 2240 fueris

207 2253 234 2274 et
248 2248 348 2275 obieris
364 2248 466 2284 legatus
482 2249 646 2284 Aegyptum,
663 2249 783 2285 Syriam,
799 2251 905 2282 Asiam,
919 2251 1003 2278 Grae-

208 2286 291 2316 ciam,
311 2285 429 2321 deligere
446 2287 542 2312 iterum
556 2295 611 2312 cos.
629 2287 726 2313 absens
742 2287 900 2323 bellumque
915 2290 1002 2315 maxi-

208 2331 282 2349 mum
298 2323 436 2354 conficies,
464 2324 636 2350 Numantiam
660 2324 779 2351 excides.
838 2325 890 2351 Sed
915 2334 1001 2361 quum

207 2360 260 2386 eris
275 2369 355 2386 curru
371 2360 533 2395 Capitolium
549 2362 686 2391 invectus,
703 2361 822 2388 offendes
840 2371 897 2389 rem
908 2363 1001 2398 publi-

206 2405 264 2423 cam
275 2397 456 2431 perturbatam
467 2398 588 2425 consiliis
600 2399 704 2433 nepotis
714 2399 777 2425 mei.

260 2434 318 2461 XII.
343 2437 381 2461 12.
399 2436 447 2461 Hic
462 2440 503 2466 tu,
522 2435 658 2466 Africane,
676 2436 800 2462 ostendas
810 2437 943 2471 oportebit
953 2446 1001 2473 pa-

207 2471 270 2496 triae
284 2471 373 2498 lumen
385 2473 482 2503 animi,
501 2473 604 2508 ingenii
615 2472 777 2508 consiliique
788 2474 838 2500 tui.
877 2474 930 2501 Sed
940 2475 1000 2501 eius

207 2509 333 2541 temporis
344 2510 488 2544 ancipitem
503 2510 581 2536 video
592 2511 670 2544 quasi
683 2509 796 2536 fatorum
807 2511 890 2538 viam.
931 2512 998 2538 Nam

206 2551 291 2577 quum
306 2550 377 2571 aetas
393 2551 436 2573 tua
452 2551 577 2582 septenos
591 2548 675 2573 octies
690 2547 755 2573 solis
771 2547 915 2575 amfractus
926 2549 999 2575 redi-

206 2585 303 2615 tusque
318 2584 488 2614 converterit,
506 2583 614 2619 duoque
626 2584 654 2610 hi
665 2585 784 2613 numeri,
796 2594 911 2620 quorum
925 2591 999 2613 uter-

205 2625 258 2651 que
269 2617 378 2652 plenus,
396 2620 461 2646 alter
472 2621 552 2648 altera
563 2621 597 2648 de
610 2630 705 2648 caussa
714 2642 720 2653 ‚
738 2621 865 2653 habetur,
882 2624 996 2651 circuitu

205 2654 319 2682 naturali
342 2664 476 2684 summam
504 2658 554 2685 tibi
578 2658 684 2686 fatalem
703 2658 880 2688 confecerint:
925 2662 953 2688 in
973 2667 997 2689 te

944 128 973 153 T.
1005 128 1278 155 CtCEitONts

1064 208 1146 225 unum
1163 204 1241 233 atque
1259 200 1284 225 in
1298 204 1372 225 tuum
1385 207 1480 226 nomen
1496 208 1524 225 110
1537 204 1587 226 tota
1598 205 1733 227 convertet
1743 201 1853 227 civim:

1063 243 1085 262 tn·
1102 242 1223 265 senatus,
1249 241 1273 262 te
1291 245 1383 262 omnes
1396 236 1472 266 boni.
1495 242 1519 262 te
1531 238 1610 267 socii.
1633 243 1657 264 te
1670 239 1755 264 Latini
1769 239 1856 265 intue-

1063 274 1175 299 buntur:
1209 279 1236 299 tu
1252 274 1305 299 eris
1321 282 1404 302 unus,
1427 274 1451 300 in
1462 282 1516 308 quo
1528 275 1626 301 nitatur
1635 276 1752 301 civitatis
1767 275 1853 305 salus,

1062 321 1091 336 av
1108 320 1139 336 ne
1156 310 1252 339 multa.
1265 310 1377 336 dictator
1392 319 1446 337 rem
1463 311 1599 346 publicam
1616 313 1762 338 constituas
1777 321 1857 347 opor-

1063 353 1110 377 tet.
1131 348 1153 373 si
1171 347 1268 382 impias
1284 348 1496 383 propinquorum
1514 357 1609 375 nianus
1626 350 1762 383 effugeris.
1808 350 1855 376 uie

1061 394 1146 419 quum
1167 385 1343 411 exclamasset
1359 385 1478 415 Laelius,
1504 386 1753 422 ingemuissentque
1775 387 1856 413 ceteri

1038 438 1039 448 l
1064 423 1262 453 vehementium
1287 422 1381 448 leniter
1391 415 1618 458 arridenss‘cipto.
1631 424 1743 455 Quaeso.
1759 424 1855 458 inquit,

1063 469 1147 485 1101110
1162 469 1279 486 esomno
1289 460 1421 490 excitetis,
1435 465 1460 487 et
1471 461 1603 495 rumpatis
1616 461 1736 491 visum⁸3
1765 460 1855 487 audite

1061 502 1156 522 veteru.

1117 534 1184 560 Xlll.
1207 534 1271 567 (nt.)
1294 536 1332 560 tzt.
1355 534 1407 560 Sed
1423 543 1477 569 quo
1489 535 1540 561 sis.
1555 534 1685 562 Africano.
1702 534 1813 561 alacrior
1823 535 1856 561 ad

1063 571 1202 597 tutandum
1221 580 1274 597 rem
1293 571 1443 606 publicam,
1462 572 1501 597 sic
1518 572 1626 598 habeto:
1649 572 1790 601 omnibus,
1807 573 1856 607 qui

1062 609 1174 643 patriam
1198 609 1395 638 conservarint,
1417 608 1583 637 adiuverint.
1601 610 1738 639 auxerint,
1755 614 1856 635 certum

1030 637 1032 660 l
1062 654 1119 672 esse
1138 647 1163 672 in
1181 645 1253 671 caelo
1265 646 1406 672 delinitum
1420 646 1520 676 locum,
1540 646 1585 672 ubi
1598 646 1667 672 beati
1679 655 1745 672 aevo
1756 647 1856 681 sempi-

1062 689 1135 709 terno
1151 682 1286 709 truantur:
1315 683 1382 709 nibil
1399 688 1438 710 est
1454 684 1526 710 enim
1544 683 1581 709 illi
1599 684 1715 718 principi
1727 683 1790 713 deo,
1808 685 1855 718 qui

1060 730 1166 747 omnem
1187 721 1258 746 ltunc
1275 720 1406 747 mundum
1423 722 1504 754 regit,
1526 721 1598 756 quod
1614 720 1724 756 quidem
1743 721 1768 747 in
1781 722 1857 747 terri>

1061 758 1118 788 liat,
1143 758 1291 792 acceptius,
1311 767 1392 792 quam
1413 758 1526 784 concilia
1547 763 1692 793 coetusque
1717 758 1856 784 hominum

1061 796 1118 821 iure
1139 796 1245 824 sociati,
1267 804 1336 830 quae
1356 796 1478 822 civitates
1499 795 1680 830 appellantur:
1704 795 1799 822 harum
1816 804 1858 822 re—

1059 838 1144 858 ctores
1160 838 1184 858 et
1199 838 1398 859 conservatores
1415 833 1477 859 binc
1488 833 1597 867 protecti
1614 833 1664 858 huc
1677 838 1856 859 revertuntur.

1116 870 1185 896 XIV.
1211 871 1248 896 tt.
1272 871 1318 896 llic
1337 879 1399 905 egr).
1418 871 1468 896 etsi
1486 879 1558 896 eram
1571 871 1728 905 perterritus
1739 879 1791 897 non
1803 875 1855 896 tam

1062 912 1132 933 metu
1150 908 1254 936 mortis,
1277 916 1358 942 quam
1375 907 1534 933 insidiarum
1550 917 1563 933 a
1581 908 1660 938 meis,
1677 908 1801 942 quaesivi
1818 912 1857 934 ta-

1061 954 1135 974 men,
1155 945 1291 971 viveretne
1304 945 1361 979 ipse
1373 950 1398 971 et
1410 944 1519 971 Paullus
1531 950 1604 979 pater
1615 944 1711 975 etalii,
1728 953 1797 979 quos
1809 953 1856 971 nos

1060 982 1205 1008 exstinctos
1221 982 1420 1008 arbitraremur.
1461 983 1545 1008 Immo
1565 991 1640 1012 vero,
1661 983 1762 1017 inquit.
1783 982 1800 1008 ii
1816 983 1857 1008 vi-

1062 1023 1139 1048 vunt,
1157 1020 1205 1053 qui
1224 1028 1257 1045 ex
1273 1028 1414 1054 corporum
1427 1019 1558 1049 vinculis,
1577 1024 1712 1054 tamquam
1724 1028 1738 1045 e
1752 1027 1856 1045 carcere

1060 1056 1247 1082 evolaverunt:
1272 1062 1357 1082 vestra
1375 1066 1444 1086 vero,
1459 1066 1527 1091 quae
1541 1056 1649 1083 dicitur.
1665 1057 1716 1082 vita
1729 1061 1855 1083 mors-est.

1059 1092 1129 1124 Quin
1147 1099 1174 1119 tu
1192 1094 1291 1128 aspicis
1311 1094 1344 1119 ad
1365 1099 1389 1120 te
1413 1095 1564 1120 venientem
1588 1093 1711 1119 Paullum
1736 1093 1857 1128 patrem‘?

1059 1132 1144 1162 Quem
1169 1130 1216 1156 ubi
1232 1131 1302 1161 vidi,
1326 1131 1452 1165 equidem
1469 1132 1524 1156 vim
1543 1130 1714 1157 lacrimarum
1730 1130 1852 1165 protud12

1061 1167 1105 1193 ille
1121 1172 1209 1194 autem
1229 1177 1271 1194 me
1286 1168 1444 1203 complexus
1459 1174 1539 1203 atque
1556 1168 1682 1195 osculans
1693 1167 1754 1194 flere
1764 1168 1857 1202 probi-

1036 1204 1037 1222 3
1060 1205 1148 1231 bebat.

1115 1243 1172 1268 XV.
1198 1244 1236 1268 45.
1249 1243 1336 1277 Atque
1352 1250 1402 1277 ego
1417 1247 1446 1269 ut
1457 1243 1584 1277 primum,
1599 1241 1661 1269 fletu
1672 1250 1802 1277 represso,
1816 1241 1856 1269 lo-

1058 1280 1105 1314 qui
1122 1287 1200 1314 posse
1215 1281 1305 1314 coepi,
1323 1280 1428 1312 Quaeso
1439 1281 1566 1315 inquam,
1580 1285 1668 1315 pater,
1685 1280 1856 1306 sanctissime

1058 1322 1138 1352 atque
1153 1317 1268 1351 optime,
1293 1318 1421 1352 quoniam
1440 1317 1505 1344 haec
1516 1323 1555 1344 est
1566 1318 1633 1348 vita,
1657 1322 1686 1344 ut
1697 1316 1855 1343 Africanum

1057 1354 1138 1381 audio
1147 1354 1245 1383 dicere,
1258 1354 1325 1390 quid
1337 1363 1424 1381 moror
1435 1354 1565 1381 interris?
1583 1355 1650 1390 quin
1657 1354 1749 1381 hucad
1756 1362 1803 1381 vos
1810 1362 1857 1381 ve-

1059 1393 1116 1418 nire
1137 1391 1269 1426 propero‘!
1298 1393 1357 1418 Non
1379 1397 1419 1419 est
1439 1393 1488 1424 ita,
1507 1393 1595 1427 inquit
1610 1391 1665 1419 ille.
1707 1392 1765 1418 Nisi
1783 1392 1856 1418 enim

1057 1429 1124 1455 deus
1136 1430 1172 1460 is,
1188 1430 1266 1456 cuius
1279 1429 1328 1456 boc
1338 1429 1469 1464 templum
1481 1434 1521 1456 est
1531 1438 1619 1460 omne,
1632 1429 1854 1464 quodconspicis,

1058 1467 1117 1493 istis
1133 1472 1157 1493 te
1172 1468 1291 1501 corporis
1307 1467 1438 1493 custodiis
1455 1467 1621 1498 liberaverit,
1639 1467 1693 1493 huc
1705 1466 1755 1493 tibi
1766 1465 1856 1492 aditus

1058 1509 1147 1539 patere
1159 1513 1210 1530 non
1222 1510 1317 1539 potest.
1345 1505 1471 1531 Homines
1484 1505 1557 1530 enim
1567 1509 1631 1531 sunt
1642 1504 1691 1531 hac
1702 1503 1760 1540 lege
1771 1512 1855 1540 gene-

1059 1542 1117 1571 rati.
1132 1543 1179 1576 qui
1191 1547 1328 1568 tuerentur
1340 1541 1416 1568 illum
1428 1542 1550 1577 globum,
1563 1550 1644 1577 quem
1656 1543 1683 1568 in
1695 1541 1745 1568 hoc
1757 1540 1856 1576 templo

1059 1579 1179 1605 medium
1201 1579 1290 1610 vides,
1313 1588 1382 1614 quae
1403 1584 1471 1606 terra
1486 1579 1599 1606 dicitur:
1632 1579 1728 1614 bisque
1747 1579 1855 1605 animus

1059 1616 1139 1642 datus
1154 1621 1194 1643 est
1209 1625 1242 1643 ex
1253 1616 1309 1643 illis
1320 1617 1493 1651 sempiternis
1505 1616 1630 1652 ignibus,
1647 1625 1716 1651 quae
1731 1615 1819 1643 sidera
1830 1620 1856 1642 et

1058 1653 1149 1680 stellas
1170 1655 1284 1683 vocatis;
1317 1662 1385 1689 quae
1405 1653 1531 1689 globosae
1547 1659 1572 1680 et
1587 1653 1730 1684 rotundae,
1751 1653 1855 1680 divinis

1028 1711 1036 1724 ,¹
1058 1691 1190 1717 animatae
1209 1691 1359 1722 mentibus,
1381 1692 1466 1717 circos
1484 1700 1548 1718 suos
1563 1691 1696 1725 orbesque
1709 1690 1856 1717 conficiunt

1035 1759 1036 1762 Ἰ
1059 1728 1194 1755 celeritate
1210 1727 1340 1754 mirabili.

1380 1727 1467 1760 Quare
1479 1733 1504 1754 et
1515 1728 1578 1759 tibi,
1592 1728 1682 1759 Publi,
1695 1733 1722 1754 et
1731 1728 1785 1762 piis
1795 1736 1855 1754 om-

1028 1765 1036 1784 ¹l
1058 1765 1139 1792 nibus
1151 1765 1307 1792 retinendus
1318 1770 1358 1792 est
1371 1766 1478 1792 animus
1490 1766 1517 1791 in
1528 1765 1648 1791 custodia
1655 1766 1787 1800 corporis:
1805 1773 1855 1791 nec

1058 1804 1164 1828 iniussu
1176 1803 1249 1833 eius,
1267 1812 1280 1829 a
1292 1811 1346 1838 quo
1358 1802 1403 1829 ille
1414 1808 1454 1829 est
1466 1803 1543 1829 vobis
1554 1802 1647 1833 datus,
1664 1811 1698 1829 ex
1712 1802 1854 1829 hominum

1057 1840 1111 1866 vita
1124 1839 1296 1875 migrandum
1308 1845 1360 1870 est,
1375 1848 1407 1866 ne
1419 1849 1519 1866 munus
1531 1840 1855 1875 humanumassignatum

1057 1886 1070 1903 a
1083 1876 1132 1903 deo
1148 1877 1286 1913 defugisse
1296 1877 1454 1903 videamini.
1496 1877 1549 1904 Sed
1563 1878 1615 1908 sic,
1628 1876 1733 1912 Scipio,
1746 1882 1775 1903 ut
1786 1885 1854 1903 avus

1058 1915 1102 1940 hic
1114 1919 1189 1945 tuus,
1204 1919 1300 1950 utego,
1312 1915 1361 1950 qui
1375 1920 1399 1941 te
1413 1915 1505 1950 genui,
1519 1909 1651 1941 iuthiam
1665 1914 1721 1941 cole
1732 1919 1757 1940 et
1768 1914 1854 1949 pieta-

1033 1956 1035 1985 ξ
1057 1956 1124 1978 tem:
1156 1960 1225 1987 quae
1241 1960 1327 1987 quum
1341 1952 1377 1978 sit
1388 1960 1485 1988 magna
1496 1952 1524 1978 in
1535 1951 1692 1987 parentibus
1706 1956 1732 1978 et
1741 1952 1854 1986 propin·

1056 1990 1128 2024 quis,
1142 1994 1198 2015 tum
1211 1989 1238 2015 in
1249 1990 1334 2024 patria
1345 1990 1463 2016 maxima
1475 1994 1528 2016 est:
1551 1998 1581 2015 ea
1592 1989 1646 2016 vita
1658 1990 1702 2016 via
1713 1989 1854 2016 estincae-

1057 2026 1112 2052 lum
1124 2030 1150 2052 et
1162 2027 1190 2053 in
1202 2026 1275 2053 bunc
1285 2031 1390 2053 coetum
1401 2035 1504 2057 eorum,
1516 2027 1565 2062 qui
1571 2027 1625 2053 iam
1632 2027 1854 2053 vixeruntetcor-

1055 2072 1118 2098 pore
1130 2063 1210 2090 laxati
1225 2063 1303 2090 illum
1316 2063 1436 2090 incolunt
1447 2063 1545 2094 locum,
1557 2072 1640 2099 quem
1651 2063 1741 2090 vides:

1111 2101 1181 2127 XVI.
1205 2103 1244 2127 ⁴6.
1259 2101 1322 2135 (erat
1346 2106 1435 2128 autem
1458 2102 1481 2127 is
1499 2101 1722 2136 splendidissimo
1737 2100 1853 2128 candore

1055 2139 1124 2164 inter
1132 2137 1252 2165 flammas
1262 2138 1372 2165 elucens
1382 2139 1480 2170 circus,
1489 2147 1570 2174 quem
1582 2147 1639 2170 vos,
1652 2143 1682 2165 ut
1692 2138 1853 2166 aGraiisac-

1054 2176 1179 2210 cepistis,
1197 2176 1290 2202 orbem
1309 2176 1422 2203 lacteum
1439 2176 1629 2211 nuncupatis:)
1647 2184 1682 2202 ex
1696 2184 1751 2211 quo
1760 2176 1851 2202 omnia

1055 2213 1124 2239 mihi
1144 2213 1336 2248 contemplanti
1357 2213 1492 2248 praeclara
1511 2218 1597 2240 cetera
1617 2218 1644 2240 et
1657 2212 1792 2240 mirabilia
1807 2214 1850 2239 vi-

1054 2250 1197 2277 debantur.
1237 2251 1320 2277 Erant
1335 2255 1425 2278 autem
1439 2259 1486 2277 eae
1496 2250 1603 2280 stenae.
1620 2259 1688 2286 quas
1699 2258 1849 2284 numquam

1054 2295 1088 2314 ex
1104 2287 1154 2314 hoc
1170 2287 1226 2314 loco
1242 2288 1376 2319 vidimus,
1398 2293 1424 2314 et
1441 2297 1487 2314 eae
1502 2288 1705 2324 magnitudines
1714 2287 1847 2317 omnium.

1053 2333 1121 2359 quas
1132 2333 1191 2351 esse
1203 2334 1353 2360 numquam
1364 2326 1495 2360 suspicati
1505 2333 1615 2352 sumusx
1638 2333 1672 2352 ex
1681 2324 1783 2360 quibus
1793 2330 1850 2351 erat

1054 2361 1098 2388 illa
1111 2363 1233 2393 minima,
1246 2371 1316 2398 quae
1327 2363 1422 2389 ultima
1433 2362 1515 2393 caelo,
1527 2363 1619 2389 citima
1630 2362 1721 2393 terris,
1735 2361 1794 2388 luce
1806 2361 1849 2388 lu-

1052 2399 1129 2426 cebat
1143 2399 1240 2426 aliena.
1281 2399 1425 2427 Stellarum
1445 2405 1535 2426 autem
1548 2399 1623 2435 globi
1643 2404 1726 2425 terrae
1741 2400 1848 2434 magni-

1052 2436 1175 2463 tudinem
1195 2437 1274 2464 facile
1294 2437 1448 2464 vincebant.
1488 2438 1544 2464 Iam
1564 2437 1622 2471 ipsa
1643 2441 1711 2462 terra
1726 2437 1762 2463 ita
1777 2436 1848 2462 mihi

1050 2482 1133 2509 parva
1148 2475 1206 2501 visa
1221 2479 1274 2505 est,
1291 2480 1322 2502 ut
1334 2484 1376 2501 me
1387 2475 1495 2509 imperii
1505 2474 1602 2504 nostri,
1620 2481 1674 2508 quo
1683 2474 1763 2508 quasi
1776 2482 1848 2508 pun-

1050 2516 1123 2538 ctum
1135 2512 1195 2538 eius
1206 2513 1374 2548 attingimus,
1387 2512 1544 2547 poeniteret.

1106 2549 1188 2576 XVII.
1215 2550 1278 2585 (tv.)
1306 2551 1346 2576 Π,
1377 2549 1462 2581 Quam
1493 2556 1578 2583 quum
1603 2548 1691 2582 magis
1716 2548 1843 2577 intuerer,

1049 2585 1167 2618 Quaeso,
1185 2587 1276 2622 inquit
1285 2586 1441 2616 Africanus,
1458 2593 1601 2620 quousque
1612 2584 1689 2611 humi
1701 2584 1789 2611 defixa
1800 2589 1846 2611 tua

1049 2631 1126 2650 mens
1136 2623 1204 2650 erit?
1234 2625 1328 2650 Nonne
1343 2624 1456 2659 aspicis,
1477 2630 1546 2658 quae
1561 2623 1589 2648 in
1604 2621 1704 2656 templa
1721 2621 1846 2648 veneris?

1050 2661 1152 2687 Novem
1178 2661 1229 2688 tibi
1247 2661 1360 2688 orbibus
1376 2659 1418 2688 vel
1433 2660 1524 2696 potius
1540 2659 1630 2696 globis
1644 2667 1764 2686 connexa
1781 2663 1845 2686 sunt
