1941 3052
827 100 867 123 813.
902 97 937 123 Μ.

256 100 304 126 762

256 174 379 204 sumptu,
398 178 404 193 c
419 178 478 194 uem
496 174 519 194 t·-
537 169 562 194 in
580 176 633 193 rem
651 166 793 193 militarem
812 167 896 193 faeere
912 172 938 193 et
954 167 1048 193 fecisse

255 178 414 236 ‹licin,11il1il

255 250 279 269 et
290 244 372 269 orbus
384 248 504 271 sentitus,
522 241 680 267 «wmsulilius
696 242 817 272 amissis,
835 246 860 267 et
877 242 1049 268 incredibiles
1070 248 1072 263 ἲ

255 281 394 313 angustiae
407 280 535 314 potumim-
548 278 671 312 publieae
681 299 686 308 ,
704 287 772 313 quae
788 279 958 313 conquiritur
969 279 1050 305 undi-

254 327 320 352 que,
340 322 367 343 ut
378 317 478 350 optime
491 316 593 341 meritis
606 315 738 342 militibus
750 316 880 350 promissa
895 315 1046 347 solvantur,

254 354 325 389 quod
338 355 447 388 quidem
461 354 517 379 lieri
529 354 586 379 sine
599 353 698 379 tributo
709 362 787 387 posse
802 362 853 379 non
869 353 991 380 arbitror.
1023 355 1047 380 5.

255 393 289 417 lle
302 391 370 417 Attio
378 391 503 425 Dionysio
516 390 583 416 nihil
596 395 660 424 puto
671 399 744 417 esse:
757 391 885 425 quoniam
901 391 967 416 mihi
981 391 1048 417 nihil

254 429 323 454 dixit
338 428 492 454 Stratorius.
534 428 569 453 De
586 428 613 454 1¹.
632 428 745 454 Lucceio
767 428 833 454 nihil
856 428 905 454 tibi
921 428 1047 458 concedo,

253 475 307 500 quo
327 465 472 491 studiosior
487 465 547 491 eius
563 465 614 496 sis,
637 474 719 499 quam
735 474 784 500 ego
799 474 871 492 sum.
912 466 958 492 Est
977 466 1048 492 enim

255 503 332 529 nobis
349 503 527 529 necessarius.
569 502 621 528 Sed
636 512 648 528 a
661 502 798 537 magistris
809 511 893 537 quum
905 503 1050 529 contende-

255 549 309 566 rem
325 539 358 565 de
375 539 534 574 proferendo
549 539 607 570 die,
625 539 807 574 probaverunt
823 540 890 566 mihi
906 549 978 570 sese,
996 549 1050 575 quo

255 578 344 603 minus
356 577 383 603 id
396 576 524 608 facerent,
538 581 563 603 et
573 578 766 611 compromisso
778 582 803 603 et
815 577 987 604 iureiurando
999 579 1050 604 im-

255 614 351 649 pediri.
391 614 478 646 Quare
491 614 655 640 veniendum
666 615 780 640 arbitror
791 615 915 641 Lucceio.
949 616 1050 647 Quam-

253 698 310 724 ¹ges,
324 689 402 715 illum
414 689 511 715 Romae
523 698 582 715 esse
592 689 734 723 oportebit.
757 691 782 716 6.
798 690 899 715 Ceteris
911 690 944 716 de
955 690 1046 720 rebus,

254 727 426 762 maximeque
442 726 475 752 de
491 727 619 760 pecunia,
638 735 724 761 quum
737 727 836 752 Pansae
848 732 959 753 mortem
973 728 1049 763 igno-

253 772 334 794 rares,
349 764 493 798 scripsisti,
510 772 580 798 quae
591 772 638 798 per
649 773 696 790 nos
708 763 741 790 ab
751 772 782 790 eo
792 765 922 799 consequi
935 769 958 791 te
970 773 1048 799 posse

253 801 421 828 arbitrarere.
452 800 525 833 Quae
537 806 561 827 te
576 810 627 827 non
640 800 808 831 fefellissent,
821 802 842 827 si
857 802 972 828 viveret.-
987 810 1048 828 nam
1070 823 1073 829 .

254 843 277 865 tc
289 838 429 874 diligebat.
471 838 531 864 Post
543 843 652 865 mortem
669 843 756 864 autem
769 839 828 864 eius
839 839 905 873 quid
919 840 974 865 ficri
987 848 1050 874 pos-

253 881 306 907 set,
324 885 376 903 non
389 875 560 902 videbamus.
600 877 626 901 7.
643 876 678 902 De
691 875 832 906 Venuleio,
847 877 952 907 Latino,
967 877 1049 902 llora-

253 914 298 944 tio,
313 913 390 940 valde
404 912 492 939 laudo.
519 912 587 939 lllud
600 922 651 939 non
663 913 778 939 nimium
789 913 881 948 probo,
898 914 970 949 quod
981 915 1049 940 scri-

211 966 215 973 ·
255 951 311 981 bis,
325 960 378 986 quo
395 950 435 976 illi
447 951 536 976 animo
547 951 673 985 aequiore
684 950 795 981 ferrent,
815 955 838 977 te
851 952 904 977 tuis
915 952 996 977 etiam
1010 951 1048 977 le·

252 989 322 1024 gatis
333 988 438 1015 lictores
450 987 594 1014 ademisse.
612 988 714 1014 Honore
725 989 798 1014 enim
810 988 886 1024 digni
897 997 958 1015 eum
972 990 1049 1024 igno-

253 1026 337 1052 minia
350 1025 442 1061 dignis
454 1034 505 1051 non
520 1030 595 1052 erant
605 1025 792 1060 comparandi:
813 1034 913 1061 eosque
924 1035 958 1053 ex
969 1035 1049 1052 sena-

253 1069 296 1090 tus
307 1063 438 1094 consulto,
451 1063 474 1089 si
486 1071 537 1089 non
549 1062 692 1093 decedunt,
705 1062 853 1098 cogendos,
868 1068 896 1090 ut
906 1063 1045 1094 decedant,

253 1137 297 1172 plo
308 1138 385 1165 binas
397 1137 498 1172 accepi.
539 1138 573 1163 De
589 1137 694 1172 reliquo
709 1137 792 1165 velim
807 1138 856 1164 tibi
872 1139 1045 1173 persuadeas,

253 1184 305 1202 non
316 1184 375 1203 esse
389 1174 458 1202 mihi
470 1183 556 1202 meam
568 1174 728 1211 dignitatem
740 1180 784 1203 tua
794 1176 934 1203 cariorem.

549 1266 750 1281 —--·4·›--*-

627 1397 668 1422 83.

325 1459 463 1488 LIBER
501 1459 716 1488 DECIMUS
756 1460 972 1490 TERTIUS.

302 1578 320 1599 1.
337 1579 414 1600 ΛΚΘ.
433 1579 452 1600 Α
468 1579 583 1603 Memmio,
599 1578 636 1606 qui
652 1579 758 1605 Athenis,
774 1579 813 1600 uhi
827 1580 943 1601 damnatus
957 1580 1006 1605 lege
1019 1581 1047 1601 ‹le

249 1613 334 1634 ambitu
349 1614 388 1639 (ad
402 1613 471 1635 Attin.
483 1616 516 1638 IV,
528 1616 572 1639 18.)
587 1614 717 1639 exsulabat,
733 1617 785 1636 unte
799 1615 914 1636 Ciceronis
929 1616 1044 1636 adveutum

249 1648 370 1674 Mitylenen
379 1648 521 1673 discesserat,
529 1648 564 1670 his
575 1649 659 1670 litteris
670 1650 734 1677 petit,
741 1650 797 1670 utin
808 1650 901 1675 gratiam
911 1657 958 1671 curn
965 1652 1045 1672 Patro-

250 1690 276 1704 ne
287 1683 394 1711 Epicureo
403 1684 479 1704 redeat
488 1683 552 1711 eique
561 1683 633 1705 locum
643 1685 756 1710 concedat,
767 1685 805 1705 ubi
812 1685 921 1712 Epicurus
931 1685 1045 1706 habituve-

249 1721 291 1739 rut.
320 1720 415 1743 (Athenis,
425 1721 482 1742 nuso,
492 1721 584 1739 Marcello
594 1728 640 1739 coss.
653 1721 708 1743 703.)

377 1764 413 1790 M.
435 1764 465 1790 T.
487 1763 517 1791 C.
542 1764 570 1791 S.
591 1765 621 1791 P.
642 1765 673 1791 D.
695 1764 724 1791 C.
746 1765 915 1792 MEMMIO.

306 1810 328 1835 l.
351 1805 412 1835 Etsi
428 1818 480 1836 non
494 1810 559 1836 satis
573 1810 641 1836 mihi
657 1810 823 1841 constiterat,
841 1819 903 1836 cum
919 1809 1044 1845 aliquane

250 1846 333 1872 animi
345 1847 398 1872 mei
409 1846 545 1878 molestia,
563 1855 596 1873 an
612 1848 701 1882 potius
718 1847 832 1873 libenter
843 1852 868 1874 te
877 1847 991 1874 Athenis
1002 1848 1045 1874 vi-

249 1891 329 1909 surus
339 1892 437 1914 essem,
449 1883 522 1918 quod
532 1884 640 1915 iniuria,
653 1893 735 1919 quam
747 1885 888 1920 accepisti,
900 1884 991 1911 dolore
1002 1894 1044 1911 me

249 1919 374 1949 afficeret,
387 1921 518 1955 sapientia
530 1925 584 1952 tua,
597 1930 650 1956 qua
662 1921 715 1948 fers
727 1922 863 1952 iniuriam,
879 1921 991 1948 laetitia:
1004 1927 1045 1949 ta-

249 1965 311 1983 men
323 1957 426 1984 vidisse
438 1962 462 1984 te
472 1957 591 1984 mallem.
618 1959 684 1985 Nam
696 1959 768 1994 quod
780 1964 820 1985 est
831 1959 977 1990 molestiae,
991 1969 1043 1986 non

248 2003 312 2021 sane
324 1994 408 2021 multo
420 1994 508 2022 levius
519 2000 570 2027 est,
589 2004 674 2030 quum
690 2001 714 2022 te
728 2005 780 2023 non
792 1996 885 2023 video:
901 1997 974 2032 quod
985 2006 1043 2023 esse

248 2032 335 2066 potuit
346 2032 505 2067 voluptatis,
523 2037 608 2064 certe,
626 2034 649 2059 si
661 2033 792 2060 vidissem
808 2039 846 2064 te,
864 2034 926 2069 plus
938 2033 1043 2062 fuisset.

248 2070 339 2104 ltaque
351 2078 402 2095 non
415 2069 545 2096 dubitabo
556 2070 619 2096 dare
630 2079 748 2105 operam,
757 2076 786 2097 ut
797 2076 821 2097 te
832 2071 949 2102 videam,
958 2080 1042 2106 quum

248 2106 276 2132 id
291 2107 356 2132 satis
372 2107 511 2133 commode
527 2107 612 2134 facere
628 2113 729 2143 potero.
769 2109 884 2139 Interea,
908 2109 980 2144 quod
996 2118 1045 2144 per

249 2143 349 2170 litteras
370 2149 395 2171 et
413 2145 456 2180 agi
476 2149 566 2171 tecum
581 2150 619 2176 et,
642 2150 671 2171 ut
685 2145 812 2176 arbitror,
834 2146 930 2172 confici
947 2151 1041 2181 potest,

248 2189 325 2216 agam
336 2190 417 2208 nunc.
458 2184 482 2208 Ξ.
504 2182 542 2208 Ac
553 2187 578 2208 te
588 2182 656 2208 illud
667 2183 786 2217 primum
803 2184 915 2219 rogabo,
933 2192 966 2210 ne
976 2184 1044 2218 quid

248 2219 351 2244 invitus
366 2227 425 2245 mea
441 2227 536 2246 caussa
552 2219 647 2246 facias:
663 2220 711 2246 sed
728 2220 769 2251 id,
787 2221 860 2256 quod
872 2229 930 2247 mea
942 2221 1044 2247 intelli-

247 2264 304 2291 ges,
317 2260 362 2282 tua
373 2256 476 2282 nullam
488 2258 514 2283 in
527 2262 629 2292 partem
640 2257 756 2283 multum
768 2258 911 2289 interesse,
928 2259 963 2285 ita
974 2258 1043 2285 mihi

247 2293 309 2324 des,
326 2294 350 2319 si
365 2293 429 2324 tibi,
451 2299 480 2320 ut
494 2294 522 2320 id
538 2294 654 2321 libenter
668 2294 764 2324 facias,
787 2300 848 2322 ante
863 2296 1041 2330 persuaseris.

247 2330 315 2356 Cum
325 2331 437 2357 Patrone
448 2331 581 2366 Epicureo
592 2332 661 2358 mihi
671 2332 761 2358 omnia
773 2337 848 2359 sunt:
868 2333 920 2359 nisi
931 2333 1003 2368 quod
1015 2333 1042 2359 in

247 2367 419 2402 philosophia
430 2369 603 2395 vehementer
615 2369 648 2395 ab
659 2378 689 2396 eo
703 2369 843 2396 dissentio.
865 2370 918 2396 Sed
930 2375 955 2396 et
966 2371 1043 2397 initio

248 2404 354 2434 Romae,
363 2414 448 2440 quum
460 2411 484 2432 te
495 2415 603 2441 quoque
614 2411 639 2433 et
648 2411 707 2433 tuos
717 2415 811 2433 omnes
821 2407 990 2439 observabat,
1000 2416 1042 2433 me

247 2440 330 2467 coluit
341 2442 368 2468 in
379 2443 489 2476 primis:
507 2448 533 2470 et
543 2452 642 2478 nuper,
658 2452 743 2478 quum
755 2452 798 2475 ea,
815 2453 885 2479 quae
897 2444 995 2476 voluit,
1009 2445 1042 2471 de

248 2477 305 2503 suis
316 2480 465 2506 commodis
476 2485 501 2506 et
511 2481 640 2515 praemiis
652 2486 813 2507 consecutus
824 2487 877 2513 est,
893 2490 936 2508 me
947 2481 1042 2508 habuit

248 2522 358 2540 suorum
374 2515 546 2544 defensorum
561 2523 588 2544 et
602 2519 751 2544 amicorum
767 2518 820 2544 fere
831 2520 998 2554 principem:
1016 2524 1041 2545 et

248 2559 302 2576 lam
313 2559 327 2577 a
338 2552 467 2585 Phaedro,
479 2556 527 2589 qui
538 2555 625 2586 nobis,
637 2564 723 2590 quum
735 2556 813 2590 pueri
824 2565 954 2587 essemus,
967 2561 1042 2583 ante-

248 2595 329 2622 quam
341 2588 479 2616 Philonem
490 2593 680 2627 cognovimus,
698 2592 790 2624 valde,
806 2598 836 2619 ut
850 2593 1038 2628 philosophuS,

248 2630 339 2660 postea
350 2630 448 2659 tamen,
460 2632 490 2654 ut
500 2629 541 2655 vir
550 2629 639 2656 bonus
650 2634 676 2657 et
686 2631 779 2657 suavis
788 2635 814 2657 et
824 2630 970 2662 officiosus,
978 2639 1042 2666 pro-

428 215 490 231 snne
502 214 610 239 possum
623 205 671 230 tilii
682 204 818 238 opitulari.
828 210 965 239 propterea
977 205 1048 239 quod
1070 225 1073 244 ¹.

1071 538 1073 553 l

1070 873 1079 899 ’Ϊ
1101 885 1186 905 torum
1200 880 1255 910 ius,
1273 880 1382 914 Epicuri
1397 881 1593 910 auctoritatem,
1612 880 1725 906 Phaedri
1740 881 1895 908 obtestatio-

1078 635 1079 638 ,
1102 617 1237 643 lenitatem
1251 617 1291 643 vel
1313 627 1351 643 ›ro
1373 622 1411 643 ter
1421 623 1493 644 tuam
1505 627 1639 644 summam
1652 619 1844 646 humanitatem
1852 619 1893 647 vel

253 661 344 686 quam,
357 652 382 678 si
394 652 461 678 meis
474 651 568 677 litteris
579 652 783 686 obtemperavit,
797 660 882 686 quum
894 657 921 678 tu
935 652 999 678 haec
1012 652 1049 678 le·
1071 646 1079 689 ¹³
1304 626 1312 652 Ι
1354 626 1370 652 p

1078 979 1079 987 ,
1100 963 1178 985 num,
1197 954 1250 980 sibi
1267 955 1364 980 tuenda
1379 964 1438 980 esse
1453 955 1528 981 dicit.

1077 1022 1079 1026 ¹
1101 993 1293 1026 rationemque,
1307 1000 1388 1027 quam
1400 993 1523 1027 sequitur
1534 993 1560 1018 in
1573 992 1757 1027 philosophia,
1771 993 1895 1019 deridea-

1070 2622 1073 2658 l
1092 2636 1117 2658 et
1127 2639 1233 2658 summa
1248 2630 1413 2658 humanitate
1428 2634 1527 2665 tuaque
1546 2630 1664 2656 amicitia
1679 2629 1887 2664 dignissimum.-

1078 719 1079 727 ἵ
1101 693 1224 722 sentiam,
1233 693 1350 726 quaeris,
1359 701 1407 718 nec
1417 701 1466 718 cur
1478 692 1522 719 illc
1532 694 1843 728 tantooperecontendat,
1853 695 1895 721 vi-

1078 733 1079 740 *
1101 729 1160 759 deo,
1174 738 1221 755 nec
1233 738 1280 755 cur
1290 734 1318 756 tu
1335 739 1482 765 repugnes:
1499 731 1551 757 nisi
1563 736 1650 757 tamen
1663 731 1747 757 multo
1759 732 1849 758 minus
1860 733 1895 758 ti-

1077 1077 1078 1090 ι
1101 1066 1228 1093 bendere.
1269 1066 1337 1097 Sed,
1355 1066 1537 1097 mehercules,
1555 1066 1664 1101 quando
1679 1066 1719 1092 illi
1733 1068 1892 1102 ceterisque,

253 1101 388 1128 existimo.
406 1101 475 1126 llaec
487 1099 540 1126 fere
551 1100 583 1126 ad
595 1109 639 1126 eas
652 1100 838 1135 litteras,quas
849 1101 943 1127 eodem
955 1110 1048 1127 exem·
1076 1103 1079 1130 ὶ

1077 1354 1079 1360 ι
1099 1338 1154 1364 quo
1169 1330 1204 1356 sit
1219 1337 1254 1356 ex
1268 1330 1340 1356 istis:
1358 1333 1398 1355 est
1408 1330 1481 1355 enim
1492 1330 1566 1356 omni
1579 1328 1683 1355 liberali
1693 1329 1813 1356 doctrina
1825 1328 1895 1364 poli-

968 97 998 122 Τ.
1030 97 1304 125 ctctsstoxts

1101 169 1227 198 babetur,
1246 169 1359 195 traditus
1375 170 1441 197 mihi
1460 171 1716 208 commendatusque
1732 179 1781 200 est.
1822 176 1846 200 3.
1868 174 1893 201 is

1102 207 1183 239 igitur
1196 207 1270 232 l'atro
1281 215 1365 241 quum
1378 207 1410 233 ad
1423 217 1464 234 me
1476 209 1584 235 {tonnam
1598 210 1697 236 litteras
1709 212 1836 241 misisset,
1854 212 1893 238 uti

1102 249 1124 269 te
1142 243 1195 269 sihi
1212 243 1344 278 placarem
1361 249 1546 280 peteremque,
1564 252 1604 275 ut,
1622 248 1711 273 nescio
1725 248 1806 282 quid,
1825 248 1893 275 illud

1102 281 1210 315 Epicuri
1222 282 1414 315 parietinarum
1425 282 1478 308 sibi
1490 283 1662 310 concederes:
1676 285 1744 311 nihil
1757 285 1893 320 scripsind

1102 318 1174 344 teob
1192 327 1251 344 eam
1273 328 1342 348 reni,
1365 319 1436 353 quod
1457 320 1650 347 aedificationis
1670 327 1730 348 tuae
1749 323 1893 349 consilium

1103 365 1160 381 mea
1181 356 1412 382 commendatione
1433 356 1556 383 nolebam
1579 358 1714 392 impediri.
1755 359 1842 388 idem.
1866 365 1896 387 ut

1103 394 1162 419 veni
1176 393 1302 422 Athenas,
1314 402 1399 428 quum
1412 393 1497 424 idem,
1512 399 1540 420 ut
1551 394 1583 420 ad
1596 400 1619 421 te
1629 396 1789 427 scriberem,
1803 406 1895 430 rogu-

1101 436 1153 456 set:
1166 430 1200 455 ol)
1211 439 1268 455 cam
1280 439 1403 456 caussam
1417 431 1582 466 impetravit,
1599 433 1671 467 quod
1683 438 1706 459 te
1717 430 1849 460 abiecisse
1862 434 1895 460 il-

1103 468 1153 493 lam
1165 468 1377 494 aedificationem
1388 469 1526 495 constabat
1538 470 1606 495 inter
1614 478 1707 496 omnes
1717 471 1892 498 nmioostuos.

1102 506 1125 531 lt.
1148 505 1223 536 Quod
1241 505 1264 531 si
1282 505 1315 531 ita
1331 510 1384 535 est,
1402 511 1427 532 et
1442 507 1465 532 si
1483 506 1534 532 iam
1547 506 1624 540 plane
1636 512 1679 533 tua
1694 507 1762 534 nihil
1775 509 1892 539 interest,

1102 542 1193 572 velim,
1202 543 1224 568 si
1236 551 1288 576 qua
1299 543 1494 569 offensiuncula
1507 543 1572 569 facta
1583 549 1623 570 cst
1633 545 1717 571 animi
1729 546 1777 575 tui,
1786 554 1895 580 perver-

1100 581 1177 606 sitate
1189 580 1356 614 aliquorum,
1373 582 1445 614 (novi
1457 582 1529 607 enim
1541 586 1647 616 gentem
1660 582 1755 617 illam.)
1767 583 1815 609 des
1827 588 1851 609 te
1861 583 1895 610 ad

1100 656 1180 680 etiam
1197 655 1305 680 lionoris
1320 656 1372 681 mei
1389 664 1493 681 caussa.

1533 656 1681 691 Equidem,
1698 658 1735 687 si,
1753 657 1820 692 quid
1837 658 1895 692 ipse

1101 767 1127 793 bi
1144 767 1254 793 concedi
1276 773 1375 802 potest,
1399 776 1480 802 quam
1501 768 1553 798 illi,
1577 768 1695 795 laborare
1713 769 1772 795 sine
1787 778 1892 796 caussa.

1100 806 1270 839 Quamquam
1282 805 1402 831 Patronis
1417 810 1443 831 et
1457 806 1603 832 orationem
1619 811 1645 832 et
1654 814 1777 832 caussam
1790 807 1838 833 tibi
1849 815 1895 833 co-

1099 842 1202 877 gnitam
1214 850 1272 868 esse
1283 847 1355 868 certo
1365 843 1431 868 scio.
1454 843 1594 873 Honorem,
1607 843 1737 873 officium,
1751 848 1894 871 testamen-

1101 926 1171 947 nem,
1184 917 1290 947 sedem,
1303 917 1471 943 domicilium
1480 938 1486 946 ,
1502 919 1614 951 vestigia
1625 927 1794 944 summorum
1807 918 1895 945 homi—

1569 955 1660 981 Totam
1678 956 1795 981 hominis
1811 957 1894 982 vitam

1101 1038 1161 1056 mus
1174 1029 1247 1060 licet,
1265 1030 1288 1055 si
1306 1030 1373 1055 hanc
1388 1030 1447 1055 eius
1457 1030 1653 1055 contentionem
1666 1029 1792 1055 volumus
1804 1038 1895 1065 repre-

1099 1112 1168 1139 quos
1182 1104 1227 1130 illa
1243 1104 1390 1134 delectant,
1408 1112 1459 1130 non
1472 1103 1549 1130 valde
1562 1104 1665 1130 inimici
1677 1113 1786 1132 sumus:
1803 1105 1894 1132 nescio

1099 1150 1132 1168 an
1148 1141 1343 1177 ignoscendum
1359 1142 1395 1167 sit
1410 1141 1486 1171 huic,
1504 1142 1528 1167 si
1548 1146 1620 1168 tanto
1633 1150 1714 1176 opere
1731 1141 1844 1168 laborat:
1865 1143 1894 1169 in

1099 1188 1153 1215 quo
1164 1179 1269 1206 etiamsi
1281 1183 1383 1214 peccat,
1397 1179 1484 1214 magis
1496 1179 1619 1213 ineptiis,
1631 1187 1712 1214 quam
1724 1179 1894 1214 improbitate

1100 1222 1202 1252 peccat.
1236 1219 1261 1243 5.
1281 1216 1334 1243 Sed
1346 1225 1378 1243 ne
1390 1216 1481 1251 plura,
1499 1216 1654 1251 (dicendum
1666 1217 1738 1243 enim
1749 1217 1894 1252 aliquando

1100 1255 1161 1289 cst,)
1171 1255 1348 1289 Pomponium
1355 1254 1472 1280 Atticum
1483 1255 1522 1280 sic
1533 1262 1601 1284 amo,
1610 1259 1639 1280 ut
1649 1254 1762 1280 alterum
1774 1254 1892 1281 fratrem.

1100 1291 1174 1318 Nihil
1189 1297 1229 1318 est
1244 1292 1289 1318 illo
1301 1292 1368 1318 mihi
1381 1300 1429 1318 nec
1439 1291 1528 1318 carius
1540 1300 1588 1318 nec
1600 1291 1756 1318 iucundius.
1797 1293 1821 1318 ls
1832 1292 1894 1326 (non

1100 1367 1235 1394 tissimus:
1249 1367 1297 1393 sed
1309 1366 1386 1393 valde
1398 1366 1643 1403 diligitPatronem,
1657 1366 1734 1393 valde
1742 1366 1894 1393 Phaedrum

1099 1404 1221 1439 amavit,)
1231 1405 1271 1431 sic
1282 1413 1296 1430 a
1308 1412 1350 1430 me
1362 1404 1412 1430 boc
1422 1404 1572 1435 contendit,
1590 1404 1669 1430 homo
1683 1405 1795 1430 minime
1805 1404 1895 1431 ambi-

1099 1443 1195 1473 tiosus,
1204 1442 1316 1468 minime
1327 1442 1354 1468 in
1366 1441 1484 1477 rogando
1495 1441 1633 1472 molestus.
1642 1446 1671 1468 ut
1681 1441 1750 1468 nihil
1762 1449 1893 1476 umquam

1099 1480 1200 1515 magis:
1218 1487 1267 1506 nec
1282 1478 1401 1510 dubitat,
1417 1479 1485 1514 quin
1500 1487 1550 1514 ego
1563 1487 1577 1505 a
1589 1483 1613 1505 te
1624 1483 1691 1505 nutu
1703 1478 1753 1506 hoc
1763 1479 1894 1514 consequi

1098 1525 1220 1551 possem,
1238 1517 1318 1543 etiam
1330 1517 1353 1542 si
1365 1516 1554 1542 aedificaturus
1565 1524 1649 1542 esses.
1688 1516 1766 1543 Nunc
1777 1524 1854 1547 vero,
1869 1516 1894 1543 si

1098 1554 1227 1584 audierit,
1250 1559 1274 1580 te
1289 1553 1502 1580 aedificationem
1515 1553 1687 1588 deposuisse.
1705 1561 1793 1589 neque
1804 1558 1893 1580 tamen

1099 1600 1140 1617 me
1152 1600 1166 1617 a
1178 1596 1202 1618 te
1214 1592 1385 1626 impetrasse,
1403 1600 1455 1618 non
1472 1596 1496 1618 te
1508 1592 1535 1618 in
1547 1599 1589 1618 me
1601 1590 1761 1617 illiberalem
1769 1611 1775 1622 ,
1791 1591 1839 1617 sed
1850 1599 1894 1618 me

1098 1629 1125 1655 in
1137 1637 1166 1654 se
1177 1628 1358 1664 negligentem
1371 1628 1486 1663 putabit.
1526 1628 1706 1660 Quamobrem
1717 1633 1779 1663 peto
1788 1637 1803 1654 a
1814 1633 1848 1659 te,
1863 1632 1895 1655 ut

1097 1666 1202 1692 scribas
1216 1665 1248 1692 ad
1264 1671 1338 1696 tuos.
1361 1674 1439 1700 posse
1454 1670 1498 1692 tua
1512 1665 1649 1692 voluntate
1669 1665 1808 1692 decretum
1824 1665 1894 1692 illud

1097 1704 1328 1739 Areopagitarum,
1341 1711 1423 1737 quem
1433 1702 1667 1738 ὑπομνηματισμῶν
1678 1702 1718 1729 illi
1729 1708 1833 1734 vocant,
1842 1702 1894 1730 tol·

1098 1740 1127 1767 li.
1149 1740 1201 1767 Sed
1217 1740 1296 1767 redeo
1306 1739 1339 1766 ad
1351 1740 1448 1775 prima.
1488 1741 1513 1766 6.
1535 1740 1613 1766 Prius
1625 1739 1707 1766 velim
1719 1740 1769 1766 tibi
1780 1749 1893 1775 persua-

1097 1777 1174 1809 deas,
1191 1783 1221 1804 ut
1236 1777 1286 1804 hoc
1301 1786 1360 1803 mea
1374 1786 1469 1804 caussa
1481 1777 1595 1804 libenter
1606 1776 1702 1808 facias,
1718 1786 1801 1812 quam
1813 1783 1842 1804 ut
1853 1777 1894 1804 fa-

1096 1816 1162 1842 cias.
1203 1815 1248 1841 Sic
1260 1820 1348 1842 tamen
1360 1814 1469 1842 habeto:
1487 1815 1511 1841 si
1526 1814 1636 1845 feceris,
1653 1814 1727 1850 quod
1742 1823 1819 1851 rogo,
1837 1814 1893 1842 fore

1096 1853 1165 1879 mihi
1175 1853 1371 1888 gratissimum.
1410 1852 1485 1879 Vale.

1149 1922 1177 1942 11.
1194 1922 1269 1943 ARG.
1287 1921 1362 1946 Petit,
1377 1926 1401 1942 nt
1416 1921 1516 1942 Eun-tro
1533 1921 1642 1942 sum-rio
1657 1920 1742 1948 aliquid
1757 1921 1784 1942 tle
1798 1921 1891 1943 ner-rii

1096 1957 1235 1978 habitatione
1245 1957 1399 1977 accommodet.
1429 1958 1549 1979 ‘Laudiresq
1558 1958 1634 1979 Paullo,
1645 1958 1736 1976 Marcello
1747 1966 1793 1976 ceu.
1805 1961 1859 1981 τοι,

1268 1996 1438 2024 CICERO
1470 1995 1654 2023 MEMMIO
1687 1996 1716 2023 S.

1152 2030 1188 2061 C.
1200 2034 1304 2061 Aviano
1314 2034 1448 2065 Evandro,
1461 2035 1509 2069 qui
1520 2033 1622 2060 habitat
1633 2034 1661 2060 in
1672 2038 1718 2060 tuo
1728 2034 1854 2066 sacrario,
1864 2038 1892 2062 et

1096 2073 1155 2107 ipso
1166 2071 1282 2099 multum
1293 2077 1362 2103 utor,
1374 2077 1400 2098 et
1410 2077 1520 2107 patrono
1530 2072 1589 2098 eius
1600 2071 1635 2097 M.
1647 2070 1763 2098 Aemilio
1774 2070 1892 2098 familia-

1095 2110 1214 2136 rissime.
1253 2110 1317 2136 Peto
1332 2110 1416 2145 igitur
1430 2118 1445 2136 a
1461 2114 1485 2136 te
1496 2109 1524 2135 in
1535 2109 1664 2135 maiorem
1675 2108 1800 2140 modum,
1817 2107 1891 2144 quod
1920 2130 1921 2133 ,

1095 2148 1154 2173 sine
1169 2152 1214 2174 tua
1228 2146 1351 2173 molestia
1367 2146 1424 2177 fiat,
1441 2151 1472 2173 ut
1485 2147 1511 2172 ei
1521 2145 1554 2172 de
1566 2145 1729 2172 habitatione
1739 2154 1894 2173 acoommoe
1916 2174 1917 2177 ,

1095 2184 1154 2211 des.
1194 2184 1261 2210 Nam
1282 2189 1390 2219 propter
1406 2192 1487 2219 opera
1502 2183 1625 2210 instituta
1642 2182 1726 2209 multa
1742 2183 1906 2210 multorum?

1095 2222 1218 2248 subitum
1228 2226 1269 2248 est
1278 2222 1303 2247 ei
1314 2221 1459 2257 remigrare
1471 2220 1530 2247 Kal.
1541 2220 1636 2253 Quint.
1667 2220 1803 2254 Impedior
1812 2224 1897 2247 vere-4

1094 2259 1207 2290 cundia,
1229 2267 1262 2285 ne
1278 2263 1303 2285 te
1318 2258 1444 2293 pluribus
1460 2258 1551 2284 verbis
1566 2265 1670 2293 rogem,
1692 2265 1780 2292 neque
1799 2262 1910 2291 tamem>

1094 2296 1201 2327 dubito,
1214 2296 1281 2331 quin
1290 2317 1296 2327 ,
1309 2296 1333 2322 si
1344 2301 1389 2322 tua
1400 2295 1468 2322 nihil
1480 2300 1588 2322 autnon
1599 2293 1714 2320 multum
1726 2295 1844 2326 intersit,
1857 2300 1901 2328 eog-

1094 2334 1132 2359 sis
1142 2334 1241 2364 animo,
1249 2342 1303 2368 quo
1312 2341 1362 2369 ego
1373 2341 1469 2364 essem,
1478 2333 1502 2359 si
1513 2331 1581 2367 quid
1591 2336 1619 2358 tu
1630 2339 1673 2357 me
1683 2340 1801 2368 rogares.
1820 2329 1903 2362 Mihi!

1094 2376 1163 2397 certe
1174 2371 1361 2407 gratissimum
1372 2370 1478 2396 feceris.
1517 2368 1591 2396 Vale.

1146 2440 1187 2461 111.
1207 2440 1285 2460 ABG.
1302 2440 1387 2460 Fufium
1399 2439 1540 2460 commendat.

1275 2477 1397 2498 (hodierne,
1406 2476 1480 2495 Paullo.
1490 2475 1582 2493 Murena
1592 2480 1638 2492 (ως.
1650 2476 1705 2495 704.)

1216 2520 1252 2546 M.
1274 2520 1304 2546 T.
1326 2518 1356 2545 C.
1381 2517 1410 2544 S.
1430 2518 1460 2544 P.
1480 2517 1512 2543 D.
1537 2517 1567 2544 C.
1589 2516 1757 2544 MEMMIO.

1148 2552 1187 2583 A.
1202 2556 1320 2587 Fufium,
1332 2563 1418 2582 unum
1429 2563 1464 2581 ex
1473 2555 1541 2581 meis
1552 2555 1664 2585 intimis,
1677 2553 1890 2591 observantissi-¹

1093 2603 1168 2620 mum
1183 2594 1469 2627 studiosissimumque
1483 2592 1580 2623 nostri,
1597 2592 1734 2618 eruditum
1748 2591 1892 2618 hominem>
