1941 3052
406 140 522 168 CATO
554 140 696 167 MAIOR
725 140 777 166 DE
811 139 1089 167 SENECTUTE.
1121 140 1212 167 CAP.
1245 142 1315 166 9-
1340 143 1375 167 03.

69 213 166 239 lumini
176 211 265 238 oleum
277 210 407 242 instilles,
424 213 634 247 exstinguuntur
645 216 790 237 senectute.
830 211 863 237 Et

68 258 176 284 corpora
201 247 312 283 quidem
337 249 525 275 exercitatione
548 249 752 284 ingravescunt,
779 248 862 274 animi

68 292 157 314 autem
175 285 224 323 [se]
243 285 393 312 exercendo
408 285 541 312 levantur.
583 287 649 311 Nam
665 294 732 320 quos
748 286 785 312 ait
798 285 864 311 Cae-

69 323 148 351 cilius

142 376 179 380 ——
189 376 224 380 —
237 363 343 387 comicos
353 361 443 385 stultos
453 368 531 387 senes,

70 399 118 425 hos
139 397 273 433 significat
287 396 420 427 credulos,
439 396 600 426 obliviosos,
618 395 777 428 dissolutos,
794 405 864 431 quae

68 436 133 463 vitia
144 439 207 461 sunt
221 443 272 461 non
284 434 439 464 senectutis,
452 433 499 459 sed
513 434 614 464 inertis,
630 434 750 468 ignavae,
763 435 865 460 somni-

69 472 175 500 culosae
187 473 343 499 senectutis.
377 471 410 498 Ut
421 470 576 506 petulantia,
591 475 620 497 ut
632 470 715 497 libido
727 472 814 507 magis
825 476 865 497 est

69 509 288 540 adolescentium,
297 517 379 544 quam
390 517 499 540 senum,
514 516 562 534 nec
574 512 661 534 tamen
673 509 865 535 omniumado-

70 547 238 577 lescentium,
254 546 301 573 sed
313 555 364 572 non
376 546 536 581 proborum:
554 546 594 571 sic
605 546 655 571 ista
669 545 763 572 senilis
775 546 865 572 stulti-

69 586 119 616 tia,
136 593 205 620 quae
216 584 338 610 deliratio
349 582 479 618 appellari
490 582 570 613 solet,
588 591 683 609 senum
702 583 803 609 levium
815 588 863 615 est,

69 631 122 649 non
133 622 265 649 omnium.
306 622 348 647 37.
375 620 506 653 Quattuor
516 620 639 646 robustos
652 620 730 651 filios,
743 621 865 655 quinque

70 659 148 691 filias,
157 664 256 686 tantam
268 658 388 689 domum,
397 662 483 684 tantas
494 656 632 684 clientelas
642 657 747 692 Appius
758 659 866 693 regebat

70 701 96 724 et
106 705 201 723 caecus
213 701 239 723 et
250 704 343 722 senex.
360 696 494 722 Intentum
505 695 577 721 enim
589 695 719 726 animum,
728 700 865 730 tamquam

69 743 175 765 arcum,
189 733 317 764 habebat,
334 741 383 759 nec
395 732 571 768 languescens
583 732 778 759 succumbebat
788 741 866 758 sene-

69 772 146 798 ctuti.
173 771 291 798 Tenebat
302 779 354 797 non
367 770 445 796 modo
456 770 650 800 auctoritatem,
663 770 711 796 sed
722 771 801 796 etiam
814 771 866 795 im-

69 810 175 844 perium
187 810 214 835 in
231 817 307 839 suos,
326 807 481 834 metuebant
495 807 581 838 servi,
600 807 761 833 verebantur
777 807 863 838 liberi,

69 855 162 873 carum
172 854 266 872 omnes
279 845 426 871 habebant:
445 844 553 880 vigebat
564 845 591 870 in
603 844 646 870 illa
659 844 738 871 domo
750 853 807 870 mos
819 853 866 879 pa-

69 884 137 910 trius
150 888 175 910 et
186 883 340 918 disciplina.
373 884 414 909 38.
427 883 463 909 Ita
475 882 547 908 enim
557 887 682 908 senectus
695 882 804 908 honesta
815 887 864 912 est,

69 921 93 948 si
104 929 133 947 se
144 921 201 956 ipsa
212 920 341 951 defendit,
350 920 373 946 si
384 921 427 946 ius
438 928 519 946 suum
530 920 634 950 retinet,
643 920 666 945 si
677 919 778 946 nemini
791 928 867 945 man-

69 959 156 993 cipata
167 962 220 989 est,
236 958 260 984 si
271 966 358 992 usque
369 957 402 984 ad
414 962 563 984 extremum
576 957 701 992 spiritum
714 956 867 983 dominatur

70 996 97 1022 in
109 1004 182 1022 suos.
199 995 233 1022 Ut
243 996 314 1021 enim
326 995 536 1026 adolescentem,
550 995 577 1021 in
588 1003 642 1029 quo
654 994 738 1020 senile
750 994 864 1029 aliquid,

69 1070 117 1105 qui
128 1071 260 1105 sequitur,
273 1078 383 1104 corpore
394 1078 477 1096 senex
490 1078 549 1095 esse
560 1070 669 1104 poterit,
686 1070 775 1095 animo
787 1078 867 1095 num-

69 1116 151 1143 quam
162 1108 222 1134 erit.
257 1107 395 1142 Septimus
407 1106 475 1133 mihi
486 1106 629 1142 Originum
642 1106 710 1132 liber
721 1107 799 1132 estin
810 1115 868 1132 ma-

69 1144 164 1177 nibus;
182 1145 271 1171 omnia
288 1145 456 1179 antiquitatis
470 1148 642 1170 monumenta
654 1143 765 1179 colligo:
788 1152 867 1169 caus-

70 1191 160 1208 sarum
172 1181 319 1208 illustrium
327 1202 333 1213 ,
347 1189 533 1216 quascumque
544 1181 667 1212 defendi,
681 1190 752 1207 nunc
761 1189 846 1216 quum
854 1180 866 1191 *¹

70 1220 188 1245 maxime
200 1218 312 1245 conficio
322 1219 468 1251 orationes;
485 1219 528 1244 ius
539 1227 683 1254 augurum,
696 1218 864 1253 pontificum,

69 1256 150 1283 civile
162 1261 256 1289 tracto,
276 1256 391 1283 multum
403 1257 482 1283 etiam
494 1256 604 1282 Graecis
617 1255 711 1282 litteris
723 1260 794 1288 utor;
816 1256 868 1291 Py-

70 1294 313 1330 thagoreorumque
329 1302 401 1320 more
422 1293 586 1320 exercendae
607 1293 752 1320 memoriae
771 1293 865 1328 gratia,

69 1331 137 1366 quid
148 1339 256 1366 quoque
270 1331 314 1357 die
326 1330 453 1362 dixerim,
469 1330 612 1362 audierim,
625 1331 737 1366 egerim,
749 1339 868 1357 comme-

70 1377 144 1395 moro
155 1369 272 1404 vesperi.
312 1369 366 1395 Hae
377 1373 440 1395 sunt
450 1369 655 1395 exercitationes
667 1368 783 1404 ingenii;
804 1368 868 1394 haec

69 1405 203 1432 curricula
219 1406 330 1439 mentis;
357 1406 384 1432 in
401 1405 444 1432 his
459 1406 596 1432 desudans
616 1410 696 1440 atque
716 1405 866 1436 elaborans,

69 1444 189 1478 corporis
210 1443 282 1470 vires
304 1451 355 1470 non
371 1452 469 1479 magno
488 1452 569 1478 opere
588 1443 723 1470 desidero.
765 1442 867 1469 Adsum

69 1482 178 1514 amicis3
198 1481 277 1507 venio
288 1481 315 1506 in
327 1485 449 1507 senatum
462 1480 589 1516 frequens
599 1480 723 1515 ultroque
735 1480 815 1507 affero
826 1489 868 1507 res

70 1517 186 1545 multum
197 1522 223 1544 et
232 1518 280 1544 diu
291 1518 429 1553 cogitatas,
442 1527 542 1553 easque
554 1522 629 1545 tueor
639 1518 733 1549 animi,
747 1526 798 1544 non
810 1526 869 1544 cor—

68 1556 142 1590 poris
155 1555 270 1582 viribus.
311 1555 384 1588 Quae
396 1556 419 1582 si
431 1556 544 1590 exsequi
555 1556 709 1590 nequirem,
726 1560 813 1582 tamen
827 1564 868 1581 me

71 1592 185 1619 lectulus
196 1592 340 1619 oblectaret
350 1601 474 1623 meus,ea
486 1594 544 1628 ipsa
556 1594 803 1628 cogitantem,quae
816 1593 868 1619 iam

69 1638 148 1666 agere
160 1638 211 1656 non
223 1638 344 1664 possem:
361 1630 408 1656 sed
420 1635 449 1657 ut
461 1631 572 1665 possim,
583 1630 706 1657 facitacta
713 1631 777 1657 vita.
793 1630 870 1656 Sem-

70 1676 118 1702 per
131 1668 204 1694 enim
220 1668 246 1694 in
264 1667 306 1693 his
321 1667 420 1693 studiis
437 1667 630 1703 laboribusque
646 1669 748 1694 viventi
763 1677 815 1694 non
827 1668 870 1694 in-

70 1704 214 1740 telligitur,
232 1704 340 1740 quando
350 1705 461 1740 obrepat
472 1710 608 1732 senectus.
649 1706 684 1732 Ita
696 1706 798 1732 sensim
811 1706 869 1732 sine

70 1750 151 1768 sensu
163 1746 235 1768 aetas
246 1742 375 1775 senescit3
393 1751 441 1768 nec
453 1742 543 1769 subito
555 1741 695 1778 frangitur,
704 1743 751 1769 sed
762 1743 870 1769 diutur—

71 1780 152 1806 nitate
162 1779 356 1815 exstinguitur.

126 1817 185 1843 XII.
212 1818 253 1843 39.
280 1817 409 1851 Sequitur
432 1818 507 1843 tertia
528 1817 690 1852 vituperatio
710 1818 866 1848 senectutis,

69 1853 142 1888 quod
158 1862 217 1880 eam
227 1862 316 1880 carere
327 1853 422 1880 dicunt
433 1853 627 1889 voluptatibus.
668 1854 690 1881 Ο
701 1854 868 1890 praeclarum

72 1899 171 1917 munus
182 1891 289 1921 aetatis,
307 1891 330 1916 si
341 1890 452 1926 quidem
464 1891 491 1917 id
503 1891 590 1918 aufert
601 1892 693 1923 nobis,
706 1892 778 1927 quod
791 1897 830 1918 est
843 1893 868 1918 in

71 1927 248 1955 adolescentia
273 1928 494 1954 vitiosissimum!
521 1928 640 1963 Accipite
660 1930 746 1960 enini,
773 1930 869 1964 optimi

71 1965 268 1996 adolescentes,
288 1969 402 1991 veterem
417 1966 564 1992 orationem
576 1966 708 2001 Archytae
719 1967 867 1997 Tarentini,

71 2003 162 2039 magni
178 2003 205 2029 in
221 2003 317 2037 primis
334 2006 359 2029 et
375 2002 505 2036 praeclari
521 2003 587 2034 viri,
605 2011 674 2037 quae
691 2003 758 2029 mihi
774 2003 868 2030 tradita

71 2045 124 2071 est,
142 2048 228 2075 quum
239 2048 327 2066 essem
339 2039 494 2065 adolescens
506 2039 611 2066 Tarenti
623 2048 685 2066 cum
697 2040 728 2072 Q.
742 2041 867 2067 Maximo.

72 2078 178 2104 Nullam
190 2078 366 2110 capitaliorem
375 2081 477 2110 pestem,
491 2085 567 2110 quom
579 2080 695 2110 corporis
706 2079 868 2110 voluptatem,
891 2095 892 2100 .

71 2116 213 2141 hominibus
223 2114 329 2142 dicebat
340 2124 356 2140 α
367 2118 461 2140 natura
472 2116 575 2146 datam;
587 2116 660 2140 cuius
671 2116 870 2147 voluptatum-i-

71 2154 119 2178 dae
130 2153 248 2178 libidines
259 2156 349 2178 temere
360 2156 382 2177 ct
393 2153 709 2185 effrenatoadpotiundum
720 2155 868 2178 incitarent.

72 2190 113 2216 to.
136 2189 204 2215 Hinc
220 2192 324 2222 patriae
342 2190 511 2222 proditiones,
538 2190 596 2215 hinc
622 2190 869 2222 rerumpublicarum

71 2229 221 2256 eversiones,
228 2227 286 2252 hinc
299 2235 355 2252 cum
365 2227 477 2252 hostibus
483 2227 642 2252 clandestina
649 2228 775 2260 colloquia
782 2229 868 2255 nosci,-

71 2265 170 2290 nultum
181 2265 289 2296 denique
301 2264 396 2292 scelus,
412 2264 512 2289 nullum
527 2264 623 2289 nicilum
637 2265 739 2297 focinus
754 2272 818 2293 csse,
835 2265 869 2289 acl

72 2302 139 2335 quod
148 2303 337 2334 suscipiendum
348 2309 397 2326 non
409 2301 487 2326 libido
497 2301 636 2333 uoluptatis
646 2302 798 2334 impelleret,-
814 2305 868 2327 stu-
891 2322 892 2325 ,

70 2347 120 2372 pra
136 2346 196 2364 voro
210 2342 232 2364 et
247 2338 376 2364 adulteria
392 2342 415 2363 ot
430 2346 502 2363 omno
517 2339 567 2363 talo
582 2339 708 2371 flagitium
720 2339 798 2364 uultis
808 2340 869 2365 aliis

72 2376 198 2401 illecebris
209 2377 330 2404 excitari,
341 2377 392 2401 nisi
402 2376 551 2407 voluptatis.
570 2375 702 2408 Quumque
712 2377 807 2401 honiini
817 2378 870 2401 sii-e

71 2417 168 2439 natura
182 2415 235 2439 sivo
249 2414 307 2445 quis
317 2414 379 2438 deus
388 2413 452 2438 nihil
463 2416 544 2438 mento
552 2414 736 2445 praestabilius
746 2414 868 2444 dedissem
890 2423 892 2430 ι

71 2451 131 2476 huic
149 2451 237 2476 divino
256 2451 356 2475 muneri
375 2458 407 2475 ac
426 2450 492 2474 dono
511 2450 574 2475 nihil
594 2458 646 2475 csse
666 2454 716 2475 tarn
728 2452 867 2478 inimicum.

71 2495 149 2520 quam
159 2488 320 2520 voluptatem.
342 2487 380 2512 ti.
397 2486 449 2513 Nec
459 2488 525 2512 enim
536 2487 640 2512 libidine
650 2488 795 2512 donitinanto
806 2491 869 2512 teni-

69 2526 204 2557 perantiae
219 2525 302 2550 locum
317 2532 382 2554 esse,
398 2532 477 2556 nequo
491 2526 593 2549 omnino
608 2525 634 2549 in
644 2525 782 2556 voluptatis
792 2532 869 2557 reqno

70 2563 190 2587 virtutem
198 2569 271 2594 posse
282 2563 428 2587 consistere.
457 2561 530 2592 Quod
540 2569 589 2594 quo
600 2563 681 2593 mayis
693 2562 801 2593 intcltiqi
810 2570 868 2593 pos-

71 2602 120 2628 sat,
136 2599 230 2632 fingere
239 2601 325 2624 animo
336 2599 436 2624 iubebat
446 2603 516 2624 cunta
529 2600 662 2624 incitatum
673 2599 784 2631 aliquem
795 2599 868 2624 volu-

70 2639 140 2668 ptate
155 2638 283 2669 corporis,
302 2640 400 2669 quanta
414 2637 512 2669 percipi
526 2639 608 2668 posset
624 2637 754 2661 numiam:
776 2638 869 2661 tietuini

73 2673 186 2700 omisetmt
196 2675 250 2707 [ore
260 2673 372 2704 dubium,
385 2675 447 2707 quin
459 2674 631 2703 tnmdimdurn
643 2674 679 2698 itu
690 2674 820 2706 qaut-leret,
828 2675 867 2699 ni—

1642 144 1704 169 ⁴263

913 212 949 236 hil
959 214 1059 244 agitare
1071 216 1156 241 mente,
1164 214 1228 238 nihii
1238 215 1345 242 ratione,
1359 214 1422 238 nihil
1433 215 1583 245 coqitauone
1590 216 1706 246 consequi

912 253 1002 280 posset.
1038 249 1165 280 Quocirca
1181 251 1245 274 nihil
1261 258 1313 275 esse
1327 255 1377 275 tain
1394 251 1538 275 detestabile
1553 254 1653 282 tamque
1662 259 1706 282 pe—

914 288 1042 318 susorum,
1059 295 1134 319 quani
1146 288 1297 319 voluptutem
1306 297 1313 312 ς
1333 289 1356 312 si
1367 289 1465 320 quidem
1478 296 1519 316 ea,
1537 296 1612 320 quum
1625 290 1707 312 maior

914 327 976 348 esset
997 328 1071 355 atque
1093 325 1202 355 longior,
1228 333 1299 349 omne
1322 327 1402 349 animi
1426 326 1507 349 lumen
1528 326 1706 355 exstinquerci.

915 360 983 385 Haec
995 368 1056 385 cum
1068 359 1097 386 C.
1111 361 1201 386 Pontio
1212 360 1340 390 Samnite,
1355 366 1427 395 patre
1439 361 1506 390 eius,
1520 369 1533 386 a
1545 369 1598 395 quo
1608 361 1707 387 Caudi—

916 405 949 422 no
961 396 1060 430 praelio
1071 397 1116 431 Sp.
1131 398 1296 428 Postumius,
1311 399 1340 424 T.
1358 398 1497 427 Veturius,
1509 398 1647 424 consules.
1661 406 1708 423 su-

916 435 999 468 perati
1011 439 1082 464 sunt,
1098 434 1214 460 locutum
1227 435 1378 470 Archytam,
1394 435 1705 464 NearchusTarentinus,

917 471 1014 505 hospes
1028 472 1181 506 noster,qui
1195 472 1220 498 in
1232 473 1347 498 amicitia
1362 473 1571 506 populiliomani
1584 481 1709 506 perman-

916 513 998 538 serat,
1021 517 1049 534 se
1065 517 1079 534 a
1096 509 1242 535 maioribus
1259 515 1320 535 natu
1337 510 1471 544 accepisse
1486 510 1605 540 dicebat,
1623 518 1706 544 quum

917 545 1027 580 quidem
1052 546 1076 572 ei
1101 547 1217 572 sermoni
1242 546 1407 572 interfuisset
1427 547 1499 573 Plato
1520 547 1705 573 Atheniensis:

893 597 895 606 ›
917 591 997 617 quem
1013 583 1155 609 Tarentum
1178 584 1283 609 venisse
1300 584 1329 610 L.
1346 583 1471 613 Camillo,
1494 585 1580 618 Appio
1596 584 1708 610 Claudio

917 620 1073 646 consulibus
1088 621 1200 655 reperio.
1242 622 1282 647 42.
1304 620 1423 653 Quorsus
1435 621 1518 647 haec?
1531 622 1563 647 Ut
1576 621 1708 656 intelliga-

918 658 964 687 tis,
987 658 1010 683 si
1026 657 1189 692 voluptatem
1205 659 1341 692 aspernari
1356 659 1455 684 ratione
1470 663 1495 685 et
1510 659 1639 693 sapientia
1657 667 1708 684 non

918 703 1067 729 possemus,
1078 703 1201 730 magnam
1210 695 1359 721 habendam
1372 696 1708 731 senectutigratiani,quae

918 731 1042 762 effecerit,
1057 737 1084 758 ut
1097 732 1122 758 id
1136 741 1186 758 non
1200 732 1303 763 liberet,
1316 733 1387 767 quod
1400 742 1450 759 non
1464 738 1605 767 oporteret.
1622 734 1709 767 Impe-

917 769 956 795 dit
968 770 1038 795 enim
1050 769 1193 795 consilium
1207 770 1339 804 voluptas,
1356 771 1449 796 rationi
1463 771 1580 799 inimica,
1594 779 1623 795 ac
1634 778 1710 795 men-

918 807 961 837 tis,
976 812 1005 832 ut
1016 807 1050 832 ita
1062 806 1159 837 dicam,
1173 807 1344 843 praestringit
1354 807 1459 839 oculos,
1474 816 1521 833 nec
1533 807 1612 833 habet
1623 806 1709 832 ullum

918 852 979 869 cum
997 844 1093 870 virtute
1107 845 1308 870 commercium.
1350 845 1452 870 invitus
1467 844 1577 878 quidem
1595 844 1657 870 feci.
1683 849 1710 870 ut

920 881 1058 907 fortissimi
1073 882 1124 907 viri
1136 882 1166 907 Τ.
1179 881 1323 907 Flaminini
1335 881 1440 907 fratrem
1457 882 1485 907 L.
1503 881 1684 907 Flamininum
1697 889 1709 906 e

918 923 1011 944 senatu
1020 919 1144 944 eiicerem
1153 917 1317 954 x·u[1].annis
1324 923 1391 953 post,
1400 927 1480 953 quani
1492 918 1586 944 consul
1599 918 1708 944 fuisset:

918 956 966 982 sed
979 955 1121 982 notandam
1133 957 1225 990 putavi
1239 956 1390 982 libidinem.
1431 956 1477 982 Ille
1488 957 1559 982 enim
1571 964 1656 990 quum
1668 964 1711 980 es-

888 1018 896 1028 ,w
918 998 959 1020 set
969 993 1072 1023 consul,
1091 993 1117 1019 in
1130 992 1217 1019 Gallia
1229 998 1352 1019 exoratus
1364 994 1390 1019 in
1403 994 1527 1019 convivio
1539 1003 1552 1019 a
1564 999 1651 1018 scorto·
1661 998 1709 1022 est,

69 1034 109 1059 sic
119 1041 221 1064 senem,
231 1033 257 1059 in
264 1041 318 1067 quo
325 1031 474 1067 estaliquid
486 1031 671 1062 adolescentis,
681 1031 778 1066 probo:
793 1031 866 1066 quod
888 1030 889 1047 ³

918 1035 948 1057 ut
958 1031 1046 1056 secui-i
1059 1030 1149 1056 feriret
1158 1030 1275 1065 aliquem
1286 1031 1443 1065 eorum,qui
1457 1031 1482 1056 in
1495 1030 1611 1056 vinculis
1623 1034 1711 1055 essent

918 1068 1037 1094 damnati
1049 1068 1086 1094 rei
1098 1067 1230 1102 capitalis.
1271 1068 1328 1097 llic,
1342 1068 1409 1098 Tito,
1424 1067 1501 1093 fratre
1513 1076 1575 1097 suo,
1591 1075 1709 1096 censore,

918 1106 965 1140 qui
978 1105 1118 1140 proximus
1130 1110 1189 1131 ante
1202 1113 1243 1131 mc
1255 1104 1353 1135 fuerat,
1371 1105 1479 1139 elapsus
1495 1110 1546 1130 est:
1566 1104 1632 1130 mihi
1651 1112 1712 1129 vero

918 1148 944 1169 et
959 1143 1052 1169 Flacco
1069 1143 1225 1177 neutiquam
1241 1142 1348 1176 probari
1364 1143 1449 1176 potuit
1466 1147 1517 1168 tam
1539 1141 1667 1177 flagitiosa
1689 1146 1713 1166 et

919 1185 971 1206 tam
984 1179 1085 1214 perdita
1102 1179 1199 1211 libido,
1222 1188 1291 1214 quae
1305 1188 1365 1205 cum
1379 1179 1475 1214 probro
1487 1180 1590 1214 privato
1601 1179 1713 1204 coniun-

918 1223 992 1253 geret
1002 1217 1248 1252 imperiidedecus.
1284 1216 1354 1243 XIII.
1373 1218 1412 1243 43.
1432 1216 1515 1251 Bac-pe
1527 1217 1713 1242 audivia-iua-

896 1276 897 1285 ,
919 1255 1022 1281 ioribus
1039 1259 1114 1285 natu,
1137 1255 1184 1289 qui
1201 1263 1230 1280 se
1246 1262 1323 1288 porro
1337 1262 1434 1288 pueros
1449 1262 1462 1280 a
1479 1254 1591 1280 senibus
1605 1252 1713 1279 audisse

918 1292 1057 1323 dicebant,
1074 1293 1165 1319 mirari
1177 1293 1286 1318 solitum
1298 1292 1327 1318 C.
1342 1291 1507 1320 Fabricium,
1524 1290 1609 1325 quod,
1628 1298 1712 1324 quum

919 1330 990 1364 apud
1003 1338 1092 1365 regem
1104 1330 1236 1366 Pyrrhum
1254 1328 1356 1364 legatus
1367 1334 1450 1358 esset,
1469 1328 1588 1354 audisset
1604 1336 1617 1353 a
1629 1327 1714 1352 Thes-

919 1367 974 1393 salo
986 1367 1081 1398 Cinea,
1097 1375 1155 1393 esse
1167 1367 1312 1402 quemdam
1323 1366 1449 1395 Athenis,
1467 1366 1553 1400 quise
1564 1365 1712 1399 sapientem

920 1404 1096 1440 profiteretur,
1110 1413 1226 1439 eumque
1239 1404 1340 1433 (licere,
1354 1405 1457 1433 omnia,
1471 1412 1539 1438 qum¹
1553 1402 1710 1428 faceremus.

920 1442 953 1468 ad
966 1441 1128 1476 voluptatem
1140 1450 1199 1468 esse
1212 1441 1358 1468 referenda.
1390 1440 1466 1473 Quod
1478 1449 1510 1466 ex
1521 1439 1711 1467 coaudientes,

921 1480 964 1505 Μ’.
977 1479 1088 1505 Curium
1105 1484 1130 1506 et
1141 1480 1182 1505 Ti.
1199 1479 1396 1505 Coruncanium
1409 1483 1498 1512 optare
1514 1477 1619 1504 solitos,
1643 1481 1670 1502 ut
1687 1475 1712 1501 id

920 1517 1087 1543 Samnitibus
1103 1517 1209 1551 ipsique
1226 1516 1326 1552 Pyrrho
1343 1515 1560 1550 persuaderetur,
1580 1522 1634 1548 quo
1650 1512 1714 1538 fau-i-

922 1554 974 1580 lius
991 1554 1063 1580 vinci
1080 1559 1202 1588 possent,
1220 1562 1304 1588 quum
1321 1562 1348 1579 se
1367 1552 1549 1587 voluptatibus
1565 1551 1712 1576 dedissent.

921 1592 1028 1618 vixerat
1040 1592 1082 1618 Μ’.
1090 1591 1187 1618 Curius
1197 1600 1259 1617 cum
1268 1592 1294 1616 Ρ.
1303 1592 1389 1619 becio,
1399 1591 1446 1625 qui
1457 1589 1645 1624 quinquennio
1655 1593 1714 1613 anti·

920 1638 981 1655 eum
994 1628 1132 1655 consulem
1149 1637 1177 1654 se
1195 1637 1242 1663 pro
1259 1628 1395 1663 republica
1410 1632 1504 1662 quarto
1515 1625 1655 1652 consulatu
1667 1624 1714 1650 de-

921 1671 1038 1693 voverat.
1079 1667 1159 1692 Norat
1173 1665 1298 1692 eumdem
1317 1665 1468 1693 Fabi-icius,
1492 1669 1565 1690 norat
1580 1663 1713 1688 Coronea>

922 1704 995 1730 nius:
1009 1704 1057 1738 qui
1069 1712 1153 1738 quum
1165 1712 1198 1729 cx
1210 1712 1257 1728 sua
1271 1703 1337 1732 vita,
1353 1708 1408 1728 tum
1420 1711 1453 1728 cx
1464 1702 1536 1730 eius,
1550 1708 1630 1735 quem
1643 1699 1712 1727 dico,

921 1742 948 1767 P.
962 1741 1033 1767 Decii
1045 1740 1111 1767 facto
1124 1740 1291 1770 iudicabant,
1308 1748 1367 1766 esse
1379 1738 1496 1774 profi-cto
1507 1737 1608 1772 aliquid
1623 1742 1713 1762 natura

921 1778 1065 1813 pulchrum
1077 1783 1157 1813 atque
1169 1777 1349 1812 praeclarum,
1362 1776 1434 1811 quod
1447 1785 1494 1802 sua
1506 1780 1599 1810 sponte
1613 1779 1711 1808 petere-

922 1821 972 1846 tur,
986 1815 1124 1850 quodque,
1137 1820 1225 1850 spreta
1237 1820 1261 1841 ct
1273 1819 1423 1848 contempta
1436 1813 1583 1847 voluptate,
1596 1812 1714 1845 optinum

920 1854 1038 1888 quisque
1053 1858 1220 1887 sequeretur.
1262 1853 1301 1878 tt.
1324 1852 1457 1883 Quorsum
1475 1851 1556 1885 igitur
1568 1854 1620 1875 tam
1633 1848 1715 1874 multa

921 1890 954 1916 (le
967 1890 1120 1925 voluptate?
1140 1890 1207 1922 Quia
1223 1898 1274 1916 nou
1292 1889 1370 1915 modo
1386 1889 1546 1922 vituperatio
1564 1886 1650 1915 nullu,
1669 1884 1715 1911 sed

921 1928 1000 1954 etiam
1013 1936 1118 1954 sumnia
1132 1927 1189 1953 laus
1200 1927 1345 1953 senectutis
1361 1931 1414 1956 est,
1432 1925 1504 1960 quod
1520 1933 1549 1950 cn
1567 1923 1716 1957 voluptati-s

922 1965 1010 1992 nullas
1022 1973 1119 2000 magno
1129 1973 1209 1999 opere
1220 1963 1364 1990 desiderat.
1387 1964 1419 1989 Αι
1429 1968 1499 1988 curet
1510 1961 1599 1995 epulis
1610 1965 1716 1986 castru-

921 2003 1026 2037 ctisque
1047 2003 1148 2028 mensis
1169 2007 1194 2029 et
1216 2001 1402 2036 frequentibus
1423 1998 1544 2034 poculis?
1564 1998 1639 2025 can-i
1654 2006 1716 2031 crgo

921 2040 1001 2066 etiam
1014 2039 1159 2066 vinolentia
1171 2044 1196 2066 et
1206 2039 1338 2065 cruditate
1349 2042 1375 2065 et
1387 2037 1538 2064 insomniis.
1569 2035 1621 2061 Sed
1632 2036 1655 2060 si
1668 2034 1716 2060 nli—

921 2077 988 2111 quid
1004 2076 1123 2102 dandum
1140 2081 1180 2102 est
1197 2076 1341 2110 voluptati,
1363 2075 1491 2110 quonium
1507 2075 1566 2100 cius
1579 2071 1716 2098 blanditiis

922 2122 973 2140 uon
987 2113 1063 2139 facile
1073 2113 1245 2142 obsistimus,
1263 2112 1365 2147 (divine
1376 2113 1448 2138 cuim
1462 2112 1533 2138 l'lnto
1544 2119 1624 2136 escam
1637 2110 1715 2134 unito—

920 2159 977 2176 rurn
989 2150 1106 2185 appellnt
1118 2152 1268 2183 voluptatem
1276 2171 1281 2179 ,
1303 2152 1369 2183 quod
1384 2159 1413 2175 cn
1426 2151 1539 2175 videlice-t
1551 2149 1660 2172 bonum-s
1671 2154 1714 2170 rn-

919 2191 1034 2220 pianlur,
1043 2192 1069 2213 ut
1079 2189 1154 2212 Ιιιιηιο
1163 2189 1244 2219 pisces
1252 2188 1270 2218 :l
1277 2195 1443 2220 quamquam
1456 2184 1637 2213 immoderatis
1648 2190 1715 2216 epu-

923 2224 955 2250 lis
967 2229 1038 2250 caret
1053 2229 1190 2253 senectus,
1209 2223 1322 2249 modicis
1339 2228 1426 2249 tamen
1443 2222 1575 2249 conviviis
1589 2219 1714 2245 ‹leti-ciart

922 2266 1016 2296 potest.
1057 2261 1086 2287 C.
1110 2260 1253 2289 Duillium,
1270 2260 1304 2286 M.
1323 2261 1364 2291 F..
1380 2260 1428 2294 qui
1446 2260 1544 2286 I'oenoa
1559 2258 1643 2283 classe
1660 2256 1714 2290 pri-

922 2307 982 2324 mus
993 2298 1137 2327 devicerat,
1155 2297 1310 2324 redeuntem
1323 2306 1336 2323 u
1350 2305 1430 2324 caena
1442 2305 1533 2322 senem
1545 2302 1624 2328 sat-pc
1639 2303 1649 2319 x
1659 2293 1713 2319 idi·-

922 2336 982 2362 bum
995 2344 1074 2370 puer,
1088 2334 1270 2361 delectabatur
1281 2334 1373 2360 crebro
1385 2333 1469 2360 funuli
1481 2338 1505 2359 ct
1517 2332 1636 2358 tibicine.
1645 2339 1714 2364 qum·

920 2373 973 2399 sibi
987 2372 1060 2399 nullo
1071 2372 1195 2407 exemplo
1207 2372 1327 2407 privatus
1338 2375 1501 2406 sumpserat:
1517 2374 1618 2395 tuntum
1633 2367 1713 2393 lit-eu-

922 2410 1059 2437 tinednhut
1069 2409 1166 2445 gloria!
1182 2410 1222 2435 ⁴5.
1235 2409 1287 2434 sod
1299 2408 1365 2443 quid
1377 2417 1427 2442 ego
1438 2406 1522 2433 nlius?
1534 2406 1571 2432 Ad
1580 2406 1714 2439 meipsum

922 2448 973 2474 inm
987 2452 1112 2474 revertar.
1154 2447 1272 2472 I‘rimuni
1291 2445 1371 2471 imbui
1389 2453 1495 2478 sempor
1510 2442 1624 2469 sodales.
1666 2442 1713 2466 So-

920 2484 1043 2511 dalitntes
1058 2489 1146 2510 nutem
1164 2492 1205 2509 mc
1220 2488 1359 2518 quaestore
1370 2483 1527 2508 constitutae
1539 2485 1615 2509 sunt,
1632 2487 1714 2504 sacris

921 2522 1006 2548 {tineis
1019 2522 1128 2557 Magium
1140 2521 1230 2547 Matris
1241 2521 1366 2554 acceptis.
1409 2518 1543 2553 lipulnbnr
1560 2518 1566 2543 i
1578 2522 1641 2542 utut·
1651 2525 1713 2542 cum

920 2558 1059 2585 sodalibus
1070 2559 1180 2585 omnino
1195 2557 1307 2586 modice,
1325 2556 1372 2582 sed
1384 2561 1439 2582 erut
1449 2555 1560 2590 quidum
1583 2562 1660 2579 error
1671 2562 1712 2579 a(h

921 2597 995 2627 tatis,
1019 2604 1071 2631 qun
1089 2595 1274 2631 progrediente
1289 2595 1378 2620 omnin
1395 2594 1460 2619 fiunt
1478 2594 1503 2618 in
1520 2591 1578 2617 dies
1598 2592 1701 2616 mitiora

922 2634 1013 2668 Neque
1029 2633 1101 2660 euim
1118 2634 1238 2667 ipsorum
1253 2632 1440 2658 conviviorum
1451 2629 1654 2655 delectationem
1668 2636 1713 2653 vo-

896 2688 899 2695 .
921 2670 1070 2707 luptatibus
1085 2670 1204 2705 corporis
1219 2669 1319 2705 magis,
1339 2676 1421 2704 quam
1436 2672 1512 2694 coetu
1527 2666 1674 2693 antimi-uui
1689 2670 1713 2690 ct
