1941 3052
596 493 629 521 M.

284 576 445 625 AD
838 578 854 626 Ι

579 576 614 631 Q
709 577 747 626 U

864 416 904 442 42.

665 492 844 522 TULLII
879 492 1164 522 CICERONIS

944 576 1485 627 RITES

442 681 625 720 POST
671 683 992 721 REDITUM
1039 681 1330 721 ORATIO.

601 860 810 888 NOTITIA
843 859 1166 888 LITTERARIA.

169 937 232 958 Haec
247 937 320 959 oratio
335 945 349 959 a
363 937 516 959 declamatore
529 937 605 958 nescio
621 945 665 966 quo
676 937 780 959 Ciceroni
793 938 916 966 supposita
929 945 974 959 esse
987 937 1087 959 dicitur:
1109 939 1131 964 1)
1148 938 1207 965 quod
1220 937 1266 965 Ep.
1281 938 1312 958 ael
1325 937 1373 958 Ate.
1390 937 1433 962 11⁷,
1444 939 1463 958 ¹.
1477 943 1522 957 mm
1537 937 1631 958 dicatur
1647 937 1706 958 lianc

65 972 88 993 in
99 973 236 994 sententium
243 976 298 1001 post
307 973 407 995 reditum
415 981 430 994 ιι
439 980 462 994 se
471 980 516 994 esse
525 973 589 995 (lictu
599 973 684 999 aratio,
694 980 722 994 ιιι·
732 973 803 994 mlius
814 973 894 994 Dionis
906 973 981 994 Cassii
991 973 1120 995 testimonio
1131 973 1237 998 nitatur,
1248 972 1583 1000 cuiforenssefucumfecerit
1593 972 1649 993 lmec
1659 973 1705 993 ium

65 1011 115 1029 tum
135 1008 238 1029 Ciceroni
256 1007 358 1029 subiecta
377 1008 529 1035 declamatio,
549 1013 571 1030 ec
584 1011 607 1035 2)
618 1010 677 1037 quod
691 1015 743 1036 cup.
755 1008 885 1036 &frug-mn
895 1016 916 1030 se
931 1009 1033 1030 ubertate
1047 1013 1070 1030 et
1084 1008 1174 1030 vilitate
1192 1008 1217 1028 ἰιι
1232 1007 1306 1028 reditu
1317 1009 1417 1035 gaudere
1431 1007 1497 1029 dicut
1515 1007 1605 1033 Cicero,
1621 1007 1660 1035 qui
1674 1008 1706 1028 bi-

64 1044 109 1064 ‘luo
120 1047 175 1071 post
189 1043 288 1064 reditum
302 1043 380 1065 Attico
394 1045 420 1065 de
433 1051 539 1065 annonae
553 1044 652 1066 caritate
666 1048 759 1072 questus
773 1044 812 1065 xil.
843 1044 880 1072 Cf.
898 1044 1005 1066 Schinzii
1019 1044 1190 1071 Prolegorrienn.
1219 1043 1282 1063 Haec
1301 1047 1378 1063 autem
1394 1042 1566 1070 argumentatio
1578 1043 1706 1063 leviuscnla

64 1082 105 1103 eet,
125 1080 185 1106 quod
199 1078 317 1099 silentium
332 1079 483 1107 antiquitatis
498 1080 589 1100 nullum
604 1083 651 1105 est,
666 1087 680 1100 ιι
697 1086 740 1107 qno
754 1080 854 1100 ulcerum
869 1083 1033 1107 argumentum
1050 1079 1160 1105 ducitur,
1175 1082 1197 1100 ee
1205 1079 1304 1100 ulcerum
1318 1078 1488 1106 repugnantiae
1498 1078 1638 1106 speciosum,
1652 1085 1706 1106 pro-

64 1114 167 1135 mittente
175 1113 223 1135 mis
235 1114 312 1135 Tullio
321 1114 415 1136 meliora
429 1118 545 1142 tempora,
559 1121 588 1135 ac
599 1114 733 1142 praesentia
749 1115 812 1136 mula
827 1115 938 1144 referente
948 1115 979 1135 ad
990 1114 1102 1135 Clodium.

117 1266 194 1288 ΑΒΘ,
213 1267 260 1287 Hae
274 1266 376 1288 oratione
385 1266 463 1288 Cicero
479 1267 506 1288 ab
520 1266 604 1288 exsilio
619 1269 735 1288 revocatus
745 1266 812 1288 huius
823 1268 859 1288 lae-

64 1301 138 1322 nefirii
156 1301 327 1326 magnitudinem
346 1302 455 1323 illustrat.
484 1303 516 1323 Ae
534 1302 627 1330 primum
645 1303 733 1329 quidem
752 1310 776 1323 se
795 1310 859 1327 nunc,

63 1343 127 1363 quam
137 1339 210 1361 antea,
222 1337 286 1358 etiam
298 1337 400 1358 feliciore
410 1337 538 1358 conditione
548 1344 620 1358 rerum
631 1340 653 1358 et
662 1338 745 1358 maiore
755 1337 860 1365 amplitu-

63 1371 116 1392 dine
129 1372 163 1392 uti
179 1372 284 1392 ostendit.
314 1372 400 1393 Deinde
410 1372 478 1392 multo
489 1372 555 1393 etiam
567 1372 750 1393 honorificentius
760 1380 784 1393 ae
793 1373 860 1393 resti-

63 1410 133 1428 tutum
145 1414 194 1427 esne
204 1407 320 1431 gloriatur,
333 1414 395 1434 quam
407 1407 465 1428 alios
474 1407 535 1428 virus
545 1407 681 1433 consulares,
693 1411 718 1428 ut
728 1408 859 1436 Popillium,

64 1443 90 1467 Q.
101 1442 214 1463 Metellum
225 1442 365 1463 Numidicum
376 1445 398 1463 et
408 1444 433 1464 C.
444 1443 546 1464 Marium.

119 1496 139 1522 1.
154 1497 177 1522 i.
198 1490 281 1528 Quod
297 1500 420 1531 precatus
435 1504 449 1522 a
465 1497 526 1523 Iove
539 1495 647 1531 Optimo
658 1496 775 1524 Maximo
789 1500 860 1523 cete—

62 1533 155 1568 risque
166 1533 218 1559 diis
230 1533 427 1560 immortalibus
441 1542 516 1565 sum,
534 1533 665 1566 Quirites,
684 1544 714 1561 co
730 1539 857 1569 tempore,

62 1579 148 1605 quum
163 1580 205 1597 me
222 1570 394 1605 fortunasque
410 1579 482 1597 meas
498 1580 546 1606 pro
561 1576 649 1598 vestra
665 1571 857 1603 incolumitate,

62 1609 116 1635 otio
131 1608 325 1643 concordiaque
340 1608 450 1640 devovi,
474 1614 516 1640 ut¹
540 1609 562 1635 si
579 1618 652 1635 meas
668 1609 783 1636 rationes
800 1618 860 1635 um—

62 1653 144 1681 quam
155 1650 257 1672 vestrae
268 1645 349 1672 saluti
361 1647 584 1680 anteposuissem,
592 1647 783 1681 sempiternam
797 1655 859 1681 poe—

63 1691 123 1709 nam
135 1683 305 1714 sustinerem,
319 1691 377 1709 mea
389 1683 525 1710 voluntate
536 1688 703 1719 susceptam3
727 1685 769 1710 sin
782 1689 806 1710 et
818 1692 856 1715 ca,

63 1728 130 1756 quae
153 1724 213 1747 ante
233 1729 383 1756 gesseram,
410 1721 607 1747 conservandae
627 1722 743 1748 civitatis
764 1730 858 1747 caussa

62 1758 220 1793 gessissem,
239 1762 264 1784 et
275 1757 348 1784 illam
361 1758 486 1784 miseram
497 1758 687 1793 profectionem
701 1763 803 1785 vestrae
816 1767 859 1785 sa-

64 1795 127 1822 lutis
138 1796 222 1831 gratia
233 1795 424 1830 suscepissem,
438 1800 475 1827 ut,
492 1795 564 1831 quod
575 1796 666 1823 odium
679 1796 799 1822 scelerati
812 1796 859 1822 lio-

62 1832 148 1859 mincs
164 1836 189 1859 et
204 1832 317 1859 audaces
334 1833 361 1859 in
377 1833 571 1868 rempublicam
587 1838 613 1860 et
628 1834 654 1860 in
670 1842 763 1860 omnes
775 1833 858 1860 bonos

61 1874 220 1905 conceptum
238 1869 339 1896 iamdiu
355 1871 533 1902 continerent,
551 1870 578 1897 id
594 1871 622 1897 in
638 1880 680 1897 me
692 1880 745 1897 uno
757 1872 855 1905 potius.

61 1915 143 1942 quam
160 1907 186 1933 in
200 1907 301 1942 optimo
312 1916 420 1942 quoque
432 1912 456 1934 et
468 1908 494 1934 in
506 1909 632 1935 universa
644 1908 780 1943 republica
793 1908 859 1934 deti-

61 1948 144 1976 ceret;
159 1944 209 1971 hoc
219 1945 242 1970 si
255 1945 344 1971 animo
356 1945 381 1970 in
394 1953 441 1971 vos
454 1944 606 1980 liberosque
618 1950 721 1972 vestros
734 1945 856 1977 fuissem,

62 1985 92 2008 ut
112 1981 256 2016 aliquando
276 1990 323 2008 vos
344 1986 485 2017 patresque
500 1983 678 2018 conscriptos,
702 1983 858 2018 Italiamque

62 2019 218 2045 universam
230 2019 356 2045 memoria
369 2019 431 2050 mei,
445 2019 626 2046 misericordia
638 2020 858 2055 desideriumque

61 2060 176 2082 teneret:
199 2056 257 2082 eius
277 2055 427 2082 devotionis
448 2065 491 2082 mo
511 2065 570 2083 esso
589 2057 742 2083 convictum
759 2058 859 2084 iudicio

61 2093 173 2120 deorum
190 2092 395 2124 immortalium,
420 2094 571 2120 testimonio
585 2099 707 2126 senatus,
726 2103 858 2121 consensu

61 2130 164 2162 Italiae,
182 2129 349 2157 consessione
361 2131 544 2162 inimicorum,
562 2131 691 2158 beneficio
704 2131 797 2159 divino
808 2131 859 2158 im-

62 2168 221 2203 mortalique
233 2173 334 2198 vestro,
352 2167 469 2194 maxime
480 2167 569 2200 laetor,
586 2168 713 2201 Quirites.
754 2171 779 2195 2.
801 2168 858 2196 Etsi

61 2204 164 2232 homini
177 2204 243 2232 nibil
256 2209 296 2231 est
308 2205 392 2240 magis
403 2205 559 2239 optandum,
572 2215 652 2241 quam
667 2215 801 2241 prospero,
814 2215 859 2232 ne-

62 2242 179 2278 quobilis
196 2247 388 2278 perpetuaque.
403 2241 506 2268 fortuna
521 2243 639 2269 secundo
651 2244 719 2270 vitae
730 2243 788 2270 sine
804 2243 857 2270 ulla

62 2279 206 2307 offensione
217 2288 312 2311 cursu,
331 2284 431 2310 tamen,
449 2280 471 2305 si
488 2280 553 2306 mibi
567 2280 709 2316 tranquilla
720 2285 745 2307 et
757 2281 857 2316 placata

61 2317 150 2344 omniu
167 2317 295 2348 fuissent,
318 2317 469 2343 incredibili
484 2317 599 2351 quadam
616 2322 641 2344 et
657 2326 740 2352 paene
755 2318 856 2349 divina,

61 2362 115 2390 qua
126 2363 211 2386 nunc,
229 2359 317 2381 vestro
329 2354 470 2385 beneflcio,
488 2354 574 2386 fruor,
594 2355 706 2381 laetitiae
722 2355 858 2390 voluptate

61 2392 217 2419 caruissem.
249 2391 319 2424 Quid
339 2391 446 2417 dulcius
467 2391 607 2418 bominum
628 2392 719 2427 generi
734 2401 748 2418 a
765 2397 857 2419 natura

62 2427 154 2456 datum
165 2434 218 2461 est,
237 2437 318 2465 quani
330 2429 372 2455 sui
384 2429 482 2464 cuique
495 2428 590 2454 liberi?
610 2429 675 2455 Mibi
689 2438 750 2455 vero
761 2433 786 2456 et
798 2438 858 2464 pro-

62 2469 120 2500 pter
133 2466 329 2503 indulgentiam
346 2475 431 2492 meam
448 2470 474 2492 ct
489 2470 596 2501 propter
611 2466 745 2492 excellens
765 2475 856 2493 eorum

63 2503 90 2529 in
110 2503 200 2530 onium
216 2503 270 2530 vita
286 2508 350 2530 sunt
365 2512 423 2529 mea
437 2503 561 2529 cariores.
602 2503 700 2529 Tamen
718 2512 769 2530 non
786 2507 856 2530 tanta

63 2547 96 2566 vo
109 2544 198 2575 uptote
213 2545 288 2568 erant
303 2541 435 2576 suscepti,
452 2545 552 2575 quanta
569 2549 639 2566 nunc.
655 2545 717 2566 sunt
729 2541 854 2567 restituti.

63 2577 86 2603 3.
97 2576 169 2604 Nihil
181 2578 308 2614 cuiquam
320 2578 370 2604 suit
382 2586 511 2613 umquam
524 2578 682 2608 iucundius,
696 2586 776 2613 quam
790 2578 856 2604 milii

63 2621 138 2641 meus
150 2613 237 2642 frater.
278 2615 336 2642 Non
348 2619 400 2642 tam
415 2615 442 2641 id
457 2615 619 2646 sentiebam,
637 2623 721 2650 quum
740 2614 854 2646 fruebar,

62 2657 143 2686 quam
155 2655 231 2684 tunc,
244 2660 329 2688 quum
340 2652 462 2679 carebam
471 2673 477 2684 ,
490 2656 515 2678 et
527 2656 699 2687 posteaquam
712 2661 759 2679 vos
771 2661 813 2678 me
825 2651 857 2678 il-

63 2685 82 2714 li
97 2692 122 2715 et
136 2689 203 2716 mihi
219 2697 281 2716 eum
292 2689 458 2717 reddidistis.
489 2689 540 2716 Res
552 2689 691 2716 suniiliaris
702 2698 749 2716 sua
761 2698 857 2725 quem-

910 1279 963 1306 que
974 1269 1100 1297 delectat:
1116 1268 1235 1305 reliquae
1247 1277 1321 1295 meae
1333 1268 1453 1296 fortunae
1465 1273 1634 1304 recuperatae
1644 1268 1706 1304 plus

910 1308 978 1334 mihi
989 1316 1062 1334 nunc
1073 1307 1218 1342 voluptatis
1234 1306 1359 1338 afferunt,
1382 1315 1462 1341 quam
1480 1311 1543 1333 tunc
1557 1306 1706 1333 incolumes

910 1345 1062 1372 afferebant.
1103 1345 1255 1375 Amicitiae,
1287 1344 1494 1370 consuetudines
1507 1365 1512 1375 ,
1545 1344 1705 1375 vicinitates,

910 1382 1056 1414 clientelae⁷
1071 1381 1126 1408 ludi
1139 1382 1255 1416 denique
1265 1385 1290 1408 et
1302 1381 1360 1407 (lies
1374 1380 1432 1407 festi
1444 1381 1510 1416 quid
1522 1381 1651 1407 baberent
1660 1390 1707 1407 vo-

911 1419 1035 1455 luptatis,
1048 1419 1162 1446 carendo
1173 1419 1260 1454 magis
1271 1418 1404 1449 intellexi,
1422 1427 1503 1453 quam
1517 1418 1638 1445 fruendo.
1681 1420 1704 1445 4.

911 1458 964 1483 Iam
977 1466 1039 1484 vero
1050 1457 1143 1488 honos,
1156 1456 1283 1492 dignitas,
1298 1455 1379 1486 locus,
1388 1456 1460 1487 ordo,
1469 1456 1596 1482 beneficia
1608 1460 1704 1486 vestra,

909 1503 1075 1530 quamquam
1087 1494 1155 1520 mihi
1167 1502 1273 1528 semper
1287 1493 1434 1519 clarissima
1452 1494 1508 1520 visa
1525 1498 1600 1525 sunt,
1619 1497 1706 1519 tamen

910 1541 939 1558 ea
951 1541 1022 1558 nunc
1033 1536 1157 1558 renovata
1169 1531 1313 1557 illustriora
1326 1530 1463 1562 videntur,
1480 1540 1561 1565 quam
1574 1531 1596 1556 si
1608 1530 1707 1557 obscu-

910 1574 964 1596 rata
976 1578 1027 1596 non
1040 1574 1138 1595 essent.
1180 1569 1239 1603 Ipsa
1256 1573 1344 1594 autem
1359 1569 1455 1603 patria,
1473 1568 1511 1594 dii
1527 1567 1705 1594 immortales!

909 1607 962 1633 (lici
975 1608 1020 1633 vix
1031 1611 1130 1641 potest,
1144 1606 1209 1641 quid
1221 1606 1347 1636 caritatis,
1361 1606 1427 1640 quid
1439 1605 1584 1640 voluptatis
1596 1605 1705 1631 babeat!

909 1644 982 1676 Quae
993 1645 1097 1679 species
1109 1644 1211 1670 ltaliae!
1224 1652 1293 1678 quae
1304 1642 1443 1669 celebritas
1450 1643 1624 1677 oppidorum!
1638 1651 1707 1678 quae

910 1681 993 1708 forma
1015 1681 1168 1717 regionum!
1189 1682 1237 1715 qui
1254 1680 1325 1716 agri!
1348 1689 1417 1715 quae
1434 1680 1538 1716 fruges!
1561 1689 1630 1715 quae
1646 1679 1708 1715 pul-

909 1719 1033 1746 chritudo
1045 1719 1137 1746 Urbisl
1155 1727 1223 1754 quae
1236 1718 1387 1744 humanitas
1398 1718 1514 1744 civium!
1536 1726 1605 1752 quae
1616 1719 1708 1753 reipu-

910 1756 994 1783 blicae
1014 1756 1145 1792 dignitas!
1172 1764 1241 1791 quae
1261 1760 1347 1781 vestra
1369 1755 1507 1781 maiestas!
1533 1755 1638 1787 Quibus
1659 1763 1708 1790 ego

909 1794 1036 1821 omnibus
1047 1799 1122 1820 antea
1135 1793 1215 1820 rebus
1226 1794 1265 1819 sic
1277 1792 1392 1823 fruebar,
1407 1798 1435 1818 ut
1447 1801 1524 1818 nemo
1536 1793 1631 1828 magis.
1655 1792 1708 1818 Sed

910 1836 1045 1867 tamquam
1059 1832 1127 1858 bona
1139 1830 1264 1857 valetudo
1275 1830 1418 1857 iucundior
1429 1835 1468 1856 est
1479 1831 1531 1861 eis,
1547 1831 1595 1865 qui
1607 1839 1620 1856 e
1631 1830 1707 1865 gravi

909 1870 1002 1896 morbo
1013 1869 1121 1896 recreati
1133 1873 1294 1903 sunt,quam
1306 1868 1353 1903 qui
1366 1876 1513 1902 numquam
1525 1876 1604 1903 aegro
1614 1876 1708 1902 corpo-

909 1915 936 1933 re
949 1906 1070 1933 fuerunt:
1087 1907 1126 1933 sic
1138 1915 1166 1932 ea
1178 1906 1267 1932 omnia
1277 1905 1425 1932 desiderata
1438 1905 1533 1941 magis,
1547 1914 1627 1940 quam
1640 1905 1707 1931 assi-

908 1944 961 1970 due
973 1948 1109 1979 percepta,
1127 1943 1267 1970 delectant.
1309 1944 1340 1969 ll.
1357 1944 1382 1969 5.
1403 1942 1537 1975 Quorsum
1550 1943 1632 1979 igitur
1644 1942 1708 1968 bace

909 1981 1036 2016 disputo?
1055 1980 1208 2013 Quorsum‘?
1228 1981 1261 2007 Ut
1273 1980 1420 2016 intelligere
1432 1981 1553 2015 possitis,
1572 1980 1706 2006 neminem

909 2028 1038 2054 umquam
1052 2024 1121 2045 tauta
1133 2018 1284 2053 eloquentia
1298 2018 1381 2044 fuisse
1393 2026 1480 2052 neque
1493 2022 1545 2043 tam
1560 2017 1652 2043 divino
1669 2022 1707 2043 at-

908 2065 962 2091 que
974 2056 1126 2082 incredibili
1138 2064 1234 2091 genere
1246 2055 1366 2085 dicendi,
1379 2055 1426 2090 qui
1440 2060 1587 2081 vestrorum
1601 2055 1707 2090 magni-

910 2094 1030 2120 tudinem
1042 2093 1299 2127 multitudinemque
1315 2093 1518 2123 beneiiciorum,
1537 2101 1606 2126 quae
1621 2093 1648 2118 in
1665 2099 1707 2117 me

910 2130 1072 2166 fratremque
1085 2139 1174 2156 mcum
1190 2135 1215 2156 et
1233 2130 1329 2156 liberos
1346 2134 1448 2156 nostros
1464 2129 1630 2160 contulistis,
1655 2137 1706 2155 non

910 2168 987 2194 modo
1003 2177 1100 2204 augere
1116 2173 1162 2194 aut
1176 2176 1269 2194 ornare
1280 2167 1410 2197 oratioue,
1427 2167 1474 2193 sed
1490 2175 1646 2192 enumerare
1661 2170 1707 2192 aut

908 2206 1036 2240 consequi
1049 2205 1143 2240 possit.
1183 2204 1203 2231 A
1217 2205 1385 2239 parentibus,
1399 2203 1426 2230 id
1437 2204 1509 2238 quod
1522 2212 1629 2230 necesse
1641 2207 1704 2233 erat,

909 2251 1008 2277 parvus
1019 2251 1078 2268 sum
1092 2246 1258 2276 procreatus:
1271 2250 1284 2267 a
1297 2241 1373 2267 vobis
1385 2246 1461 2267 natus
1473 2250 1533 2267 sum
1545 2240 1704 2266 consularis.

909 2280 948 2306 llli
966 2279 1032 2305 milii
1051 2279 1172 2310 fratrem,
1195 2279 1376 2313 incognitum.
1399 2277 1488 2313 qualis
1505 2278 1612 2304 futurus
1625 2282 1703 2305 essct.

908 2317 1052 2343 dederunt:
1076 2325 1123 2342 vos
1138 2320 1287 2351 spectatum
1304 2320 1327 2340 ct
1345 2315 1493 2341 incredibili
1507 2315 1603 2349 pictate
1614 2315 1706 2350 cogui-

908 2358 964 2380 tum
978 2353 1142 2379 reddidistis.
1186 2352 1387 2387 [teinpublicum
1405 2352 1459 2378 illis
1475 2353 1563 2386 accepi
1580 2352 1706 2386 tempori-

908 2391 960 2417 bus
971 2399 1042 2421 eam,
1056 2399 1124 2425 quae
1136 2398 1220 2424 paene
1231 2390 1328 2415 ainis-sa
1341 2393 1394 2415 est:
1413 2398 1426 2414 a
1439 2389 1514 2414 vobis
1525 2398 1582 2415 cam
1595 2398 1707 2424 recupe-

908 2429 972 2459 ravi,
986 2436 1067 2462 qutun
1080 2427 1224 2462 aliquando
1234 2436 1327 2453 omncs
1339 2426 1420 2452 unius
1431 2435 1508 2460 opera
1521 2431 1651 2452 servatam
1664 2427 1707 2452 iu-

907 2466 1073 2492 dicaverunt.
1115 2465 1154 2490 llii
1176 2463 1339 2490 iuuuortules
1361 2464 1427 2489 mibi
1445 2463 1541 2489 liberos
1557 2463 1703 2490 dederuut:

909 2512 954 2528 vos
967 2502 1132 2528 reddidistis.
1174 2501 1256 2527 Multa
1273 2505 1405 2536 praetcrea
1418 2509 1431 2526 a
1443 2500 1496 2526 diis
1509 2500 1704 2527 immortalibus

907 2545 993 2575 optata
1009 2539 1144 2565 consecuti
1159 2547 1269 2565 sumus:
1289 2538 1340 2564 nisi
1357 2543 1442 2564 vestra
1459 2537 1582 2564 voluutas
1599 2538 1702 2568 fuisset,

906 2577 1034 2603 omnibus
1045 2576 1146 2602 (livinis
1158 2576 1316 2602 muneribus
1327 2584 1487 2601 careremus.
1512 2576 1617 2602 Vestros
1628 2575 1705 2602 deni—

906 2623 959 2649 que
971 2614 1093 2644 honores.
1106 2622 1174 2648 quos
1185 2622 1291 2639 eramus
1303 2612 1432 2648 gradatim
1444 2613 1566 2648 singulos
1577 2613 1702 2641 assecuti.

908 2660 979 2678 nunc
990 2660 1003 2677 u
1017 2651 1092 2677 vobis
1105 2651 1245 2677 universos
1259 2650 1403 2676 babemus:
1427 2655 1468 2679 ut,
1486 2655 1616 2685 quantuni
1629 2655 1704 2676 auten

909 2689 1073 2724 parentibus,
1087 2693 1218 2724 qiuintum
1230 2687 1282 2714 diis
1295 2687 1500 2718 iuunortalibus,
1514 2692 1644 2723 quantuni
1658 2696 1704 2714 vo-

1463 2736 1497 2761 δυ
