1941 3052
260 118 631 145 TUSCULANARUM
661 117 1044 144 DISPUTATIONUM
1074 118 1154 143 LIB.

78 191 166 221 sidue‚
179 198 261 225 quam
273 194 358 220 antea,
367 194 528 220 versaretur,
537 194 562 216 et
572 198 658 224 quum
671 188 770 215 fidibus
778 188 875 223 Pytha-

77 236 220 264 goreorum
236 235 308 253 more
323 231 453 257 uteretur,
471 235 611 261 quumque
627 227 653 252 ei
668 226 731 252 libri
747 230 836 252 noctes
851 230 876 251 et

77 266 137 292 dies
149 264 313 300 legerentur;
331 264 433 298 quibus
448 264 474 289 in
490 264 589 291 studiis
603 263 689 290 oculis
701 272 753 290 non
764 263 873 298 egebat:

78 308 145 333 tum,
157 301 230 337 quod
241 302 301 328 sine
312 301 398 327 oculis
413 301 470 327 fieri
481 310 559 335 posse
571 302 619 327 vix
633 301 749 331 videtur,
767 308 876 335 geome—

78 341 143 367 triae
155 348 255 365 munus
267 339 400 369 tuebatur,
413 338 504 365 verbis
515 339 684 373 praecipiens
696 337 873 368 discentibus,

78 376 159 407 unde,
173 385 227 411 quo
237 385 374 411 quamque
387 376 484 402 lineam
496 376 654 402 scriberent.
688 374 876 409 Asclepiadem

78 414 176 445 ferunt,
190 423 243 440 non
254 413 402 449 ignobilem
412 413 563 439 Eretricum
575 412 777 447 philosophum,
791 420 876 446 quum

78 451 190 486 quidam
202 456 350 486 quaereret,
367 450 434 485 quid
445 452 470 476 ei
480 451 594 477 caecitas
605 450 748 480 attulisset,
765 458 878 484 respon-

78 489 165 520 disse,
188 497 272 523 puero
292 493 321 514 ut
341 497 395 514 uno
410 493 480 514 esset
496 488 654 514 comitatior.
696 487 729 514 Ut
745 488 817 513 enim
834 485 876 512 vel

78 535 185 552 summa
197 530 340 560 paupertas
353 525 500 552 tolerabilis
512 526 559 555 sit,
577 526 600 551 si
618 524 708 555 liceat,
726 524 798 559 quod
815 524 878 559 qui-

79 563 194 590 busdam
207 563 316 590 Graecis
328 563 462 597 quotidie:
476 563 515 588 sic
526 563 639 589 caecitas
652 562 714 588 ferri
727 561 803 587 facile
815 569 877 596 pos-

79 602 122 632 sit,
135 602 158 627 si
170 609 222 627 non
234 600 323 626 desint
333 600 456 626 subsidia
469 599 665 626 valetudinum.
709 600 764 625 ⁴44.
782 599 878 624 Demo-

78 639 172 668 oritus.
187 637 337 664 luminibus
349 638 471 668 amissis,
488 637 547 663 alba
559 636 663 663 scilicet
674 640 698 662 et
709 641 764 662 atra
775 636 877 661 discer-

79 684 141 702 nere
154 684 206 701 non
218 679 328 710 poterat.
371 675 402 701 At
418 683 479 701 vero
491 674 559 701 bona
570 673 652 704 mala,
671 682 754 708 aequa
773 674 875 707 iniqua,

80 713 190 739 honesta
202 713 304 746 turpia,
322 712 399 738 utilia
412 711 532 742 inutilia,
551 720 647 747 magna
663 719 745 745 parva
760 714 874 745 poterat:

78 755 104 776 et
115 751 172 776 sine
185 750 310 776 varietate
322 749 439 776 colorum
453 749 549 775 licebat
561 749 650 774 vivere
663 748 752 778 bea'te,
765 748 822 773 sine
830 755 878 773 no-

79 789 150 814 tione
161 796 251 813 rerum
263 796 314 813 non
328 786 434 813 licebat.
455 786 542 821 Atque
555 786 598 812 hic
610 786 652 812 vir
663 785 876 819 impedirietiam

79 825 162 851 animi
173 825 258 850 aciem
269 829 379 858 aspectu
390 823 530 850 oculorum
541 823 734 850 arbitrabatur:
748 827 782 853 et,
791 830 875 856 quum
898 823 899 826 ’

79 862 126 889 alii
137 861 306 896 saepe,qu0d
319 866 378 887 ante
389 860 472 895 pedes
484 865 562 891 esset,
572 869 623 886 non
636 860 767 886 viderent,
778 859 822 885 ille
835 859 877 884 in-

79 900 207 926 finitatem
223 907 330 925 omnem
345 898 518 933 peragrabat,
538 902 566 924 ut
582 897 655 923 nulla
671 897 697 923 in
710 897 876 923 extremitate

78 938 244 963 consisteret.
285 935 424 961 Traditum
441 939 480 961 est
498 935 578 961 etiam
600 935 745 960 Homerum
767 942 876 960 caecum

79 974 172 1000 fuisse.
199 973 302 1000 Ateius
313 973 456 1008 picturam,
472 981 523 999 non
535 972 777 1007 poesim-videmus.
804 973 877 1003 Quae

78 1012 161 1047 regio,
175 1019 243 1046 quae
255 1019 308 1042 ora,
322 1010 371 1047 qui
382 1009 457 1038 locus
469 1010 610 1043 Graeciae,
626 1020 695 1046 quae
707 1010 812 1046 species
825 1008 878 1035 for-

78 1057 175 1083 maque
186 1056 304 1086 pugnae,
312 1057 381 1084 quae
393 1050 473 1080 acies,
482 1049 555 1084 quod
566 1050 720 1084 remigium,
729 1050 777 1083 qui
789 1051 878 1074 motus

78 1086 229 1118 hominum,
246 1087 294 1122 qui
306 1086 423 1113 ferarum
436 1096 487 1113 non
500 1087 534 1113 ita
546 1087 670 1121 expictus
682 1091 735 1117 est,
752 1091 794 1117 ut,
809 1094 878 1120 quae

78 1126 136 1160 ipse
148 1133 199 1151 non
212 1124 318 1155 viderit,
333 1133 380 1150 nos
391 1129 421 1151 ut
433 1124 596 1152 videremus,
610 1124 743 1150 effecerit?
753 1123 824 1155 Quid
836 1132 878 1149 er-

77 1162 129 1198 go‘?
147 1167 193 1188 aut
206 1163 319 1188 Homero
335 1161 539 1188 delectationem
555 1162 639 1188 animi
655 1170 684 1188 ae
700 1161 875 1196 voluptatem,

78 1204 124 1227 aut
134 1200 262 1234 cuiquam
274 1199 351 1226 docto
362 1199 482 1226 defuisse
489 1208 619 1234 umquam
626 1198 805 1225 arbitramur?
820 1200 875 1224 145.

78 1238 139 1268 Aut,
154 1238 182 1263 ni
194 1238 229 1263 ita
240 1245 268 1263 se
280 1246 321 1263 res
333 1237 452 1268 haberet,
467 1237 638 1272 Anaxagoras
650 1241 695 1263 aut
707 1237 750 1263 hic
762 1237 819 1271 ipse
828 1237 878 1262 De-

78 1275 208 1301 mocritus
224 1283 301 1310 agros
317 1279 342 1301 et
358 1275 517 1309 patrimonia
535 1283 584 1300 sua
603 1274 790 1309 reliquissent,
815 1273 878 1300 huic

77 1312 202 1338 discendi
213 1311 416 1347 quaerendique
423 1311 532 1338 divinae
539 1311 709 1338 delectationi
717 1316 768 1338 toto
779 1320 807 1337 se
820 1312 879 1337 ani-

78 1358 122 1376 mo
133 1349 319 1376 dedidissent?
334 1350 425 1384 Itaque
437 1358 568 1385 augurem
580 1350 724 1380 Tiresiam,
741 1357 823 1384 quem
835 1357 878 1374 sa-

78 1388 197 1423 pientem
214 1387 319 1422 fingunt
334 1392 441 1422 poetae,
464 1396 613 1422 numquam
636 1386 769 1413 inducunt
784 1386 877 1421 deplo-

78 1430 179 1452 rantem
195 1425 349 1451 caecitatem
365 1433 453 1451 suam.
494 1424 527 1451 At
543 1433 605 1451 vero
618 1424 815 1459 Polyphemum
828 1424 879 1449 llo—

77 1471 272 1497 merus,quum
284 1463 431 1488 immanem
443 1461 584 1497 ferumque
597 1462 799 1492 finxisset,m1m
809 1462 880 1487 arie-

78 1505 103 1526 te
120 1500 200 1526 etiam
216 1499 413 1534 colloquentem
426 1498 489 1526 facit
500 1500 614 1534 eiusque
627 1498 734 1525 laudare
747 1498 876 1529 fortunas,

77 1537 160 1572 quod,
177 1546 230 1572 qua
242 1536 332 1567 vellet,
349 1536 455 1572 ingredi
467 1541 558 1572 posset
568 1541 602 1568 et,
615 1545 684 1571 quae
696 1536 785 1567 vellet,
798 1537 879 1562 attin-

77 1583 151 1610 gere.
193 1575 271 1601 Recte
284 1574 327 1600 hic
338 1574 461 1609 quidem.
503 1574 593 1600 Nihilo
605 1575 677 1600 enim
689 1579 744 1600 erat
756 1574 814 1608 ipse
825 1573 878 1609 Cy-

77 1612 162 1647 clops,
176 1620 257 1647 quam
270 1612 339 1638 aries
351 1611 405 1642 ille,
420 1611 588 1646 prudentior.
629 1611 687 1637 XL.
705 1613 761 1637 4⁴6.
778 1612 805 1637 ln
818 1620 878 1637 sur-

77 1649 159 1676 ditate
171 1658 233 1676 vero
245 1648 375 1684 quidnam
387 1654 427 1675 est
438 1648 520 1675 mali?
530 1649 593 1675 Erat
603 1649 741 1675 surdaster
752 1649 788 1675 M.
800 1649 879 1675 Cras-

77 1695 138 1713 sus:
157 1686 204 1713 sed
216 1686 290 1713 aliud
303 1686 457 1717 molestius,
475 1686 547 1721 quod
559 1686 628 1713 male
640 1686 780 1718 audiebat;
797 1687 878 1712 etiam

77 1725 110 1755 si.
120 1724 224 1751 utmihi
236 1723 388 1755 videbatur,
397 1724 506 1750 iniuria.
531 1722 677 1760 [Epicurei]
687 1724 769 1750 nostri
778 1724 878 1750 Graece

78 1761 132 1788 fere
144 1762 277 1792 nesciunt,
292 1769 340 1787 nec
350 1761 446 1788 Gracci
459 1761 561 1788 Latine.
596 1762 666 1797 Ergo
679 1761 706 1787 hi
719 1762 746 1788 in
758 1761 876 1792 illorum,

77 1804 104 1826 et
117 1799 157 1826 illi
173 1800 201 1825 in
217 1799 313 1825 horum
329 1807 453 1825 sermone
468 1798 558 1825 surdi:
579 1807 728 1834 omnesque
745 1808 793 1825 nos
806 1799 832 1825 in
845 1799 878 1825 iis

78 1836 195 1872 linguis,
213 1844 281 1871 quas
293 1844 345 1863 non
357 1836 550 1872 intelligimus,
568 1845 637 1872 quae
648 1841 712 1863 sunt
722 1837 879 1863 innumera-

78 1873 157 1904 biles.
171 1873 247 1900 surdi
259 1873 376 1908 profecto
387 1882 492 1900 sumus.
514 1873 548 1900 At
559 1882 652 1901 vocem
666 1874 814 1901 citharoedi
825 1883 878 1901 non

78 1910 205 1938 audiunt:
220 1919 252 1937 ne
263 1910 405 1937 stridorem
417 1911 529 1946 quidem
541 1916 702 1943 serraetum,
711 1920 796 1947 quum
804 1912 880 1938 aeui-

79 1953 134 1975 tur:
148 1952 194 1975 aut
204 1948 468 1983 grunnitum,quum
479 1948 707 1983 iugulatur,suis:
721 1957 778 1980 nec,
791 1958 878 1984 quum

78 1986 218 2020 quiescere
229 1984 335 2016 volunt,
350 1984 487 2011 fremitum
499 1986 692 2012 murmurantis
703 1987 795 2012 maris.
835 1987 877 2018 Et,

78 2024 101 2049 si
114 2027 209 2049 cantus
220 2031 266 2049 eos
278 2021 343 2049 forte
355 2022 496 2053 delectant,
511 2023 628 2057 primum
640 2024 756 2058 cogitare
768 2023 876 2050 debent.

79 2064 223 2095 antequam
236 2059 263 2086 hi
275 2060 330 2086 sint
342 2060 454 2090 inventi,
463 2060 562 2086 multos
570 2060 644 2087 beate
657 2061 759 2087 vixisse
769 2061 877 2095 sapien-

79 2102 131 2124 tes:
168 2096 267 2123 deinde
289 2096 373 2123 multo
394 2097 521 2124 maiorem
538 2098 641 2132 percipi
657 2106 736 2132 posse
756 2097 878 2133 legendis

78 2135 136 2166 his,
159 2143 241 2170 quam
261 2133 420 2165 audiendis,
448 2134 626 2169 voluptatem,
665 2136 721 2161 ⁴⁴7.
756 2139 826 2165 tum,
850 2139 879 2162 ut

79 2171 170 2207 paullo
185 2176 245 2198 ante
260 2179 353 2198 caecos
369 2171 402 2198 ad
414 2172 521 2198 aurium
534 2171 741 2198 traducebamus
754 2171 878 2207 volupta-

78 2214 142 2240 tem.
156 2210 195 2235 sic
208 2209 268 2235 licet
279 2208 376 2235 surdos
387 2208 420 2235 ad
432 2208 582 2235 oculorum.
609 2209 715 2236 Etenim
726 2210 775 2245 qui
786 2218 878 2237 secum

80 2246 154 2283 loqui
167 2247 272 2282 poterit,
285 2254 437 2274 sermonem
449 2245 558 2274 alterius
570 2255 622 2274 non
634 2247 761 2282 requiret.

1196 118 1228 143 V.
1260 117 1311 144 CA
1323 117 1351 143 P.
1374 119 1405 143 36
1426 132 1462 136 -
1484 118 1524 143 4⁴.
1657 118 1723 143 ⁴097

983 188 1166 223 Congerantur
1177 189 1204 214 in
1217 197 1301 214 unum
1312 188 1410 218 onmia,
1420 193 1449 214 ut
1460 187 1531 214 idem
1542 186 1629 214 oculis
1640 192 1665 213 et
1677 196 1725 214 au-

928 225 1004 251 ribus
1015 231 1110 260 captus
1125 226 1172 257 sit,
1192 230 1328 260 prematur
1344 226 1424 252 etiam
1436 225 1574 251 doloribus
1586 225 1724 251 acerrimis

928 264 1056 297 corporis.
1097 263 1149 295 Qui
1165 264 1283 297 primum
1301 271 1348 297 per
1362 271 1390 289 se
1406 263 1458 297 ipsi
1470 262 1631 297 plerumque
1642 262 1725 288 confi-

928 300 1003 326 ciunt
1019 300 1169 326 hominem:
1188 301 1230 326 sin
1248 299 1312 326 forte
1328 300 1522 335 longinquitate
1539 299 1662 334 producti
1679 308 1725 324 vc-

929 337 1082 363 hementius
1098 342 1185 364 tamen
1202 342 1338 372 torquent,
1356 346 1437 372 quam
1454 342 1482 363 ut
1497 346 1591 363 caussa
1607 337 1655 367 sit,
1678 345 1726 362 cur

929 374 1060 401 ferantur:
1077 375 1143 409 quid
1155 380 1195 401 est
1206 375 1322 405 tandem,
1331 374 1370 400 dii
1382 375 1458 401 boni!
1471 374 1544 409 quod
1556 373 1727 400 laboremus?

928 412 1022 438 Portus
1033 413 1105 438 enim
1122 417 1227 446 praesto
1242 417 1296 442 est,
1319 413 1446 446 quoniam
1463 421 1534 438 mors
1550 410 1673 448 [ibidem]
1687 416 1727 437 est

929 454 1066 475 aeternum
1083 449 1151 475 nihil
1173 450 1298 475 sentienti
1318 449 1528 484 receptaculum.
1569 448 1726 475 Theodorus

930 487 1090 522 Lysimacho
1103 491 1214 513 mortem
1229 487 1379 513 minitanti:
1398 487 1520 520 Magnum
1536 495 1607 516 vera,
1625 486 1724 521 inquit,

929 526 1041 557 cll‘ccisti.
1053 533 1076 550 st
1089 526 1248 550 cantharidis
1259 527 1309 550 rim
1321 529 1468 550 consecutus
1479 533 1511 550 es.
1546 525 1553 549 ⁴
1564 525 1600 549 ¹8.
1616 522 1727 549 Paullus

931 562 1023 587 Persae
1034 561 1197 595 deprecanti,
1207 562 1273 587 nein
1286 561 1423 595 triumpho
1434 561 1590 587 duceretur:
1604 561 1633 586 In
1646 566 1689 587 {aa
1702 563 1728 586 id

929 601 1030 632 quidem
1039 604 1163 631 potestate
1173 604 1218 624 est.
1260 598 1341 624 Multa
1354 599 1442 633 primo
1453 598 1510 629 die,
1526 607 1612 633 quum
1623 597 1656 624 de
1669 598 1727 632 ipsa

930 640 1012 662 morte
1024 644 1229 670 quaereremus:
1253 644 1304 661 non
1318 644 1402 670 pauca
1413 637 1493 662 etiam
1505 640 1623 670 postero,
1641 643 1728 670 quum

929 678 1053 708 ageretur
1063 673 1096 699 de
1108 672 1211 703 dolore,
1225 678 1288 699 sunt
1299 672 1369 699 dicta
1381 673 1413 699 de
1425 678 1521 699 morte:
1545 681 1613 708 quae
1625 673 1674 707 qui
1686 681 1728 698 re-

929 710 1061 741 cordetur,
1071 710 1143 737 haud
1154 719 1217 737 sane
1229 710 1381 744 periculum
1393 715 1441 741 est,
1451 719 1482 736 ne
1495 719 1546 736 non
1559 714 1670 736 mortem
1683 714 1728 736 aut

928 748 1083 782 optandam,
1095 752 1141 774 aut
1151 753 1221 774 certe
1233 756 1285 774 non
1298 747 1444 774 timendam
1457 752 1541 782 putet.
1574 747 1643 774 XLI.
1660 747 1728 773 Mihi

929 785 1040 820 quidem
1053 786 1080 811 in
1097 786 1149 811 vita
1164 785 1296 811 servanda
1308 785 1465 811 videturilla
1475 785 1637 819 lex,quaein
1645 785 1728 811 Grae—

929 831 1021 848 corum
1033 823 1168 848 conviviis
1179 822 1327 854 obtinetur:
1344 827 1389 848 aut
1401 824 1477 851 bibat,
1486 822 1726 856 inquit,aulabeal.

930 861 961 886 Et
972 865 1051 885 recte.
1092 860 1146 886 Aut
1159 861 1232 886 enim
1250 859 1352 886 fruatur
1368 858 1468 894 aliquis
1480 860 1579 894 pariter
1589 867 1652 885 cum
1667 858 1728 884 aliis

930 897 1066 932 voluptate
1078 897 1201 931 potandi:
1216 902 1269 927 aut,
1279 905 1311 922 ne
1322 896 1430 923 sobrius
1443 897 1469 923 in
1482 896 1638 922 violentiam
1651 897 1729 922 vino-

930 934 1062 961 lentorum
1073 934 1182 965 incidat,
1197 939 1256 961 ante
1267 933 1401 960 discedat:
1419 935 1458 960 sic
1470 934 1584 960 iniurias
1596 933 1726 964 fortunae,

929 981 997 1007 quas
1023 971 1090 998 ferre
1115 980 1247 1006 nequeas,
1282 971 1446 1007 defugiendo
1468 971 1615 1006 relinquas,
1660 971 1729 997 Haec

929 1010 1038 1040 eadem,
1065 1018 1134 1046 quae
1153 1009 1303 1046 Epicurus,
1335 1008 1446 1036 totidem
1469 1008 1558 1036 verbis
1579 1008 1646 1035 dicit
1666 1008 1728 1035 Hie·

930 1056 1070 1085 ronymus.

988 1105 1044 1129 ⁴49.
1065 1103 1142 1135 Quod
1158 1104 1182 1129 si
1198 1103 1218 1129 ii
1233 1102 1404 1137 philosophi,
1420 1109 1536 1137 quorum
1552 1109 1582 1127 ea
1598 1101 1729 1127 sententia

930 1146 979 1172 est,
993 1145 1022 1167 ut
1034 1141 1120 1167 virtus
1132 1149 1179 1175 per
1189 1148 1218 1166 se
1230 1141 1288 1175 ipsa
1300 1139 1369 1166 nihil
1382 1139 1481 1171 valeat,
1495 1147 1642 1173 omneque,
1656 1138 1730 1173 quod

931 1179 1074 1205 honestum
1086 1186 1134 1204 nos
1145 1183 1171 1204 et
1184 1177 1319 1204 laudabile
1329 1185 1389 1203 esse
1400 1177 1527 1207 dicimus,
1537 1176 1565 1202 id
1576 1176 1730 1202 illicassum

930 1216 1061 1251 quiddam
1077 1221 1102 1242 et
1118 1216 1190 1242 inani
1208 1216 1282 1241 vocis
1297 1223 1362 1241 sono
1378 1214 1533 1240 decoratum
1549 1222 1608 1240 esse
1623 1213 1728 1240 dicant:

932 1252 976 1290 [et]
993 1258 1081 1280 tamen
1102 1261 1210 1287 semper
1230 1252 1339 1279 beatum
1358 1256 1469 1278 censent
1486 1260 1545 1277 esse
1564 1251 1727 1285 sapientem:

930 1291 996 1326 quid
1010 1291 1116 1318 tandem
1129 1299 1142 1316 a
1154 1291 1259 1316 Socrate
1270 1289 1409 1316 etPlatone
1421 1288 1547 1324 profectis
1559 1288 1730 1323 philosophis

931 1328 1084 1355 faciendum
1096 1328 1193 1362 putes‘?
1206 1327 1326 1359 Quorum
1339 1326 1384 1353 alii
1398 1332 1496 1353 tantam
1504 1327 1730 1360 praestantiamin

931 1366 1009 1392 bonis
1020 1366 1104 1392 animi
1116 1374 1176 1391 esse
1185 1365 1293 1393 dicunt,
1312 1369 1341 1390 ut
1355 1364 1388 1390 ab
1401 1364 1444 1390 his
1454 1364 1574 1398 corporis
1585 1368 1610 1390 et
1621 1367 1730 1389 externa

930 1404 1122 1429 obscurentur:
1162 1404 1217 1429 420.
1248 1402 1292 1428 alii
1307 1407 1396 1428 autem
1413 1401 1478 1427 haec
1493 1409 1525 1427 ne
1538 1401 1606 1427 bona
1617 1400 1730 1435 quidem

931 1441 1046 1473 ducunt,
1066 1441 1092 1466 in
1108 1440 1198 1466 auimo
1211 1439 1452 1474 reponuntomnia.
1493 1439 1613 1470 Quorum
1625 1443 1731 1464 contro-

931 1479 1047 1504 versiam
1059 1477 1170 1508 solebat,
1184 1481 1322 1511 tamquam
1335 1476 1493 1502 honorarius
1505 1475 1613 1506 arbiter,
1626 1475 1731 1501 iudica-

931 1524 958 1542 re
974 1515 1134 1542 Carneades.
1176 1515 1243 1540 Nam
1254 1522 1354 1549 quum,
1371 1521 1560 1549 quaecumque
1576 1512 1644 1539 bona
1657 1513 1731 1538 Peri-

930 1554 1067 1588 pateticis.
1083 1552 1177 1579 cadem
1190 1551 1287 1578 Stoicis
1302 1551 1441 1577 commoda
1454 1550 1623 1577 viderentur:
1642 1557 1731 1584 neque

931 1596 1018 1617 tamen
1031 1590 1200 1624 Peripatetici
1213 1589 1275 1624 plus
1287 1589 1435 1615 tribuerent
1445 1588 1564 1617 divitiis,
1582 1587 1666 1613 bonae
1684 1596 1731 1613 va-

932 1628 1054 1657 letudini,
1067 1628 1163 1654 ceteris
1175 1627 1256 1653 rebus
1267 1627 1375 1662 generis
1387 1625 1523 1655 eiusdem,
1536 1633 1617 1660 quam
1630 1625 1726 1651 Stoici:

930 1675 1015 1701 quum
1028 1675 1057 1691 ea
1070 1674 1110 1696 re,
1128 1673 1180 1691 non
1192 1664 1283 1690 verbis
1295 1663 1519 1698 ponderarentur,
1535 1671 1659 1688 caussam
1671 1670 1731 1688 esse

930 1703 1082 1730 dissidendi
1105 1702 1229 1738 negabat.
1269 1702 1358 1733 Quare
1379 1701 1451 1727 hunc
1474 1700 1561 1727 locum
1581 1705 1731 1727 ceterarum

930 1741 1138 1775 disciplinarum
1164 1739 1320 1774 philosophi
1350 1737 1581 1773 quemadmodum
1609 1737 1732 1764 obtinere

930 1779 1044 1813 possint,
1058 1779 1111 1812 ipsi
1122 1777 1249 1803 viderint.
1290 1776 1358 1803 Mihi
1371 1781 1459 1802 tamen
1470 1780 1575 1811 gratum
1588 1780 1641 1804 est,
1657 1773 1731 1809 quod

930 1816 963 1842 (le
971 1816 1134 1852 sapientium
1143 1819 1271 1850 perpetua
1278 1814 1347 1840 bene
1359 1813 1471 1840 vivendi
1482 1812 1605 1839 facultate
1616 1812 1731 1848 dignum

930 1853 1061 1889 quiddam
1073 1852 1297 1888 philosophorum
1310 1860 1374 1878 voce
1386 1851 1552 1886 profitentur.

989 1913 1045 1938 1⁶2⁴.
1058 1910 1110 1937 Sed
1121 1910 1250 1945 quoniam
1261 1918 1339 1936 mane
1350 1914 1391 1935 est
1401 1908 1531 1939 eundum,
1550 1907 1598 1934 has
1608 1907 1731 1942 quinque

930 1949 1036 1976 dierum
1067 1948 1265 1983 disputationes
1295 1947 1424 1973 memoria
1457 1944 1730 1980 comprehendamus.

930 1986 1065 2021 Equidem
1077 1994 1120 2012 me
1131 1986 1211 2012 etiam
1222 1985 1438 2019 conscripturum
1450 1983 1572 2012 arbitror.
1589 1982 1646 2016 (ubi
1659 1982 1730 2007 enim

931 2023 1029 2050 melius
1036 2023 1074 2050 uti
1082 2031 1229 2058 possumus
1237 2023 1295 2053 hoc,
1304 2021 1471 2048 cuicuimodi
1478 2026 1525 2048 est.
1533 2020 1614 2053 ouo·.²)
1625 2019 1656 2045 ad
1664 2019 1731 2045 Bru-

931 2066 1043 2096 tumque
1050 2065 1171 2087 nostrum
1179 2060 1227 2086 hos
1235 2059 1318 2086 libros
1325 2059 1549 2094 alterosquinque
1556 2058 1694 2083 mittemus
1703 2067 1707 2081 ;
1717 2066 1730 2081 a

931 2107 984 2133 quo
996 2107 1048 2124 non
1060 2097 1139 2124 modo
1151 2096 1262 2132 impulsi
1274 2105 1370 2123 sumus
1381 2096 1414 2122 ad
1426 2095 1600 2131 philosophas
1607 2094 1732 2128 scriptio-

931 2144 992 2165 nes,
1011 2143 1106 2160 verum
1122 2135 1202 2160 etiam
1220 2134 1346 2160 lacessiti.
1388 2134 1416 2160 ln
1427 2141 1481 2168 quo
1492 2136 1623 2168 quantum
1635 2130 1730 2157 ceteris

932 2171 1065 2207 profuturi
1076 2172 1173 2201 simus,
1182 2180 1233 2197 non
1242 2171 1319 2197 facile
1326 2171 1490 2197 dixerimus:
1508 2170 1606 2195 nostris
1618 2167 1729 2202 quidem

932 2209 1116 2236 acerbissimis
1132 2208 1272 2234 doloribus
1288 2209 1424 2242 variisque
1441 2212 1466 2233 ct
1481 2206 1601 2241 undique
1613 2206 1730 2231 circum-

933 2247 1001 2273 fusis
1013 2245 1145 2273 molestiis
1156 2245 1207 2272 alia
1220 2245 1293 2272 nullu
1305 2245 1391 2280 potuit
1406 2244 1523 2271 inveniri
1536 2243 1642 2270 levatio.

788 2429 1007 2445 -0-00005—

1476 2707 1523 2733 1⁸8
