1941 3052
374 131 705 159 EPISTOLARUM
734 131 791 158 AD
819 131 1027 159 ATTICUM
1056 132 1137 159 LIB.
1160 133 1191 159 V.

1222 133 1283 159 ΕΡ.
1308 135 1316 159 1
1341 135 1421 159 -9,
1669 138 1713 162 831

75 212 137 231 sum
147 210 206 229 esse
217 210 269 229 11011
281 201 410 235 alienum,
418 211 512 230 vereor
522 202 621 230 adduci
632 207 662 230 ut
672 207 761 230 nostra
771 203 869 237 possit3
900 201 902 226 1
924 211 1011 229 essem
1023 203 1157 238 quotidie:
1174 203 1247 238 quod
1259 205 1379 230 concessi
1391 203 1514 231 libenter.
1539 204 1636 232 Multos
1647 208 1719 232 enim

76 246 102 268 et
113 245 141 267 tu
152 241 204 270 ais,
219 239 429 276 δυςδιάγνωστον
440 249 509 267 esse.
549 240 683 276 Equidem
695 249 757 267 sum
768 240 869 267 facilis:

76 277 124 305 sed
135 282 163 304 tu
175 277 263 304 aberis
271 297 277 308 ‚
294 281 320 304 et
330 286 373 304 me
384 277 494 304 absente
505 286 558 304 res.
598 278 716 304 Habebis
728 278 781 304 mei
792 278 873 304 ratio-

77 323 148 342 nem.
188 315 256 341 Nam
267 320 358 349 posset
372 315 491 350 aliquid,
509 316 533 342 si
548 316 651 342 utervis
662 320 783 342 nostrum
795 315 873 342 ades-

76 357 126 383 set,
142 357 238 388 agente
249 351 374 384 Servilia,
388 352 483 379 Servio
493 352 551 379 fieri
562 352 713 387 probabile.
748 353 835 384 Nunc,
849 353 873 378 si

76 391 130 416 iam
140 398 184 416 res
194 389 306 424 placeat,
322 389 420 425 agendi
431 395 519 417 tamen
531 391 603 416 viam
615 399 668 417 non
678 389 768 416 video.
795 391 873 416 Nunc

76 427 156 453 venio
167 427 201 453 ad
212 426 287 453 illam
298 427 453 462 epistolam,
469 436 551 463 quam
567 428 658 462 accepi
672 436 687 453 a
697 427 796 454 Tullio.
836 427 873 453 De

76 464 210 495 Marcello,
224 463 311 491 fecisti
323 464 478 500 diligenter.
503 465 588 500 Igitur
599 470 707 491 senatus
718 464 873 491 consultum

76 503 101 528 si
111 502 162 528 erit
172 501 286 533 factum,
303 502 407 528 scribes
418 502 451 528 ad
464 511 521 528 me:
539 503 582 529 sin
594 503 698 533 minus,
715 510 772 528 rem
784 506 872 528 tamen

76 538 212 566 conficies.
248 539 315 565 Mihi
329 540 402 566 enim
413 540 524 566 attribui
535 539 676 574 oportebit,
689 540 754 565 item
764 538 871 565 Bibulo.

75 576 129 603 Sed
135 585 187 603 non
194 576 298 608 dubito,
306 577 373 611 quin
384 576 648 604 senatusconsultum
659 576 815 611 expeditum
827 577 870 606 sit,

76 614 105 640 in
119 622 174 649 quo
188 614 346 649 praesertim
362 615 398 641 sit
411 614 603 649 compendium
616 613 721 649 populi.
761 614 797 640 De
808 614 874 640 Tor-

76 656 166 686 quam,
179 651 273 686 probe.
313 652 349 678 De
360 652 468 679 Masone
479 656 504 678 et
515 652 614 687 Ligure
622 672 628 682 ,
641 659 728 686 quum
739 651 871 677 venerint.

75 689 113 715 De
125 688 180 720 illo,
191 688 265 724 quod
276 688 460 724 Chaerippus:
477 690 605 724 quoniam
617 689 662 715 hic
672 696 781 723 quoque
792 687 873 724 πρός-

75 736 165 753 νευσιν
180 726 329 758 sustulisti,
349 735 365 752 o
380 726 532 761 provincia!
550 726 666 752 etiamne
680 725 726 752 hic
741 725 810 751 mihi
824 733 873 751 cu-

77 763 178 790 randus
189 763 247 790 est?
256 763 398 790 Curandus
408 769 498 790 autem
509 763 648 794 hactenus,
662 771 695 789 ne
706 763 774 798 quid
785 762 818 790 ad
829 771 873 789 se—

76 805 180 831 natum,
192 800 312 832 consule,
325 805 372 827 aut
382 809 502 827 numera.
524 801 592 826 Nam
604 800 636 827 de
648 801 744 827 ceteris
754 816 800 827 —.
818 800 871 827 Sed

76 842 166 864 tamen
180 837 333 869 commode,
351 838 424 873 quod
439 846 501 864 cum
516 837 616 864 Scrofa.
657 838 693 864 De
709 839 869 873 Pomptinio,

76 880 147 902 recte
167 875 274 901 scribis.
314 875 362 901 Est
372 876 444 902 enim
460 875 505 906 ita,
523 879 560 905 ut,
577 875 601 901 si
612 879 673 902 ante
686 875 799 902 Kalend.
811 877 870 902 Iun.

75 912 215 939 Brundisii
235 912 342 939 futurus
357 913 401 943 sit,
425 913 515 939 minus
531 912 646 947 urgendi
658 912 758 940 fuerint
768 914 803 940 M.
816 913 872 939 An—

76 950 139 976 nius
154 954 180 976 et
190 949 307 976 Tullius.
347 951 372 976 3.
392 950 466 982 Quae
477 949 510 976 de
521 949 623 976 Sicinio
634 950 744 982 audisti,
761 959 791 977 ea
803 951 871 977 mihi

76 987 236 1022 probantur:
259 986 339 1014 modo
349 995 383 1014 ne
394 987 440 1014 illa
451 987 573 1022 exceptio
584 988 611 1014 in
623 987 742 1023 aliquem
754 989 872 1015 incurrat

76 1024 145 1051 bene
160 1024 194 1051 de
210 1024 288 1051 nobis
299 1025 436 1052 meritum.
476 1024 529 1051 Sed
543 1025 792 1053 considerabimus:
814 1035 872 1053 rem

76 1062 149 1088 enim
169 1062 262 1096 probo.
302 1063 339 1088 De
360 1067 449 1089 nostro
464 1063 574 1093 itinere,
592 1062 665 1097 quod
681 1068 811 1095 statuero,
839 1063 872 1090 de

75 1099 199 1134 quinque
212 1099 364 1134 praefectis,
373 1100 441 1135 quid
452 1100 596 1134 Pompeius
608 1099 727 1127 facturus
733 1102 777 1132 sit,
786 1110 872 1136 quum

76 1145 111 1164 ex
120 1137 182 1171 ipso
191 1145 316 1172 cognoro,
329 1136 436 1168 faciam,
450 1142 479 1164 ut
489 1138 569 1164 scias.
595 1138 631 1164 De
642 1137 730 1173 Oppio
744 1138 812 1165 bene
823 1148 873 1165 cu—

76 1174 150 1205 rasti.
167 1174 239 1210 quod
255 1175 280 1201 ei
294 1183 362 1201 nccc
373 1175 539 1210 exposuisti:
560 1175 652 1210 idque,
668 1176 796 1210 quoniam
808 1176 873 1203 Phi-

77 1211 200 1239 lotimum
216 1212 310 1244 habes,
326 1212 425 1247 perfice
440 1217 466 1239 et
479 1220 611 1248 cognosce
626 1213 770 1240 rationem:
793 1219 827 1245 et,
843 1218 873 1241 ut

75 1257 90 1275 a
111 1257 155 1275 am
170 1249 297 1284 amplius,
314 1250 339 1276 si
350 1258 392 1276 me
403 1258 486 1281 amas,
500 1250 576 1285 prius
587 1259 669 1285 quam
681 1251 870 1285 proficiscaris,

75 1295 90 1313 e
104 1286 166 1313 tice:
198 1295 295 1322 magna
307 1295 349 1314 me
360 1296 424 1314 cura
436 1287 543 1314 levaris.
576 1289 601 1314 4.
627 1288 715 1314 Habes
727 1288 759 1315 ad
769 1290 870 1316 omnia.

75 1324 134 1350 Etsi
143 1332 228 1359 paene
239 1325 374 1359 praeterii,
387 1325 506 1352 chartam
518 1325 567 1352 tibi
579 1325 687 1352 deesse:
715 1334 773 1352 mea
784 1327 872 1361 captio

75 1366 129 1395 est,
152 1362 289 1397 siquidem
300 1362 360 1388 eius
372 1363 461 1397 inopia
473 1363 564 1389 minus
574 1361 658 1390 multa
669 1363 702 1389 ad
714 1371 755 1390 me
762 1364 870 1391 scribis.

75 1399 115 1426 Tu
136 1407 200 1426 vero
215 1398 291 1426 aufer
305 1399 445 1427 ducentos.
484 1400 542 1426 Etsi
557 1408 644 1426 meam
658 1401 686 1427 in
697 1409 728 1427 eo
738 1401 873 1436 parsimo—

75 1437 148 1463 niam
161 1436 243 1464 huius
259 1438 373 1473 paginae
385 1438 530 1464 contractio
540 1438 684 1473 significat,
698 1437 764 1464 dum
778 1444 834 1465 acta
846 1444 872 1466 et

75 1482 197 1501 rumores
212 1474 304 1501 vellet.
344 1475 408 1505 lam,
426 1476 450 1501 si
461 1483 514 1510 qua
526 1480 597 1502 certa
608 1475 692 1501 habes
703 1475 736 1502 de
748 1476 869 1508 Caesare,

74 1516 201 1548 exspecto
213 1511 326 1546 litteras;
347 1517 373 1540 et
383 1512 607 1549 aliasPomptinio
618 1512 650 1540 de
656 1513 871 1542 omnihusrebus

75 1550 221 1587 diligenter
231 1550 320 1577 dabis.

131 1621 155 1640 V.
172 1622 280 1644 (venusiae,
291 1622 349 1644 nuso,
360 1623 454 1641 Marcello
466 1629 510 1640 ³05³.
522 1623 578 1645 70³.)

261 1664 428 1692 CICERO
458 1666 627 1693 ATTICO
655 1667 683 1693 S.

132 1704 155 1728 1.
176 1698 262 1729 Plane
282 1702 370 1734 deest,
388 1703 461 1738 quod
475 1704 603 1731 scribam.
644 1704 710 1731 Nam
722 1712 784 1736 nec,
798 1705 870 1741 quod

73 1739 209 1770 mandem,
243 1739 341 1773 habeo,
377 1740 446 1767 nihil
476 1742 548 1768 enim
567 1743 790 1777 praetermissum
815 1748 868 1770 est:

73 1785 123 1804 nec
133 1777 206 1812 quod
218 1785 336 1811 narrem,
360 1778 422 1804 novi
434 1779 506 1805 enim
517 1779 600 1806 nihil:
622 1788 672 1806 nec
684 1780 789 1807 iocandi
797 1780 871 1808 locus

73 1819 126 1847 est;
159 1815 194 1841 ita
209 1823 252 1841 me
268 1814 352 1842 multa
367 1815 520 1843 sollicitant.
561 1817 677 1844 Tantum
693 1822 782 1845 tamen
792 1819 869 1847 scito.

73 1851 168 1879 Idibus
185 1852 247 1879 Mai.
265 1861 313 1879 nos
325 1853 442 1879 Venusia
459 1862 536 1880 mane
548 1854 748 1889 proficiscentes
759 1856 808 1882 has
823 1855 872 1883 de-

72 1888 157 1916 disse.
187 1889 226 1916 Eo
243 1889 333 1916 autem
347 1889 391 1916 die
404 1891 484 1918 credo
497 1891 602 1927 aliquid
616 1896 706 1918 actum
719 1893 748 1920 in
763 1898 869 1920 senatu.

73 1926 228 1962 Sequuntur
241 1927 325 1963 igitur
339 1936 387 1954 nos
401 1932 461 1954 tuae
476 1928 592 1960 litterae,
607 1929 710 1964 quibus
725 1939 777 1958 non
791 1930 871 1958 modo

74 1971 116 1990 res
135 1971 242 1995 omnes,
268 1963 316 1990 sed
336 1965 417 1991 etiam
433 1974 554 1992 rumores
573 1975 778 2002 cognoscamus.
818 1969 871 1995 Eas

73 2001 239 2036 accipiemus
249 2001 397 2028 Brundisii.
437 2002 478 2029 lbi
489 2004 561 2029 enim
573 2003 756 2039 Pomptinium
767 2005 800 2032 ad
812 2014 871 2033 eam

73 2037 160 2069 diem,
177 2046 260 2073 quam
276 2043 304 2065 tu
319 2039 468 2074 scripsisti,
487 2046 644 2075 exspectare
659 2043 803 2070 consilium
819 2049 869 2070 est.

72 2077 98 2103 2.
114 2076 168 2102 Nos
181 2076 298 2106 Tarenti,
311 2084 379 2110 quos
389 2085 451 2102 cum
462 2077 589 2112 Pompeio
601 2078 740 2116 διαλόγους
750 2080 783 2107 de
790 2088 871 2115 repu-

73 2112 143 2140 blica
155 2113 341 2144 hahuerimus,
354 2113 387 2139 ad
401 2118 425 2140 te
436 2115 648 2149 perscribemus;
672 2117 722 2144 etsi
737 2117 764 2144 id
779 2119 870 2153 ipsum

73 2151 142 2177 scire
153 2151 246 2185 cupio.
264 2150 337 2185 quod
348 2150 381 2177 ad
397 2156 503 2186 tempus
515 2157 584 2179 recte
595 2153 628 2179 ad
644 2158 667 2180 te
679 2154 797 2182 scribere
807 2163 871 2190 pos—

72 2188 139 2219 sim,
157 2187 185 2214 id
201 2192 254 2219 est,
271 2188 403 2223 quamdiu
419 2189 517 2216 Romae
533 2189 640 2217 futurus
651 2191 703 2223 sis,
720 2197 870 2228 utautquo

72 2224 134 2252 dem
149 2225 260 2260 posthac
273 2225 373 2252 litteras
384 2226 482 2257 sciam,
495 2231 541 2253 aut
552 2235 585 2254 ne
595 2227 657 2254 dem
669 2228 776 2256 frustra.
817 2230 869 2256 Sed

72 2267 217 2297 antequam
240 2263 424 2298 proficiscare,
448 2264 542 2299 utique
562 2265 727 2300 explicatum
748 2267 784 2294 sit
800 2267 868 2294 illud

73 2299 138 2326 H-S
152 2308 192 2326 xx
207 2304 234 2327 et
245 2308 321 2326 neco.
346 2301 400 2327 Hoc
411 2300 493 2328 velim
506 2302 532 2328 in
545 2303 671 2329 maximis
683 2303 764 2331 rebus
775 2309 800 2331 et
811 2314 869 2331 ina-

73 2337 146 2364 xime
162 2338 322 2364 necessariis
339 2337 451 2370 habeas;
485 2343 527 2369 ut,
545 2339 618 2374 quod
637 2346 744 2368 auctore
759 2346 784 2368 te
800 2342 868 2369 velle

72 2375 159 2409 coepi,
172 2374 294 2402 adiutore
305 2383 443 2411 assequar.

124 2440 162 2461 Vl.
177 2443 273 2466 (tamnu,
284 2444 342 2465 liuto,
351 2445 442 2462 mamm.

254 2485 421 2513 CICERO
454 2486 621 2513 ATTICO
651 2487 679 2513 S.

131 2523 154 2548 t.
179 2517 332 2550 Tarentum
348 2525 410 2551 veni
429 2534 452 2551 a.
470 2524 497 2550 d.
515 2532 561 2550 xv.
583 2524 694 2551 Kalend.
713 2525 770 2551 Iun.
791 2525 867 2558 Quod

72 2559 257 2594 Pomptinium
267 2565 411 2588 statueram
424 2567 592 2596 exspectare.
615 2562 867 2589 commodissimum

71 2595 153 2627 duxi,
166 2596 226 2624 dies
237 2605 295 2629 ece,
308 2599 398 2634 quoad
411 2599 454 2626 ille
467 2600 578 2626 veniret.
592 2607 654 2625 cum
668 2600 793 2634 l'ompeio
804 2608 868 2637 con-

71 2641 192 2661 sumere:
217 2643 303 2670 eoque
318 2637 418 2672 magis,
435 2636 508 2672 quod
524 2637 548 2663 ei
563 2641 668 2672 gratum
681 2645 739 2663 csse
753 2636 779 2663 id
792 2637 868 2664 vide-

73 2670 148 2699 bam2
180 2672 229 2707 qui
243 2672 323 2700 etiam
339 2682 353 2701 a
370 2682 411 2701 me
427 2675 547 2709 petierit.
566 2679 594 2701 ut
608 2682 700 2701 secum
715 2679 741 2701 et
757 2675 828 2710 apud
839 2683 868 2702 se

453 2450 498 2461 cun.
510 2445 566 2465 703.)

924 241 983 266 01115
999 240 1149 275 praeclaros
1165 240 1198 267 de
1212 241 1351 276 republica
1362 250 1499 268 sermones
1511 243 1655 278 accipiam;
1678 245 1721 270 in-

924 282 1012 304 struar
1027 279 1108 304 etiam
1122 278 1244 304 consiliis
1259 278 1363 305 idoneis
1377 279 1410 305 ad
1422 279 1472 306 hoc
1483 284 1605 306 nostrum
1616 282 1721 316 negoti-

924 323 980 341 um.
1031 317 1055 341 2.
1075 315 1127 341 Sed
1143 315 1176 342 ad
1192 320 1216 342 te
1232 316 1340 342 brevior
1354 317 1407 343 iam
1424 317 1451 343 in
1465 317 1608 344 scribendo
1620 319 1720 353 incipio

925 352 996 383 fieri,
1010 352 1147 383 dubitans,
1161 353 1295 379 Romaene
1305 354 1353 384 sis,
1367 363 1399 380 an
1412 354 1465 380 iam
1477 354 1621 389 profectus.
1643 355 1721 388 Quod

925 394 1012 416 tamen
1023 390 1112 424 quoad
1124 390 1265 425 ignorabo,
1279 391 1396 417 scribam
1407 391 1510 426 aliquid
1526 393 1624 426 potius,
1637 401 1720 428 quam

924 427 1099 458 committam,
1112 432 1150 458 ut,
1167 428 1216 454 tibi
1227 436 1314 462 quum
1326 429 1430 463 possint
1441 429 1517 455 reddi
1528 438 1541 455 a
1554 437 1596 456 me
1608 429 1719 461 litterae,

925 472 977 490 non
1005 464 1161 491 reddantur.
1201 465 1256 491 Nec
1276 470 1364 492 tamen
1388 466 1441 492 iam
1463 466 1562 497 habeo,
1588 467 1655 502 quid
1677 472 1722 493 aut

925 501 1050 527 mandem
1075 502 1124 528 tibi
1149 506 1195 528 aut
1213 511 1329 529 narrem.
1379 503 1504 530 Mandavi
1527 505 1630 535 omnia,
1652 513 1721 540 quae

924 538 1035 572 quidem
1047 543 1084 569 tu,
1101 543 1130 565 ut
1140 539 1292 573 polliceris,
1310 540 1467 567 exhauries:
1500 541 1621 572 narrabo,
1635 550 1721 577 quum

924 575 1029 610 aliquid
1043 576 1148 603 habebo
1159 578 1233 603 novi.
1255 577 1325 603 Illud
1337 582 1425 604 tamen
1436 587 1488 604 non
1500 579 1637 610 desinam,
1655 579 1721 606 dum

926 612 1020 639 adesse
1047 618 1071 640 te
1094 614 1208 648 putabo,
1236 614 1268 640 de
1288 615 1410 641 Caesaris
1431 617 1539 643 nomine
1564 625 1670 652 rogare.
1692 621 1721 643 ut

924 649 1075 676 confectum
1093 650 1240 686 relinquas.
1288 652 1375 679 Avide
1389 658 1515 687 exspecto
1536 658 1595 680 tuas
1610 654 1720 684 litteras,

924 691 950 713 et
960 688 1087 718 maxime,
1100 693 1130 714 ut
1140 689 1227 715 norim
1238 694 1345 724 tempus
1356 689 1528 725 profectionis
1540 696 1609 718 tuae.

976 753 1025 773 vu.
1041 755 1136 777 (Tarenti.
1146 756 1203 776 Ruso,
1212 757 1305 774 blant-llo
1315 764 1362 774 cusa.
1373 760 1427 780 703.)

1110 785 1278 814 CICERO
1306 787 1477 815 ATTICO
1505 788 1532 815 S.

980 817 1121 854 Quotidie,
1135 823 1178 849 vel
1198 825 1288 859 potius
1312 826 1340 852 in
1355 825 1414 852 dies
1429 826 1566 861 singulos,
1583 827 1722 854 breviores

924 859 1026 887 litteras
1042 860 1075 886 ad
1091 865 1116 887 te
1132 861 1218 888 mitto.
1259 861 1385 894 Quotidie
1401 863 1473 889 enim
1489 864 1575 899 magis
1587 865 1719 898 suspicor,

924 903 948 924 te
964 898 992 924 in
1007 898 1121 932 Epirum
1134 899 1186 924 iam
1197 898 1357 933 profectum.
1397 899 1449 926 Sed
1460 905 1558 931 tamen.
1571 906 1599 927 ut
1611 902 1723 927 manda-

924 940 991 966 tum,
1013 936 1084 961 scias
1103 944 1146 961 me
1166 944 1275 963 curasse
1293 936 1375 972 (quod
1391 942 1464 968 ante,
1482 939 1519 965 ait
1534 947 1562 964 se
1578 938 1722 973 Pompeius

923 973 1022 1007 quinos
1042 971 1191 1007 praefectos
1206 973 1369 1009 delaturum)
1384 983 1482 1007 novos,
1515 977 1663 1002 vacationis
1679 977 1722 1003 iu-

924 1010 1064 1037 diciariam
1084 1019 1218 1037 caussam.
1258 1011 1316 1047 Ego
1330 1021 1417 1047 quum
1433 1012 1553 1039 triduum
1569 1021 1631 1039 cum
1643 1013 1723 1040 Pom-

923 1048 985 1082 peio
1000 1052 1026 1074 et
1040 1048 1113 1083 apud
1124 1048 1283 1083 Pompeium
1296 1049 1422 1080 fuissem,
1435 1050 1626 1084 proficiscebar
1635 1051 1723 1077 Brun-

923 1085 1026 1111 disium
1038 1095 1061 1112 a.
1075 1085 1102 1112 d.
1118 1094 1177 1112 xm.
1194 1086 1252 1113 Kal.
1266 1087 1366 1113 Iunias.
1397 1087 1721 1124 Civemillumegregium

924 1123 1120 1158 relinquebam,
1135 1128 1161 1150 et
1172 1123 1205 1149 ad
1220 1123 1294 1155 haee,
1308 1132 1378 1159 quae
1389 1125 1526 1156 timentur,
1539 1125 1722 1160 propulsanda

924 1161 1136 1195 paratissimum.
1177 1161 1248 1187 Tuas
1270 1161 1370 1188 litteras
1385 1162 1562 1197 exspectabo,
1579 1171 1665 1198 quum
1681 1168 1720 1193 ut,

923 1198 991 1233 quid
1002 1206 1074 1234 agas,
1088 1202 1146 1224 tum
1157 1203 1195 1230 ut,
1210 1199 1258 1225 ubi
1269 1199 1316 1230 sis,
1330 1200 1424 1226 sciam.

977 1266 1038 1288 Vlss.
1058 1269 1169 1291 (Brundisii,
1180 1270 1238 1291 Ruso,
1248 1271 1340 1289 Marcello
1351 1277 1396 1288 coss.
1409 1272 1464 1292 703.)

1111 1312 1278 1339 CICERO
1307 1313 1475 1341 ATTICO
1504 1314 1532 1341 S.

982 1351 1005 1375 1.
1027 1343 1077 1375 Me
1093 1354 1119 1376 et
1135 1350 1305 1377 incommoda
1318 1350 1459 1382 valetudo,
1473 1360 1526 1386 qua
1538 1352 1591 1378 iam
1602 1360 1721 1378 emerse-

924 1395 994 1418 ram,
1012 1391 1104 1421 utpote
1120 1396 1206 1422 quum
1221 1389 1280 1414 sine
1292 1387 1361 1414 febri
1375 1388 1551 1420 laborassem,
1565 1394 1591 1416 et
1601 1389 1721 1424 Pompti-

924 1425 963 1450 nii
977 1425 1150 1458 exspectatio,
1165 1424 1198 1451 de
1209 1433 1264 1460 quo
1273 1425 1362 1452 adhuc
1374 1435 1406 1452 ne
1418 1435 1509 1452 rumor
1520 1426 1721 1462 0111111111]νοηο-

924 1467 975 1493 rat,
995 1462 1102 1488 tenebat
1116 1461 1307 1489 duodecimum
1324 1463 1376 1489 iam
1396 1463 1468 1490 diem
1484 1464 1635 1492 Brundisii:
1672 1464 1721 1490 sed

923 1507 1034 1526 cursum
1053 1499 1288 1534 exspectabamus.
1329 1502 1354 1526 2.
1375 1501 1413 1527 Tu
1429 1501 1453 1527 si
1470 1501 1548 1528 modo
1563 1510 1591 1527 es
1606 1502 1718 1530 Romae:

900 1546 902 1568 ;
923 1537 981 1574 (vix
991 1537 1064 1564 enim
1077 1537 1166 1573 put0:)
1186 1537 1273 1568 sines,
1287 1538 1720 1566 hocvehementeranimadvertas

925 1575 1017 1602 velim.
1037 1576 1120 1602 Roma
1132 1584 1287 1611 acceperam
1300 1574 1409 1608 litteras,
1420 1575 1548 1603 Milonem
1556 1584 1721 1613 meumque-

923 1614 945 1640 ri
957 1622 1005 1649 per
1016 1613 1116 1640 litteras
1129 1614 1256 1640 iniuriam
1269 1623 1366 1645 meam,
1379 1614 1451 1650 quod
1463 1615 1720 1642 Philotimussocius

923 1656 995 1678 esset
1010 1652 1036 1677 in
1054 1651 1132 1677 bonis
1151 1652 1218 1678 suis.
1260 1652 1288 1678 ld
1304 1660 1354 1688 ego
1368 1653 1403 1678 ita
1423 1652 1479 1678 lieri
1492 1652 1565 1679 volui
1576 1652 1608 1678 dc
1620 1652 1649 1679 C.
1665 1653 1720 1679 Du-

923 1689 992 1715 ronii
1013 1689 1159 1721 senteutia;
1193 1697 1274 1724 quern
1293 1694 1319 1716 et
1334 1690 1532 1716 amicissimum
1550 1690 1642 1716 Miloni
1659 1698 1720 1725 per-

922 1734 1073 1761 spexeram,
1093 1731 1119 1753 et
1130 1726 1209 1752 talem
1222 1727 1320 1757 virum,
1334 1727 1441 1762 qualem
1455 1732 1482 1754 tu
1495 1727 1608 1757 iudicas.
1621 1736 1722 1764 cogno-

923 1773 990 1790 ram.
1029 1763 1097 1790 Eius
1115 1768 1205 1790 autem
1220 1764 1379 1795 consilium,
1397 1773 1543 1800 meumque
1556 1765 1604 1791 1100
1617 1764 1717 1791 fuerat:

922 1802 1052 1836 primum,
1075 1805 1105 1828 ut
1125 1801 1151 1827 in
1173 1806 1303 1836 potestate
1324 1807 1412 1828 nostra
1428 1807 1498 1829 esset
1514 1812 1569 1829 res.
1592 1811 1625 1829 ne
1642 1802 1720 1828 illum

923 1838 1012 1865 malus
1030 1843 1134 1874 emptor
1147 1838 1252 1866 alienus
1268 1840 1426 1875 mancipiis,
1446 1848 1515 1875 quae
1530 1839 1663 1875 permulta
1677 1848 1721 1866 se·

922 1885 984 1903 011111
997 1876 1086 1905 habet.
1100 1876 1240 1911 spoliaret:
1264 1876 1371 1907 deinde,
1385 1882 1414 1903 ut
1425 1877 1546 1907 Faustae.
1560 1878 1720 1904 cuicautum

923 1913 968 1940 ille
986 1912 1065 1950 [esse]
1083 1914 1227 1945 voluisset,
1245 1919 1332 1940 ratum
1349 1919 1428 1941 essct.
1470 1915 1531 1941 Erat
1547 1915 1627 1941 etiam
1640 1914 1718 1945 illud,

923 1955 952 1977 ut
972 1951 1025 1986 ipsi
1046 1959 1108 1982 nos,
1125 1951 1149 1977 si
1164 1951 1231 1986 quid
1247 1952 1350 1978 servari
1370 1957 1473 1987 posset.
1492 1960 1574 1987 quam
1591 1951 1720 1978 facillime

922 1996 1103 2015 servaremuS.
1144 1990 1169 2015 3.
1190 1989 1267 2015 Nunc
1288 1998 1343 2015 rem
1360 1994 1440 2016 totam
1459 1989 1608 2024 perspicias
1626 1988 1717 2015 velim.

922 2025 1006 2052 Nobis
1017 2026 1089 2052 enim
1104 2026 1260 2053 scribuntur
1270 2035 1350 2062 saepe
1362 2027 1471 2053 maiora.
1502 2026 1553 2053 Sed
1565 2027 1589 2053 si
1602 2026 1645 2053 ille
1653 2035 1720 2061 que-

923 2064 1003 2094 ritur,
1020 2063 1043 2089 si
1059 2063 1155 2090 scribit
1171 2063 1204 2090 ad
1220 2064 1334 2094 amicos,
1347 2065 1370 2090 si
1383 2064 1454 2090 idem
1467 2064 1563 2091 Fausta
1576 2063 1642 2091 vult.
1656 2064 1720 2090 l'bi·

923 2100 1041 2130 lotimus,
1065 2105 1095 2127 ut
1113 2108 1163 2136 ego
1173 2101 1198 2127 ei
1209 2110 1298 2128 coram
1309 2101 1440 2131 dixeram.
1455 2101 1578 2136 mihique
1591 2101 1635 2127 ille
1648 2110 1719 2127 rece-

922 2142 1005 2172 perat,
1028 2145 1061 2163 110
1072 2137 1107 2164 511
1118 2138 1204 2164 invito
1216 2138 1314 2164 Milone
1326 2139 1352 2165 in
1365 2139 1452 2165 bonis.
1480 2138 1554 2165 Nihil
1570 2138 1648 2165 nobis
1661 2138 1719 2164 fuc-

922 2179 960 2201 rat
977 2175 1052 2201 tanti.
1091 2173 1137 2201 Sin
1155 2175 1220 2201 haec
1237 2175 1336 2202 leviora
1348 2180 1424 2206 sunt,
1443 2181 1470 2202 111
1484 2176 1627 2202 iudicabis.
1670 2175 1719 2201 Lo—

921 2220 1003 2246 quere
1018 2220 1080 2238 cum
1097 2212 1223 2239 Duronio.
1265 2212 1367 2247 Scripsi
1379 2213 1459 2239 etiam
1472 2212 1504 2239 ad
1517 2212 1670 2241 Camillum.
1685 2212 1717 2238 ad

922 2249 1055 2275 Lamiam:
1079 2257 1164 2283 eoque
1177 2250 1273 2285 magis.
1287 2250 1359 2284 quod
1374 2258 1426 2276 non
1437 2250 1605 2276 confidebam
1622 2250 1718 2276 Itoniae

922 2291 946 2313 te
957 2294 1025 2312 esse.
1066 2285 1177 2312 Summa
1189 2287 1239 2313 erit
1251 2286 1329 2313 baec:
1351 2292 1463 2317 statues,
1477 2292 1504 2313 ut
1516 2296 1549 2314 ex
1562 2287 1622 2316 11110,
1638 2286 1715 2314 snum.

921 2331 1004 2359 reque
1019 2331 1077 2349 mea
1090 2323 1237 2350 videbitur.

974 2400 1015 2421 lx.
1033 2402 1063 2425 (111
1083 2402 1156 2422 itinere.
1167 2403 1244 2420 Inruur
1261 2402 1311 2420 Aciii
1327 2403 1356 2420 nl
1372 2403 1390 2420 in
1407 2403 1448 2421 lom
1463 2402 1542 2420 Adunn
1554 2409 1648 2426 pvupwu.
1661 2404 1717 2421 univ.

1215 2438 1306 2455 Manu-111·
1317 2445 1362 2454 auu.
1376 2439 1430 2459 71111.)

1108 2481 1277 2507 CICERO
1306 2480 1474 2507 ATTICO
1504 2481 1532 2507 S.

978 2528 1000 2552 I.
1022 2521 1135 2553 Actium
1148 2526 1272 2553 venimus
1284 2535 1308 2552 11.
1320 2525 1348 2552 11.
1361 2534 1428 2552 xvu.
1442 2525 1500 2552 Kal.
1515 2527 1618 2559 Quint..
1631 2535 1716 2561 quum

897 2574 899 2601 1
920 2563 1031 2599 quidem
1047 2568 1073 2590 ct
1086 2564 1216 2600 Corcyrae
1232 2569 1256 2590 01
1268 2563 1376 2599 Sybotis
1399 2563 1559 2590 muneribus
1571 2564 1634 2593 tuis.
1647 2572 1717 2599 quae

898 2607 899 2615 ¹
920 2606 946 2627 et
964 2601 1050 2627 Arcus
1070 2606 1095 2627 ct
1107 2609 1183 2627 meus
1195 2602 1299 2627 amicus
1310 2600 1476 2636 Eutychides
1486 2601 1596 2636 opipare
1606 2606 1631 2628 ct
1642 2603 1715 2635 ‹5120-

920 2639 1115 2672 προςηνέστατα
1140 2638 1218 2665 nobis
1243 2643 1446 2674 congesserant.
1469 2638 1570 2673 epulati
1593 2647 1716 2665 essemus

896 2690 899 2699 ·
920 2675 1050 2703 Saliarem
1064 2676 1089 2703 in
1102 2676 1224 2703 modum.
1264 2676 1340 2703 Actio
1352 2675 1499 2703 maluimus
1511 2676 1560 2703 iter
1571 2675 1657 2703 facere
1668 2685 1716 2711 pe-

1434 2725 1482 2750 1117
1500 2724 1509 2733 “
