1941 3052
244 129 292 152 {mo
815 128 869 152 tto.
904 126 936 152 M.

241 206 428 232 quam-umque
446 206 486 222 res
504 205 565 222 cum
582 197 620 221 sic
635 197 755 229 attinget,
774 200 801 222 ut
815 197 850 222 nit
864 198 952 222 visum
966 196 1032 222 illud

243 234 390 270 prolmbile.
403 242 490 267 neque
502 233 554 258 ulla
568 242 594 258 re
607 233 776 267 impeditum.
791 234 952 260 movebitur.
977 234 1032 260 Non

241 273 313 297 enim
331 276 370 296 cst
385 281 399 295 e
415 279 479 296 saxo
495 270 631 304 sculptus.
647 274 691 295 out
704 278 717 295 e
730 270 822 295 robore
834 270 952 300 dolatum
986 270 1034 296 he-

243 309 287 335 bet
301 317 412 342 corpus;
442 307 521 333 hahet
535 307 670 338 animunr,
699 312 821 333 movetur
842 312 942 337 mente:
976 316 1034 334 mo-

243 351 319 371 vetur
330 344 468 373 sensibus,
481 349 508 370 ιιι
519 345 543 369 ci
557 353 617 370 vera
629 343 711 370 ιιιιιΙιιι
725 344 877 374 videantur-2

240 392 294 417 que
314 387 400 407 tamen
416 381 513 407 habere
527 381 661 416 insignem
675 381 747 407 itlmn
760 386 785 408 ct
800 382 934 416 proprium
946 382 1034 416 perci—

241 419 334 453 piendi
351 423 454 444 notam:
485 427 570 452 eoque
586 419 732 452 sapientem
750 427 801 445 non
817 419 955 448 assentiri,
969 419 1032 453 quia

240 455 457 490 1›o.-isitei¹¹s‹leni
470 455 540 481 modi
556 456 684 481 exsistere
701 455 796 482 falsum
809 456 927 491 aliquod,
940 456 1034 482 cuius-

242 492 313 519 modi
328 492 375 518 hoc
389 501 492 518 verum.
534 493 625 527 Neque
638 502 685 518 nos
695 498 784 519 contra
796 502 892 519 sensus
904 493 980 519 aliter
990 493 1033 519 di-

239 531 337 560 cimus,
351 539 381 554 εκ·
392 530 482 559 Stoici,
495 530 543 564 qui
556 529 638 555 multa
651 529 714 555 salsa
722 530 890 560 essedicunt,
901 530 1031 565 longeque

240 567 317 593 aliter
327 576 356 592 se
369 566 475 597 hahere,
488 575 518 592 ac
529 567 654 593 sensibus
668 567 818 593 videantur.
852 567 963 594 xxxtt.
980 568 1032 593 lloc

239 609 329 630 uutem
341 604 363 630 si
378 604 410 629 ita
423 604 466 633 sit.
481 609 509 630 ut
521 613 603 630 unum
617 604 1032 631 modoscnsibusfalsumvidea·
1052 631 1053 634 ,

241 647 295 668 tur:
320 645 425 675 praesto
438 646 490 670 est.
508 642 554 675 qui
569 646 658 676 neget,
678 650 731 667 rem
745 641 826 668 ullam
839 642 940 677 percipi
953 650 1031 676 posse
1052 643 1053 671 ζ

418 679 453 704 lta
462 699 468 709 ,
486 678 563 704 nobis
579 679 728 705 tacentibus
737 700 743 707 ,
756 688 789 706 cx
802 688 854 705 uno
866 680 975 714 Epicuri
987 688 1031 705 ca-
1052 679 1053 682 ’

239 678 377 704 sensibus.

239 716 308 750 pite.
327 715 409 741 altero
426 720 527 746 vestro,
548 716 682 750 perceptio
697 721 723 742 et
736 716 942 751 comprehensio
959 716 1030 743 tolli-

240 758 293 779 tur.
333 752 410 784 Quod
432 758 472 779 est
486 758 566 787 caput
581 753 710 787 Epicuri?
749 754 778 780 Si
794 756 873 780 ullum
889 763 977 780 sensus
993 756 1031 780 ω’-

238 799 293 816 sum
307 792 401 823 fulsum
412 795 462 816 cst:
491 792 554 816 nihil
564 793 662 823 percipi
674 795 763 823 pou-st.
804 790 880 823 Quod
894 790 1031 818 vestrum?

238 829 303 853 Sunt
318 829 386 860 fulsit
404 836 492 853 sensus
507 830 570 853 risa.
610 827 680 859 Quid
696 828 836 862 sequitur?
866 829 897 855 Ut
913 834 1027 859 taceam:

238 864 376 890 conclusio
388 864 446 898 ipsa
459 864 586 899 loquitur,
609 867 672 891 nihil
681 874 753 898 posse
762 868 868 898 percipi.
896 866 952 892 Non
966 875 1031 891 con—

238 901 316 932 cedo,
345 902 445 936 inquit,
464 902 589 936 Epicuro.
630 902 705 928 Certa
720 903 802 938 igitur
812 911 874 929 cum
890 902 944 933 illo,
957 903 1004 937 qui
1016 911 1029 929 a

239 944 263 965 te
275 943 344 965 totus
355 938 481 965 diversus
496 944 548 965 est:

238 972 322 1005 certe.
344 975 404 1002 salsi
420 984 479 1002 esse
495 976 598 1010 aliquid
615 977 642 1002 in
658 977 798 1006 sensibus.
822 977 869 1003 tibi
889 978 1028 1004 assentior.

241 1014 297 1039 ⁴02.
308 1014 477 1047 Quamquam
491 1013 558 1039 nihil
574 1013 641 1040 mihi
653 1019 705 1040 tam
719 1015 816 1040 mirum
824 1014 939 1045 videtur,
947 1024 1028 1049 quam

239 1051 288 1076 ista
300 1050 364 1081 dici,
378 1051 411 1076 ab
423 1050 552 1077 Antiocho
566 1051 676 1085 quidem
684 1052 951 1082 maxinie,cuierant,
960 1061 1029 1087 quae

238 1087 329 1122 paullo
343 1092 402 1113 ante
414 1087 481 1118 dixi,
496 1088 645 1114 notissima.
687 1089 843 1115 Licetenim
859 1089 923 1115 haec
937 1090 1029 1124 quivis

238 1125 366 1150 arbitratu
382 1133 431 1150 suo
447 1125 636 1159 reprehendat,
654 1125 726 1160 quod
738 1134 868 1161 negemus
879 1135 935 1152 rem
947 1126 1029 1153 ullam

238 1162 340 1196 percipi
365 1170 456 1196 posse;
479 1167 548 1188 certe
567 1162 650 1188 levior
671 1163 842 1197 reprehensio
863 1169 912 1190 est.
953 1163 1029 1195 Quod

238 1204 325 1225 tamen
337 1199 454 1225 dicimus
465 1208 524 1225 esse
535 1199 666 1234 quaedam
680 1200 843 1234 probabilia,
860 1210 911 1226 non
924 1201 1031 1227 videtur

238 1236 286 1262 hoc
299 1237 363 1262 satis
373 1244 432 1262 csse
445 1236 532 1262 vobis.
564 1237 602 1262 Ne
615 1237 660 1263 sit.
683 1237 728 1263 llla
739 1242 809 1264 certe
820 1237 952 1264 debemus
963 1237 1031 1264 ess‘u-

236 1282 312 1309 gere,
330 1282 398 1307 quac
415 1282 428 1299 a
445 1278 469 1300 te
481 1273 523 1299 vel
535 1275 651 1300 maxime
663 1275 760 1309 agitata
771 1280 848 1301 sunt:
880 1275 966 1301 »nihil
978 1275 1031 1310 igi-

237 1315 280 1336 tur
294 1310 400 1336 cernis?
421 1310 488 1337 nihil
505 1310 601 1337 audis‘?
621 1311 689 1337 nihil
706 1312 755 1338 tibi
767 1317 807 1338 est
818 1313 992 1347 perspicuum
1000 1311 1030 1337 ⁶2«

236 1348 378 1382 Explicavi
389 1348 480 1382 paullo
492 1353 565 1379 ante,
586 1348 752 1375 Clitomacho
769 1354 890 1380 auctore,
907 1358 961 1384 quo
973 1358 1031 1376 mo-

236 1385 270 1411 do
286 1386 335 1411 ista
351 1384 500 1411 Carneades
515 1385 624 1412 diceret.
667 1386 777 1422 Accipe,
800 1386 1030 1423 quemadmodum

235 1422 329 1448 eadem
345 1422 469 1449 dicantur
480 1431 493 1448 a
505 1423 670 1450 Clitomacho
682 1425 709 1451 in
721 1433 751 1451 eo
764 1424 840 1456 libro,
861 1434 943 1460 quem
955 1425 988 1452 ad
999 1426 1028 1452 C.

236 1459 370 1485 Lucilium
382 1461 491 1495 scripsit
501 1466 616 1495 poetam,
629 1470 714 1496 quum
725 1463 878 1497 scripsisset
890 1462 986 1489 iisdem
997 1462 1030 1489 dc

236 1497 317 1523 rebus
328 1497 361 1523 ad
373 1498 402 1524 L.
417 1497 604 1529 Censorinum,
613 1507 684 1530 eum,
693 1500 740 1534 qui
752 1499 845 1526 consul
857 1508 919 1526 cum
931 1501 963 1526 M*
975 1501 1031 1526 Ma-

236 1534 302 1560 nilio
324 1533 383 1561 suit.
425 1534 540 1570 Scripsit
560 1536 643 1571 igitur
666 1536 708 1563 his
729 1536 782 1563 fere
801 1537 905 1569 verbis;
918 1553 955 1557 -
968 1542 1031 1563 sunt

235 1572 307 1597 enim
328 1572 396 1598 mihi
412 1577 485 1603 nota.
503 1578 640 1607 propterea
656 1573 728 1608 quod
744 1583 836 1600 earum
852 1575 972 1609 ipsarum
988 1583 1030 1601 re-

236 1617 309 1639 rum,
331 1609 364 1634 de
385 1609 487 1644 quibus
507 1611 628 1645 agimus,
651 1612 737 1645 prima
759 1612 892 1638 institutio
910 1617 935 1638 et
950 1612 1029 1647 quasi

234 1646 379 1680 disciplina
400 1646 447 1673 illo
468 1647 536 1673 libro
551 1648 714 1681 commetat-3
730 1663 767 1668 —
781 1649 829 1674 sed
843 1650 974 1684 scriptum
990 1654 1030 1675 est

235 1683 283 1709 ita:
319 1685 373 1709 ⁴03.
396 1683 565 1710 Academicis
581 1684 698 1719 placere⁷
716 1694 775 1712 esse
790 1694 879 1712 rerum
895 1686 1029 1712 eiusmodi

235 1720 487 1752 dissimilitudines,
504 1726 534 1748 ut
547 1721 614 1748 aliae
630 1722 784 1757 probabiles
796 1723 948 1754 videantur,
961 1723 1028 1749 aliae

234 1762 338 1784 contra:
355 1757 382 1784 id
394 1763 482 1785 autem
494 1767 545 1785 non
556 1767 616 1785 esse
629 1760 703 1790 satis,
715 1769 764 1786 cur
774 1760 825 1786 alia
837 1769 915 1795 posse
926 1761 1029 1795 percipi

234 1795 318 1825 dicas,
331 1794 382 1821 alia
395 1804 446 1822 non
458 1804 549 1830 posse,
567 1801 704 1830 propterea
716 1797 788 1831 quod
800 1797 882 1824 multa
895 1797 959 1824 falsa
967 1806 1029 1832 pro-

235 1831 336 1858 babilia
350 1833 417 1864 sint,
434 1832 501 1859 nihil
514 1838 602 1860 autem
616 1833 676 1860 falsi
688 1839 844 1869 perceptum
854 1840 879 1861 et
890 1835 1027 1870 cognitum

234 1869 320 1903 possit
334 1878 403 1896 esse.

235 1906 333 1936 dicant.
342 1906 376 1932 ab
386 1907 531 1933 Academia
544 1915 641 1933 sensus
652 1909 730 1942 eripi,
742 1917 755 1934 a
766 1909 868 1943 quibus
879 1917 1026 1944 numquam

233 1943 336 1969 dictum
353 1944 400 1974 sit,
423 1949 469 1970 aut
479 1944 593 1970 colorem
610 1950 655 1971 aut
668 1954 790 1979 saporem
802 1951 847 1972 aut
858 1955 953 1972 sonum
967 1945 1028 1972 nul-

234 1980 291 2006 lum
302 1988 375 2012 esse:
400 1980 466 2007 illud
478 1981 513 2007 sit
524 1981 701 2015 disputatum,
710 1991 760 2009 non
774 1983 861 2009 inesse
874 1984 900 2009 in
913 1983 955 2009 his
967 1992 1029 2018 pro—

233 2018 333 2052 priam.
351 2026 420 2052 quae
434 2026 569 2052 nusquam
579 2018 646 2045 alibi
656 2025 734 2049 esset,
749 2021 806 2046 veri
817 2021 917 2047 etcerti
928 2026 1026 2047 notam.

237 2055 292 2081 ⁴04.
308 2054 381 2086 Quae
392 2063 477 2089 quum
489 2056 668 2090 exposuisset.
677 2056 809 2092 adiungit,
818 2057 964 2092 dupliciter
973 2057 1027 2083 dici

233 2100 361 2118 assensus
376 2093 508 2118 sustinere
523 2093 686 2127 sapientem:
710 2103 763 2120 uno
774 2094 865 2125 modo,
882 2104 967 2130 quum
979 2094 1028 2121 hoc
1049 2119 1051 2123 ,

234 2129 412 2164 intelligatur,
431 2131 539 2156 omnino
558 2138 620 2156 eum
637 2131 674 2157 rei
690 2130 759 2157 nulii
775 2133 912 2158 assentiri:
935 2132 1025 2162 altero,

233 2175 319 2201 quum
334 2174 363 2192 se
379 2175 392 2192 a
409 2166 615 2203 resp0n‹1emlo.j,
637 2173 665 2194 ut
679 2173 725 2194 aut
740 2169 868 2203 approbet
883 2169 964 2204 quid,
982 2174 1027 2196 aut
1048 2191 1050 2195 ,

235 2202 392 2239 improbet,]
414 2205 558 2235 sustineat,
576 2210 604 2231 ut
621 2214 706 2240 neque
722 2211 801 2241 neget
819 2206 923 2241 aliquid
939 2215 1026 2241 neque
1049 2214 1051 2230 7

234 2241 295 2267 aiat.
328 2240 355 2266 ld
371 2249 455 2275 quum
468 2242 502 2268 ita
516 2242 563 2268 sit:
587 2241 699 2269 alterum
711 2242 824 2277 placere,
838 2248 866 2270 ut
878 2252 1027 2278 numquam

234 2278 407 2306 assentiatur:
431 2278 543 2305 alterum
559 2284 662 2309 tenere,
680 2285 709 2306 ut
723 2288 840 2315 sequens
852 2280 1028 2315 probabilita-

235 2320 300 2343 tem.
321 2315 487 2350 ubicumque
504 2316 568 2342 haec
584 2321 630 2343 aut
643 2322 764 2343 occurrat
779 2323 825 2344 aut
839 2317 958 2350 deficiat:
981 2323 1027 2345 aut

234 2356 310 2378 etiam
320 2357 366 2379 aut
376 2362 426 2378 non
437 2353 596 2388 respondere
607 2355 706 2388 possit:
723 2363 779 2385 uec,
793 2360 822 2381 ut
832 2354 1024 2389 placeat,eum.
1048 2369 1049 2376 ι

235 2390 283 2423 qui
302 2389 335 2416 de
354 2390 481 2416 omnibus
502 2390 583 2416 rebus
602 2391 736 2417 contineat
749 2400 777 2417 se
796 2391 829 2418 ab
844 2392 1024 2423 assentiendo,

236 2427 336 2452 moveri
349 2432 435 2453 tamen
447 2433 472 2454 et
482 2436 561 2463 agere
573 2427 687 2462 aliquid.
696 2428 805 2463 reliquit
815 2429 1024 2460 eiusmodivisa,

235 2463 336 2496 quibus
351 2464 384 2489 ad
399 2465 530 2491 actionem
546 2465 708 2491 excitemur:
732 2465 794 2491 item
806 2474 845 2497 ea,
863 2474 932 2501 quae
944 2467 1026 2493 inter-
1046 2479 1048 2498 2

1047 2501 1048 2504 ’
1078 2503 1220 2535 nionibus,
1241 2511 1368 2529 assensus
1384 2502 1501 2529 lubricos
1511 2503 1653 2530 sustinere.
1667 2500 1800 2535 credoque
1811 2501 1867 2528 Cli-

236 2500 319 2533 rogati
336 2501 361 2526 in
379 2506 518 2536 utramque
535 2507 636 2536 partem
648 2502 808 2537 respondere
820 2504 964 2537 possimus.
983 2512 1027 2530 se·-

235 2541 348 2569 quentes
364 2539 560 2569 tautummodo,
576 2539 649 2573 quod
664 2539 698 2565 ita
714 2539 804 2565 visum
819 2541 867 2571 sit,
890 2540 956 2566 dum
967 2541 1026 2567 sine

235 2581 360 2599 assensu:
383 2583 469 2609 neque
481 2581 568 2602 tamen
580 2577 668 2602 omnia
680 2576 814 2602 eiusmodi
826 2578 882 2603 visa
893 2577 1027 2612 approba·
1047 2585 1048 2597 ι

236 2609 267 2638 ri,
280 2609 327 2635 sed
339 2618 378 2636 ea.
391 2619 459 2644 quae
471 2613 543 2639 nulla
555 2613 798 2647 1·e,impedircntur.
841 2615 897 2640 405.
922 2615 991 2640 Haec
1002 2615 1027 2640 si

237 2646 313 2672 vobis
330 2655 380 2672 uon
392 2648 549 2681 probamus,
566 2650 620 2676 sint
635 2650 698 2676 falsa
711 2658 788 2676 sane:
812 2650 944 2677 invidiosa
955 2657 1026 2677 certe

917 346 973 371 lOt.
987 354 1034 371 ne·
1054 373 1055 377 ,

588 939 641 965 noli
655 948 774 969 mecum,
791 941 838 975 qui
855 940 904 966 hoc
919 940 1030 975 quidem
1051 971 1053 975 .

444 1871 535 1905 Itaque
566 1871 603 1897 ait
633 1870 804 1897 vehementer
815 1880 901 1898 errare
912 1880 966 1902 eos.
980 1872 1028 1906 qui
1050 1887 1051 1890 =

969 126 999 152 Τ.
1031 126 1304 153 (ΖΗΣΕΙΗ)Ν18

1085 206 1136 223 nnn
1152 201 1224 223 aunt.
1267 197 1322 223 Non
1337 198 1410 224 enirn
1426 197 1512 225 lucem
1528 199 1672 234 eripimus:
1695 199 1742 225 ned
1754 207 1794 229 eu,
1807 208 1875 235 quae

1087 243 1132 258 vam
1145 234 1245 268 percipi
1257 234 1512 270 comprehendique,
1521 236 1613 262 eadem
1626 246 1682 267 nos,
1691 237 1714 263 ai
1725 236 1804 263 modo
1815 245 1876 272 pro-

1086 270 1185 296 babilia
1198 272 1260 301 sint,
1276 270 1360 297 videri
1371 271 1499 299 dicimus.

1142 307 1264 334 xxxin.
1286 308 1331 334 Sic
1348 309 1429 343 igitur
1441 309 1549 336 inducto
1558 315 1583 336 et
1594 311 1736 337 constituto
1748 310 1875 345 probahi-

1087 344 1112 374 li.
1131 350 1156 370 ct
1171 354 1202 371 eo
1211 344 1322 379 quidem
1335 346 1469 379 expedito.
1486 346 1581 376 soluto.
1595 347 1687 377 libero.
1701 348 1773 374 nulla
1786 349 1875 374 reim-

1085 381 1190 416 plicato,
1209 382 1284 408 vides
1296 382 1421 416 profecto.
1431 383 1643 413 Luculli-,iacere
1655 385 1706 411 iam
1720 385 1785 411 illud
1799 390 1874 412 tuum

1085 420 1284 453 perspicuitatis
1297 421 1484 454 patrocinium.
1507 420 1604 447 lisdem
1615 422 1687 448 enim
1700 422 1743 448 hic
1755 422 1872 456 sapiens,

1083 455 1181 490 dequo
1193 456 1294 491 loquor,
1306 456 1402 487 oculis,
1415 457 1516 492 quibus
1528 458 1576 484 iste
1589 463 1683 488 vester.
1695 459 1808 486 caelum.
1823 464 1875 485 ter-

1085 502 1150 523 ram.
1165 502 1236 520 mare
1249 494 1411 520 intuebitur:
1438 494 1533 521 iisdem
1546 495 1672 521 sensibus
1683 496 1874 531 reliqua.quae

1084 530 1135 556 sub
1151 539 1287 565 quemque
1305 540 1415 557 sensum
1430 531 1542 561 cadunt.
1563 533 1668 558 sentiet.
1709 533 1779 559 Mare
1794 532 1872 563 illud,

1083 567 1154 602 quod
1181 577 1261 598 nunc,
1283 568 1400 594 Favonio
1411 574 1548 599 nascente,
1570 577 1735 604 purpureum
1757 569 1873 600 videtur.

1085 604 1155 631 idem
1178 605 1240 631 huic
1256 611 1344 632 nostro
1361 605 1510 636 videbitur.
1529 615 1577 632 nec
1596 611 1682 632 tamen
1699 607 1871 637 essentiatum

1084 643 1148 676 quia
1164 642 1367 677 nobismetipsis
1379 642 1457 669 modo
1467 643 1620 669 caeruleum
1634 643 1784 672 videbatur.
1796 652 1873 670 mane

1084 688 1192 711 ravum·,
1215 679 1341 714 quodque
1358 689 1443 711 nunc,
1460 689 1512 715 qua
1529 689 1542 706 a
1553 680 1608 706 sole
1618 680 1745 709 collucet.
1763 680 1875 708 albescit

1082 721 1107 742 et
1120 716 1215 747 vibrat,
1231 716 1420 752 dissimileque
1431 722 1471 744 est
1482 718 1604 752 proximo
1615 718 1640 744 ei
1651 719 1810 744 continenti:
1834 723 1872 749 ut,

1082 754 1162 780 etiam
1178 755 1200 780 si
1218 755 1305 788 possis
1321 755 1450 781 rationem
1465 754 1588 785 reddere,
1605 763 1654 781 cur
1666 754 1691 781 id
1703 756 1817 784 eveniat,
1835 760 1875 781 ta-

1084 799 1143 817 men
1157 800 1207 817 non
1219 791 1321 826 possis,
1344 791 1371 818 id
1384 800 1477 818 verum
1488 800 1556 822 esse.
1573 792 1646 827 quod
1659 792 1800 818 videbatur
1809 800 1874 819 ocu-

1083 828 1129 858 lis.
1143 828 1296 855 defendere.
1331 830 1385 855 ⁴06.
1404 829 1478 856 Unde
1489 830 1630 859 memoria,
1643 830 1667 855 si
1678 829 1744 855 nihil
1758 830 1874 864 percipi-

1083 865 1161 892 mus‘?
1181 866 1228 900 (sic
1245 866 1317 892 enirn
1329 866 1499 901 quaerebas.)
1528 866 1617 898 Quid‘!
1637 867 1792 892 meminisse
1805 867 1871 895 visa.

1082 903 1135 929 nisi
1146 903 1348 937 comprehensa,
1362 912 1413 930 non
1425 903 1588 938 possumus?
1606 903 1695 936 Quid?
1715 903 1872 939 Polyaenus,

1081 941 1129 974 qui
1146 949 1260 975 magnus
1279 940 1484 967 mathematicus
1500 940 1584 967 fuisse
1599 941 1711 971 dicitur,
1730 942 1752 967 is
1768 946 1874 975 postea-

1081 986 1172 1012 quam.
1190 978 1306 1012 Epicuro
1317 979 1479 1007 assentiens.
1498 983 1578 1004 totam
1592 978 1766 1014 geometriam
1779 977 1873 1004 falsam

1081 1023 1140 1040 esse
1151 1014 1278 1045 credidit.
1303 1023 1367 1041 num
1380 1015 1425 1042 illa
1436 1017 1528 1045 etiam,
1551 1024 1620 1050 quae
1632 1015 1750 1045 sciebat,
1772 1015 1874 1042 oblitus

1081 1051 1138 1078 est?
1158 1052 1248 1086 Atqui.
1264 1051 1360 1078 salsum
1374 1052 1446 1087 quod
1458 1058 1506 1082 est.
1521 1052 1547 1079 id
1559 1053 1660 1087 percipi
1674 1061 1724 1078 non
1738 1058 1830 1086 potest,
1845 1057 1874 1079 ut

1082 1089 1286 1123 vobismetipsis
1306 1089 1401 1123 placet.
1442 1089 1471 1116 Si
1493 1090 1574 1125 igitur
1594 1091 1720 1115 memoria
1737 1094 1874 1124 percepta-

1082 1135 1141 1152 rum
1161 1126 1470 1161 comprehensarumque
1491 1135 1578 1153 rerum
1600 1131 1652 1153 est:
1679 1127 1781 1157 omnia,
1804 1135 1873 1161 (tuae

1081 1164 1198 1197 quisquc
1214 1164 1345 1193 meminit.
1356 1163 1434 1189 habet
1445 1172 1475 1190 ea
1486 1164 1679 1198 comprehensa
1691 1169 1770 1198 atque
1782 1172 1874 1198 perce-

1082 1205 1135 1234 pta.
1164 1200 1233 1226 Falsi
1245 1206 1334 1227 autem
1345 1200 1536 1235 comprehendi
1549 1201 1616 1227 nihil
1628 1206 1727 1236 potest:
1749 1206 1774 1227 et
1784 1201 1872 1227 onmia

1082 1238 1205 1264 meminit
1225 1237 1326 1273 Scyron
1347 1238 1457 1272 Epicuri
1473 1238 1608 1274 dogmata.
1649 1238 1714 1264 Vera
1730 1238 1812 1273 igitur
1829 1237 1873 1264 illa

1082 1280 1144 1300 sunt
1156 1283 1227 1301 nunc
1237 1276 1338 1301 omnia.
1360 1275 1414 1302 Hoc
1425 1284 1472 1310 per
1482 1284 1524 1301 me
1537 1275 1607 1302 licet.
1629 1274 1683 1301 Sed
1695 1275 1744 1302 tibi
1754 1280 1799 1301 aut
1810 1283 1875 1302 con-

1082 1311 1232 1338 cedendum
1245 1317 1285 1338 est
1296 1313 1330 1338 ita
1342 1321 1410 1343 esse,
1423 1312 1496 1347 quod
1507 1313 1619 1339 minime
1633 1313 1689 1338 vis:
1717 1317 1762 1339 aut
1773 1320 1875 1339 memo-

1082 1350 1149 1376 riam
1165 1349 1233 1375 mihi
1250 1350 1369 1376 remittas
1388 1354 1502 1384 oportet.
1521 1355 1546 1376 et
1566 1349 1642 1376 facile
1660 1358 1719 1376 esse
1734 1351 1758 1376 ei
1775 1349 1871 1381 locum.

1083 1387 1164 1414 etiam
1182 1387 1205 1414 si
1224 1387 1429 1423 comprehensio
1445 1388 1633 1423 perceptioque
1644 1386 1718 1414 nulla
1728 1387 1772 1414 sit.
1816 1388 1871 1413 ⁴07.

1082 1425 1153 1457 Quid
1166 1425 1209 1452 [iet
1219 1425 1341 1452 artibus?
1360 1424 1485 1458 Quibus?
1502 1426 1581 1457 lisne,
1594 1434 1664 1460 quae
1675 1426 1748 1460 ipsae
1759 1425 1874 1451 latentur

1081 1463 1233 1489 coniectura
1249 1472 1277 1489 se
1293 1463 1355 1497 plus
1370 1463 1423 1493 uti.
1440 1471 1522 1498 quam
1533 1463 1658 1489 scientia:
1681 1471 1713 1489 an
1731 1462 1786 1493 his,
1804 1469 1873 1497 quae

1082 1505 1184 1526 tantum
1196 1499 1232 1530 id,
1246 1500 1318 1535 quod
1330 1500 1444 1529 videtur,
1457 1506 1616 1534 sequuntur,
1630 1509 1678 1526 nec
1690 1499 1873 1526 habentistam

1081 1542 1164 1564 artem
1177 1542 1302 1567 vestram,
1315 1546 1368 1572 qua
1381 1545 1441 1563 vera
1453 1542 1479 1563 et
1491 1537 1555 1564 [alsa
1567 1536 1734 1563 diiudicent?

1138 1574 1190 1600 Sed
1207 1574 1252 1600 illa
1267 1579 1331 1601 sunt
1349 1574 1451 1600 lumina
1462 1574 1516 1601 duo
1525 1595 1531 1605 ,
1543 1583 1613 1609 quae
1622 1575 1740 1600 maxime
1749 1582 1873 1600 caussam

1082 1613 1161 1638 istam
1176 1613 1322 1638 continent.
1363 1612 1483 1638 Primum
1499 1613 1571 1638 enim
1587 1612 1691 1647 negatis
1707 1612 1763 1638 fieri
1782 1619 1870 1646 posse,

1083 1654 1111 1675 ut
1121 1650 1267 1684 quisquam
1280 1648 1348 1675 nulli
1358 1649 1397 1675 rei
1411 1650 1581 1675 assentiatur.
1607 1649 1641 1675 At
1651 1648 1678 1675 id
1689 1648 1800 1683 quidem
1812 1656 1873 1682 per-

1081 1687 1206 1720 spicuum
1219 1690 1272 1712 est:
1304 1694 1390 1720 quum
1401 1686 1556 1716 Panaetius.
1571 1686 1697 1720 princeps
1708 1694 1800 1720 prope.
1815 1693 1873 1711 meo

1081 1723 1192 1758 quidem
1206 1723 1315 1753 iudicio,
1329 1722 1489 1753 Stoicorum,
1502 1731 1532 1749 ea
1544 1722 1577 1749 de
1588 1731 1616 1749 re
1626 1722 1750 1748 dubitare
1762 1731 1790 1748 se
1801 1722 1873 1748 dicat

1081 1769 1162 1794 quam
1181 1768 1288 1789 omne5‚
1312 1764 1417 1794 praeter
1436 1768 1512 1789 eum,
1531 1759 1613 1786 Stoici
1627 1760 1804 1786 certissimam
1821 1768 1873 1794 pu-

1081 1802 1144 1827 tant,
1159 1806 1220 1823 vera
1231 1805 1290 1823 esse
1303 1796 1658 1831 haruspicinam‚·auspicia‚
1671 1797 1787 1826 oracula,
1800 1805 1873 1823 som-

1082 1835 1134 1864 nia,
1149 1834 1362 1865 vaticinationes,
1373 1834 1614 1868 sequeabassensu
1621 1835 1761 1860 sustineat.
1795 1833 1871 1866 Quod

1080 1873 1102 1898 si
1120 1872 1142 1898 is
1158 1877 1243 1906 potest
1260 1871 1345 1897 facere
1360 1871 1402 1897 vel
1414 1873 1425 1882 ⁸
1437 1871 1470 1897 de
1483 1871 1525 1897 his
1536 1871 1626 1901 rebus,
1642 1879 1711 1906 quas
1722 1870 1771 1901 illi,
1785 1880 1799 1897 a
1809 1872 1872 1906 qui—

1080 1909 1131 1935 bus
1146 1909 1203 1943 ipsc
1214 1908 1323 1938 didicit.
1343 1913 1428 1935 certas
1443 1908 1598 1939 imbuerint:
1621 1917 1670 1934 cur
1681 1908 1709 1934 id
1719 1908 1828 1943 sapiens
1838 1908 1872 1934 de

1080 1946 1193 1981 reliquis
1204 1946 1284 1972 rebus
1297 1945 1382 1972 facere
1393 1954 1445 1972 uon
1456 1945 1558 1980 possit?
1575 1954 1609 1972 an
1619 1950 1660 1972 est
1672 1945 1786 1980 aliquid,
1799 1945 1872 1980 quod

1079 1984 1197 2018 positum
1213 1983 1254 2009 vel
1268 1983 1418 2017 improbare
1429 1983 1471 2008 vel
1483 1983 1630 2018 approbare
1641 1983 1735 2017 possit,
1748 1982 1872 2009 dubitare

1080 2029 1132 2047 non
1150 2021 1243 2055 possit.
1264 2021 1304 2046 Au
1317 2025 1344 2046 tu
1355 2021 1382 2046 in
1394 2021 1484 2046 soritis
1498 2021 1598 2054 poteris
1608 2019 1671 2050 hoc,
1683 2028 1768 2054 quum
1781 2019 1868 2046 voles:

1080 2058 1126 2084 ille
1141 2059 1168 2084 in
1181 2057 1293 2092 reliquis
1305 2057 1386 2083 rebus
1398 2065 1449 2083 non
1461 2058 1558 2092 poterit
1567 2057 1661 2083 eodem
1673 2056 1752 2083 modo
1763 2057 1871 2083 insiste-

1080 2104 1116 2125 re,
1130 2095 1286 2130 praesertim
1299 2103 1385 2129 quum
1399 2095 1485 2129 possit
1494 2095 1553 2120 sine
1563 2094 1719 2120 assensione
1731 2094 1871 2128 ipsamve-

1079 2132 1312 2158 risimilitudiuem
1325 2140 1377 2158 non
1389 2131 1546 2166 impeditam
1556 2130 1654 2166 sequi?
1676 2132 1732 2157 ⁴08.
1748 2130 1869 2157 Alterum

1079 2175 1127 2199 est,
1141 2169 1214 2204 quod
1226 2170 1329 2205 negatis
1340 2169 1472 2195 actionem
1484 2168 1568 2195 ullius
1579 2169 1618 2194 rei
1629 2176 1708 2203 posse
1719 2168 1746 2194 in
1757 2176 1789 2194 eo
1797 2175 1867 2196 esse,

1078 2208 1126 2242 qui
1138 2206 1239 2233 nullam
1251 2205 1650 2240 remassensusuocomprobet.
1671 2205 1869 2232 Primumenim

1055 2247 1057 2258 ⁵
1079 2244 1165 2270 videri
1184 2248 1299 2278 oportet,
1324 2244 1352 2269 in
1370 2251 1425 2278 quo
1444 2244 1479 2270 sit
1499 2243 1578 2269 etiam
1598 2250 1734 2269 assensus.
1774 2242 1870 2268 Dicunt

1048 2283 1057 2290 “
1078 2281 1151 2307 enim
1167 2280 1262 2311 Stoici,
1280 2289 1376 2307 sensus
1393 2288 1467 2314 ipsos
1481 2288 1609 2307 assensus
1619 2287 1691 2306 esse:
1721 2287 1790 2313 quos
1801 2287 1870 2313 quo-

1054 2329 1057 2338 ι
1078 2319 1151 2344 niam
1161 2318 1290 2352 appetitio
1301 2322 1489 2352 consequatur,
1502 2317 1632 2344 actionem
1643 2316 1736 2350 sequi:
1753 2315 1810 2342 tolli
1820 2324 1870 2342 au-

1078 2360 1131 2382 tem
1146 2355 1250 2384 omnia,
1268 2355 1292 2381 si
1308 2355 1366 2381 visa
1382 2353 1518 2380 tollantur.
1557 2353 1681 2380 XXXIV.
1693 2353 1746 2379 flac
1757 2352 1790 2378 de
1802 2361 1828 2379 re
1840 2353 1868 2379 in

1078 2397 1219 2427 utramque
1235 2397 1338 2426 partem
1352 2396 1377 2418 et
1388 2391 1458 2418 dicta
1469 2395 1569 2418 suntet
1583 2391 1682 2424 scripta
1693 2389 1789 2416 multa:
1820 2389 1869 2416 sed

1077 2429 1155 2456 brevi
1173 2438 1215 2455 res
1235 2434 1321 2464 potest
1340 2433 1393 2455 tota
1412 2428 1517 2455 confici.
1556 2428 1613 2463 Ego
1627 2427 1700 2453 enim
1715 2427 1765 2452 etsi
1781 2427 1869 2453 maxi-

1077 2475 1148 2492 mam
1167 2467 1299 2493 actionem
1310 2471 1388 2500 puto‚
1407 2473 1556 2501 repugnare
1567 2465 1634 2491 visis
1643 2485 1650 2494 ‚
1667 2464 1798 2490 obsistere
1807 2465 1868 2498 opi-

1077 2540 1199 2567 tomacho
1223 2541 1258 2566 ita
1283 2540 1425 2570 scribenti,
1451 2538 1559 2565 Herculi
1581 2537 1728 2573 quemdam
1748 2537 1865 2564 laborem

1077 2577 1242 2604 exantlatum
1257 2585 1271 2603 a
1287 2576 1435 2607 Carneade,
1454 2574 1537 2610 quod,
1550 2580 1579 2601 ut
1589 2575 1673 2601 leram
1682 2580 1709 2601 et
1719 2575 1865 2601 immanem

1054 2619 1055 2622 ’
1078 2614 1209 2645 belluam,
1231 2615 1272 2640 sic
1287 2623 1321 2640 ex
1335 2613 1434 2640 animis
1448 2613 1546 2638 nostris
1561 2613 1758 2642 assensionem,
1775 2611 1802 2638 id
1814 2617 1863 2641 est,

1076 2652 1256 2685 opinationem
1278 2656 1304 2677 et
1315 2651 1501 2678 temeritatem,
1515 2650 1688 2675 extraxisset:
1718 2654 1819 2679 tamen,
1836 2653 1867 2674 ut
