1941 3052
646 133 849 161 BRUTUS.
883 134 981 160 CAP.

1016 135 1048 159 85
1068 150 1103 153 —
1124 135 1165 160 91.
1680 139 1724 162 1.·19

90 206 222 232 venimus.
258 203 406 230 LXXXIX.
429 205 487 230 304.
506 204 568 230 Erat
585 205 741 231 Hortensius
760 206 786 231 in
801 205 879 236 bello,
903 204 912 250 11
934 206 992 231 310.
1013 204 1215 231 Commentabar
1237 204 1410 231 declamitans
1434 205 1480 241 {sic
1504 207 1574 232 enim
1599 216 1668 233 31130
1689 209 1726 233 lo-

89 243 175 278 primo
194 250 262 268 anno
280 241 370 272 miles,
392 241 473 267 altero
491 242 616 268 tribunus
636 242 767 275 militum3
790 242 883 276 Sulpi-

89 281 146 307 cius
169 279 271 315 legatus
295 279 395 309 aberat,
421 279 499 304 etiam
519 279 554 305 M.
574 279 719 311 Antonius;
742 280 882 306 exerceba-

89 323 132 344 tur
150 326 202 343 una
221 317 278 352 lege
295 315 426 342 iudicium
437 316 526 347 Varia,
543 317 637 343 ceteris
655 321 762 352 propter
780 317 882 343 bellum

88 354 261 381 intermissis:
283 353 331 388 qui
350 352 501 388 frequentes
520 353 640 385 aderant,
656 363 821 389 quamquam
835 362 883 389 pro

89 401 117 418 se
135 392 187 426 ipsi
206 391 329 417 dicebant
347 395 474 421 oratores,
492 399 543 417 non
558 391 597 417 illi
612 391 721 426 quidem
736 392 879 426 principes,

91 430 119 455 L.
144 429 286 455 Memmius
310 432 335 454 et
354 427 384 460 Q.
405 428 561 462 Pompeius,
582 429 628 454 sed
647 433 761 455 oratores
783 433 880 459 tamen,

91 471 154 492 teste
178 466 276 492 diserto
299 470 410 500 uterque
428 465 563 500 Philippo,
580 466 658 492 cuius
680 466 707 491 in
732 466 883 492 testimonio
905 478 913 489 κ

89 504 220 529 contentio
234 507 259 528 et
275 503 327 528 vim
342 503 501 529 accusatoris
516 502 629 529 habebat
643 507 668 529 et
681 504 794 538 copiam.

146 542 203 567 305.
225 540 340 575 Reliqui,
353 541 400 575 qui
415 544 471 566 tum
484 540 617 574 principes
629 540 846 570 numerabantur,
855 540 881 566 in

89 578 289 614 magistratibus
303 582 390 609 erant,
406 577 579 612 quotidieque
593 576 646 603 sere
660 586 673 603 a
688 577 764 603 nobis
778 578 806 603 in
820 586 883 603 con—

88 615 210 642 cionibus
237 615 422 641 audiebantur.
460 614 522 640 Erat
547 614 618 640 enim
644 614 768 640 tribunus
795 614 882 649 plebis

89 658 146 679 tum
164 653 194 679 C.
214 652 306 683 Curio,
326 660 489 687 quamquam
507 652 530 677 is
544 651 653 686 quidem
665 651 768 682 silebat,
786 656 814 677 ut
828 656 883 678 erat

90 690 171 716 semel
191 699 204 716 a
222 690 347 716 concione
366 691 490 715 universa
505 688 626 716 relictus:
647 688 678 720 Q.
694 689 816 715 Metellus
832 688 881 715 Ce-

90 728 140 759 ler,
161 736 213 754 non
231 727 276 753 ille
294 726 404 761 quidem
423 730 520 756 orator,
542 726 589 751 sed
608 730 695 752 tamen
710 735 762 752 non
776 726 878 752 infans:

89 765 182 791 diserti
200 769 288 790 autem
306 763 337 795 Q.
358 764 465 794 Varius,
483 763 511 789 C.
527 763 620 794 Carbo,
637 763 685 790 Cn.
701 764 879 798 Pomponius3
910 766 911 799 ζ

89 807 114 828 et
131 802 158 828 hi
176 801 286 836 quidem
301 801 455 827 habitabant
467 801 496 826 111
509 801 610 827 rostris.
645 800 674 827 C.
690 801 769 827 etiam
784 800 878 832 Iulius,

89 839 182 866 aedilis
201 838 312 869 curulis,
329 838 449 873 quotidie
463 837 517 864 fere
531 842 665 864 accuratas
679 839 819 864 conciones
834 838 881 864 ha-

88 877 176 903 bebat.
211 876 262 902 Sed
275 884 318 902 me
331 875 539 910 cupidissimum
551 875 677 902 audiendi
692 876 796 910 primus
807 875 881 902 dolor

87 914 228 949 percussit,
252 914 325 940 Cotta
350 922 434 948 quum
453 917 492 939 est
509 912 649 947 expulsus.
683 912 810 948 Reliquos
829 913 882 939 fre—-

87 956 199 987 quenter
224 951 335 977 audiens
357 951 484 977 acerrimo
507 950 596 977 studio
618 950 726 977 tenebar
747 951 881 986 quotidie-

87 998 140 1024 que
162 995 187 1015 et
209 988 327 1015 scribens
350 992 375 1014 et
398 988 488 1024 legens
510 992 536 1014 et
557 992 739 1014 commentans
761 989 880 1015 oratoriis

88 1030 189 1053 tantum
211 1025 444 1052 exercitationibus
467 1029 605 1052 contentus
628 1035 680 1052 non
704 1034 785 1052 eram.
826 1027 880 1052 13111

87 1068 264 1099 consequente
288 1072 356 1089 anno
377 1062 408 1095 Q.
424 1063 518 1090 Varius
536 1072 584 1089 sua
603 1063 660 1099 lege
678 1063 819 1090 damnatus
834 1072 881 1090 ex-

87 1105 210 1128 cesserat.
245 1102 302 1127 306.
328 1101 384 1136 Ego
403 1105 491 1127 autem
509 1101 576 1127 iuris
594 1100 682 1127 civilis
701 1101 791 1127 studio
809 1101 881 1127 mul—

86 1144 144 1166 tum
154 1147 248 1173 operae
258 1138 353 1164 dabam
364 1138 394 1170 Q.
409 1137 550 1164 Scaevolae
560 1137 591 1170 Q.
603 1138 643 1169 F.,
657 1139 704 1173 qui
715 1147 879 1174 quamquam

86 1177 187 1203 nemini
206 1184 233 1202 se
249 1175 281 1201 ad
299 1175 449 1202 docendum
468 1176 558 1206 dabat,
575 1180 663 1202 tamen
677 1176 879 1203 consulentibus

86 1213 270 1248 respondendo
305 1213 438 1239 studiosos
470 1213 595 1239 audiendi
625 1213 745 1240 docebat.
792 1213 880 1248 Atque

86 1251 150 1277 huic
168 1260 236 1277 anno
254 1251 394 1285 proximus
413 1250 488 1277 Sulla
506 1250 615 1277 consule
633 1255 658 1277 et
676 1251 802 1286 Pompeio
817 1251 877 1277 fuit.

86 1289 154 1315 Tum
177 1288 204 1314 P.
229 1288 340 1323 Sulpicii
364 1288 391 1314 in
410 1288 544 1314 tribunatu
563 1288 682 1323 quotidie
699 1289 879 1315 concionantis

86 1331 170 1352 totum
187 1334 273 1361 genus
291 1325 396 1351 dicendi
415 1326 521 1360 penitus
539 1326 724 1360 cognovimus.
764 1326 880 1352 Eodem-

86 1372 139 1398 que
157 1367 287 1397 tempore,
308 1371 393 1397 quum
414 1363 537 1397 princeps
555 1363 705 1389 academiae
722 1363 798 1390 Philo
816 1372 878 1389 cum

85 1400 289 1427 Atheniensium
311 1400 485 1435 optimatibus
508 1400 686 1427 Mithridatico
708 1400 779 1427 bello
800 1401 879 1427 domo

86 1437 250 1473 profugisset
267 1438 432 1472 Romamque
450 1438 580 1468 venisset,
601 1442 684 1464 totum
704 1438 728 1464 ei
742 1447 784 1464 me
798 1438 880 1464 tradi-

86 1475 126 1505 di,
143 1474 293 1501 admirabili
311 1474 427 1509 quodam
445 1475 478 1501 ad
496 1474 695 1510 philosophiam
713 1475 803 1502 studio
816 1484 880 1502 con-

85 1513 194 1543 citatus,
223 1513 250 1538 in
276 1521 330 1547 quo
356 1512 406 1538 hoc
431 1513 509 1538 etiam
533 1513 715 1539 commorabar
741 1514 876 1544 attentius,

85 1549 166 1585 quod,
182 1550 231 1576 etsi
245 1558 333 1575 rerum
348 1549 467 1584 ipsarum
478 1550 590 1576 varietas
601 1554 627 1576 et
636 1551 792 1586 magnitudo
803 1559 879 1577 sum-

86 1596 128 1614 ma
153 1595 195 1613 me
221 1586 393 1613 delectatione
418 1587 561 1618 retinebat,
586 1591 673 1613 tamen
697 1587 802 1614 sublata
826 1588 878 1614 iam

85 1633 143 1651 esse
161 1625 189 1650 in
208 1629 367 1659 perpetuum
386 1624 451 1651 ratio
468 1624 629 1651 iudiciorum
644 1624 795 1652 videbatur.
817 1626 876 1651 307.

85 1661 222 1688 Occiderat
236 1661 372 1696 Sulpicius
386 1661 433 1688 illo
451 1670 528 1692 anno,
544 1666 651 1697 tresque
665 1663 786 1697 proximo
797 1663 877 1689 trium

85 1703 200 1726 aetatum
226 1703 340 1725 oratores
364 1703 438 1725 erant
462 1698 648 1726 crudelissime
674 1700 814 1731 interfecti,
844 1700 876 1732 Q.

85 1735 208 1768 Catulus,
224 1736 259 1762 M.
275 1736 414 1768 Antonius,
431 1736 460 1763 C.
476 1736 570 1763 Iulius.
604 1736 704 1764 Eodem
719 1746 788 1764 anno
798 1738 876 1764 etiam

85 1773 182 1800 Moloni
204 1773 307 1800 Rhodio
329 1774 428 1800 Romae
449 1773 574 1800 dedimus
597 1783 718 1809 operam,
747 1779 773 1801 et
797 1776 877 1802 actori

85 1819 191 1838 summo
209 1819 364 1838 caussarum
382 1815 407 1837 et
425 1812 562 1847 magistro.
596 1811 653 1838 XC.
679 1812 749 1838 Haec
767 1813 816 1839 etsi
836 1813 878 1838 vi-
899 1830 900 1836 ,

84 1848 181 1875 dentur
204 1857 262 1874 esse
283 1857 297 1874 a
320 1849 453 1884 proposita
472 1849 572 1875 ratione
590 1849 708 1880 diversa,
729 1854 816 1876 tamen
836 1850 878 1876 id-

83 1886 153 1912 01100
170 1893 185 1912 a
202 1894 244 1912 me
263 1885 445 1920 proferuntur,
466 1890 497 1912 ut
515 1891 634 1913 nostrum
648 1895 758 1914 cursum
773 1888 878 1922 perspi-

83 1931 155 1954 cere,
180 1923 307 1958 quoniam
325 1923 448 1955 voluisti,
468 1923 561 1955 Brute,
582 1925 670 1958 possis
696 1924 767 1959 (nam
792 1924 878 1952 Attico

84 1959 148 1986 haec
166 1964 225 1987 nota
243 1960 320 1996 sunt)
339 1965 364 1987 et
387 1960 488 1991 videre,
508 1961 735 1995 quemadmodum
750 1962 835 1988 simus
851 1963 878 1990 in
899 1974 901 1979 ⁴

904 362 913 375 μ

904 535 906 549 1

904 567 906 584 [

84 1998 168 2032 spatio
202 1997 233 2030 Q.
266 1998 435 2025 Hortensium
466 1998 554 2032 ipsius
584 1999 705 2034 vestigiis
732 2001 875 2034 persecuti.
899 2010 900 2027 1

85 2036 142 2061 308.
162 2035 317 2061 Triennium
337 2035 390 2061 sere
409 2034 459 2061 suit
472 2035 540 2062 Urbs
555 2036 613 2062 sine
626 2037 716 2067 armis,
732 2036 779 2063 sed
793 2042 878 2064 orato—

83 2081 143 2098 rum
167 2077 212 2098 aut
234 2072 342 2099 interitu
367 2077 412 2098 aut
434 2072 555 2099 discessu
578 2077 624 2099 aut
642 2072 718 2109 suga;
741 2074 811 2108 (nam
831 2075 879 2101 ab·-
899 2104 900 2107 ,

83 2113 157 2135 erant
175 2109 253 2135 etiam
268 2109 447 2136 adolescentes
462 2110 497 2136 M.
513 2110 625 2136 Crassus
639 2115 665 2137 et
679 2111 783 2138 Lentuli
799 2111 878 2147 du03)
899 2140 900 2145 ,

83 2147 183 2181 primas
201 2147 228 2173 in
247 2147 350 2173 caussis
369 2146 462 2182 agebat
480 2147 650 2179 Hortensius3
673 2149 758 2184 magis
778 2150 878 2185 magis-

83 2191 136 2218 que
153 2183 272 2219 quotidie
291 2184 452 2219 probabatur
469 2183 615 2218 Antistius;
638 2186 699 2212 Piso
711 2195 791 2220 saepe
804 2183 877 2213 dice-
899 2216 901 2219 ,

84 2220 140 2253 bat;
164 2221 254 2247 minus
268 2229 346 2256 saepe
359 2221 531 2256 Pomponius,
548 2230 604 2249 raro
619 2222 716 2256 Carbo3
739 2223 820 2250 semel
832 2228 878 2250 aut

83 2258 180 2284 iterum
202 2258 355 2294 Philippus.
396 2258 429 2285 At
451 2267 512 2285 vero
533 2268 583 2295 ego
602 2260 650 2286 hoc
668 2265 786 2296 tempore
803 2262 876 2288 omni

86 2299 174 2322 noctes
196 2299 222 2322 et
242 2295 299 2322 dies
322 2296 349 2322 in
367 2296 488 2322 omnium
507 2296 687 2324 doctrinarum
706 2298 877 2325 meditatione

83 2333 216 2359 versabar.
238 2335 295 2359 309.
311 2333 389 2359 Eram
404 2342 465 2360 cum
481 2333 568 2360 Stoico
582 2334 703 2368 Diodoto:
732 2336 779 2370 qui
790 2344 876 2370 quum

83 2368 256 2397 habitavisset
274 2370 345 2405 apud
364 2379 405 2397 me
424 2379 584 2406 mecumque
597 2372 722 2404 vixisset,
739 2382 824 2408 nuper
837 2378 877 2399 est

83 2405 152 2433 domi
168 2415 241 2434 meae
255 2412 385 2435 mortuus.
409 2408 428 2435 A
443 2417 496 2443 quo
509 2416 594 2443 quum
609 2409 636 2435 in
648 2408 707 2436 aliis
717 2410 805 2442 rebus,
818 2415 875 2437 tum

83 2443 280 2471 studiosissime
309 2445 337 2472 in
363 2445 498 2472 dialectica
525 2446 678 2478 exercebat-3
705 2455 774 2482 quae
798 2448 875 2482 quasi

83 2485 212 2508 contracta
235 2486 260 2509 et
281 2483 386 2509 astricta
415 2482 566 2517 eloquentia
598 2483 713 2518 putanda
737 2489 790 2515 est;
817 2485 875 2511 sine

83 2525 135 2552 qua
149 2519 227 2545 etiam
242 2523 284 2551 tu,
300 2519 387 2551 Brute,
403 2520 555 2546 iudicavisti
575 2524 599 2546 te
617 2520 689 2547 1111113
708 2522 805 2547 iustam
821 2521 875 2548 elo·
897 2531 898 2534 ¹

82 2555 231 2589 quentiam,
256 2565 336 2591 quam
355 2557 520 2584 dialecticam
539 2557 672 2584 dilatatam
692 2566 751 2584 esse
769 2563 872 2593 putant,

82 2593 207 2628 consequi
227 2602 277 2620 non
296 2602 383 2628 posse.

82 2627 133 2655 bus
152 2630 232 2657 variis
251 2635 330 2666 atque
348 2631 440 2658 multis
459 2632 493 2658 ita
512 2640 582 2658 eram
603 2636 688 2659 tamen
708 2632 828 2664 deditus,
845 2638 874 2659 ut

82 2665 115 2692 ab
128 2667 362 2695 exercitationibus
376 2669 495 2695 oratoriis
511 2668 601 2696 nullus
612 2669 669 2696 dies
681 2678 782 2696 vacuus
791 2675 870 2696 esset.

425 2595 491 2621 lluic
509 2603 558 2630 ego
575 2594 673 2622 doctori
692 2599 718 2621 et
735 2596 794 2622 eius
812 2596 875 2622 arti·
896 2602 904 2628 t}

911 254 912 261 1
933 241 1064 277 quuntur)
1082 251 1160 276 saepe
1178 251 1239 268 cum
1259 243 1294 268 M.
1314 243 1409 268 Pisone
1427 248 1451 269 et
1470 252 1531 269 cum
1550 243 1581 276 Q.
1601 245 1726 279 Pompeio

934 284 980 305 aut
1001 288 1063 305 011111
1086 279 1176 314 aliquo
1198 280 1330 315 quotidie;
1359 280 1440 314 idque
1463 280 1591 307 faciebam
1610 282 1724 308 multum

934 317 1013 342 etiam
1032 316 1137 347 Latine,
1158 317 1205 343 sed
1223 317 1321 343 Graece
1339 318 1460 352 saepius,
1481 318 1521 344 vel
1540 319 1611 353 quod
1628 320 1725 345 Graeca

933 354 1016 379 oratio
1035 353 1111 388 plura
1135 359 1286 380 ornamenta
1309 355 1483 389 suppeditans
1506 356 1725 382 consuetudinem

912 397 913 423 ς
935 391 1057 417 similiter
1074 392 1166 417 Latine
1185 392 1289 417 dicendi
1309 392 1443 424 afferebat,
1465 393 1505 419 vel
1525 394 1597 428 quod
1617 402 1629 419 3
1645 394 1727 420 Grae-

934 428 972 453 cis
991 429 1104 454 summis
1123 429 1288 459 doctoribus,
1307 430 1358 455 nisi
1378 430 1476 456 Graece
1494 430 1622 459 dicerem.
1640 440 1726 466 neque

934 466 1029 500 corrigi
1049 474 1155 500 possem
1179 475 1266 501 neque
1289 466 1386 493 doceri.
1434 469 1491 494 3tt.
1526 468 1670 494 Tumu'ltus
1686 470 1727 495 in-

911 490 913 502 l

905 515 913 532 ,1
935 503 1011 528 terim
1034 511 1081 537 pro
1104 503 1283 537 recuperanda
1302 504 1438 538 republica
1458 510 1482 531 et
1500 505 1616 531 crudelis
1635 507 1727 532 interi-

912 547 913 550 *
934 544 977 565 tus
1000 544 1133 566 oratorum
1151 541 1246 571 trium,
1268 541 1420 573 Scaevolae,
1442 542 1582 573 Carbonis,
1603 545 1724 569 Antistii:

904 585 912 597 ss
934 577 1035 603 reditus
1054 577 1156 608 Cottae,
1173 577 1309 609 Curionis,
1326 579 1427 611 Crassi,
1445 580 1630 611 Lentulorum,
1648 581 1727 607 Pom-

911 602 912 614 *
933 614 1000 648 peii,
1024 614 1095 649 leges
1119 619 1143 640 et
1161 615 1259 641 iudicia
1277 618 1433 649 constituta,
1461 624 1612 652 recuperata
1633 627 1726 653 respu-

933 651 1015 683 blica3
1032 660 1064 677 ex
1079 660 1189 678 numero
1203 657 1291 679 autem
1305 658 1437 680 oratorum
1448 655 1618 689 Pomponius⁴
1629 656 1727 682 Censo-

910 708 912 710 .
933 689 1017 719 rinus,
1034 689 1143 715 Murena
1158 690 1266 716 sublati.
1294 691 1361 716 Tum
1376 693 1494 726 primum
1510 702 1557 718 nos
1572 693 1603 719 ad
1617 702 1725 719 caussas

933 731 957 751 et
971 726 1088 760 privatas
1102 731 1127 752 et
1141 727 1262 761 publicas
1277 728 1349 754 adire
1363 730 1509 763 coepimus,
1527 739 1578 756 non
1592 736 1621 757 ut
1633 732 1658 756 in
1672 731 1726 757 soro

932 763 1106 793 disceremus,
1123 764 1194 798 quod
1209 764 1331 799 plerique
1346 765 1472 796 fecerunt,
1489 767 1535 793 sed
1550 772 1585 797 ut,
1595 774 1725 802 quantum

910 807 911 834 1
933 809 980 826 nos
999 800 1102 826 efficere
1120 802 1312 835 potuissemus,
1334 803 1403 829 docti
1418 804 1445 830 in
1460 803 1546 830 sorum
1562 806 1723 831 veniremus.

910 841 911 848 ¹
933 839 990 865 312.
1006 838 1105 864 Eodem
1121 843 1238 873 tempore
1253 840 1349 866 Moloni
1364 841 1488 867 dedimus
1502 850 1622 876 operam:
1643 843 1726 868 dieta-

933 880 987 901 tore
1005 876 1076 901 enim
1095 876 1177 907 Sulla,
1201 876 1303 912 legatus
1322 878 1354 904 ad
1373 884 1494 905 senatum
1515 880 1547 905 de
1563 880 1724 906 Rhodiorum

932 913 1058 947 praemiis
1078 918 1193 940 venerat.
1228 915 1318 949 Itaque
1337 916 1422 950 prima
1441 925 1534 943 caussa
1553 917 1660 951 publica
1680 926 1726 951 pro

932 950 990 976 Sex.
1009 951 1104 977 Roscio
1121 951 1190 977 dicta
1208 956 1310 978 tantum
1325 954 1562 980 commendationis
1578 955 1679 985 babuit,
1697 960 1726 981 ut

932 996 985 1014 non
1003 987 1057 1014 ulla
1076 993 1154 1019 esset,
1176 997 1244 1023 quae
1263 998 1314 1016 non
1329 990 1409 1026 digna
1424 997 1511 1018 nostro
1526 993 1671 1026 patrocinio
1686 994 1725 1018 vi-

931 1025 1047 1051 deretur.
1082 1026 1211 1061 Deinceps
1229 1027 1291 1053 inde
1310 1028 1417 1059 multae,
1437 1038 1504 1063 quas
1524 1038 1571 1055 nos
1585 1029 1726 1065 diligenter

931 1062 1077 1089 elaboratas
1091 1068 1116 1089 et
1130 1068 1265 1099 tamquam
1280 1064 1448 1092 elucubratas
1463 1067 1646 1093 afferebamus.

987 1100 1054 1127 XCI.
1079 1103 1136 1127 313.
1160 1102 1246 1133 Nune,
1267 1104 1394 1137 quoniam
1414 1108 1496 1130 totum
1516 1113 1558 1130 me
1576 1113 1628 1130 non
1643 1113 1726 1130 naevo

931 1137 1022 1173 aliquo
1035 1142 1080 1164 aut
1093 1139 1256 1173 crepundiis,
1278 1140 1325 1166 sed
1339 1149 1446 1175 corpore
1460 1143 1532 1168 omni
1547 1142 1645 1167 videris
1659 1142 1725 1168 velle

931 1184 1098 1211 cognoscere,
1115 1176 1276 1211 complectar
1289 1178 1416 1204 nonnulla
1431 1179 1519 1209 etiam,
1536 1188 1604 1214 quae
1615 1179 1725 1205 fortasse

931 1213 1071 1240 videantur
1085 1214 1175 1240 minus
1190 1216 1343 1242 necessaria.
1369 1216 1430 1242 Erat
1442 1225 1472 1242 eo
1483 1221 1599 1251 tempore
1611 1217 1636 1242 in
1649 1217 1725 1243 nobis

931 1259 1037 1277 summa
1055 1251 1189 1286 gracilitas
1207 1257 1232 1278 et
1250 1253 1390 1279 infirmitas
1404 1255 1529 1288 corporis,
1547 1263 1686 1289 procerum
1701 1260 1724 1280 et

931 1292 1010 1314 tenue
1023 1289 1136 1322 collum3
1163 1290 1210 1324 qui
1225 1290 1333 1316 habitus
1347 1295 1372 1317 et
1386 1300 1453 1326 quae
1468 1292 1551 1327 figura
1566 1301 1617 1318 non
1633 1292 1723 1326 procul

931 1326 1024 1352 abesse
1038 1330 1147 1361 putatur
1160 1336 1173 1353 a
1188 1328 1257 1354 vitae
1271 1328 1398 1362 periculo,
1415 1329 1437 1354 si
1453 1329 1552 1355 accedit
1568 1329 1640 1355 labor
1651 1335 1673 1355 et
1688 1329 1725 1355 la-

931 1367 1016 1389 terum
1032 1372 1126 1399 magna
1140 1365 1281 1391 contentio.
1302 1366 1393 1400 quue
1405 1367 1490 1399 magis
1502 1367 1550 1392 hoe
1561 1375 1614 1396 eos,
1623 1367 1724 1401 quibus

930 1409 1001 1426 eram
1016 1409 1103 1431 carus,
1118 1402 1310 1433 commovebat,
1328 1403 1399 1438 quod
1415 1400 1502 1430 oninia
1517 1405 1574 1430 sine
1589 1405 1724 1430 remissio-

930 1446 971 1469 ne,
993 1439 1050 1464 sine
1070 1439 1201 1470 varietate,
1220 1440 1247 1466 vi
1265 1449 1371 1466 summa
1387 1442 1458 1467 vocis
1473 1446 1497 1467 et
1512 1442 1593 1467 totius
1607 1443 1724 1476 corporis

929 1476 1096 1502 contentione
1112 1476 1242 1502 dicebam.
1274 1479 1331 1504 314.
1348 1479 1437 1513 Itaque
1451 1487 1536 1513 quum
1552 1488 1593 1504 me
1607 1484 1632 1505 et
1646 1480 1722 1505 amici

930 1517 955 1538 et
979 1513 1074 1539 medici
1098 1514 1273 1545 hortarentur,
1295 1520 1324 1541 ut
1342 1524 1450 1541 caussas
1465 1525 1542 1551 agere
1556 1516 1720 1545 desisterem,

930 1550 1045 1585 quodvis
1065 1551 1153 1585 potius
1172 1552 1322 1585 periculum
1341 1553 1407 1579 mihi
1427 1553 1589 1583 adeundum,
1610 1562 1691 1588 quam
1710 1563 1722 1579 a

930 1592 1033 1622 sperata
1045 1588 1150 1614 dicendi
1162 1588 1245 1624 gloria
1255 1589 1446 1616 discedendum
1461 1592 1562 1625 putavi.
1579 1591 1722 1625 Sedquum

929 1634 1064 1652 censerem
1080 1627 1236 1652 remissione
1250 1631 1275 1653 et
1290 1627 1467 1654 moderatione
1481 1629 1552 1654 vocis
1567 1633 1722 1655 0100313111-

929 1667 981 1689 tato
1002 1671 1098 1698 genere
1118 1663 1224 1690 dicendi
1244 1672 1285 1690 me
1304 1669 1329 1691 et
1347 1665 1495 1699 periculum
1511 1667 1593 1692 vitare
1608 1675 1684 1700 posse
1699 1671 1723 1692 et

929 1701 1102 1735 temperatius
1121 1701 1217 1732 dicere,
1238 1706 1268 1728 ut
1281 1703 1502 1728 consuetudinem
1517 1703 1620 1729 dicendi
1637 1708 1723 1729 muta-

929 1746 994 1769 rem,
1011 1746 1040 1764 ea
1054 1746 1148 1764 caussa
1163 1739 1230 1765 mihi
1245 1740 1272 1765 in
1287 1739 1377 1766 Asiam
1392 1740 1576 1774 proficiscendi
1592 1740 1650 1766 suit.
1675 1742 1719 1766 tta-

928 1784 981 1810 que
994 1784 1079 1810 quum
1094 1784 1180 1802 essem
1195 1776 1334 1803 biennium
1350 1783 1470 1804 versatus
1484 1779 1511 1804 in
1521 1778 1624 1804 caussis
1635 1783 1659 1804 et
1671 1779 1722 1804 iam

928 1814 955 1839 in
979 1812 1034 1839 soro
1056 1812 1217 1839 celebratum
1243 1823 1333 1840 meum
1357 1824 1451 1841 nomen
1471 1820 1549 1845 esset,
1566 1815 1646 1841 Roma
1662 1824 1721 1841 51131

929 1849 1072 1885 profectus.
1096 1852 1154 1877 3¹5.
1169 1850 1259 1883 Quum
1275 1853 1408 1878 venissem
1421 1853 1546 1883 Athenas,
1559 1862 1606 1879 sex·
1618 1862 1722 1879 menses

928 1896 990 1914 011111
1005 1888 1143 1918 Antiocho,
1161 1890 1257 1915 veteris
1272 1890 1428 1916 Academiae
1443 1890 1610 1916 nobilissimo
1624 1895 1647 1916 et
1660 1899 1723 1924 pru-

929 1925 1086 1951 dentissimo
1105 1925 1273 1960 philosopho,
1296 1927 1333 1953 sui
1349 1927 1524 1962 studiumque
1539 1928 1722 1962 philosophiae

929 1971 1077 1997 numquam
1092 1963 1275 1990 intermissum
1295 1973 1308 1990 a
1323 1966 1462 1999 primaque
1476 1965 1650 1991 adolescentia
1664 1965 1723 1991 cul—

929 2004 985 2026 tum
1003 2005 1028 2026 et
1042 2008 1148 2034 semper
1161 2005 1269 2027 auctum
1289 2002 1337 2028 hoc
1352 2011 1445 2028 rursus
1459 2011 1565 2028 summo
1579 2007 1684 2028 auctore
1698 2008 1722 2028 et

928 2037 1033 2063 doctore
1056 2038 1191 2064 renovavi.
1230 2039 1329 2065 Eodem
1353 2044 1440 2066 tamen
1468 2045 1585 2074 tempore
1611 2040 1722 2065 Athenis

929 2075 1000 2109 apud
1023 2075 1185 2101 Demetrium
1208 2075 1315 2112 Syrum,
1333 2082 1448 2103 veterem
1467 2082 1493 2103 et
1511 2086 1561 2103 non
1576 2077 1720 2111 ignobilem

928 2111 1033 2138 dicendi
1049 2113 1216 2147 magistrum,
1237 2114 1356 2140 studiose
1370 2115 1485 2140 exerceri
1501 2114 1626 2140 solebam.
1663 2115 1721 2140 i'ost

906 2158 907 2172 1
929 2158 942 2175 3
962 2158 1003 2175 me
1027 2150 1088 2176 Asia
1112 2154 1162 2176 tota
1187 2155 1321 2186 peragrata
1345 2156 1384 2177 est
1402 2160 1463 2177 cum
1483 2152 1597 2177 summis
1611 2152 1720 2186 quidem

928 2187 1086 2217 oratoribus,
1111 2187 1275 2222 quibuscum
1300 2189 1441 2215 exercebar
1463 2190 1531 2223 ipsis
1551 2189 1718 2215 lubentibus:

906 2235 907 2254 ,
928 2232 1043 2258 quorum
1062 2229 1115 2250 erat
1135 2225 1258 2259 princeps
1278 2226 1420 2260 Menippus
1434 2226 1646 2254 Stratonicensis,
1663 2235 1722 2252 3100

928 2261 1028 2287 iudicio
1046 2266 1097 2287 tota
1117 2262 1177 2287 Asia
1196 2262 1250 2288 illis
1269 2264 1434 2298 temporibus
1448 2263 1656 2290 disertissinius;
1685 2268 1718 2290 et.

929 2299 951 2324 si
974 2298 1040 2324 nihil
1061 2298 1158 2324 habere
1180 2299 1362 2326 molestiarum
1382 2309 1429 2326 nec
1447 2301 1607 2334 ineptiarum
1623 2301 1721 2326 Attico-

929 2343 987 2361 rum
1011 2340 1059 2366 est,
1086 2335 1128 2361 hic
1151 2341 1236 2362 orator
1259 2337 1285 2363 in
1309 2337 1363 2363 illis
1383 2338 1514 2363 numerari
1535 2342 1603 2363 reete
1624 2342 1718 2371 potest.

929 2374 985 2398 316.
1006 2372 1200 2399 Assiduissime
1218 2378 1306 2400 autem
1324 2383 1428 2400 meeum
1445 2374 1495 2400 suit
1510 2375 1651 2410 Dionysius
1666 2375 1721 2401 Ma-

927 2418 1006 2445 gnes,
1037 2414 1091 2435 erat
1108 2410 1186 2436 etiam
1206 2411 1355 2446 Aeschylus
1374 2411 1498 2441 Cnidius,
1525 2411 1719 2448 Adramytenus

928 2446 1068 2473 Xenocles.
1104 2447 1134 2473 lli
1160 2452 1215 2473 tum
1235 2449 1261 2474 in
1282 2449 1342 2474 Asia
1362 2449 1495 2474 rhetorum
1517 2449 1650 2483 principes
1670 2458 1719 2475 uu-

927 2484 1105 2510 merabantur.
1121 2484 1226 2516 Quibus
1242 2494 1291 2511 non
1306 2491 1445 2512 contentus
1457 2486 1579 2512 Rhodum
1591 2487 1650 2512 veni
1664 2496 1720 2513 m(h

926 2530 978 2556 que
997 2521 1029 2547 ad
1047 2521 1182 2552 cumdem,
1202 2531 1282 2557 quem
1297 2523 1394 2549 Romae
1408 2523 1570 2553 audiveram,
1588 2524 1718 2550 Molonem

926 2558 1067 2593 applicavi.
1084 2567 1168 2593 quum
1184 2564 1297 2586 actorem
1313 2561 1338 2586 in
1355 2561 1425 2586 veris
1436 2562 1538 2587 caussis
1549 2562 1718 2596 scriptorem-

925 2604 978 2630 que
997 2600 1182 2630 praestantem,
1205 2601 1259 2622 tum
1280 2598 1305 2623 13
1326 2598 1447 2624 notandis
1461 2598 1718 2625 animadvertendis-

925 2641 977 2667 quo
989 2633 1061 2659 vitiis
1075 2638 1100 2659 et
1111 2634 1273 2659 instituendo
1283 2634 1455 2670 docendoque
1466 2636 1715 2671 prudentissimum.

894 2676 903 2696 „¹
926 2671 949 2696 15
963 2670 1035 2696 dedit
1050 2679 1156 2705 operam
1170 2671 1202 2706 (si
1215 2671 1291 2698 modo
1303 2672 1328 2698 id
1339 2674 1466 2708 consequi
1481 2673 1588 2708 potuit)
1598 2679 1625 2699 ut
1638 2675 1716 2699 nimi<
