1941 3052
356 140 683 167 EPISTOLARUM
711 139 764 167 AD
792 140 998 168 ATTICUM
1028 141 1277 168 L113.1.EP.2
1297 157 1333 162 —
1356 144 1394 169 40.

61 220 115 248 que
129 215 156 238 et
169 219 218 237 sua
233 215 327 246 sponte
342 216 368 238 et
383 219 441 238 meo
455 220 578 238 sermone
589 216 731 241 amantem,
745 210 853 238 affinem

60 249 233 283 amicumque
247 249 379 275 amiseris.
420 250 445 274 ἱ).
467 248 544 281 Quod
559 248 593 275 ad
604 257 647 274 me
658 248 755 275 scribis
766 248 799 275 de
810 257 855 275 so-

61 294 118 313 rore
129 290 186 318 tua,
205 286 280 312 testis
291 286 341 312 erit
350 285 400 312 tibi
411 286 483 320 ipsa,
499 291 614 321 quantae
626 286 694 312 mibi
705 294 784 312 curae
795 285 854 312 fue-

61 324 108 353 rit,
130 327 160 350 ut
169 322 263 355 Quinti
274 322 363 349 fratris
375 323 482 349 animus
494 324 521 349 in
532 332 591 349 eam
602 328 672 350 esset
682 324 705 349 is
713 343 719 354 ,
736 323 784 358 qui
795 331 853 349 esse

60 360 180 387 deberet.
219 360 306 392 Quem
330 369 416 395 quum
435 369 493 387 esse
512 360 681 387 offensiorem
700 360 851 391 arbitrarer,

60 397 212 424 easlitteras
218 397 251 424 ad
257 406 319 424 eum
326 398 397 429 misi,
407 397 508 433 quibus
514 402 540 424 et
550 397 683 432 placarem
695 402 724 424 ut
735 397 851 428 fratrem,

60 439 86 462 et
96 443 232 461 monerem
248 439 278 462 ut
292 436 437 466 minorem,
453 439 479 462 et
488 435 659 471 obiurgarem
670 439 700 461 ut
711 439 853 461 errantem.

59 473 151 507 Itaque
162 481 196 499 ex
208 472 264 503 his,
282 481 351 507 quae
367 477 458 507 postea
473 481 553 507 saepe
568 472 602 498 ab
616 481 647 498 eo
657 471 690 498 ad
702 480 745 498 me
756 472 855 506 scripta

59 514 132 540 sunt,
144 509 248 536 confido
260 511 294 536 ita
307 518 365 536 esse
376 510 475 540 omnia,
485 514 513 536 ut
524 514 550 535 et
560 514 679 544 oporteat
690 513 715 535 et
725 508 852 535 velimus.

59 548 85 573 3.
106 547 142 573 De
155 546 302 574 litterarum
318 548 447 574 missione
462 548 520 573 sine
530 555 624 573 caussa
636 546 683 573 abs
694 551 719 572 te
733 554 853 572 accusor.

59 584 215 619 Numquam
225 585 467 619 enimaPomponia
480 589 568 611 nostra
579 584 675 610 certior
684 592 746 609 sum
757 583 852 613 factus,

59 629 133 653 esse,
150 622 195 648 cui
212 621 312 648 litteras
327 621 390 648 dare
408 630 525 656 possem.
565 621 645 648 Porro
661 623 750 647 autem
766 628 854 655 neque

59 658 129 685 mihi
141 659 247 690 accidit,
260 664 290 686 ut
301 659 437 689 haberem,
450 659 499 693 qui
510 659 536 685 in
547 659 660 693 Epirum
671 657 855 692 proficiscere-
875 668 877 677 ν

59 700 117 727 tur,
140 696 295 731 nequedum
309 700 334 723 te
349 696 461 722 Athenis
472 704 530 722 esse
542 695 730 722 audiebamus.
771 695 796 721 4.
818 695 854 720 De

59 733 211 760 Acutiliano
224 738 313 760 autem
324 734 430 769 negotio
441 733 513 768 quod
525 733 593 759 mihi
604 732 754 763 mandaras,
763 732 855 766 utpri-

60 779 135 797 mum
146 779 160 797 a
171 776 216 797 tuo
226 770 350 807 digressu
356 771 467 797 Romam
478 771 548 801 veni,
557 769 736 802 conseoeram3
750 769 798 796 sed
810 778 855 795 ac-

59 807 135 839 cidit,
148 812 178 834 ut
187 812 213 834 et
223 808 391 835 contentione
402 807 471 834 nihil
482 817 550 843 opus
562 812 643 839 esset,
657 812 683 834 et
694 812 723 833 ut
733 815 791 842 ego,
805 807 853 841 qui

59 846 88 872 in
99 850 123 872 te
134 845 200 871 satis
210 845 317 872 consilii
329 846 468 872 statuerim
482 854 550 876 esse,
564 844 673 872 mallem
684 844 853 871 Peducaeum

59 882 109 910 tibi
120 882 264 909 consilium
279 891 327 918 per
343 882 457 914 litteras,
480 891 562 918 quam
577 891 620 909 me
634 882 707 909 dare.
746 881 854 908 Etenim

58 928 144 955 quum
156 919 254 946 multos
265 920 323 946 dies
335 929 413 947 aures
423 929 496 947 meas
507 920 623 947 Acutilio
634 919 780 950 dedissem,
796 919 855 954 (cu-

59 958 103 984 ius
114 959 246 984 sermonis
257 966 343 993 genus
354 958 404 984 tibi
416 962 508 984 notum
519 966 578 984 esse
589 957 724 992 arbitror,)
739 965 791 984 non
801 957 854 982 mi-

60 994 88 1021 hi
102 1003 184 1031 grave
199 994 340 1022 duxissem
355 995 473 1022 scribere
488 995 522 1022 ad
538 1000 562 1022 te
578 995 611 1022 de
626 994 702 1021 illius
715 995 854 1029 querimo-

59 1032 125 1063 niis,
143 1041 229 1068 quum
244 1041 288 1059 eas
302 1032 409 1064 audire,
432 1033 504 1068 quod
518 1037 574 1059 erat
584 1032 776 1063 subodiosum,
794 1031 854 1058 leve

58 1074 206 1105 putassem.
237 1069 289 1096 Sed
300 1070 349 1096 abs
360 1074 384 1097 te
396 1070 464 1105 ipso,
476 1071 525 1105 qui
535 1078 578 1096 me
589 1078 708 1100 accusas,
722 1078 789 1096 unas
802 1069 854 1095 mi-

58 1107 88 1134 hi
99 1108 165 1134 scito
176 1107 277 1135 litteras
288 1107 406 1134 redditas
418 1116 486 1139 esse,
495 1117 581 1143 quum
592 1113 618 1134 et
628 1108 675 1134 otii
687 1106 720 1133 ad
731 1106 849 1133 scriben-

58 1144 124 1171 dum
135 1145 210 1180 plus,
223 1150 249 1172 et
259 1144 413 1172 facultatem
424 1145 506 1172 dandi
518 1146 646 1172 maiorem
657 1144 795 1171 habueris.
827 1146 852 1171 5.

57 1181 135 1215 Quod
150 1182 262 1214 scribis,
279 1183 385 1209 etiamsi
400 1183 479 1209 cuius
494 1183 602 1209 animus
613 1183 640 1209 in
653 1187 677 1209 te
688 1186 759 1208 esset
770 1181 854 1208 offen-

58 1221 126 1251 sior,
142 1229 156 1247 a
168 1228 209 1246 me
221 1219 342 1255 recolligi
352 1224 472 1255 oportere
484 1220 550 1255 quid
562 1220 650 1246 dicas:
668 1228 756 1254 neque
768 1219 795 1245 id
806 1227 854 1246 ne-

58 1257 145 1293 glexi:
163 1257 210 1283 sed
224 1262 265 1283 est
278 1257 346 1284 miro
361 1257 478 1292 quodam
490 1257 568 1284 modo
579 1257 698 1284 affectus.
737 1257 794 1293 Ego
806 1265 854 1283 au-

58 1299 122 1326 tem,
135 1303 204 1330 quae
214 1294 327 1321 dicenda
342 1294 451 1321 fuerunt
461 1295 494 1321 de
505 1300 539 1326 te,
552 1303 604 1322 non
616 1294 751 1329 praeterii.
781 1293 853 1326 Quid

58 1336 148 1359 autem
160 1331 376 1359 contendendum
387 1336 465 1364 esset,
478 1341 512 1359 ex
523 1337 567 1359 tua
578 1332 706 1367 putabam
718 1331 854 1358 voluntate

58 1374 174 1396 statuere
185 1374 319 1404 oportere:
333 1378 414 1404 quam
425 1370 448 1396 si
459 1369 493 1396 ad
504 1379 546 1396 me
558 1369 761 1404 perscripseris,
774 1369 854 1396 intel-

58 1406 127 1443 liges
138 1415 180 1433 me
192 1415 279 1442 neque
293 1406 492 1442 diligentiorem
503 1416 562 1433 esse
576 1407 709 1438 voluisse,
726 1415 808 1441 quam
825 1411 853 1433 tu

57 1452 144 1475 esseS.
162 1453 249 1479 neque
261 1444 483 1480 negligentiorem
495 1444 562 1475 fore,
580 1453 662 1480 quam
674 1449 702 1470 tu
717 1444 795 1470 velis.
827 1445 852 1470 6.

57 1482 94 1508 De
106 1481 222 1508 Tadiana
234 1490 275 1513 re,
294 1490 401 1508 mecum
412 1482 513 1508 Tadius
530 1482 634 1509 loeutus
650 1486 691 1508 est
704 1486 728 1508 te
740 1482 775 1508 ita
786 1482 854 1508 scri—

57 1519 155 1554 psisse,
168 1518 236 1545 nihil
248 1527 307 1546 esse
319 1520 381 1551 iam,
394 1519 467 1554 quod
480 1519 652 1551 laboraretur,
665 1519 794 1554 quoniam
806 1519 854 1545 he-

57 1555 156 1583 reditas
167 1561 297 1591 usucapta
309 1561 388 1583 esset.
423 1557 452 1583 ld
464 1557 630 1584 mirabamur
641 1562 664 1584 te
677 1557 807 1593 ignorare,
820 1556 853 1583 de

57 1593 139 1621 tutela
151 1593 284 1630 legitima,
302 1595 329 1620 in
340 1603 392 1629 qua
404 1594 504 1621 dicitur
514 1603 573 1621 esse
585 1594 688 1629 puella,
707 1594 775 1621 nihil
786 1603 853 1621 usu-

57 1631 117 1666 capi
136 1639 225 1666 posse.
265 1632 290 1658 7.
312 1632 475 1666 Epiroticam
496 1633 659 1667 emptionem
679 1631 784 1667 gaudeo
802 1632 852 1658 tibi

57 1668 171 1704 placere.
212 1670 236 1695 8.
257 1668 330 1701 Quae
342 1669 391 1696 tibi
404 1669 543 1701 mandavi,
561 1674 587 1696 et
597 1678 666 1705 quae
677 1674 704 1695 tu
717 1669 852 1705 intelliges

57 1707 200 1732 convenire
210 1711 300 1733 nostro
311 1706 471 1737 Tusculano,
486 1706 581 1738 velim,
598 1712 628 1733 ut
638 1706 750 1737 scribis,
763 1715 849 1737 cures,

57 1743 130 1778 quod
149 1743 208 1770 sine
222 1742 344 1770 molestia
360 1748 404 1771 tua
420 1743 506 1771 facere
521 1745 631 1779 poteris
672 1744 739 1770 Nam
755 1753 803 1771 nos
819 1753 852 1771 ex

57 1780 183 1808 omnibus
199 1780 330 1808 molestiis
345 1786 370 1808 et
386 1781 523 1808 laboribus
538 1790 591 1809 uno
608 1782 654 1809 illo
672 1782 698 1808 in
718 1781 774 1808 loco
788 1791 852 1809 con—

57 1818 237 1852 quiescimus,
259 1827 313 1853 quo
329 1817 436 1845 fratrem
452 1819 572 1854 quotidie
590 1824 789 1854 exspectamus.
825 1821 849 1846 9,

57 1855 180 1882 Terentia
196 1864 306 1891 magnos
322 1856 495 1884 articulorum
512 1856 616 1883 dolores
633 1857 726 1888 habet,
749 1861 775 1883 et
790 1861 814 1884 te
826 1862 851 1884 et

57 1901 174 1919 sororem
186 1897 259 1919 tuam
272 1898 298 1920 et
309 1897 420 1920 matrem
431 1895 549 1921 maxime
560 1894 664 1930 diligit.
681 1894 850 1930 salutemque

57 1929 107 1956 tibi
122 1929 267 1964 plurimam
283 1930 394 1958 ascribit
409 1936 435 1958 et
449 1931 578 1963 Tulliola,
600 1931 713 1959 deliciae
734 1937 848 1959 nostrae.

57 1966 140 1997 Cura,
154 1971 183 1993 ut
194 1967 296 1998 valeas,
310 1972 336 1994 et
349 1976 397 1994 nos
408 1977 495 2000 ames,
509 1973 534 1996 et
545 1968 595 1996 tibi
605 1969 782 2004 persuadeas,
800 1975 824 1998 te
835 1979 850 1997 a

57 2011 100 2030 me
112 2003 225 2030 fraterne
236 2005 329 2031 amari.

110 2073 147 2094 Vl.
175 2076 263 2096 (numne,
273 2076 358 2096 ΜιιιΙΙυ,
368 2076 440 2094 Murrio
450 2083 496 2094 cus».
507 2079 563 2098 unu.)

274 2118 418 2146 CICERO
437 2119 581 2147 ATTICO
601 2120 630 2148 S.

113 2157 137 2181 Ι.
157 2149 222 2182 Νοιι
242 2157 407 2183 committam
428 2157 551 2191 posthac,
574 2163 604 2185 ut
618 2166 660 2185 me
676 2166 802 2186 accusare
817 2159 850 2187 do

55 2191 230 2228 epistolarum
242 2193 406 2229 negligentia
418 2195 515 2229 possis.
556 2195 594 2222 Tu
607 2196 685 2222 modo
701 2196 804 2227 videto,
823 2198 849 2224 in

55 2233 127 2257 tanto
137 2231 190 2257 otio
202 2235 231 2257 ut
242 2239 289 2265 par
304 2231 371 2257 mihi
385 2232 433 2258 sis.
474 2232 587 2259 Domum
600 2233 770 2260 Rabirianam
782 2235 851 2261 Nea-

75 2266 124 2298 eli,
142 2276 223 2302 quam
240 2273 268 2294 tu
285 2269 338 2295 iam
349 2268 500 2296 dimensam
512 2274 537 2296 et
547 2270 748 2298 exaedificatam
760 2273 850 2299 animo

76 2303 189 2336 abebas,
203 2305 245 2332 M'.
259 2306 385 2332 Fonteius
401 2307 466 2333 emit
478 2306 540 2333 1>1-S
555 2316 663 2335 cremon
673 2317 743 2336 xxx.
783 2309 812 2336 ld
825 2315 848 2337 te

55 2342 124 2368 scire
140 2342 227 2374 volui,
245 2343 268 2369 si
284 2343 350 2378 quid
368 2343 433 2370 sorte
448 2352 477 2370 ea
493 2352 536 2370 res
551 2344 584 2371 ad
599 2346 774 2381 cogitationes
790 2352 849 2374 tuas

55 2379 208 2414 pertineret.
248 2382 273 2407 2.
295 2382 326 2413 Q.
341 2380 432 2411 frater,
446 2386 476 2408 ut
487 2381 554 2408 mihi
566 2382 685 2414 videtur,
703 2392 756 2418 quo
772 2384 850 2411 volu-

56 2423 116 2442 mus
127 2417 216 2444 animo
227 2422 268 2444 est
278 2418 304 2444 in
317 2418 491 2453 Pomponiam
500 2439 506 2449 ,
523 2424 549 2446 et
562 2428 624 2446 cum
636 2428 666 2446 ea
678 2429 749 2447 nunc
761 2422 787 2448 in
799 2423 850 2448 Ar-

56 2453 193 2488 pinatibus
209 2455 326 2489 praediis
342 2461 398 2482 erat
416 2461 442 2483 et
461 2465 554 2483 secum
576 2457 691 2484 habebat
712 2458 848 2486 hominem

53 2493 241 2526 χρηστομαθῆ,
257 2493 287 2519 D.
304 2493 475 2520 Turranium.
510 2494 585 2520 Pater
600 2495 677 2521 nobis
693 2495 809 2523 decessit
823 2506 846 2524 a.

55 2525 84 2553 d.
99 2535 155 2554 vm.
172 2528 231 2556 Kal.
248 2530 387 2557 Decembr.
429 2532 497 2557 llaec
509 2531 642 2559 habebam
658 2532 725 2563 fere,
743 2542 812 2569 quae
825 2539 848 2561 te

55 2564 124 2591 seire
135 2565 242 2593 vellem.
264 2567 314 2599 Tu,
327 2568 419 2600 velim,
433 2569 456 2595 si
467 2577 520 2603 qua
531 2574 686 2596 ornamenta
697 2571 847 2606 γυμνασιῶ-

56 2599 87 2643 ᾂη
100 2603 215 2637 reperire
231 2605 342 2639 poteris,
359 2614 429 2641 quae
444 2605 494 2633 loci
504 2607 558 2633 sint
571 2607 644 2636 eius,
662 2616 743 2642 quem
756 2613 782 2635 ιιι
796 2618 847 2636 non

56 2644 176 2674 ignoras,
193 2648 226 2667 ne
242 2643 445 2676 praetermittas.
490 2643 543 2670 Nos
555 2643 707 2672 Tusculano
723 2645 758 2672 ita
774 2645 848 2673 dele-

55 2678 167 2708 utamur,
179 2681 210 2705 ut
219 2678 353 2708 nobismet
363 2681 431 2717 ipsis
443 2685 499 2708 tum
510 2680 637 2717 denique,
645 2690 731 2718 quum
743 2682 789 2711 illo
802 2692 848 2711 ve-

1651 147 1699 171 817

905 212 1009 243 nimus,
1026 211 1190 247 placeamus.
1223 214 1249 239 3.
1271 212 1342 245 Quid
1358 222 1421 249 agas
1432 213 1560 240 omnibus
1571 214 1604 241 de
1619 215 1700 242 rebus

905 254 930 275 et
942 249 1007 284 quid
1024 254 1131 276 acturus
1147 251 1198 281 sis,
1217 249 1258 276 sac
1269 260 1316 277 nos
1328 259 1409 286 quam
1421 251 1630 287 diligentissime
1642 261 1701 279 cer-

904 291 995 313 tiores.

958 355 1008 376 VH.
1037 358 1124 380 (nomae,
1133 359 1220 379 Met-1110,
1230 358 1302 376 Marcio
1313 366 1356 376 coss
1369 359 1424 381 686.)

1096 396 1263 423 CICERO
1294 397 1460 425 ATTICO
1488 397 1515 425 S.

959 427 1045 467 Apud
1056 438 1167 459 matrem
1179 439 1249 460 recte
1261 439 1308 465 est,
1325 443 1409 470 eaque
1421 435 1499 462 nobis
1510 444 1590 462 curae
1602 441 1652 462 est.
1670 437 1700 463 L.

906 469 998 496 Cincio
1009 470 1072 496 H-S
1082 479 1121 496 xx
1133 479 1166 496 cn
1176 472 1303 497 constitui
1311 480 1352 498 me
1359 473 1615 500 curaturumldibus
1621 473 1699 500 Febr.

906 507 960 537 Tu,
978 506 1074 538 velim,
1091 516 1135 538 ea,
1153 516 1222 542 quae
1237 509 1315 535 nobis
1330 510 1427 536 emisse
1439 515 1463 536 et
1474 519 1582 545 parasse
1592 511 1699 541 scribis,

906 544 953 570 des
964 552 1072 579 operam
1087 549 1116 570 ut
1126 553 1207 579 quam
1218 546 1337 580 primum
1349 546 1510 574 habeamus:
1529 553 1554 574 et
1564 547 1646 574 velim
1657 557 1702 575 co-

905 582 987 617 gites,
1005 581 1033 607 id
1049 581 1121 616 quod
1133 582 1201 608 mihi
1212 582 1349 617 pollicitus
1360 592 1402 615 es,
1419 585 1648 619 quemadmodum
1659 586 1703 612 bi-

906 619 1068 645 bliothecam
1091 619 1169 645 nobis
1194 620 1324 646 conficere
1352 622 1449 655 possis.
1490 621 1603 649 Omnem
1625 631 1701 658 spem

905 656 1090 682 delectationis
1105 661 1222 688 nostrae,
1240 666 1336 692 quam,
1353 666 1438 693 quum
1454 660 1482 685 in
1498 660 1582 686 otium
1595 661 1703 686 veneri-

906 702 975 724 mus,
990 693 1088 720 habere
1100 693 1240 726 volumus,
1254 696 1282 721 in
1294 699 1338 722 tua
1350 695 1516 723 humanitate
1527 698 1641 732 positam
1654 698 1702 724 ha-

905 731 1011 757 bemus.

958 801 1019 821 Vffl.

1044 803 1130 825 (Romae,
1140 802 1214 825 Pisone,
1224 803 1326 821 Glabrione
1337 810 1383 821 cusa.
1394 804 1450 826 587.)

963 885 985 909 l.
1006 878 1093 918 Apud
1104 888 1129 910 te
1139 888 1187 914 est,
1200 888 1230 910 ut
1241 883 1377 911 volumus.
1418 885 1501 912 Mater
1511 889 1556 912 tua
1568 889 1592 912 et
1603 893 1677 912 soror
1688 895 1701 911 a

906 929 948 947 me
961 920 1115 956 Quintoque
1127 920 1206 947 fratre
1217 921 1350 957 diligitur.
1382 922 1451 949 Cum
1461 922 1578 949 Acutilio
1589 931 1651 949 sum
1663 922 1703 949 lo—

904 963 993 985 cutus.
1016 959 1040 984 Is
1051 958 1105 984 sibi
1116 963 1195 994 negat
1206 967 1219 985 a
1231 967 1281 985 suo
1292 964 1461 993 procuratore
1472 959 1623 995 quidquam
1635 961 1703 986 scri-

904 1000 981 1031 ptum
1001 1004 1074 1026 esse,
1096 1000 1122 1022 et
1141 997 1254 1022 miratur
1274 997 1353 1023 istam
1374 998 1585 1024 controversiam
1606 997 1700 1027 fuisse,

905 1033 978 1068 quod
989 1033 1035 1059 ille
1046 1034 1177 1060 recusarit
1187 1033 1330 1065 satisdare,
1347 1034 1465 1069 amplius
1477 1035 1560 1061 abste
1572 1043 1624 1062 non
1636 1035 1701 1069 peti.

905 1070 981 1102 Quod
997 1075 1021 1097 te
1033 1070 1065 1096 de
1077 1070 1196 1097 Tadiano
1207 1072 1313 1106 negotio
1329 1071 1463 1098 decidisse
1479 1072 1591 1103 scribis,
1610 1072 1637 1098 id
1653 1080 1703 1107 ego

905 1108 988 1135 Tadio
1003 1112 1028 1134 et
1043 1113 1149 1144 gratum
1165 1117 1224 1134 esse
1236 1108 1358 1135 intellexi
1369 1114 1395 1135 et
1405 1118 1502 1145 magno
1513 1118 1593 1145 opere
1605 1110 1703 1136 iucun-

904 1145 981 1172 dum.
1021 1145 1068 1172 llle
1083 1150 1172 1172 noster
1186 1146 1304 1177 amicus,
1322 1147 1364 1172 vir
1379 1146 1533 1173 mehercule
1546 1148 1666 1182 optimus
1678 1151 1704 1173 et

905 1183 974 1209 mihi
985 1183 1178 1214 amicissimus,
1192 1192 1255 1210 sane
1267 1183 1317 1213 tibi
1329 1184 1411 1210 iratus
1422 1188 1472 1211 est.
1494 1184 1557 1215 Hoc,
1570 1185 1603 1215 si,
1616 1193 1703 1219 quan-

904 1221 925 1247 ti
940 1225 968 1247 tu
984 1221 1123 1251 aestimes,
1142 1221 1240 1252 sciam,
1258 1225 1329 1252 tum,
1346 1221 1413 1256 quid
1430 1222 1498 1248 mibi
1508 1222 1701 1248 elaborandum

905 1259 948 1289 sit,
961 1259 1030 1284 scire
1041 1259 1153 1293 possim.
1193 1260 1219 1285 ⁶2.
1241 1259 1271 1285 L.
1284 1258 1377 1285 Cincio
1387 1259 1452 1285 H-S
1465 1267 1539 1286 ccmo
1551 1268 1625 1286 ccmo
1637 1267 1702 1285 cccc

904 1304 952 1330 pro
963 1296 1050 1331 signis
1061 1296 1203 1331 Megaricis
1211 1316 1217 1326 ,
1235 1300 1265 1322 ut
1276 1300 1303 1322 tu
1315 1296 1348 1322 ad
1359 1304 1402 1322 me
1418 1297 1578 1331 scripseras,
1596 1297 1700 1322 curavi.

905 1333 1016 1359 Hermae
1028 1333 1067 1359 tui
1078 1332 1206 1359 Pentelici
1216 1341 1279 1359 cum
1289 1333 1425 1368 capitibus
1437 1335 1541 1365 aeneis,
1555 1334 1588 1360 de
1599 1333 1702 1368 quibus

905 1370 938 1396 ad
954 1379 996 1396 me
1012 1371 1159 1404 scripsisti,
1180 1371 1234 1396 iam
1250 1379 1322 1397 nunc
1338 1379 1380 1397 me
1396 1371 1541 1397 admodum
1557 1370 1700 1397 delectant.

904 1407 992 1440 Quare
1008 1407 1090 1434 velim
1107 1412 1134 1434 et
1149 1416 1194 1434 eos
1207 1412 1233 1434 et
1245 1408 1323 1443 signa
1339 1413 1365 1434 et
1379 1413 1479 1439 cetera,
1496 1417 1565 1443 quae
1577 1408 1627 1434 tibi
1642 1409 1702 1434 eius

906 1445 956 1471 loci
967 1449 993 1471 et
1004 1445 1086 1471 nostri
1097 1445 1182 1471 studii
1193 1450 1219 1471 et
1229 1449 1289 1471 tuae
1301 1445 1448 1480 elegantiae
1458 1454 1517 1472 esse
1525 1445 1699 1476 videbuntur,

904 1491 986 1517 quam
998 1482 1115 1517 plurima
1128 1491 1209 1517 quam
1221 1483 1396 1517 primumque
1412 1484 1515 1514 mittas,
1531 1488 1557 1509 et
1571 1484 1699 1514 maxime,

904 1528 973 1555 quae
989 1520 1039 1546 tibi
1054 1520 1189 1555 gymnasii
1205 1520 1331 1555 xystique
1348 1520 1513 1547 xidebuntur
1523 1529 1592 1547 esse.
1633 1521 1701 1546 Nam

906 1558 931 1583 in
944 1566 974 1583 eo
985 1565 1083 1592 genere
1094 1557 1133 1583 sic
1145 1557 1235 1583 studio
1247 1557 1391 1588 efferimur,
1405 1563 1434 1585 ut
1445 1558 1493 1584 abs
1505 1563 1529 1584 te
1540 1557 1699 1588 adiuvandi,

904 1595 937 1621 ab
949 1594 1010 1621 aliis
1022 1603 1104 1629 prope
1116 1594 1330 1629 reprehendendi
1342 1595 1439 1621 simus.
1465 1596 1492 1621 Si
1506 1595 1612 1622 Lentuli
1624 1596 1701 1621 navis

904 1641 956 1658 non
968 1633 1025 1662 erit,
1040 1640 1094 1666 quo
1105 1632 1155 1658 tibi
1166 1631 1296 1666 placebit,
1311 1632 1450 1667 imponito.
1491 1632 1618 1663 Tulliola,
1632 1632 1702 1659 deli-

903 1669 987 1696 ciolae
1000 1674 1117 1700 nostrae,
1135 1673 1211 1696 tuum
1227 1669 1421 1696 munusculum
1432 1669 1544 1705 flagitat,
1562 1675 1588 1696 et
1599 1678 1654 1700 me,
1673 1674 1702 1696 ιιι

903 1715 1074 1742 sponsorem,
1092 1706 1219 1742 appellat.
1259 1707 1327 1734 Mihi
1348 1712 1437 1734 autem
1457 1707 1581 1734 abiurare
1601 1708 1701 1734 certius

903 1749 952 1775 est,
966 1753 1048 1780 quam
1059 1743 1222 1780 dependere.

956 1814 997 1835 lx,
1028 1816 1115 1840 (numae,
1124 1815 1198 1837 Pisone,
1208 1816 1311 1834 (flabri-uu-
1322 1823 1367 1833 ιιι-υ.
1377 1816 1433 1839 687.)

961 1894 984 1918 1.
1005 1886 1133 1919 Nimium
1151 1901 1209 1919 raro
1224 1892 1302 1919 nobis
1317 1892 1366 1918 abs
1381 1897 1406 1919 te
1423 1892 1523 1919 litterae
1537 1892 1698 1919 afferuntur:

902 1937 988 1964 quum
999 1934 1025 1956 et
1036 1930 1121 1957 multo
1133 1935 1160 1957 tu
1172 1929 1279 1956 facilius
1292 1930 1423 1964 reperias,
1437 1931 1485 1965 qui
1498 1931 1607 1957 Romam
1620 1930 1702 1965 profi—

902 1967 1050 1998 ciscantur,
1064 1976 1146 2002 quam
1158 1976 1221 2003 ego,
1236 1968 1284 2002 qui
1296 1967 1428 1997 Athenas,
1445 1972 1471 1994 et
1481 1968 1581 1994 certius
1593 1968 1641 1994 tibi
1654 1969 1698 1997 sit,

903 2012 944 2030 me
956 2013 1014 2031 esse
1026 2005 1134 2036 Romae,
1147 2014 1229 2040 quam
1241 2005 1322 2033 milii.
1337 2009 1361 2031 te
1373 2004 1496 2031 Athenis.
1536 2005 1627 2040 ltaque
1639 2013 1701 2040 pro-

902 2046 960 2076 pter
976 2041 1043 2068 lianc
1058 2042 1255 2069 dubitationem
1273 2050 1359 2068 meam
1375 2042 1483 2069 brevior
1495 2042 1560 2068 haec
1572 2043 1630 2076 ipsa
1642 2044 1701 2077 epi-

901 2078 968 2105 stola
979 2084 1032 2106 est:
1055 2079 1137 2114 quod.
1150 2088 1235 2115 quum
1248 2080 1366 2106 incertus
1377 2088 1464 2106 essem
1473 2100 1479 2110 ,
1493 2079 1540 2106 ubi
1551 2088 1638 2109 esses,
1653 2088 1701 2106 no—

903 2115 990 2142 lebam
1002 2115 1080 2143 illum
1092 2122 1213 2144 nostrum
1226 2117 1386 2143 familiarem
1397 2125 1548 2144 sermonem
1561 2117 1588 2143 in
1599 2117 1700 2143 alienas

903 2161 998 2179 manus
1014 2153 1151 2180 devenire.
1192 2156 1217 2181 2.
1240 2154 1322 2189 Signa
1340 2155 1471 2190 Megarica
1486 2159 1511 2180 et
1527 2154 1650 2182 llcrmas,
1667 2154 1699 2180 de

902 2190 1003 2224 quibus
1015 2191 1047 2216 ad
1060 2199 1102 2217 me
1113 2191 1258 2225 scripsisti,
1273 2191 1445 2217 veliementer
1455 2196 1590 2225 exspecto.
1613 2191 1699 2223 Quid·

901 2227 967 2261 quid
980 2227 1102 2254 eiusdem
1114 2229 1222 2263 generis
1234 2228 1358 2258 habebis,
1372 2228 1486 2263 dignum
1494 2228 1636 2254 Academia
1649 2228 1698 2254 tibi

901 2264 973 2299 quod
986 2265 1136 2295 videbitur,
1151 2274 1182 2291 ne
1194 2265 1327 2291 dubitaris
1340 2265 1457 2296 mittere,
1471 2270 1496 2292 et
1507 2274 1582 2292 arcae
1595 2271 1699 2292 nostrae

900 2301 1036 2328 confidito.
1055 2302 1204 2328 Genus-hoc
1211 2307 1251 2328 est
1262 2301 1407 2336 voluptatis
1420 2311 1507 2329 mene:
1522 2311 1590 2337 quae
1597 2314 1699 2338 γυμνα-

901 2339 980 2373 ande„
993 2339 1110 2365 maxime
1121 2344 1193 2369 suut,
1207 2348 1236 2365 eu
1248 2347 1357 2374 qimero.
1400 2339 1529 2365 Lentulus
1542 2349 1623 2366 naves
1635 2348 1699 2365 suas

901 2375 1052 2410 pollicetur.
1094 2377 1155 2403 l‘eto
1163 2376 1212 2402 abs
1223 2381 1260 2406 te,
1280 2381 1308 2402 ut
1323 2376 1387 2402 haec
1398 2385 1476 2402 cures
1487 2376 1640 2412 diligenter.
1672 2379 1696 2403 3.

900 2413 1006 2440 Cliilius
1019 2418 1042 2440 to
1054 2418 1141 2450 rogat.
1159 2419 1184 2440 et
1199 2422 1248 2449 ego
1263 2414 1323 2440 cius
1340 2418 1446 2449 rogatu.
1464 2414 1635 2448 Εὑμυληιῦών
1647 2414 1696 2440 πά-

900 2461 965 2486 τρια.

954 2524 982 2545 Χ.
1012 2526 1041 2548 (ln
1051 2526 1168 2546 ΤιικιιΙιιιιυ,
1179 2527 1252 2545 Puunr,
1260 2525 1362 2543 (naimone
1373 2531 1419 2542 eun.
1430 2525 1486 2547 6³7.)

1085 2574 1254 2600 CICERO
1284 2573 1451 2600 ATTICO
1480 2573 1508 2600 S.

958 2612 981 2636 l.
1004 2605 1100 2642 Quum
1116 2620 1203 2638 essem
1222 2612 1246 2637 in
1264 2610 1429 2642 Tusculano,
1447 2611 1507 2646 (erit
1523 2611 1572 2637 hoc
1589 2611 1636 2637 ΙιΙιι
1650 2620 1697 2646 pm

901 2647 946 2673 illo
961 2652 1018 2678 tuo,
1034 2648 1117 2680 Quum
1128 2658 1204 2675 essem
1220 2651 1244 2674 in
1258 2649 1401 2674 Cerauni-0³
1415 2654 1598 2675 verumtamen
1610 2658 1694 2683 quum

901 2685 938 2711 ibi
954 2693 1055 2716 essem,
1075 2686 1155 2713 Roma
1172 2695 1239 2722 puer
1253 2695 1266 2712 a
1282 2691 1427 2713 sororcula
1440 2687 1540 2713 missus
1554 2686 1694 2721 epistolam

1444 2735 1490 2761 ¹⁰3
