1941 3052
454 144 642 172 ORATIO
673 144 765 171 PRO
796 145 826 171 P.
861 143 1048 171 SESTIO.
1095 143 1193 171 CAP.
1217 144 1366 170 tt—ei.

71 218 226 246 constrictos
237 216 383 244 addixerat.
425 218 466 243 39.
483 217 537 243 Nec
547 216 614 243 mihi
626 224 668 242 res
679 219 734 242 erat
743 224 805 242 cum
817 215 866 242 Sa—

71 256 193 286 turnino,
205 255 267 290 qui,
280 254 353 289 quod
364 263 378 280 a
389 262 427 285 se,
440 259 580 289 quaestore
591 253 718 284 Ostiensi,
732 262 779 288 per
789 253 866 288 igno-

71 293 181 320 miniam
194 292 227 319 ad
238 293 386 327 principem
399 297 424 318 et
434 296 543 318 senatus
555 296 580 318 et
590 291 719 322 civitatis,
733 291 768 317 M.
781 290 865 317 Scau-

71 339 145 361 rum,
167 338 223 356 rem
244 329 445 356 frumentariam
465 329 585 355 tralatam
607 329 720 359 sciebat,
747 327 864 354 dolorem

70 376 151 395 suum
167 375 263 403 magna
278 367 446 393 contentione
466 366 549 392 animi
571 365 796 400 persequebatur:
819 364 866 391 sed

69 413 132 432 cum
144 412 296 430 scurrarum
309 403 483 438 locupletium
495 408 593 434 scorto,
606 412 668 429 cum
680 403 777 429 sororis
789 401 867 428 adul-

70 447 134 473 tero,
147 450 208 468 cum
219 446 374 476 stuprorum
387 441 530 471 sacerdote,
542 449 604 466 cum
616 440 742 471 venetico,
755 448 816 466 cum
828 443 867 466 te-

70 479 250 509 stamentario,
262 487 324 504 cum
336 478 440 509 sicario,
456 487 517 504 cum
531 477 639 504 latrone.
661 477 733 509 Quos
745 477 866 503 homines

70 517 103 547 si,
117 516 144 543 id
154 516 227 551 quod
239 515 315 542 facile
326 515 396 542 factu
408 515 466 546 fuit,
480 519 505 541 et
515 514 588 549 quod
599 515 655 541 fieri
666 515 767 545 debuit,
780 513 867 548 quod·

69 562 123 590 que
135 562 148 580 a
160 562 203 580 me
214 554 308 588 optimi
320 558 346 579 et
358 553 496 579 fortissimi
509 553 583 578 cives
598 551 764 587 flagitabant,
783 551 809 577 vi
825 560 866 577 ar-

70 592 178 626 misque
189 599 373 625 superassem:
391 599 443 616 non
458 590 582 620 verebar,
601 597 632 615 ne
642 589 705 624 quis
717 593 762 614 aut
773 589 827 614 vim
839 588 865 614 vi

69 628 212 664 depulsam
224 627 442 663 reprehenderet,
458 631 504 653 aut
514 626 679 662 perditorum
690 626 805 656 civium,
823 625 864 651 vel

70 667 159 701 potius
171 665 378 692 domesticorum
391 665 516 695 bostium,
530 668 641 690 mortem
653 667 790 689 maereret.
813 662 865 688 Sed

70 712 113 730 me
129 703 174 730 illa
190 707 345 729 moverunt:
367 702 494 728 omnibus
509 702 537 728 in
553 701 728 727 concionibus
739 700 784 726 illa
797 699 865 726 furia

69 740 210 771 clamabat,
223 748 261 771 se,
273 748 343 775 quae
355 739 451 765 faceret
461 743 549 765 contra
561 738 676 764 salutem
688 746 784 768 meam,
798 737 866 763 face—

70 786 98 804 re
113 782 218 804 auctore
229 777 277 804 Cn.
291 777 430 811 Pompeio,
448 776 598 802 clarissimo
614 776 684 806 viro,
703 775 825 810 mihique
841 779 866 800 et

70 823 150 846 nunc,
164 819 190 841 et
200 814 288 849 quoad
300 814 383 845 licuit,
397 814 573 840 amicissimo.
614 813 649 839 M.
663 813 785 843 Crassus,
798 820 866 847 quo-

69 861 132 879 cum
147 852 214 878 mihi
229 855 304 878 erant
317 859 410 878 omnes
425 851 557 877 amicitiae
575 849 802 881 necessitudines,
825 850 866 875 vir

70 889 243 920 fortissimus,
266 888 299 915 ab
319 888 411 915 eadem
432 887 478 914 illa
497 892 572 923 peste
592 887 788 914 infestissimus
807 895 866 913 esse

70 927 137 953 meis
149 926 263 953 fortunis
274 926 486 961 praedicabatur.
508 925 651 956 C.Caesar,
664 926 712 960 qui
726 933 739 950 a
751 933 794 951 me
805 924 867 950 nul-

71 964 96 991 lo
105 972 164 990 meo
175 964 269 990 merito
280 963 385 990 alienus
396 971 454 989 esse
465 962 588 994 debebat,
604 963 812 989 inimicissimus
824 970 867 988 es-

69 1010 98 1028 se
109 1009 183 1027 meae
194 1001 274 1027 saluti
285 1001 318 1027 ab
329 1000 422 1027 eodem
433 1000 598 1036 quotidianis
608 1000 783 1026 concionibus
794 999 868 1026 dice-

70 1038 157 1065 batur.
181 1039 221 1065 40.
230 1039 276 1064 His
287 1047 316 1065 se
327 1038 414 1065 tribus
425 1038 579 1064 auctoribus
590 1038 617 1064 in
629 1037 748 1064 consiliis
759 1037 867 1072 capien-

69 1076 126 1107 dis,
148 1075 316 1102 adiutoribus
331 1077 359 1102 in
374 1084 402 1102 re
415 1075 531 1111 gerenda
546 1084 605 1102 esse
621 1084 735 1102 usurum
750 1075 865 1101 dicebat.

70 1113 111 1140 Ex
130 1113 232 1148 quibus
251 1122 338 1140 unum
358 1113 455 1139 babere
475 1113 622 1139 exercitum
643 1113 671 1139 in
687 1112 760 1139 Italia
781 1112 868 1138 maxi-

71 1159 159 1178 mum:
173 1150 236 1181 duo,
248 1151 297 1186 qui
308 1151 404 1186 privati
416 1155 474 1176 tum
485 1154 588 1182 essent,
602 1155 627 1176 et
638 1158 770 1185 praeesse,
784 1154 809 1175 et
820 1158 868 1184 pa-

70 1196 136 1219 rare,
150 1188 173 1214 si
185 1187 296 1220 vellent,
313 1188 459 1214 exercitum
471 1196 563 1222 posse.
586 1187 669 1222 idque
681 1187 797 1214 facturos
809 1195 867 1213 esse

70 1225 184 1252 dicebat.
206 1226 260 1252 Nec
271 1225 338 1252 mihi
349 1225 395 1252 ille
406 1225 536 1251 iudicium
549 1225 650 1260 populi,
661 1233 708 1251 nec
720 1225 867 1261 legitimam

71 1262 188 1298 aliquam
200 1263 409 1294 contentionem,
427 1271 475 1288 nec
486 1262 719 1297 disceptationem,
734 1266 779 1288 aut
790 1271 869 1288 caus-

71 1308 116 1326 sae
127 1300 280 1330 dictionem,
293 1299 341 1326 sed
352 1300 417 1330 vim,
431 1308 512 1330 arma,
527 1301 669 1330 exercitus,
682 1300 866 1334 imperatores,

71 1342 156 1364 castra
168 1337 351 1363 denuntiabat.
377 1337 472 1363 XVIII.
483 1336 555 1369 Quid
570 1337 650 1373 ergo‘?
661 1337 763 1363 inimici
774 1337 866 1368 oratio,

72 1383 139 1401 vana
161 1375 330 1409 praesertim,
353 1379 406 1400 tam
427 1375 549 1409 improbe
570 1374 596 1400 in
616 1374 780 1401 clarissimos
797 1375 868 1400 viros

71 1412 198 1442 coniecta,
211 1420 254 1438 me
265 1411 367 1438 movit?
387 1412 428 1438 Me
440 1420 502 1438 vero
513 1421 564 1438 non
576 1411 651 1438 illius
661 1412 752 1442 oratio,
766 1411 813 1438 sed
825 1420 870 1438 eo-

73 1458 132 1476 rum
145 1449 323 1480 taciturnitas,
341 1450 368 1476 in
379 1457 447 1484 quos
458 1449 505 1475 illa
515 1449 599 1476 oratio
610 1454 662 1476 tam
675 1449 795 1484 improba
805 1457 870 1475 con-

73 1486 219 1513 ferebatur:
241 1487 288 1522 qui
300 1491 370 1517 tum,
383 1495 548 1522 quamquam
559 1487 594 1513 ob
605 1487 683 1513 aliam
695 1495 818 1513 caussam
830 1490 870 1513 ta-

72 1524 180 1556 cebant,
203 1528 291 1550 tamen
307 1524 463 1550 hominibus
478 1525 568 1550 omnia
586 1525 744 1550 timentibus
759 1524 869 1550 tacendo

74 1561 161 1596 loqui,
175 1570 227 1588 non
239 1562 378 1588 infitiando
388 1561 507 1588 confiteri
519 1562 687 1588 videbantur.
727 1561 767 1588 11Ιί
779 1566 868 1588 autem

71 1599 163 1634 aliquo
183 1603 240 1625 tum
262 1599 355 1626 timore
375 1599 519 1634 perterriti,
545 1599 618 1634 quod
643 1603 698 1625 acta
724 1599 769 1625 illa
790 1604 870 1634 atque

72 1645 166 1663 omnes
185 1645 227 1662 res
248 1637 310 1662 anni
330 1636 478 1671 superioris
494 1636 646 1663 labefactari
661 1645 674 1663 a
690 1636 867 1671 praetoribus,

71 1673 201 1700 infirmari
220 1682 235 1700 a
254 1678 349 1700 senatu
369 1678 449 1708 atque
470 1674 638 1708 principibus
659 1674 776 1700 civitatis
792 1678 870 1709 puta—

73 1711 144 1742 bant,
153 1711 292 1738 tribunum
304 1711 461 1746 popularem
473 1719 486 1737 a
498 1719 527 1737 se
537 1711 652 1738 alienare
664 1711 798 1742 nolebant,
807 1719 870 1737 sua-

73 1756 126 1783 que
137 1749 190 1775 sibi
202 1748 324 1784 propiora
337 1748 454 1783 pericula
466 1756 534 1780 esse,
548 1757 629 1784 quam
642 1757 708 1779 mea,
723 1749 871 1784 loqueban-

73 1790 126 1813 tur.
167 1786 208 1812 kt.
231 1785 283 1813 Sed
299 1790 386 1812 tamen
401 1790 427 1812 et
441 1785 554 1812 Crassus
569 1795 583 1812 a
603 1786 761 1813 consulibus
782 1794 869 1812 meam

72 1831 196 1850 caussam
212 1823 413 1858 suscipiendam
429 1832 487 1850 esse
503 1823 621 1855 dicebat,
644 1828 670 1850 et
684 1832 776 1850 eorum
789 1823 869 1850 fidem

73 1860 217 1896 Pompeius
240 1860 412 1896 implorabat;
439 1869 526 1896 neque
549 1869 578 1887 se
602 1862 736 1896 privatum
761 1861 869 1896 publice

73 1902 213 1932 susceptae
227 1906 338 1924 caussae
353 1897 510 1924 defuturum
525 1907 584 1924 esse
595 1898 712 1925 dicebat:
735 1907 817 1933 quem
829 1899 871 1925 vi-

73 1943 133 1961 rum
149 1935 300 1962 studiosum
316 1936 382 1966 mei,
403 1935 613 1970 cupidissimum
628 1935 791 1970 reipublicae
806 1945 870 1962 con-

73 1971 233 2004 servandae,
255 1972 328 1998 domi
348 1981 422 1999 meae
442 1973 507 1999 certi
528 1973 664 2004 homines,
686 1973 719 1999 ad
739 1981 797 1999 eam
814 1982 868 1999 rem

72 2009 222 2044 compositi,
236 2014 405 2040 monuerunt,
419 2014 448 2036 ut
459 2014 529 2036 esset
539 2010 653 2036 cautior:
675 2011 789 2045 eiusque
801 2011 870 2037 vitae

73 2055 88 2073 a
99 2055 141 2072 me
154 2046 264 2072 insidias
276 2046 348 2081 apud
360 2055 402 2073 me
413 2046 484 2074 domi
498 2048 598 2081 positas
611 2055 669 2074 esse
680 2047 814 2079 dixerunt,
831 2053 867 2074 at-

72 2092 126 2119 que
147 2084 214 2110 banc
234 2084 258 2110 ei
278 2084 460 2118 suspicionem
476 2084 521 2110 alii
538 2084 633 2110 litteris
653 2085 802 2116 mittendis,
824 2085 870 2111 alii

74 2121 190 2152 nuntiis,
208 2120 252 2147 alii
264 2129 352 2147 coram
364 2121 416 2156 ipsi
427 2122 624 2153 excitaverunt,
642 2126 671 2148 ut
683 2122 742 2153 ille,
758 2130 845 2157 quum
857 2131 870 2148 a

74 2166 116 2186 me
127 2163 197 2185 certe
209 2158 276 2184 nihil
289 2158 406 2189 timeret,
424 2159 457 2184 ab
472 2158 541 2190 inis,
560 2167 592 2185 ne
608 2159 674 2194 quid
691 2168 750 2185 meo
764 2160 871 2186 nomine

75 2195 241 2226 molirentur,
254 2195 307 2222 sibi
318 2195 468 2222 cavendum
481 2200 594 2230 putaret.
636 2197 694 2231 Ipse
705 2201 794 2223 autem
807 2197 872 2223 Cae-

74 2241 131 2264 sar,
147 2241 229 2268 quem
246 2233 362 2260 maxime
374 2233 495 2259 homines
506 2233 592 2269 ignari
604 2234 722 2260 veritatis
734 2234 800 2260 mibi
812 2242 871 2260 esse

74 2270 172 2297 iratum
194 2271 335 2305 putabant,
357 2275 413 2296 erat
427 2270 460 2296 ad
476 2275 577 2305 portas,
599 2275 655 2297 erat
669 2280 731 2297 cum
744 2272 869 2306 imperio:

75 2312 130 2334 erat
144 2308 171 2334 in
187 2307 260 2334 ltalia
276 2308 335 2334 eius
351 2308 498 2339 exercitus,
520 2308 603 2343 inque
613 2316 644 2335 eo
654 2309 772 2335 exercitu
784 2309 872 2343 ipsius

76 2345 175 2372 tribuni
188 2345 284 2380 plebis,
299 2345 400 2372 inimici
412 2345 473 2375 mei,
488 2344 594 2372 fratrem
607 2345 776 2380 praefecerat.

130 2382 204 2409 XIX.
223 2383 263 2409 42.
286 2383 354 2409 Haec
375 2391 425 2418 ego
439 2391 524 2417 quum
542 2382 669 2413 viderem,
686 2382 784 2418 (neque
799 2384 871 2409 enim

76 2424 149 2446 erant
168 2419 298 2455 occulta,)
314 2424 452 2450 senatum,
474 2420 531 2446 sine
551 2428 606 2454 quo
625 2420 720 2446 civitas
734 2425 804 2446 stare
821 2429 872 2446 non

77 2461 179 2491 posset,
196 2457 305 2484 omnino
319 2457 353 2484 de
367 2457 474 2483 civitate
489 2465 548 2483 esse
562 2456 714 2483 sublatum:
736 2457 870 2488 eonsules,

76 2494 123 2528 qui
139 2494 241 2528 publici
256 2494 361 2521 consilii
378 2494 460 2521 duces
476 2503 534 2520 esse
553 2494 694 2524 deberent,
719 2494 870 2529 perfecisse,

77 2534 112 2557 ub
122 2539 168 2565 per
183 2531 256 2566 ipsos
271 2531 412 2566 publicum
427 2531 570 2558 consilium
587 2531 708 2557 funditus
721 2531 870 2557 tolleretur:

77 2575 130 2598 eoa.
143 2569 191 2604 qui
203 2568 350 2604 plurimum
362 2573 478 2604 possent,
491 2569 589 2603 opponi
601 2568 727 2594 omnibus
739 2569 874 2595 concioni-

79 2603 141 2636 bus,
155 2605 234 2637 falso,
249 2606 296 2632 sed
308 2606 478 2633 formidolose
489 2611 591 2637 tamen,
607 2610 727 2632 auctores
739 2606 771 2631 ad
784 2606 874 2640 perni—

77 2641 145 2668 ciem
157 2651 256 2669 meam:
271 2645 410 2671 conciones
423 2644 513 2670 baberi
524 2643 644 2678 quotidie
654 2647 744 2669 contra
757 2651 812 2669 me:
827 2651 873 2669 vo-

77 2686 134 2705 cem
147 2687 194 2714 pro
203 2688 245 2707 me
255 2688 286 2707 ac
296 2690 343 2717 pro
354 2681 491 2717 republica
503 2681 636 2707 neminem
652 2681 769 2707 mittere:
787 2681 873 2707 inten-

1662 143 1711 169 505

917 220 941 241 ta
957 215 1033 251 signa
1050 214 1187 251 legionum
1202 214 1350 241 existimari
1365 213 1517 240 cervicibus
1534 222 1563 239 ac
1577 212 1654 240 bonis
1666 221 1713 240 ve-

916 253 993 283 stris,
1016 252 1097 283 falso,
1118 252 1165 278 sed
1180 252 1268 286 putari
1284 256 1386 278 tamen:
1407 251 1605 277 coniuratorum
1621 251 1712 285 copias

917 295 1029 321 veteres,
1042 295 1068 316 et
1080 289 1167 316 fusam
1178 289 1252 316 illam
1263 298 1292 315 ac
1303 293 1454 323 superatam
1462 288 1590 315 Catilinae
1601 296 1711 314 manum

916 328 1096 362 importunam
1111 335 1180 354 novo
1193 326 1261 353 duee
1275 331 1300 352 et
1311 326 1442 361 insperata
1453 326 1659 352 commutatione
1671 333 1713 351 re-

917 374 977 391 rum
989 373 1047 391 esse
1058 369 1226 391 renovatam:
1239 379 1276 383 —-
1289 365 1329 390 43.
1338 364 1402 389 haec
1412 372 1498 398 quum
1509 362 1713 398 viderem‚quid

917 411 1037 437 agerem,
1054 401 1177 428 iudices?
1197 402 1252 428 scio
1267 402 1352 432 enim,
1369 405 1425 427 tum
1442 409 1494 426 non
1510 400 1577 426 mibi
1593 405 1713 426 vestrum

917 439 1048 470 studium,
1061 439 1108 465 sed
1120 447 1209 465 meum
1222 447 1302 473 prope
1314 443 1401 464 vestro
1413 437 1542 464 defuisse.
1565 437 1714 464 Contende-

918 485 973 502 rem
986 481 1075 502 contra
1087 476 1225 502 tribunum
1238 476 1326 510 plebis
1339 476 1458 510 privatus
1470 474 1570 501 armis?
1581 475 1714 501 Vicissent

917 514 1053 548 improbos
1065 514 1137 544 boni,
1152 513 1232 539 fortes
1243 514 1356 539 inertes:
1370 512 1525 539 interfectus
1537 517 1607 538 esset
1619 513 1651 543 is,
1665 512 1713 547 qui

918 551 966 577 hac
982 560 1033 577 una
1051 551 1180 577 medicina
1196 550 1250 577 sola
1268 550 1354 585 potuit
1368 559 1382 576 a
1398 550 1561 584 reipublicae
1577 554 1651 585 peste
1667 549 1714 576 de-

918 588 992 622 pelli.
1013 588 1084 620 Quid
1095 587 1211 614 deinde‘!
1220 588 1283 622 quis
1296 587 1397 622 reliqua
1410 587 1572 622 praestaret?
1582 588 1625 613 cui
1637 587 1714 613 deni-

917 634 970 661 que
981 630 1036 651 erat
1047 625 1174 655 dubium,
1191 625 1258 659 quin
1271 625 1316 650 ille
1327 625 1438 660 sanguis
1450 625 1624 655 tribunicius,
1639 623 1714 650 nullo

918 663 1073 698 praesertim
1085 662 1193 697 publico
1204 662 1316 688 consilio
1328 662 1464 696 profusus,
1477 661 1602 688 consules
1615 662 1713 688 ultores

917 705 943 726 et
957 699 1110 726 defensores
1125 704 1197 725 esset
1212 699 1372 725 habiturus?
1390 708 1476 734 quum
1489 699 1599 734 quidem
1612 700 1638 725 in
1651 707 1715 725 con-

917 738 992 764 cione
1003 737 1129 767 dixisset,
1147 741 1193 762 aut
1209 737 1275 762 mibi
1286 737 1370 762 semel
1382 736 1549 771 pereundum
1562 742 1606 762 aut
1618 737 1660 762 bis
1672 745 1715 762 es-

917 783 946 801 se
958 774 1131 801 vincendum.
1158 773 1229 806 Quid
1241 778 1295 800 erat
1306 774 1348 800 bis
1361 773 1484 800 vincere?
1495 774 1523 800 Id
1535 774 1660 808 profecto,
1674 778 1712 804 ut,

917 821 979 838 cum
995 811 1180 838 amentissimo
1195 811 1302 837 tribuno
1318 810 1405 846 plebis
1419 820 1504 846 quum
1525 811 1712 841 decertassem,

916 858 978 876 cum
989 848 1157 879 consulibus,
1171 849 1321 883 ceterisque
1332 849 1390 874 eius
1402 848 1535 875 ultoribus
1547 848 1713 874 dimicarem.

918 888 959 914 44.
976 887 1032 922 Ego
1044 895 1119 917 vero,
1137 886 1160 912 si
1173 886 1239 912 mibi
1252 887 1298 912 uni
1311 886 1477 921 pereundum
1490 894 1541 912 non
1559 885 1668 916 fuisset,
1686 894 1715 911 ac

918 933 969 951 non
982 923 1136 959 accipienda
1148 923 1225 959 plaga
1237 923 1404 954 insanabilis,
1419 923 1463 949 illa
1476 923 1620 953 mortifera,
1633 931 1715 957 quam

918 961 1082 997 reipublicae
1092 961 1282 995 imposuisset:
1298 961 1380 987 semel
1392 961 1478 996 perire
1491 966 1587 991 tamen,
1601 960 1713 990 iudices,

918 999 1090 1029 maluissem,
1108 1007 1190 1033 quam
1206 998 1248 1024 bis
1263 999 1380 1024 vincere.
1420 998 1482 1024 Erat
1495 999 1567 1024 enim
1579 998 1623 1024 illa
1636 997 1716 1023 altera

919 1036 1051 1063 eiusmodi
1062 1037 1203 1066 contentio,
1213 1041 1242 1062 ut
1254 1044 1340 1071 neque
1351 1036 1413 1062 victi
1426 1044 1512 1070 neque
1523 1036 1635 1061 victores
1647 1043 1717 1061 rem·

919 1074 1056 1109 publicam
1068 1078 1157 1100 tenere
1171 1082 1323 1108 possemus.
1339 1072 1428 1105 Quid‘?
1438 1073 1460 1099 si
1473 1074 1499 1099 in
1511 1074 1595 1108 prima
1607 1077 1717 1099 conten-

919 1113 1003 1142 tione,
1021 1112 1048 1137 vi
1059 1111 1203 1137 tribunicia
1215 1111 1317 1142 victus,
1335 1111 1362 1137 in
1375 1110 1442 1141 foro,
1460 1119 1522 1137 cum
1535 1110 1628 1136 multis
1640 1110 1718 1136 bonis

919 1150 985 1176 viris
995 1148 1192 1175 concidissem‘?
1203 1153 1325 1174 senatum
1332 1147 1465 1179 consules,
1474 1147 1715 1179 cred0,vocassent,

919 1195 1000 1222 quem
1016 1190 1100 1213 totum
1115 1186 1148 1212 de
1162 1186 1269 1212 civitate
1285 1185 1417 1212 delerant:
1440 1185 1473 1212 ad
1495 1194 1566 1211 arma
1583 1190 1715 1215 vocarent,

919 1225 966 1260 qui
983 1232 1016 1250 ne
1031 1224 1130 1250 vestitu
1145 1223 1257 1258 quidem
1273 1223 1380 1249 defendi
1396 1223 1590 1258 rempublicam
1602 1223 1715 1248 sissent:

920 1271 933 1288 a
955 1262 1063 1288 tribuno
1083 1261 1171 1296 plebis
1193 1265 1253 1296 post
1268 1261 1405 1287 interitum
1422 1269 1512 1286 meum
1528 1260 1715 1290 dissedissent,

919 1300 967 1334 qui
983 1298 1104 1325 eamdem
1121 1298 1213 1324 horam
1229 1307 1303 1324 meae
1319 1298 1403 1332 pestis
1419 1302 1444 1324 et
1459 1306 1569 1324 suorum
1587 1298 1719 1332 praemio-

920 1345 979 1363 rum
992 1345 1050 1362 esse
1062 1335 1220 1362 voluissent.
1242 1336 1304 1361 XX.
1319 1337 1360 1362 45.
1372 1336 1460 1362 Unum
1472 1336 1542 1361 enim
1556 1336 1622 1361 mibi
1635 1339 1718 1360 resta-

921 1374 965 1400 bat
980 1373 1061 1404 illud,
1083 1373 1156 1407 quod
1173 1372 1283 1399 forsitan
1299 1381 1351 1399 non
1367 1381 1446 1399 nemo
1462 1374 1502 1398 vir
1518 1372 1592 1398 fortis
1609 1377 1634 1398 et
1650 1372 1718 1398 acris

920 1411 1003 1437 animi
1037 1410 1183 1446 magnique
1210 1410 1322 1437 dixerit:
1357 1413 1506 1439 restitisses,
1540 1418 1716 1443 repuynussw,

920 1453 1026 1475 mortem
1037 1457 1158 1481 puqnuns
1175 1450 1320 1481 oppetisses.
1360 1448 1397 1473 De
1411 1456 1466 1482 quo
1483 1452 1520 1477 te,
1539 1452 1576 1477 te,
1596 1447 1716 1481 inquam,

921 1486 1013 1521 patria,
1027 1490 1116 1515 testor,
1130 1489 1156 1511 et
1168 1494 1224 1515 vos,
1238 1489 1347 1520 penates
1359 1485 1491 1519 patriique
1502 1484 1549 1514 dii,
1564 1493 1605 1510 mc
1617 1489 1719 1510 vestra-

920 1532 980 1550 rum
992 1523 1087 1549 sedum
1101 1522 1316 1557 templorumque
1327 1531 1430 1552 caussa,
1439 1530 1480 1548 me
1488 1527 1594 1556 propter
1605 1521 1718 1547 salutem

921 1569 1040 1587 meorum
1051 1560 1162 1590 civium,
1176 1568 1245 1595 quae
1257 1560 1323 1586 mibi
1335 1568 1441 1594 semper
1453 1559 1501 1585 fuit
1514 1568 1571 1585 mea
1583 1559 1667 1585 carior
1679 1559 1719 1584 vi-

921 1603 954 1629 ta,
967 1598 1167 1624 dimicationem
1179 1597 1344 1632 caedemque
1357 1597 1468 1632 fugisse.
1503 1597 1618 1626 Etenim,
1633 1597 1654 1622 si
1668 1597 1719 1622 mi-

922 1636 958 1667 bi,
971 1636 997 1662 in
1010 1635 1098 1670 aliqua
1111 1643 1178 1661 nave
1188 1643 1250 1661 cum
1263 1636 1330 1661 meis
1342 1635 1435 1660 amicis
1448 1634 1592 1669 naviganti,
1606 1634 1663 1664 boc,
1677 1634 1720 1659 iu-

920 1673 1007 1703 dices,
1024 1672 1178 1703 accidisset,
1197 1677 1225 1698 ut
1242 1672 1318 1698 multi
1335 1680 1367 1698 ex
1384 1672 1476 1698 multis
1494 1671 1558 1697 lovis
1573 1671 1719 1706 praedones

920 1710 1053 1737 classibus
1065 1718 1122 1736 eam
1136 1718 1229 1735 navem
1242 1718 1271 1735 se
1281 1718 1458 1744 oppressuros
1470 1709 1664 1738 minitarentur,
1678 1709 1720 1735 ni-

921 1748 944 1774 si
956 1756 999 1774 me
1010 1756 1095 1773 unum
1107 1747 1158 1773 sibi
1171 1747 1353 1773 dedidissent:
1371 1747 1393 1772 si
1410 1747 1436 1772 id
1452 1751 1570 1772 vectores
1583 1750 1718 1781 negarent,

921 1794 950 1812 ac
962 1793 1067 1811 mecum
1084 1784 1165 1811 simul
1182 1785 1303 1815 interire,
1321 1792 1402 1819 quam
1420 1792 1461 1810 me
1478 1783 1579 1809 tradere
1596 1783 1720 1809 hostibus

922 1822 1045 1849 mallent:
1059 1822 1182 1848 iecissem
1196 1822 1254 1857 ipse
1266 1830 1308 1848 me
1320 1822 1408 1856 potius
1422 1821 1446 1847 in
1461 1821 1633 1855 profundum,
1644 1826 1721 1847 utce-

922 1865 991 1886 teros
1006 1868 1205 1891 conservarem,
1222 1868 1304 1894 quam
1321 1859 1381 1885 illos
1398 1859 1450 1885 mci
1463 1864 1514 1885 tam
1527 1859 1649 1893 cupidos.
1669 1867 1719 1884 uon

921 1897 1000 1924 modo
1011 1897 1043 1923 ad
1055 1901 1154 1923 certam
1168 1902 1290 1927 mortem,
1304 1896 1351 1922 sed
1364 1897 1390 1922 in
1403 1905 1531 1931 magnum
1545 1897 1613 1922 vitae
1625 1896 1721 1922 discri-

922 1944 982 1961 men
994 1934 1166 1961 adducerem.
1208 1935 1249 1961 46.
1261 1934 1351 1966 Quum
1366 1934 1464 1960 veroin
1479 1934 1545 1959 lianc
1557 1933 1720 1968 reipublicae

922 1981 1027 2003 navem,
1036 1973 1134 2007 ereptis
1145 1972 1249 1998 senatui
1261 1971 1462 2007 gubernaculis,
1472 1970 1618 1997 fluitantem
1630 1971 1656 1996 in
1669 1970 1721 1996 alto

922 2010 1127 2044 tempestatibus
1147 2009 1310 2036 seditionum
1333 2018 1362 2035 ac
1376 2009 1581 2038 discordiarum,
1605 2013 1720 2034 armatae

922 2052 958 2073 tot
973 2047 1087 2078 classes,
1106 2047 1157 2073 nisi
1174 2055 1223 2083 ego
1239 2055 1309 2072 unus
1321 2046 1429 2072 deditus
1444 2055 1545 2076 essem,
1564 2047 1720 2072 incursurae

923 2084 1090 2111 viderentur:
1104 2093 1189 2119 quum
1203 2084 1368 2119 proscriptio,
1381 2083 1607 2117 caedes,direptio
1617 2083 1721 2109 demm-

923 2123 1064 2148 tiarentur:
1087 2130 1172 2156 quum
1189 2122 1234 2148 alii
1252 2130 1294 2147 me
1309 2121 1464 2155 suspicione
1481 2120 1592 2155 periculi
1609 2121 1651 2146 sui
1669 2129 1720 2146 non

922 2159 1109 2190 defenderent,
1132 2159 1176 2185 alii
1200 2163 1288 2184 vetere
1308 2158 1370 2184 odio
1390 2158 1519 2184 bonorum
1537 2158 1718 2187 incitarentur,

922 2196 967 2222 alii
980 2196 1143 2227 inviderent,
1162 2195 1206 2222 alii
1218 2196 1324 2222 obstare
1335 2196 1442 2221 sibime
1454 2195 1658 2224 arbitrarentur,
1675 2195 1720 2220 alii

923 2233 1017 2259 ulcisci
1029 2233 1147 2259 dolorem
1159 2242 1240 2259 suum
1253 2233 1371 2267 aliquem
1385 2232 1492 2261 vellent,
1507 2232 1552 2258 alii
1566 2241 1619 2258 rem
1633 2233 1720 2266 ipsam

924 2270 1059 2305 publicam
1072 2275 1151 2305 atque
1163 2270 1234 2296 bunc
1246 2270 1376 2295 bonorum
1387 2274 1486 2295 statum
1498 2270 1636 2303 otiumque
1648 2269 1721 2294 odis-

923 2312 994 2337 sent,
1012 2312 1038 2333 et
1051 2307 1085 2333 ob
1103 2307 1180 2333 basce
1196 2315 1306 2333 caussas
1319 2311 1353 2332 tot
1366 2311 1473 2341 tamque
1486 2307 1570 2331 varias
1582 2315 1623 2331 me
1636 2314 1720 2332 uuutu

923 2345 1110 2379 deposcerent:
1124 2344 1306 2378 depugnarem
1320 2344 1407 2378 potius
1418 2352 1479 2369 cum
1492 2352 1607 2371 summo,
1617 2352 1667 2368 nou
1679 2343 1721 2369 di-

923 2390 980 2407 cam
993 2382 1083 2411 exitio,
1092 2381 1138 2407 sed
1152 2381 1272 2415 periculo
1282 2386 1351 2406 certe
1364 2386 1451 2406 vestro
1464 2380 1662 2414 liberorumque
1675 2389 1722 2406 vc-

923 2424 1053 2448 strorum,
1076 2427 1156 2453 quam
1175 2427 1226 2444 nou
1243 2418 1283 2447 id,
1307 2418 1379 2452 quod
1395 2418 1521 2443 ouinibus
1539 2418 1718 2452 impendebat,

925 2465 994 2482 unus
1007 2464 1054 2490 pro
1064 2456 1190 2481 omuibus
1202 2456 1366 2489 susciperem
1379 2464 1408 2480 ac
1419 2454 1558 2480 subirem?

980 2493 1052 2519 XXI.
1067 2494 1107 2519 Π.
1125 2493 1191 2519 Victi
1204 2497 1293 2518 esseut
1306 2492 1429 2526 improbi.
1465 2493 1496 2518 At
1508 2493 1595 2521 cives,
1609 2496 1633 2517 at
1645 2492 1678 2517 ab
1690 2500 1720 2518 co

925 2531 1036 2565 [trivam.
1059 2531 1106 2565 qui
1127 2530 1185 2556 sino
1206 2530 1288 2555 armis
1309 2531 1387 2555 etiam
1409 2529 1501 2555 consul
1525 2529 1718 2563 rempublicam

924 2572 1102 2593 conservarat.
1142 2568 1188 2593 Sin
1202 2567 1263 2593 vieti
1276 2571 1364 2592 essent
1377 2567 1453 2592 boui:
1471 2567 1517 2600 qui
1529 2566 1720 2601 superessent?

925 2614 975 2631 non
994 2604 1026 2630 ad
1042 2614 1133 2631 servos
1151 2605 1248 2630 videtis
1260 2604 1454 2638 rempublicam
1467 2609 1604 2630 venun-nm
1619 2603 1719 2630 fuissc‘?

927 2643 964 2668 An
977 2642 1042 2667 mibi
1055 2642 1120 2676 ipsi.
1137 2647 1163 2667 ut
1175 2642 1284 2676 quidam
1298 2645 1404 2676 putant.
1423 2641 1472 2667 fuit
1484 2650 1554 2667 mors
1565 2650 1650 2676 aequo
1661 2641 1719 2667 ani·

901 2692 903 2706 ι
926 2687 969 2705 mo
980 2679 1147 2714 oppon-ndu?
1167 2678 1256 2711 Qui-t?
1276 2684 1332 2705 tum
1350 2684 1495 2705 mortemue
1511 2678 1667 2715 fugiebam?
1685 2687 1717 2704 an

1480 2727 1511 2751 ot
