1941 3052
295 109 471 137 EPISTOL.
493 110 541 136 AD
561 109 713 137 DIVERS.
745 109 815 135 LIB.
838 108 901 135 XV.
923 109 978 135 ΕΡ.
1003 110 1032 135 47
1052 124 1089 128 -
1108 110 1150 135 24.
1173 109 1244 135 LIB.
1266 108 1336 135 XVI.
1358 108 1414 135 EP.
1440 111 1461 134 l.

102 182 156 203 XX.
173 180 249 201 ARG.
266 179 381 201 Trebonio
393 179 496 200 oratoris
512 179 547 200 ειιὶ
560 179 683 206 exemplum
699 178 783 203 mittin
798 184 845 199 cre-

50 217 135 238 tsi-iores
144 216 233 237 litteras
243 215 351 243 postulat.
380 216 479 239 (Antonio,
488 216 588 234 Dulabella
599 223 646 234 coss.
657 217 711 237 710.)

180 257 217 283 M.
239 257 269 283 T.
291 256 321 283 C.
343 255 370 282 S.
392 256 422 282 P.
444 256 474 282 D.
496 254 707 282 TREBONIO.

107 296 130 321 l.
143 289 288 321 Oratorem
299 302 389 319 meum
400 293 449 328 (sic
460 294 533 319 enim
546 292 682 327 inscripsi)
692 292 791 318 Sabino
802 296 847 318 tuo

50 332 249 360 commendavi.
289 331 367 357 Natio
378 339 420 357 me
432 331 551 357 hominis
562 330 686 365 impulit,
702 334 731 356 ut
741 330 766 355 ei
777 333 847 355 recte

50 375 186 406 putarem:
200 369 253 396 nisi
265 368 553 399 forte,candidatorum
565 367 671 394 licentia
684 367 728 393 hic
739 374 847 401 quoque

50 416 131 438 usus,
153 407 203 433 boc
218 406 308 432 subito
324 414 472 441 cognomen
489 406 616 440 arripuit:
638 405 687 431 etsi
709 404 847 430 modestus

51 445 110 471 eius
133 444 225 471 vultus
249 452 391 478 sermoque
411 447 536 469 constans
559 442 658 468 habere
681 441 813 476 quiddam
833 449 847 466 a

51 481 168 509 Curibus
178 481 332 508 videbatur.
372 480 424 506 Sed
436 480 469 506 de
479 480 578 506 Sabino
589 481 664 506 satis.
704 480 730 505 2.
747 479 796 509 Tu,
810 478 847 503 mi

51 519 180 550 Treboni,
197 518 306 554 quando
322 517 355 544 ad
370 526 488 544 amorem
500 526 591 544 meum
603 516 772 551 aliquantum
782 515 847 542 olim

51 556 196 583 discedens
207 556 351 587 addidisti3
365 564 419 590 quo
431 554 598 581 tolerabilius
610 553 728 580 feramus
740 553 848 588 ignicu-

52 593 109 622 lum
121 593 250 620 desiderii
262 593 311 624 tui,
324 592 426 619 crebris
438 601 486 619 nos
497 592 592 618 litteris
604 591 750 626 appellato:
768 594 847 624 atque

51 632 102 663 ita,
120 632 143 658 si
160 631 232 657 idem
249 630 294 656 fiet
308 638 323 656 a
338 630 425 656 nobis.
467 629 637 664 Quamquam
653 628 722 654 duae
737 635 848 653 caussae

52 673 130 700 sunt,
152 677 201 695 cur
215 673 244 695 tu
259 667 425 702 frequentior
440 667 467 693 in
482 668 532 693 isto
553 666 641 693 officio
656 674 715 692 esse
737 665 846 695 debeas,

52 715 135 741 quam
149 714 210 738 nos3
228 706 361 740 primum,
377 704 450 739 quod
461 704 527 731 olim
538 703 672 734 solebant,
690 703 738 738 qui
750 703 849 728 Romae

53 748 141 774 erant,
159 743 192 770 ad
207 741 386 777 provinciales
402 742 503 768 amicos
519 741 551 767 de
563 740 702 776 republica
713 739 846 766 scribere:

53 789 126 807 nunc
136 785 165 807 tu
176 780 255 806 nobis
266 779 369 805 scribas
380 784 492 814 oportet.
518 779 570 804 Res
581 779 655 804 enim
666 777 776 813 publica
789 777 850 803 istic

54 822 107 844 est:
125 817 236 848 deinde,
253 816 326 852 quod
340 825 388 843 nos
404 816 465 842 aliis
480 815 577 842 officiis
592 815 642 842 tibi
653 815 758 841 absenti
770 815 851 841 satis-

53 855 140 882 facere
154 863 313 890 possumus,
339 858 368 880 tu
383 853 475 885 nobis,
493 854 547 880 nisi
563 853 672 884 litteris,
690 861 743 879 non
758 851 847 882 video,

53 901 107 928 qua
122 901 150 919 re
165 891 217 918 alia
231 890 384 918 satisfacere
399 891 498 926 possis.
539 892 564 917 3.
586 890 638 917 Sed
649 895 736 917 cetera
747 889 850 916 scribes

53 930 87 956 ad
99 938 147 956 nos
158 934 260 964 postea.
300 929 379 955 Nunc
394 928 459 955 haec
474 929 562 963 primo
577 928 658 963 cupio
673 935 848 963 cognoscere:

54 968 104 994 iter
119 972 196 994 tuum
211 966 365 993 cuiusmodi
381 966 428 992 sit:
452 966 500 992 ubi
510 966 622 992 Brutum
637 969 759 992 nostrum
773 964 852 991 vide-

54 1005 105 1031 ris:
117 1004 248 1040 quamdiu
260 1003 342 1030 simul
353 1003 451 1030 fueris:
464 1003 576 1034 deinde,
590 1011 676 1038 quum
687 1002 851 1037 processeris

54 1041 175 1078 longius,
194 1041 227 1068 de
238 1041 344 1068 bellicis
356 1041 450 1072 rebus,
468 1040 501 1067 de
512 1045 565 1067 toto
576 1041 695 1076 negoti03
717 1045 747 1067 ut
757 1040 853 1066 existi-

54 1088 126 1106 mare
145 1080 297 1114 possimus,
319 1087 374 1114 quo
393 1083 463 1105 statu
479 1079 576 1105 simus.
616 1079 673 1113 Ego
688 1082 793 1104 tantum
809 1085 851 1103 me

53 1117 122 1143 scire
133 1117 247 1152 putabo,
263 1120 396 1152 quantum
411 1125 446 1142 ex
459 1117 514 1142 tuis
531 1115 626 1142 litteris
642 1115 747 1142 habebo
758 1115 853 1150 cogni-

54 1159 122 1182 tum.
152 1154 222 1181 Cura
233 1158 262 1181 ut
273 1153 372 1186 valeas,
385 1162 483 1189 meque
494 1161 568 1180 ames
579 1161 669 1180 amore
679 1152 727 1179 illo
737 1156 783 1180 tuo
794 1153 853 1179 sin-

54 1191 153 1228 gulari.

107 1260 174 1282 XXI.
190 1260 267 1281 ARG.
282 1261 365 1286 Rogat,
384 1263 409 1281 ut
424 1259 461 1281 sui
479 1260 578 1280 absenti·
598 1259 732 1281 desiderium
747 1260 852 1287 epistolis

54 1295 139 1317 crebris
154 1298 175 1316 et
189 1295 262 1320 longis
276 1295 356 1316 leniat:
372 1296 399 1316 de
408 1295 476 1316 Calvo
488 1298 576 1316 oratore
588 1295 632 1315 iam
642 1298 728 1316 mortuo
740 1295 791 1322 quid
803 1302 852 1316 nen-

55 1331 105 1355 tint.
116 1330 217 1358 exponit.
246 1332 333 1355 (Romae,
345 1333 423 1350 caesare
435 1332 524 1349 dictatore
535 1332 592 1355 707.)

162 1377 198 1402 M.
220 1376 250 1402 T.
272 1375 302 1402 C.
323 1375 350 1402 S.
371 1375 401 1402 P.
423 1376 453 1402 Ι),
481 1375 510 1402 C.
532 1375 743 1402 TREBONIO.

114 1415 136 1440 l.
158 1409 197 1440 Et
211 1412 352 1448 epistolam
368 1417 441 1440 tuam
454 1412 506 1449 legi
520 1412 647 1444 libenter,
665 1417 691 1440 et
706 1413 807 1439 librum
819 1412 854 1439 li-

55 1451 228 1483 bentissime;
242 1450 289 1477 sed
297 1450 419 1477 tamenin
431 1459 461 1476 ea
473 1449 609 1485 voluptate
619 1450 692 1477 hunc
703 1451 794 1485 accepi
805 1450 854 1477 do-

56 1488 153 1519 lorem,
176 1488 263 1523 quod,
285 1497 371 1523 quum
386 1487 554 1514 incendisses
570 1488 747 1523 cupiditatem
766 1497 853 1514 meam

55 1525 261 1552 consuetudinis
272 1530 376 1551 nostrae
383 1525 531 1561 augendae,
539 1525 650 1560 (namad
661 1534 780 1552 amorem
792 1526 855 1561 qui-

55 1562 118 1590 dem
129 1562 198 1589 nihil
209 1567 312 1598 poterat
322 1562 470 1598 accedere,)
481 1567 538 1589 tum
550 1563 669 1589 discedis
680 1572 693 1589 a
705 1563 782 1589 nobis
797 1571 856 1589 me-

55 1609 109 1636 que
123 1605 193 1627 tanto
204 1600 340 1627 desiderio
351 1599 450 1631 afficis,
468 1604 498 1627 ut
514 1609 594 1627 unam
611 1601 679 1627 mihi
693 1600 856 1628 consolatio-

55 1646 118 1665 nem
134 1637 285 1673 relinquas,
306 1637 361 1664 fore
381 1642 411 1664 ut
426 1638 569 1673 utriusque
588 1643 710 1665 nostrum
734 1638 854 1664 absentis

55 1674 222 1702 desiderium
234 1675 337 1701 crebris
348 1679 373 1701 et
385 1674 472 1710 longis
483 1675 605 1710 epistolis
618 1675 743 1702 leniatur.
777 1675 855 1708 Quod

55 1721 106 1749 ego
117 1721 169 1739 non
181 1712 260 1740 modo
271 1712 304 1739 de
315 1721 358 1738 me
369 1712 419 1739 tibi
431 1712 564 1747 spondere
574 1722 699 1748 possum,
718 1713 765 1739 sed
781 1713 814 1739 de
830 1717 855 1739 te

56 1751 137 1777 etiam
148 1750 227 1777 mihi.
267 1749 376 1777 Nullam
392 1750 464 1776 enim
480 1750 553 1785 apud
568 1759 611 1777 me
626 1750 761 1786 reliquisti
773 1750 856 1776 dubi-

55 1788 192 1819 tationem,
206 1792 338 1822 quantum
350 1796 392 1814 me
404 1796 518 1814 amares.
549 1789 575 1815 2.
588 1789 665 1819 Nam,
678 1793 708 1815 ut
718 1787 764 1814 illa
774 1789 856 1815 omit-

56 1828 120 1856 tam,
133 1833 202 1860 quae
213 1825 321 1851 civitate
333 1830 398 1852 teste
411 1824 507 1857 fecisti,
520 1834 605 1860 quum
618 1834 724 1852 mecum
735 1826 856 1852 inimici-

56 1862 108 1889 tias
119 1863 338 1894 communicasti,
356 1871 442 1898 quum
453 1871 496 1889 me
507 1863 684 1889 concionibus
696 1863 750 1890 tuis
761 1862 857 1889 defen-

57 1899 136 1930 disti,
153 1907 239 1934 quum
255 1904 380 1934 quaestor
395 1900 422 1926 in
438 1908 498 1926 mea
509 1904 589 1935 atque
600 1901 627 1927 in
638 1900 748 1936 publica
759 1909 855 1927 caussa

57 1936 200 1963 consulum
225 1941 314 1971 partes
338 1938 498 1972 suscepisti,
526 1946 611 1972 quum
637 1938 746 1964 tribuno
766 1937 855 1972 plebis

58 1978 183 2009 quaestor
194 1982 246 2000 non
259 1975 381 2009 paruisti,
395 1975 439 2000 cui
451 1979 514 2001 tuus
525 1976 683 2009 praesertim
694 1975 797 2011 collega
808 1984 857 2010 pa-

58 2016 140 2038 reret:
154 2015 184 2038 ut
194 2011 259 2037 haec
270 2012 384 2038 recentia
394 2032 400 2042 ,
413 2019 482 2046 quae
494 2012 641 2038 meminero
652 2020 772 2047 semper,
785 2013 856 2040 obli-

58 2049 159 2081 viscar;
174 2057 243 2083 quae
255 2053 299 2075 tua
311 2048 464 2076 sollicitudo
475 2049 508 2075 de
519 2057 561 2075 me
573 2049 601 2075 in
612 2050 708 2081 armis,
721 2058 789 2084 quae
803 2050 857 2076 lae-

57 2086 116 2113 titia
128 2087 155 2112 in
168 2085 264 2117 reditu,
278 2094 346 2121 quae
358 2095 430 2118 cura,
444 2087 491 2121 qui
503 2086 586 2117 dolor.
600 2095 685 2122 quum
697 2086 730 2113 ad
742 2092 766 2113 te
777 2096 856 2113 curae

58 2128 85 2150 et
98 2123 203 2149 dolores
220 2123 272 2149 mei
288 2123 482 2158 perferrentur!
504 2124 680 2150 Brundisium
696 2124 814 2159 deanue
831 2130 854 2151 te

59 2160 92 2187 ad
104 2169 146 2186 me
157 2165 302 2187 venturum
314 2160 408 2192 fuisse,
417 2161 469 2188 nisi
481 2161 571 2188 subito
582 2162 610 2188 in
622 2162 777 2196 Hispaniam
790 2163 857 2188 mis-

59 2206 106 2224 sus
117 2206 204 2231 esses;
219 2203 248 2224 ut
259 2197 325 2225 baec
335 2199 420 2234 igitur
430 2199 561 2229 omittam,
574 2207 644 2234 quae
655 2200 722 2225 milii
737 2200 800 2226 tanti
812 2208 857 2225 ae-

59 2235 191 2262 stimanda
216 2240 293 2267 sunt,
322 2236 417 2270 quenti
441 2236 525 2262 vitam
555 2237 666 2263 aestimo
689 2241 715 2263 et
741 2236 855 2263 salutem

58 2280 160 2299 meam:
175 2272 244 2299 liber
256 2273 319 2304 iste,
332 2282 413 2308 quem
425 2273 493 2299 milii
505 2273 617 2304 misisti,
635 2278 763 2308 quantam
776 2274 857 2300 habet
878 2280 879 2290 ¹

59 2308 264 2337 declarationem
277 2311 376 2337 amoris
387 2310 440 2337 tuil
457 2311 585 2345 primum,
594 2311 666 2345 quod
679 2311 727 2338 tibi
741 2311 855 2338 facetum

59 2346 180 2379 videtur,
197 2347 334 2383 quidquid
348 2356 398 2384 ego
413 2347 486 2374 dixi:
507 2347 581 2382 quod
599 2347 660 2374 aliis
677 2348 787 2375 fortasse
804 2358 855 2375 non

59 2383 138 2411 item:
161 2384 272 2416 deinde,
295 2385 368 2420 quod
381 2385 435 2415 illa,
449 2385 507 2411 sive
519 2384 600 2412 faceta
612 2390 676 2412 sunt
690 2386 748 2412 sive
764 2395 853 2417 secus,

59 2420 140 2453 fiunt,
158 2426 281 2449 narrante
298 2427 336 2453 te,
359 2423 562 2449 venustissima.
603 2422 674 2454 Quin
690 2423 770 2449 etiam
787 2428 856 2453 ante,

59 2465 141 2494 quam
152 2459 185 2485 ad
197 2468 239 2486 me
254 2460 385 2491 veniatur,
399 2460 470 2486 risus
481 2460 570 2486 omnis
581 2468 665 2494 paene
676 2461 855 2487 consumitur.

60 2495 86 2522 ³.
96 2495 173 2528 Quod
184 2497 207 2523 si
220 2497 247 2524 in
259 2498 293 2524 iis
304 2497 457 2524 scribendis
469 2497 537 2523 nibil
550 2496 633 2528 aliud,
648 2498 710 2528 nisi,
724 2497 796 2533 quod
809 2507 856 2524 ne-

59 2539 135 2560 cesse
146 2533 205 2565 tuit,
218 2534 251 2560 de
262 2543 316 2561 uno
326 2543 369 2561 me
380 2535 483 2561 tamdiu
495 2535 685 2570 cogitavisses:
701 2534 803 2562 ferrcus
813 2544 857 2561 es-

59 2577 128 2602 sem,
140 2571 164 2597 si
175 2575 199 2598 te
211 2580 263 2598 non
274 2580 401 2599 amarem.
432 2572 522 2605 Quum
533 2580 596 2598 vero
607 2580 646 2603 ea,
658 2581 728 2607 quae
739 2573 857 2607 scriptu-

61 2614 89 2633 ra
99 2613 256 2642 persecutus
268 2617 310 2640 es,
327 2610 386 2636 sine
398 2618 505 2636 summo
516 2618 604 2636 amore
616 2611 732 2646 cogitare
745 2619 796 2637 non
808 2619 857 2645 po-

61 2645 159 2672 tueris:
177 2653 229 2673 non
241 2654 352 2683 possum
363 2648 533 2679 existimare,
551 2646 613 2683 plus
624 2655 790 2683 quemquam
801 2656 816 2675 a
827 2656 856 2675 se

1644 109 1692 134 789

897 180 969 214 ipso,
985 188 1067 214 quam
1084 188 1126 206 me
1141 188 1155 205 a
1173 184 1198 206 te
1213 180 1307 205 amari.
1348 179 1399 207 Cui
1414 178 1526 214 quidem
1543 187 1592 213 ego
1609 180 1692 204 amori

897 218 999 243 utinam
1015 218 1110 244 ceteris
1126 217 1208 243 rebus
1221 217 1342 251 possem!
1367 225 1455 243 amore
1467 221 1536 242 certe
1548 216 1695 250 responde-

897 255 944 281 bo:
968 264 1021 289 quo
1037 260 1125 281 tamen
1142 255 1201 289 ipso
1216 254 1267 280 tibi
1286 254 1390 280 conlido
1412 253 1532 280 futurum
1554 254 1628 279 satis.
1673 254 1693 279 l.

898 293 975 318 Nunc
986 292 1019 318 ad
1030 291 1171 327 epistolam
1184 292 1275 322 venio,
1288 292 1333 317 cui
1344 292 1451 326 copiose
1462 296 1488 317 et
1498 291 1618 317 suaviter
1628 292 1695 316 scri-

899 335 958 364 ptae
970 329 1039 355 nihil
1051 329 1174 364 estquod
1186 328 1269 355 multa
1282 329 1469 363 respondeam.
1489 328 1610 354 Primum
1622 329 1695 353 enim

899 376 948 402 ego
961 366 1020 392 illas
1033 366 1113 393 Calvo
1126 366 1226 392 litteras
1238 367 1309 397 misi,
1324 375 1375 392 non
1388 366 1549 401 plus,quam
1562 365 1618 396 has,
1628 374 1696 399 quas

900 413 970 430 nunc
983 404 1063 439 legis,
1082 404 1241 430 existimans
1252 405 1381 430 exituras.
1412 403 1496 429 Aliter
1514 403 1587 429 enim
1599 402 1697 428 scribi-

900 450 974 471 muS,
992 441 1064 476 quod
1076 450 1121 467 eos
1132 440 1216 471 solos,
1233 441 1335 475 quibus
1351 441 1497 471 mittimus,
1516 440 1606 470 aliter,
1624 439 1697 474 quod

900 478 998 504 multos
1010 478 1123 504 lecturos
1134 483 1270 512 putamus.
1305 478 1406 504 Deinde
1418 478 1557 513 ingenium
1569 478 1628 503 eius
1641 485 1698 503 me-

900 515 1014 542 lioribus
1025 515 1111 542 extuli
1123 515 1259 546 laudibus,
1272 524 1353 550 quam
1365 520 1393 541 tu
1406 515 1433 541 id
1446 524 1506 541 vere
1520 515 1639 549 potuisse
1650 514 1698 540 fie-

900 554 922 579 ri
934 558 1022 587 putas.
1062 554 1192 583 Primum,
1209 552 1282 587 quod
1294 553 1328 578 ita
1340 552 1503 583 iudicabam,
1517 557 1592 578 acute
1605 560 1698 578 move-

901 591 992 617 batur:
1015 599 1101 626 genus
1121 589 1258 624 quoddam
1279 590 1455 624 sequebatur:
1479 590 1506 615 in
1526 598 1580 624 quo
1596 589 1698 615 iudicio

901 627 1007 662 lapsus,
1025 636 1078 662 quo
1094 627 1213 658 valebat,
1230 632 1318 654 tamen
1333 628 1537 662 assequebatur,
1551 626 1623 661 quod
1635 635 1698 660 pro-

901 665 984 691 baret.
1025 664 1124 691 Multae
1145 669 1219 691 erant
1239 670 1265 690 et
1280 665 1430 691 reconditae
1447 664 1563 690 litterae:
1588 665 1629 689 vis
1646 672 1697 689 non

900 707 964 728 erat.
996 702 1036 728 Ad
1048 711 1106 728 eam
1119 703 1203 737 igitur
1213 701 1382 728 adhortabar.
1414 702 1442 727 In
1457 701 1597 727 excitando
1609 706 1698 727 autem

901 740 964 766 etin
977 739 1097 765 acuendo
1112 739 1263 774 plurimum
1279 739 1363 769 valet,
1381 739 1405 764 si
1417 738 1510 764 laudes
1522 747 1598 768 eum,
1616 747 1698 772 quem

901 777 1047 804 cohortere.
1088 777 1175 802 Habes
1196 776 1229 802 de
1250 776 1332 802 Calvo
1353 776 1487 802 iudicium
1508 781 1533 801 et
1553 775 1699 801 consilium

901 823 1006 841 meum:
1020 814 1179 845 consilium,
1193 814 1266 849 quod
1278 813 1401 840 hortandi
1412 822 1507 839 caussa
1519 812 1641 845 laudavi,
1657 813 1699 838 iu-

901 852 1018 882 dicium,
1036 851 1110 886 quod
1121 851 1154 877 de
1166 852 1276 887 ingenio
1290 851 1350 876 eius
1362 850 1440 877 valde
1451 850 1607 876 existimavi
1619 850 1697 875 bene.

901 891 926 916 5.
950 889 1096 924 Reliquum
1108 893 1160 919 est,
1175 894 1204 915 ut
1215 893 1288 915 tuam
1300 887 1493 923 prosectionem
1504 895 1593 913 amore
1608 896 1700 921 prose-

902 935 978 962 quar,
992 926 1110 953 reditum
1121 935 1168 961 spe
1179 930 1347 961 exspectem,
1365 926 1504 952 absentem
1515 925 1644 950 memoria
1655 933 1701 950 co-

903 964 969 995 lam,
987 972 1066 990 omne
1081 963 1248 990 desiderium
1261 963 1356 989 litteris
1368 962 1506 989 mittendis
1520 962 1702 996 accipiendis-

902 1010 955 1037 que
967 1001 1076 1028 leniam.
1098 1002 1138 1027 Tu
1150 1001 1234 1027 velim
1246 1005 1290 1027 tua
1301 1001 1329 1027 in
1341 1009 1383 1027 me
1394 1000 1483 1027 studia
1494 1004 1520 1026 et
1530 999 1618 1025 officia
1630 998 1702 1025 mul-

902 1044 960 1066 tum
975 1044 1064 1066 tecum
1081 1038 1232 1065 recordere:
1255 1047 1324 1073 quae
1344 1047 1430 1073 quum
1446 1038 1497 1064 tibi
1518 1036 1608 1067 liceat,
1633 1036 1701 1062 mihi

903 1076 977 1104 nefas
989 1077 1024 1103 sit
1034 1076 1170 1107 oblivisci,
1183 1085 1236 1103 non
1247 1075 1326 1102 modo
1337 1076 1428 1102 virum
1439 1075 1542 1102 bonum
1553 1083 1595 1100 me
1606 1074 1703 1100 existi-

903 1115 1004 1145 mabis,
1022 1123 1118 1178 qerum
1133 1114 1214 1141 etiam
1225 1118 1250 1141 te
1261 1122 1275 1139 a
1286 1122 1330 1140 me
1340 1114 1425 1140 amari
1436 1112 1586 1149 plurimum
1597 1111 1703 1138 iudica—

903 1152 957 1179 bis.
995 1152 1030 1179 Va
1043 1160 1067 1178 e.

1187 1217 1419 1232 &teob-

1283 1374 1325 1399 86.

989 1434 1131 1464 LIBER
1170 1433 1384 1464 DECIMUS
1423 1432 1621 1462 SEXTUS.

958 1552 975 1572 1.
995 1552 1071 1572 ARG.
1086 1550 1182 1576 Tironi,
1194 1557 1255 1578 quem
1264 1566 1269 1575 .
1281 1558 1344 1577 quum
1356 1557 1383 1571 ex
1394 1549 1510 1577 provincia
1519 1549 1604 1569 domum
1614 1547 1704 1572 rediret,

906 1587 981 1608 Patri·
993 1589 1103 1612 aegrotum
1113 1586 1242 1613 reliquerat,
1254 1592 1331 1611 magno
1342 1592 1365 1606 ue
1375 1585 1423 1606 eiu·
1433 1584 1544 1605 ueniam-io
1553 1583 1624 1604 teneri
1635 1583 1705 1608 nigni-

906 1623 965 1643 ficut.
993 1625 1075 1646 (Patala,
1086 1624 1178 1642 Marcello
1188 1630 1234 1641 cuss-
1247 1623 1303 1645 70⁴.)

907 1668 942 1695 M.
958 1668 1030 1695 T.C.
1047 1668 1095 1694 ET
1115 1666 1258 1694 CICERO
1278 1665 1382 1693 MEUS
1401 1665 1450 1692 ET
1471 1665 1527 1691 FR.
1548 1663 1597 1691 ET
1617 1663 1707 1690 FRA-

1052 1705 1139 1731 TRIS
1160 1705 1232 1731 FIL.
1254 1704 1282 1731 S.
1304 1705 1334 1731 P.
1356 1704 1386 1730 D.
1409 1702 1555 1729 TIRONI.

964 1753 987 1778 l.
1010 1746 1107 1777 Paullo
1128 1750 1234 1777 facilius
1251 1750 1345 1785 putavi
1361 1757 1439 1784 posse
1456 1757 1498 1774 me
1515 1747 1582 1774 ferre
1599 1745 1707 1772 deside-

907 1789 977 1815 rium
990 1789 1043 1815 tui:
1062 1788 1109 1814 sed
1121 1788 1199 1823 plane
1211 1796 1263 1814 non
1276 1787 1344 1814 fero:
1357 1792 1383 1813 et
1393 1794 1559 1821 quamquam
1570 1784 1660 1817 magni
1673 1783 1706 1809 ad

908 1826 1035 1853 honorem
1052 1831 1173 1852 nostrum
1190 1826 1313 1856 interest,
1330 1833 1412 1860 qnam
1429 1824 1548 1858 primum
1563 1821 1595 1848 ad
1608 1821 1707 1848 Urbem

906 1872 949 1890 me
961 1864 1068 1895 venire,
1086 1868 1174 1890 tamen
1186 1871 1312 1898 peccasse
1325 1862 1392 1888 mihi
1405 1861 1511 1890 videor,
1529 1860 1577 1895 qui
1589 1868 1602 1885 a
1616 1864 1639 1885 te
1649 1858 1708 1884 dis-

906 1902 1049 1928 cesserim:
1067 1901 1115 1927 sed
1125 1901 1188 1936 quia
1201 1905 1244 1927 tua
1258 1899 1382 1926 voluntas
1393 1908 1423 1925 ea
1436 1897 1578 1924 videbatur
1589 1905 1662 1927 csse,
1679 1901 1708 1922 ut

907 1947 1026 1974 prorsus.
1041 1939 1094 1965 nisi
1105 1938 1261 1965 confirmato
1272 1945 1391 1972 corpore,
1406 1935 1491 1962 nolles
1503 1935 1645 1970 navigare,
1660 1942 1708 1968 ap-

907 1976 1020 2011 probavi
1037 1981 1114 2003 tuum
1129 1975 1289 2006 consilium,
1308 1983 1396 2009 neque
1412 1982 1484 2000 nunc
1498 1977 1586 2002 muto,
1604 1972 1627 1997 si
1640 1976 1666 1997 tu
1681 1972 1707 1996 in

907 2013 1001 2040 eadem
1013 2022 1042 2040 es
1053 2014 1194 2040 sententia.
1235 2012 1283 2039 Sin
1296 2017 1385 2039 autem
1397 2015 1502 2046 postea,
1520 2018 1602 2045 quam
1614 2009 1707 2035 cibum

907 2051 1017 2086 cepisti,
1036 2050 1138 2077 videris
1155 2051 1204 2077 tibi
1219 2059 1298 2085 posse
1314 2058 1356 2076 me
1367 2049 1512 2083 consequi.
1530 2053 1606 2074 tuum
1618 2046 1708 2072 consi-

908 2088 976 2115 lium
992 2093 1042 2115 est.
1083 2088 1229 2115 Marionem
1246 2087 1279 2114 ad
1296 2092 1320 2114 tc
1336 2096 1367 2113 eo
1382 2087 1459 2117 misi,
1478 2090 1506 2112 ut
1517 2090 1563 2111 aut
1575 2090 1662 2110 tecum
1674 2082 1707 2109 ad

908 2134 950 2152 me
961 2134 1044 2160 quam
1056 2126 1175 2160 primum
1188 2126 1300 2155 veniret,
1314 2129 1368 2154 aut.
1382 2125 1405 2150 si
1418 2129 1445 2150 tu
1458 2131 1603 2150 morarere,
1618 2122 1707 2147 statim

908 2163 941 2189 ad
962 2171 1004 2189 me
1026 2163 1134 2189 rediret.
1175 2164 1200 2189 Ξ.
1222 2163 1262 2188 Τιι
1279 2167 1368 2188 autem
1385 2162 1434 2187 boc
1450 2160 1499 2187 tibi
1516 2158 1660 2194 persuade,
1684 2159 1708 2183 si

907 2199 1048 2226 commodo
1060 2199 1225 2226 valetudinis
1237 2204 1297 2226 tune
1310 2199 1367 2225 lieri
1379 2199 1472 2233 possit,
1482 2197 1549 2224 nihil
1562 2205 1604 2222 me
1617 2194 1705 2223 malle.

907 2246 990 2272 quam
1001 2241 1025 2264 te
1037 2245 1096 2263 esse
1108 2245 1229 2263 mecum:
1246 2237 1270 2262 si
1281 2241 1370 2262 autem
1383 2234 1518 2270 intelliges
1530 2243 1598 2268 opus
1610 2241 1668 2259 esse
1684 2237 1707 2258 te

909 2275 993 2301 Patris
1004 2273 1211 2300 convalescendi
1226 2282 1321 2299 caussa
1337 2272 1460 2308 paullum
1475 2271 1649 2300 ιῸιιιιιιυι-ιιι-ι,
1666 2270 1708 2295 ιιι-

909 2312 947 2338 hil
959 2320 1001 2338 me
1013 2311 1102 2342 malle,
1116 2319 1198 2346 quam
1211 2315 1235 2338 te
1248 2310 1346 2337 valero.
1382 2310 1410 2336 Si
1422 2310 1511 2336 statim
1524 2309 1645 2343 navigas.
1660 2315 1708 2333 nos

908 2349 1031 2376 Leucade
1041 2357 1220 2383 consequere:
1235 2349 1277 2374 sin
1289 2353 1313 2374 te
1324 2347 1483 2374 contii-maro
1495 2346 1546 2376 vis,
1560 2351 1584 2371 et
1596 2345 1708 2370 comites

908 2391 933 2413 ct
945 2391 1116 2421 tempestates
1127 2391 1153 2412 et
1164 2394 1260 2412 navem
1273 2385 1397 2411 idoneam
1409 2383 1554 2413 uthabeas,
1563 2382 1708 2417 diligenter

909 2423 1026 2450 videbis.
1069 2423 1156 2450 Unum
1169 2422 1250 2454 illud,
1269 2423 1306 2448 mi
1318 2422 1392 2452 Tiro,
1411 2421 1516 2451 videto,
1532 2420 1610 2445 sime
1622 2427 1705 2449 attins,

909 2466 976 2487 nete
984 2461 1110 2487 Marionis
1121 2460 1254 2487 adventus
1265 2465 1290 2486 et
1303 2459 1351 2486 bae
1364 2459 1465 2485 litterae
1478 2461 1612 2484 moveant.
1630 2456 1706 2489 Quod

909 2498 1059 2525 valetudini
1071 2502 1131 2524 tuae
1143 2498 1261 2524 maxime
1272 2497 1417 2526 conducet.
1429 2496 1453 2522 si
1466 2495 1574 2527 feceris;
1590 2494 1707 2520 maxime

907 2535 1102 2570 obtemperaris
1118 2535 1248 2562 voluntati
1265 2543 1349 2561 mene.
1391 2534 1459 2560 llaec
1475 2542 1523 2568 pro
1538 2537 1583 2558 tuo
1600 2532 1708 2567 ingenio

907 2573 1058 2600 considera.
1081 2573 1134 2599 Nos
1146 2573 1181 2599 ita
1193 2578 1216 2599 te
1227 2572 1608 2601 desidet-mnus,112amemus:
1622 2578 1705 2600 anior,

908 2616 937 2637 ut
948 2610 1080 2638 valentem
1093 2610 1244 2640 videamus.
1253 2609 1386 2636 bortatur:
1400 2607 1577 2637 desiderium,
1587 2612 1707 2641 utquam

907 2648 1038 2684 primum.
1061 2647 1130 2675 Illud
1142 2648 1226 2684 igitur
1235 2647 1336 2683 potius.
1367 2646 1436 2674 Cura
1447 2654 1511 2682 ergo
1522 2645 1705 2681 potissimum.
