1941 3052
389 155 509 183 POST
541 157 764 184 REDlTUM
795 157 843 183 IN
876 156 1081 184 SENATU.
1116 157 1214 184 CAP.
1248 159 1383 185 7—12.
1654 162 1699 188 471

68 234 126 252 mea
136 225 222 253 salute
232 233 294 252 cum
305 224 414 261 collegis
426 235 509 261 paene
519 227 660 259 omnibus,
678 227 860 263 direptoribus

67 267 155 289 autern
178 271 298 289 meorum
318 263 449 290 bonorum
470 265 497 290 in
514 265 556 291 ius
571 265 688 291 adeundi
703 270 859 300 potestatem

67 309 119 327 non
131 299 231 327 fecerit.
253 301 287 327 M.
300 305 389 327 autem
400 300 519 328 Calidius
530 302 620 328 statim
631 302 788 338 designatus
798 311 861 329 sen-

67 338 147 364 tentia
159 346 221 369 sua,
234 346 315 372 quam
327 342 398 364 esset
407 347 465 364 cara
476 339 528 365 sibi
540 348 597 366 mea
610 339 692 371 salus,
705 339 858 366 declaravit.

67 376 109 402 23.
125 374 221 401 Omnia
236 374 322 401 officia
339 375 368 401 C.
386 375 522 410 Septimii,
540 376 570 409 Q.
588 376 700 408 Valerii,
717 377 746 403 P.
759 377 857 408 Crassi,

67 412 129 439 Sex.
142 411 278 444 Quintilii,
297 412 326 439 C.
339 412 448 439 Cornuti
464 422 571 440 summa
581 415 645 441 etin
656 423 699 440 me
709 415 773 441 etin
788 423 860 441 rem-

66 449 203 485 publicam
214 450 399 476 constiterunt.

121 486 194 519 Quae
204 495 290 522 quum
303 487 415 514 libenter
424 496 611 519 commemoro,
625 492 683 514 tum
694 497 746 515 non
757 489 859 515 invitus

66 524 257 551 nonnullorum
268 524 295 551 iu
307 533 349 551 me
361 524 459 551 nefarie
469 526 612 552 commissa
623 530 767 560 praetereo.
802 526 859 552 Non

66 566 107 589 est
121 562 174 588 mei
186 562 313 597 temporis
324 562 436 588 iniurias
447 563 611 593 meminisse,
628 571 695 597 quas
706 571 755 598 ego
766 563 860 589 etiam-

65 599 88 625 si
100 598 195 626 ulcisci
206 604 418 634 possem‚tamen
429 599 552 626 oblivisci
564 599 682 626 mallem.
703 599 763 626 Alio
773 604 861 626 trans-

66 636 174 663 ferenda
185 645 244 663 mea
253 640 306 663 tota
317 637 371 663 vita
382 641 435 668 est,
453 641 483 663 ut
498 637 565 663 bene
580 636 613 663 de
625 645 667 663 me
678 637 780 663 meritis
792 636 861 663 refe-

66 683 121 700 ram
138 675 265 709 gratiam,
287 674 417 700 amicitias
432 675 494 709 igne
515 678 666 708 perspectas
687 678 774 705 tuear,
797 683 859 700 cum

65 712 164 746 apertis
180 711 302 738 hostibus
317 711 419 737 bellum
434 720 539 746 geram,
557 711 658 737 timidis
674 712 767 737 amicis
783 712 860 747 igno-

64 757 151 780 scam,
169 748 349 784 proditoribus
365 749 432 774 meis
447 757 499 774 non
514 748 630 774 indicem
642 748 760 775 dolorem
771 748 860 783 profe-

64 786 160 813 ctionis
180 794 267 812 meae:
290 785 442 812 defensores
464 785 566 812 reditus
581 785 712 821 dignitate
727 786 857 812 consoler.

64 825 106 850 24.
123 822 200 855 Quod
215 823 239 849 si
254 823 321 849 mihi
333 822 439 849 nullum
450 822 524 849 aliud
535 827 606 849 esset
616 823 735 849 officium
746 824 774 850 in
784 824 858 850 omui

64 860 118 887 vita
129 860 273 895 reliquum,
286 860 339 886 nisi
349 864 377 886 ut
388 868 448 896 erga
460 860 543 886 duces
553 861 626 895 ipsos
638 865 663 887 et
673 861 809 895 principes
820 866 860 887 at-

63 906 117 933 que
131 902 252 924 auctores
267 897 362 924 salutis
378 906 452 924 meae
465 898 530 924 satis
546 902 638 933 gratus
649 898 796 924 iudicarer:
819 902 859 924 ta-

64 943 125 962 men
142 935 273 971 exiguum
289 934 408 970 reliquae
421 935 490 961 vitae
502 940 609 970 tempus
620 944 672 962 non
683 935 762 962 modo
773 935 806 962 ad
817 944 859 962 re-

63 972 213 1004 ferendam,
231 980 325 999 verum
340 973 419 999 etiam
431 972 464 998 ad
474 973 734 999 commemorandam
745 974 858 1009 gratiam

63 1010 130 1037 mihi
140 1009 264 1036 relictum
274 1014 406 1045 putarem.
432 1009 543 1042 Quando
554 1011 625 1037 enim
637 1019 685 1046 ego
696 1011 759 1036 huic
772 1011 859 1037 homi-

63 1047 91 1074 ni
102 1055 132 1074 ac
143 1047 235 1074 liberis
247 1048 314 1079 eius,
322 1047 430 1083 quando
441 1056 533 1074 omnes
545 1048 598 1074 mei
608 1049 720 1084 gratiam
731 1047 859 1074 reserent?

62 1084 136 1118 Quae
146 1085 286 1116 memoria,
300 1093 369 1120 quae
379 1085 421 1112 vis
432 1085 548 1121 ingenii,
564 1094 632 1120 quae
643 1085 799 1121 magnitudo
810 1086 859 1112 ob-

62 1123 211 1149 servantiae
225 1126 263 1148 tot
278 1123 411 1157 tantisque
426 1122 562 1149 beneficiis
574 1123 734 1157 respondere
744 1123 858 1158 poterit?

62 1160 109 1195 qui
125 1159 193 1186 mihi
208 1160 312 1195 primus
327 1159 425 1187 afflicto
440 1164 466 1186 et
480 1161 576 1186 iacenti
592 1159 760 1186 consularem
777 1160 857 1186 sidem

61 1197 253 1233 dexteramque
264 1198 394 1232 porrexit:
407 1198 455 1233 qui
466 1206 508 1223 me
520 1206 533 1223 a
544 1202 627 1224 morte
638 1197 670 1224 ad
681 1197 771 1229 vitam,
786 1206 800 1224 a
811 1197 858 1224 de-

61 1235 211 1269 speratione
227 1235 258 1261 ad
274 1243 364 1270 spem,
387 1235 420 1261 ab
435 1235 516 1261 exitio
531 1235 564 1261 ad
579 1234 693 1261 salutem
707 1236 854 1262 revocavit:

61 1272 109 1307 qui
120 1276 192 1298 tanto
201 1280 289 1298 amore
300 1272 327 1298 in
339 1280 395 1303 me,
409 1272 498 1298 studio
509 1272 536 1298 in
548 1272 742 1306 rempublicam
755 1272 814 1303 fuit,
829 1277 858 1299 ut

61 1309 235 1345 excogitaret,
259 1309 487 1344 quemadmodum
507 1309 685 1336 calamitatem
701 1318 788 1336 meam
804 1318 856 1336 non

62 1346 141 1373 modo
156 1346 268 1378 levaret,
286 1347 333 1373 sed
344 1347 423 1373 etiam
435 1347 595 1373 honestaret.
634 1346 705 1379 Quid
716 1348 788 1374 enim
799 1356 857 1373 ma—

60 1383 246 1420 gnificentius,
269 1384 335 1419 quid
356 1384 517 1419 praeclarius
533 1384 600 1410 mihi
621 1384 739 1410 accidere
759 1385 854 1419 potuit,

60 1429 142 1456 quam
154 1421 240 1456 quod,
253 1421 300 1448 illo
310 1426 428 1456 petente,
442 1430 489 1448 vos
500 1421 669 1452 decrevistis,
683 1426 713 1448 ut
723 1422 812 1448 cuncti
823 1430 857 1448 ex

60 1459 133 1485 omni
144 1458 231 1490 ltalia,
249 1459 296 1493 qui
308 1458 501 1494 rempublicam
517 1458 618 1485 salvam
634 1459 747 1490 vellent,
764 1459 797 1485 ad
814 1468 856 1485 me

60 1504 160 1527 unum,
178 1496 312 1522 hominem
329 1495 441 1523 fractum
456 1500 481 1523 et
495 1504 576 1531 prope
586 1496 760 1531 dissipatum,
779 1497 856 1523 resti—

60 1533 190 1560 tuendum
202 1537 228 1560 et
238 1533 437 1560 defendendum
453 1533 591 1560 venirent?
611 1538 652 1565 ut,
669 1543 722 1569 qua
738 1543 801 1560 voce
817 1539 856 1560 ter

59 1571 169 1597 omnino
183 1574 243 1606 post
256 1571 366 1597 Romam
381 1571 514 1598 conditam
531 1570 624 1597 consul
641 1580 707 1597 usus
723 1576 793 1598 esset
808 1580 855 1606 pro

60 1608 186 1635 universa
201 1608 339 1643 republica
355 1608 427 1643 apud
442 1617 486 1635 eos
501 1608 602 1640 solum,
624 1609 672 1643 qui
688 1609 747 1635 eius
763 1617 854 1635 vocem

59 1645 186 1672 exaudire
201 1649 323 1680 possent,
340 1646 432 1672 eadem
447 1654 511 1672 voce
527 1650 634 1672 senatus
647 1646 773 1672 omnibus
783 1647 854 1682 agris

60 1687 138 1718 atque
154 1682 260 1718 oppidis
277 1683 351 1710 cives
366 1687 502 1718 totamque
518 1683 619 1709 Italiam
635 1683 669 1710 ad
684 1684 766 1710 unius
781 1683 855 1710 salu-

59 1724 113 1746 tem
124 1719 319 1747 defendendam
331 1720 475 1747 excitaret?
512 1720 547 1747 X.
560 1722 602 1748 25.
616 1720 687 1753 Quid
697 1729 746 1757 ego
756 1721 855 1757 glorio-

60 1757 117 1784 sius
128 1757 195 1784 meis
205 1758 319 1793 posteris
330 1758 405 1792 potui
417 1758 582 1793 relinquere,
599 1767 680 1793 quam
689 1779 695 1787 .
713 1759 763 1785 hoc
777 1767 855 1785 sena—

60 1799 116 1821 tum
136 1795 278 1826 iudicasse.
301 1795 348 1830 qui
368 1796 436 1822 civis
456 1804 499 1822 me
520 1804 572 1822 non
592 1795 769 1827 defendisset,
791 1805 853 1822 eum

59 1831 252 1867 rempublicam
268 1832 370 1859 salvam
387 1832 523 1859 noluisse‘?
543 1834 634 1868 ltaque
649 1838 752 1860 tantum
766 1838 854 1860 vestra

60 1869 213 1901 auctoritas,
232 1874 334 1896 tantum
346 1871 444 1897 eximia
455 1870 574 1897 consulis
585 1871 702 1906 dignitas
714 1871 811 1902 valuit,
825 1875 855 1898 ut

59 1906 175 1933 dedecus
185 1911 211 1933 et
221 1906 350 1943 flagitium
361 1916 389 1933 se
400 1908 564 1934 committere
576 1913 688 1942 putaret,
697 1909 720 1935 si
731 1910 794 1943 quis
802 1917 853 1935 non

59 1944 170 1970 veniret.
197 1944 324 1979 Idemque
335 1945 439 1976 consul,
452 1953 537 1980 quum
549 1945 594 1972 illa
606 1945 771 1972 incredibilis
783 1946 854 1972 mul-

58 1981 144 2008 titudo
154 1981 280 2012 Romam,
297 1986 322 2007 et
333 1990 415 2016 paene
427 1982 499 2008 ltalia
515 1982 573 2017 ipsa
588 1983 720 2014 venisset,
739 1992 785 2010 vos
801 1983 854 2009 fre-

58 2018 250 2053 quentissimos
261 2019 288 2045 in
300 2018 460 2053 Capitolium
472 2020 636 2046 convocavit.
666 2019 725 2052 Quo
735 2025 853 2055 temporo

58 2060 185 2091 quantam
202 2056 257 2081 vim
273 2060 380 2082 naturae
396 2056 499 2083 bonitas
516 2057 625 2083 haberet
639 2062 664 2083 et
680 2066 740 2084 vera
755 2058 853 2084 nobili-

59 2097 107 2124 tas,
121 2092 269 2129 intelligere
281 2094 415 2127 potuistis.
456 2094 522 2120 Nam
533 2094 564 2126 Q.
579 2094 709 2125 Metellus.
725 2099 751 2121 ct
762 2096 852 2122 inimi-

58 2138 106 2157 cus
117 2134 143 2157 et
154 2129 232 2156 frater
243 2130 354 2161 inimici.
364 2135 500 2165 perspecta
513 2135 598 2158 vestra
611 2131 755 2163 voluntate,
764 2133 852 2159 onmia

59 2167 161 2203 privata
176 2167 236 2194 odia
251 2167 389 2202 deposuit:
413 2176 494 2203 quem
510 2169 539 2195 P.
552 2168 692 2200 Servilius,
712 2170 752 2196 vir
765 2179 852 2205 quum

59 2203 224 2231 clarissimus
240 2209 296 2231 tum
314 2213 376 2231 vero
390 2205 508 2240 optimus
525 2206 646 2241 mihique
659 2207 850 2239 amicissimus,

59 2246 84 2269 et
98 2242 260 2269 auctoritatis
275 2246 301 2268 et
315 2243 442 2269 orationis
456 2251 520 2269 suae
533 2243 625 2270 diviua
635 2244 751 2279 quadam
762 2245 853 2280 gravi—

59 2283 110 2306 tate
125 2279 157 2306 ad
173 2280 215 2306 sui
230 2280 336 2315 generis
351 2280 557 2315 communisque
568 2282 708 2344 sanguinis
720 2281 786 2308 facta
799 2283 853 2309 vir-

58 2320 182 2352 tutesque
192 2317 334 2348 revocavit,
348 2321 377 2343 ut
388 2317 495 2344 haberet
507 2318 533 2344 in
543 2319 616 2345 consi
631 2319 655 2345 io
665 2324 691 2345 et
702 2319 808 2346 fratrem
819 2320 851 2346 ub

57 2352 163 2385 inferis,
187 2354 290 2380 socium
308 2363 396 2381 rorum
411 2363 544 2386 mearum,
567 2360 593 2381 et
612 2364 704 2382 omnes
720 2357 849 2388 Metellos,

59 2391 300 2425 praestantissimos
312 2392 397 2423 cives,
415 2400 497 2426 paene
508 2400 541 2418 ex
552 2392 699 2419 Acheronte
709 2394 849 2421 excitatos:

59 2427 86 2454 in
96 2428 197 2463 quibus
204 2429 377 2455 Numidicum
391 2429 477 2460 illum,
489 2429 566 2455 cuius
577 2430 713 2464 quondam
724 2431 756 2457 de
768 2432 851 2465 putria

58 2463 192 2492 discessus
204 2466 333 2493 molestus
343 2467 478 2497 omnihus,
487 2467 539 2501 ipsi
551 2475 582 2493 ne
594 2467 731 2494 luctuosus
740 2468 850 2503 quidem

58 2505 99 2528 est
108 2503 194 2530 visus.
234 2505 276 2530 26.
289 2504 379 2539 Itaque
391 2504 535 2530 dimittitur
547 2513 597 2530 non
610 2504 689 2531 modo
699 2505 794 2531 salutis
805 2506 852 2532 de-

58 2537 159 2572 fensor,
180 2540 228 2576 qui
244 2546 304 2567 ante
320 2541 368 2567 hoc
384 2550 467 2568 unum
486 2541 644 2567 heneficium
661 2541 746 2568 fuerat
760 2543 852 2569 inimi-

57 2583 114 2608 cus,
127 2585 220 2604 verum
232 2578 311 2604 etiam
322 2579 450 2613 ascriptor
460 2578 598 2614 dignitatis
611 2587 694 2605 mene.
720 2579 779 2612 Quo
789 2580 851 2614 qui-

57 2611 118 2640 dem
129 2614 185 2646 die,
202 2623 287 2650 quum
300 2624 423 2642 ccccxvii
434 2624 467 2642 ex
477 2620 571 2642 senatu
583 2616 691 2647 essetis,
710 2617 850 2653 magistru-

59 2653 102 2677 tus
113 2655 201 2678 autem
213 2652 240 2678 hi
251 2660 344 2679 omnes
354 2653 492 2684 adessent,
510 2653 638 2680 dissensit
649 2662 733 2685 unus,
751 2655 787 2686 is,
801 2654 848 2689 qui

59 2694 106 2714 sua
122 2687 178 2724 lege
192 2689 343 2717 coniuratos
358 2691 437 2717 etiam
454 2690 486 2717 ah
501 2690 594 2717 inferis
606 2691 760 2718 excitandos
771 2696 849 2727 putu-

912 232 961 254 rat.
995 227 1083 264 Atque
1094 227 1142 255 illo
1151 228 1203 260 die,
1216 228 1320 264 quum*
1333 229 1526 264 rempublicam
1538 231 1605 257 meis
1616 233 1705 258 consi-

913 265 956 291 liis
970 270 1152 292 conservatam
1167 267 1336 302 gravissimis
1352 267 1441 294 verbis
1458 272 1483 293 et
1498 268 1623 302 plurimis
1634 269 1706 295 iudi-

912 303 1036 335 cassetis,
1049 303 1120 329 idem
1131 303 1224 330 consul
1236 304 1351 335 curavit,
1368 309 1397 331 ut
1408 304 1499 331 eadem
1511 314 1524 331 a
1537 306 1705 340 principibus

912 341 1027 366 civitatis
1047 341 1075 367 in
1096 341 1222 367 concione
1242 346 1348 376 postero
1368 342 1411 368 die
1432 342 1596 370 dicerentur:
1619 352 1704 378 quum

912 377 1022 412 quidem
1038 377 1096 412 ipse
1111 379 1165 413 egit
1179 379 1348 405 ornatissime
1363 388 1485 406 caussam
1501 389 1600 412 meam,
1619 380 1706 415 perfe-

912 415 1002 449 citque
1013 419 1115 441 astante
1127 420 1206 450 atque
1217 416 1341 442 audiente
1353 416 1426 443 Italia
1442 421 1493 443 tota
1501 438 1507 448 ,
1529 422 1560 444 ut
1569 426 1648 444 nemo
1658 427 1706 444 cu-

912 452 1038 487 iusquam
1059 453 1183 479 conducti
1204 458 1248 479 aut
1264 453 1360 488 perditi
1376 463 1467 480 vocem
1484 455 1605 481 acerbam
1627 460 1707 490 atque

912 489 1048 515 inimicam
1061 490 1138 516 bonis
1149 495 1239 525 posset
1249 491 1351 517 audire.
1391 491 1439 518 XI.
1455 492 1497 519 27.
1520 492 1560 519 Ad
1576 492 1640 519 haec
1654 501 1706 519 non

912 526 991 552 modo
1002 526 1154 553 adiumenta
1166 527 1274 558 salutis,
1292 528 1340 554 sed
1355 529 1433 555 etiam
1449 534 1603 556 ornamenta
1616 530 1707 566 digni-

913 564 972 589 tatis
988 572 1062 590 meae
1077 564 1180 599 reliqua
1196 574 1244 591 vos
1258 565 1339 591 iidem
1356 566 1512 593 addidistis:
1537 567 1703 599 decrevistis,

913 609 944 627 ne
954 601 1016 635 quis
1028 600 1083 627 ulla
1094 602 1194 628 ratione
1205 611 1260 628 rem
1272 603 1427 637 impediret:
1440 605 1487 639 qui
1499 604 1526 630 id
1537 605 1704 639 impedisset,

911 639 1027 673 graviter
1039 638 1205 674 molesteque
1222 639 1335 666 laturos:
1359 640 1436 667 illum
1452 646 1540 668 contra
1557 642 1706 677 rempubli-

911 684 969 701 cam
984 675 1153 710 salutemque
1168 677 1299 703 bonorum
1314 678 1536 713 concordiamque
1551 680 1652 705 civium
1667 679 1706 705 fa-

911 717 1032 739 cturum:
1050 717 1075 739 et
1086 717 1115 739 ut
1126 713 1159 739 ad
1170 722 1217 740 vos
1228 714 1262 740 de
1274 723 1305 740 eo
1318 716 1407 741 statim
1424 715 1579 743 referretur:
1597 725 1703 752 meque.

911 750 990 775 etiam
1014 750 1037 776 si
1061 750 1164 777 diutius
1191 751 1432 784 calumniarentur,
1461 753 1547 779 redire
1574 754 1703 780 iussistis.

911 786 999 819 Quid‘?
1018 791 1048 813 ut
1062 792 1204 823 agerentur
1218 789 1330 824 gratiae,
1353 790 1400 824 qui
1415 798 1430 816 e
1444 791 1599 825 municipiis
1617 792 1706 818 venis-

911 824 988 850 sent?
997 824 1083 859 quid?
1093 829 1122 851 ut
1132 825 1166 851 ad
1177 825 1250 852 illam
1261 826 1346 858 diem,
1360 835 1402 853 res
1413 835 1498 862 quum
1511 828 1650 859 redissent,
1663 837 1706 855 ro-

910 866 1049 897 garentur,
1072 866 1102 888 ut
1116 863 1173 897 pari
1188 863 1277 889 studio
1293 864 1483 890 convenirent‘?
1502 864 1572 897 Quid
1589 865 1705 900 denique

911 899 957 925 illo
968 899 1024 930 die,
1041 908 1122 934 quem
1134 900 1163 926 P.
1177 901 1307 927 Lentulus
1322 901 1389 927 mihi
1406 901 1534 937 fratrique
1548 911 1620 934 meo,
1638 903 1706 929 libe-

910 937 1002 971 risque
1024 937 1121 963 uostris
1140 937 1254 964 natalem
1275 939 1425 970 constituit,
1448 948 1500 966 non
1517 940 1595 966 modo
1610 940 1642 966 ad
1659 949 1706 967 no-

910 978 991 1000 stram
999 994 1005 1005 ,
1024 983 1117 1001 verum
1133 975 1213 1001 etiam
1224 975 1257 1002 ad
1268 976 1424 1011 sempiterni
1435 977 1591 1003 memoriam
1603 982 1706 1013 tempo-

910 1010 966 1037 ris?
983 1020 1037 1046 quo
1056 1011 1100 1038 die
1120 1021 1168 1039 nos
1185 1013 1300 1039 comitiis
1316 1014 1485 1045 centuriatis,
1508 1023 1577 1049 quae
1588 1016 1706 1042 maxime

910 1049 1023 1075 maiores
1034 1050 1141 1076 comitia
1152 1051 1222 1076 iusta
1233 1050 1286 1076 dici
1298 1051 1444 1086 haberique
1455 1051 1605 1084 voluerunt,
1620 1061 1707 1079 arces-

910 1087 974 1113 sivit
984 1087 1012 1113 in
1024 1087 1145 1121 patriam,
1159 1091 1188 1114 ut
1198 1088 1307 1114 eaedem
1318 1090 1461 1120 centuriae,
1475 1098 1543 1124 quae
1556 1098 1598 1116 me
1608 1098 1706 1116 consu-

911 1123 961 1149 lem
978 1123 1106 1156 fecerant,
1124 1125 1294 1152 consulatum
1309 1134 1398 1152 meum
1410 1127 1621 1162 comprobarent.
1662 1129 1704 1154 ⁶28.

909 1160 967 1193 Quo
978 1161 1021 1187 die
1031 1162 1094 1197 quis
1105 1162 1173 1189 civis
1185 1162 1248 1194 fuit,
1260 1164 1308 1198 qui
1320 1163 1359 1190 fas
1370 1172 1429 1190 esse
1440 1169 1557 1199 putaret,
1575 1173 1707 1200 quacum-

909 1207 962 1233 que
973 1203 1019 1225 aut
1029 1203 1112 1225 aetate
1128 1204 1174 1226 aut
1188 1200 1341 1227 valetudine
1357 1205 1441 1232 esset,
1459 1210 1511 1228 non
1527 1211 1556 1228 se
1570 1202 1603 1228 de
1618 1202 1706 1229 salute

909 1244 968 1262 mea
979 1237 1138 1263 sententiam
1150 1237 1236 1264 ferre‘?
1255 1238 1367 1270 Quando
1379 1244 1477 1265 tantam
1489 1239 1666 1274 frequentiam
1677 1241 1706 1266 in

909 1282 1016 1308 campo,
1034 1278 1137 1300 tantum
1153 1275 1323 1309 splendorem
1334 1276 1423 1302 Italiae
1434 1277 1514 1303 totius
1526 1277 1706 1312 ordinumque

908 1311 1044 1342 omnium,
1062 1312 1170 1346 quando
1180 1312 1225 1339 illa
1237 1313 1365 1348 dignitate
1377 1318 1523 1349 rogatores,
1541 1314 1703 1345 diribitores,

908 1348 1088 1383 custodesque
1103 1349 1229 1376 vidistis?
1248 1351 1338 1385 ltaque
1350 1351 1379 1377 P.
1393 1351 1497 1378 Lentuli
1514 1351 1643 1378 beneficio
1658 1360 1706 1379 ex-

908 1385 1015 1412 cellenti
1031 1391 1110 1421 atque
1125 1387 1218 1414 divino
1233 1397 1285 1414 non
1302 1388 1404 1415 reducti
1421 1397 1516 1415 sumus
1533 1389 1560 1415 in
1580 1389 1702 1424 patriam,

908 1423 978 1449 sicut
989 1423 1112 1450 nonnulli
1127 1424 1271 1451 clarissimi
1284 1426 1370 1457 cives,
1393 1426 1441 1452 sed
1456 1426 1534 1462 equis
1549 1427 1704 1463 insignibus

907 1465 932 1486 et
942 1469 1023 1487 curru
1034 1465 1126 1487 aurato
1136 1463 1270 1496 reportati.

963 1499 1005 1524 29.
1028 1498 1140 1525 Possum
1157 1507 1206 1534 ego
1221 1500 1285 1525 satis
1301 1500 1326 1526 in
1340 1500 1388 1527 Cn.
1401 1500 1557 1535 Pompeium
1573 1509 1703 1536 umquam

906 1539 999 1570 gratus
1020 1535 1119 1567 videri,
1141 1537 1189 1571 qui
1209 1546 1261 1563 non
1276 1537 1363 1564 solum
1380 1538 1451 1572 apud
1468 1546 1529 1569 vos,
1551 1539 1598 1573 qui
1609 1547 1703 1565 omnes

907 1572 978 1598 idem
990 1573 1156 1605 sentiebatis,
1169 1574 1217 1601 sed
1229 1575 1307 1601 etiam
1319 1575 1390 1609 apud
1403 1576 1559 1602 universum
1571 1576 1703 1610 populum

907 1610 1057 1636 Romanum
1081 1611 1195 1637 salutem
1219 1612 1382 1647 reipublicae
1405 1617 1431 1639 et
1453 1618 1635 1640 conservatam
1658 1622 1705 1648 per

908 1655 958 1678 me,
967 1652 992 1674 et
1003 1648 1171 1675 coniunctam
1184 1657 1242 1675 esse
1253 1658 1314 1675 cum
1327 1658 1384 1676 mea
1396 1649 1511 1676 dixerit?
1521 1651 1569 1685 qui
1580 1659 1703 1677 caussam

907 1693 993 1711 meam
1006 1685 1185 1720 prudentibus
1197 1686 1401 1718 commendarit,
1419 1688 1557 1722 imperitos
1568 1688 1705 1715 edocuerit

907 1722 1055 1757 eodemque
1067 1726 1184 1758 tempore
1195 1724 1331 1758 improbos
1343 1725 1497 1751 auctoritate
1508 1734 1556 1751 sua
1567 1734 1703 1761 compres-

906 1759 984 1791 serit,
1006 1760 1090 1787 bonos
1111 1761 1250 1787 excitarit?
1269 1762 1317 1797 qui
1338 1762 1469 1797 populum
1486 1763 1634 1789 Romanum
1657 1772 1704 1798 pro

907 1805 962 1829 me,
980 1801 1117 1832 tamquam
1134 1807 1182 1833 pro
1198 1798 1276 1825 fratre
1292 1804 1338 1826 aut
1353 1808 1400 1834 pro
1411 1805 1532 1834 parente,
1550 1809 1602 1827 non
1614 1800 1702 1827 solum

907 1834 1026 1861 hortatus
1037 1836 1085 1866 sit,
1103 1844 1196 1862 verum
1213 1836 1292 1862 etiam
1304 1836 1466 1863 obsecrarit‘?
1484 1838 1531 1872 qui
1548 1839 1606 1872 ipse
1616 1847 1702 1873 quum

906 1877 1013 1907 propter
1028 1877 1129 1899 metum
1145 1873 1325 1900 dimicationis
1340 1879 1365 1900 et
1381 1875 1521 1910 sanguinis
1535 1875 1614 1902 domo
1624 1884 1652 1902 sc
1664 1880 1704 1902 te-

907 1914 988 1941 neret,
1001 1910 1080 1936 etiam
1092 1919 1106 1937 a
1118 1911 1303 1945 superioribus
1317 1912 1432 1938 tribunis
1444 1913 1562 1947 petierit,
1575 1917 1605 1939 ut
1616 1913 1649 1939 de
1660 1922 1703 1940 sa-

907 1947 961 1974 lute
977 1956 1035 1974 mea
1051 1952 1077 1974 et
1092 1949 1292 1984 promulgarent
1303 1954 1328 1975 et
1339 1949 1485 1976 referrent?
1502 1951 1589 1985 quiin
1600 1951 1701 1977 colonia

906 1993 991 2020 nuper
1001 1986 1157 2017 constituta.
1175 1995 1261 2021 quum
1274 1987 1332 2021 ipse
1342 1992 1445 2022 gereret
1457 1989 1656 2023 magistratum.
1675 1989 1701 2014 in

904 2031 958 2057 qua
975 2031 1053 2049 nemo
1069 2028 1124 2050 erut
1139 2029 1246 2058 emptus
1263 2025 1433 2055 intercessor,
1452 2025 1506 2051 vim
1523 2029 1548 2052 et
1558 2025 1702 2052 crudelita-

905 2064 958 2086 tem
975 2060 1110 2096 privilegii
1126 2061 1280 2088 auctoritate
1297 2062 1548 2089 honestissimorum
1561 2063 1700 2089 hominum

905 2101 930 2123 et
940 2097 1058 2132 publicis
1070 2098 1165 2125 litteris
1175 2099 1347 2134 consignarit,
1361 2100 1548 2134 princepsque,
1562 2100 1651 2126 ltaliae
1663 2106 1701 2126 to-

905 2135 959 2161 tius
975 2135 1139 2169 praesidium
1156 2135 1189 2162 ad
1204 2144 1290 2162 meam
1307 2136 1421 2163 salutem
1437 2137 1634 2171 implorandum
1651 2146 1701 2172 pu-

905 2172 983 2198 tarit?
1002 2173 1064 2207 qui,
1077 2181 1163 2207 quum
1175 2173 1233 2208 ipse
1244 2173 1311 2200 mihi
1322 2182 1429 2208 semper
1439 2175 1620 2201 amicissimus
1633 2175 1699 2201 fuis—

904 2214 957 2240 set=
980 2210 1059 2235 etiam
1076 2214 1105 2236 ut
1119 2219 1183 2236 suos
1199 2211 1362 2237 necessarios
1379 2211 1445 2237 mihi
1456 2212 1556 2237 amicos
1568 2212 1698 2240 redderet,

904 2246 1063 2273 elaborarit?
1092 2247 1150 2273 xli.
1168 2249 1209 2273 30.
1231 2248 1337 2279 Quibus
1353 2253 1443 2274 autem
1458 2248 1554 2275 officiis
1571 2250 1601 2275 T.
1619 2250 1698 2275 Annii

904 2283 1031 2310 benetieia
1043 2284 1251 2311 remunerabor?
1260 2285 1339 2311 euius
1350 2286 1438 2312 omnis
1449 2286 1526 2315 actio,
1540 2287 1613 2316 ratio,
1627 2288 1700 2321 cogi-

905 2321 980 2350 tatio.
1003 2325 1073 2347 totus
1089 2321 1207 2356 deniquo
1223 2322 1375 2348 tribunatus
1390 2322 1457 2349 nihil
1474 2323 1546 2349 aliud
1565 2323 1627 2353 fuit,
1647 2325 1698 2349 nisi

902 2362 1041 2387 constans,
1063 2364 1204 2393 perpetuu,
1230 2358 1318 2389 fortis,
1345 2360 1443 2385 invicta
1463 2359 1584 2386 defensio
1604 2360 1699 2387 salutis

904 2394 995 2421 meae?
1014 2395 1085 2427 Quid
1100 2395 1133 2422 de
1145 2396 1172 2421 Ρ.
1186 2396 1277 2422 Sextio
1293 2396 1403 2431 loquur‘?
1422 2397 1470 2431 qui
1486 2406 1563 2423 suam
1579 2406 1640 2433 erga
1656 2407 1699 2425 mo

904 2431 1115 2459 benevolentium
1132 2437 1157 2459 et
1173 2433 1252 2459 iidem
1269 2442 1319 2459 non
1336 2433 1423 2460 solum
1435 2435 1519 2461 animi
1530 2434 1632 2466 dolore,
1650 2436 1698 2462 sed

903 2471 981 2496 etiam
993 2470 1111 2504 corporis
1124 2470 1281 2496 vulneribus
1292 2470 1426 2497 ostendit?

960 2507 1040 2533 Vobis
1057 2515 1132 2536 vero.
1156 2512 1242 2542 putres
1259 2508 1415 2542 conscripti,
1438 2508 1554 2544 singulis
1570 2514 1595 2536 et
1609 2511 1650 2546 egi
1672 2515 1699 2538 ct

902 2553 978 2579 agam
989 2544 1097 2579 gratias.
1120 2544 1257 2571 univorsis
1268 2545 1354 2579 eginh
1366 2546 1450 2575 initio,
1463 2551 1594 2581 quiantum
1607 2549 1694 2582 potui:

901 2582 965 2608 satis
977 2586 1067 2608 ornate
1078 2590 1155 2617 agero
1167 2582 1241 2608 nullo
1253 2582 1331 2608 modo
1342 2591 1463 2617 possum.
1489 2584 1521 2610 Et
1531 2593 1696 2620 quamquam

901 2623 964 2645 sunt
980 2620 1006 2645 iu
1023 2627 1065 2645 me
1080 2620 1221 2654 praecipua
1238 2620 1329 2646 merita
1352 2620 1511 2652 multorum,
1533 2630 1602 2657 quae
1622 2622 1694 2649 sileri

902 2656 976 2683 nullo
987 2656 1065 2695 modp
1077 2662 1202 2691 possunt,
1219 2662 1306 2683 tamen
1319 2657 1400 2684 huius
1413 2659 1540 2693 temporis
1551 2668 1581 2685 ac
1593 2660 1695 2686 timoris

901 2694 952 2720 mei
965 2702 1016 2720 non
1029 2698 1077 2723 est.
1090 2695 1178 2721 conari
1190 2703 1396 2722 commemorare
1408 2695 1534 2723 benetiein
1547 2697 1573 2723 in
1586 2705 1628 2724 me
1639 2698 1696 2723 sin-
