1941 3052
301 106 478 133 EPISTOL.
500 106 548 132 AD
568 103 720 132 DlVERs.
742 103 813 129 LIB.
835 102 882 128 IX.
903 101 960 128 ΕΡ.
983 102 1015 127 24
1035 115 1071 120 —-
1091 101 1133 127 026.

63 180 152 211 voles,
168 177 386 213 interpretabere.
420 177 461 203 Me
473 185 536 203 vero
547 175 616 202 nihil
628 176 753 205 istorum,
770 182 803 200 ne
814 174 858 199 iu-

64 225 160 244 venem
180 215 305 251 quidem,
331 215 416 241 movit
435 222 578 249 umquam:
607 221 639 239 ne
661 220 732 238 nunc
753 218 856 237 senem.

65 254 195 282 Convivio
206 252 334 285 delector3
349 252 388 278 ibi
399 251 503 286 loquor,
515 250 588 286 quod
600 251 627 276 in
638 249 736 280 solum,
750 252 779 274 ut
789 248 858 274 dici-

63 297 120 322 tur,
138 295 164 317 et
178 290 311 326 gemitum
325 290 353 315 in
363 290 435 315 risus
447 289 579 314 maximos
590 286 729 314 transfero.
770 287 795 311 3.
817 284 858 311 An

63 334 92 356 tu
113 328 140 354 id
162 327 273 358 melius,
296 327 344 361 qui
364 327 443 352 etiam
464 327 491 352 in
513 324 705 360 philosophum
725 321 859 349 irriseris?

63 374 149 401 quum
161 364 216 396 ille,
229 365 253 390 si
264 365 326 399 quis
337 363 404 398 quid
415 367 563 398 quaereret,
577 362 700 392 dixisset,
713 368 822 387 caenam
834 364 858 385 te

64 410 193 438 quaerere
208 410 223 428 a
238 410 316 427 mane
332 401 444 427 dixeris.
485 399 532 426 Ille
542 399 607 426 baro
618 403 642 425 te
653 398 764 433 putabat
775 405 858 432 quae-

64 441 190 470 siturum,
202 447 288 465 unum
299 438 404 464 caelum
415 442 494 469 esset,
508 446 540 463 an
553 435 772 462 innumerabilia.
787 433 858 466 Quid

64 477 98 504 ad
109 476 152 504 te‘?
171 477 205 503 At
219 475 329 502 hercule
345 484 426 501 caena
441 483 493 501 non
509 474 575 509 quid
587 473 619 499 ad
631 478 668 503 te,
686 473 726 498 ibi
737 480 859 506 praeser-

64 515 124 542 tim.
165 515 189 540 4.
210 513 253 540 Sic
269 513 352 548 igitur
366 513 481 543 vivitur;
504 511 624 546 quotidie
641 509 745 544 aliquid
761 508 859 544 legitur

65 556 111 578 aut
120 551 262 578 scribitur:
275 550 347 581 dein,
361 558 394 576 ne
405 550 499 575 amicis
510 548 578 574 nihil
590 547 750 577 tribuamus,
765 545 859 580 epula-

65 598 127 616 mur
137 597 190 615 una
202 596 255 614 nou
266 587 344 614 modo
355 596 407 613 non
419 591 508 613 contra
520 585 616 620 legem,
629 593 653 610 s1
664 583 719 610 ulla
733 591 804 609 nunc
815 582 859 608 lex

65 630 114 657 est,
128 626 176 652 sed
187 626 266 652 etiam
277 625 346 651 intra
357 624 452 659 legem,
465 628 491 649 et
501 622 611 657 quidem
623 621 770 655 aliquanto.
786 619 859 652 Qua-

65 672 94 690 re
106 663 173 690 nihil
186 667 234 694 est,
243 661 315 697 quod
327 661 471 687 adventum
483 664 603 686 nostrum
615 659 784 684 extimescas.
800 658 857 683 Non

66 700 145 728 multi
159 700 213 727 cibi
224 699 357 734 hospitem
371 698 500 732 accipies,
519 696 597 723 multi
608 695 669 723 ioci.
705 693 801 732 [Vale]

350 789 575 802 4999-

442 927 484 952 80.

175 990 375 1020 LIBER
418 988 730 1019 DECIMUS.

120 1106 137 1126 1.
156 1106 232 1126 ARG.
247 1104 362 1126 Invehitur
371 1104 395 1124 in
405 1103 499 1124 Antonii
508 1103 637 1131 potentiam,
647 1102 739 1127 Planco,
751 1101 860 1123 Transal-

67 1140 133 1168 pinae
143 1140 232 1161 Galliae
246 1139 354 1168 praesidi,
369 1146 436 1166 remp.
452 1139 588 1160 commendat
603 1142 624 1159 et
634 1139 661 1158 de
673 1137 756 1159 Furnio
768 1137 861 1163 henigne

68 1178 171 1203 suscepto
181 1175 263 1201 gratias
273 1175 327 1200 egit.
360 1177 446 1199 (Romae,
455 1175 545 1196 Antonio,
560 1175 660 1194 Dolabella
671 1182 716 1193 coss.
728 1175 783 1198 710.)

265 1219 432 1247 CICERO
471 1218 659 1246 PLANCO.

126 1268 149 1292 4.
170 1262 209 1292 Et
219 1265 294 1292 abfui
305 1265 478 1301 proficiscens
490 1265 515 1291 in
529 1265 682 1292 Graeciam:
702 1270 735 1296 et,
755 1269 861 1299 postea-

69 1312 150 1339 quam
166 1303 199 1329 de
214 1312 273 1329 meo
288 1312 369 1329 cursu
384 1302 549 1337 reipublicae
561 1311 621 1329 sum
634 1311 698 1329 voce
709 1307 859 1332 revocatus,

68 1349 218 1376 numquam
234 1349 282 1375 per
292 1341 327 1367 M.
340 1341 486 1367 Antonium
502 1341 610 1375 quietus
626 1339 679 1366 fui:
697 1340 775 1366 cuius
791 1344 862 1366 tanta

68 1384 117 1410 est,
126 1387 178 1405 non
190 1377 341 1409 insolentia,
350 1379 421 1413 (nam
429 1378 455 1404 id
462 1377 573 1413 quidem
580 1377 691 1413 vulgare
698 1377 795 1403 vitium
802 1376 863 1411 est,)

68 1416 116 1443 sed
132 1416 299 1447 immanitas,
316 1424 369 1442 nou
386 1415 464 1442 modo
480 1420 508 1442 ut
522 1423 628 1446 vocem,
646 1414 694 1441 sed
709 1423 742 1440 ne
756 1414 862 1441 vultum

68 1453 180 1488 quidem
193 1453 307 1479 liberum
320 1453 404 1488 possit
416 1452 483 1479 ferre
493 1453 666 1487 cuiusquam.
709 1453 800 1486 Itaque
812 1452 865 1477 mi-

69 1491 98 1517 hi
114 1491 247 1517 maximae
263 1499 342 1516 curae
357 1495 410 1521 est,
428 1498 479 1516 non
495 1490 528 1516 de
540 1498 598 1515 mea
609 1489 720 1524 quidem
732 1490 800 1520 vita,
819 1489 863 1515 cui

68 1527 187 1555 satisfeci
203 1527 246 1554 vel
261 1532 345 1554 aetate
359 1527 402 1554 vel
414 1526 490 1553 sactis
501 1526 543 1553 vel
555 1527 587 1561 (si
599 1527 666 1561 quid
677 1527 758 1553 etiam
770 1526 819 1552 hoc
831 1526 864 1552 ad

69 1574 124 1592 rem
136 1564 260 1600 pertinet)
271 1564 368 1600 gloria;
392 1564 440 1591 sed
454 1573 497 1590 me
511 1565 596 1599 patria
607 1564 746 1595 sollicitat,
764 1565 791 1590 in
808 1564 865 1598 pri-

69 1603 190 1638 misque,
208 1603 245 1628 mi
257 1602 365 1633 Plance,
382 1602 546 1637 exspectatio
557 1601 712 1628 consulatus
723 1602 776 1628 tui:
795 1609 864 1636 quae

68 1641 104 1667 ita
116 1639 194 1676 longa
205 1644 254 1671 est,
266 1644 297 1667 ut
306 1639 454 1675 optandum
466 1640 509 1670 sit,
522 1643 552 1665 ut
562 1639 699 1674 possimus
711 1638 744 1665 ad
756 1638 785 1664 id
796 1643 865 1665 tem—

69 1686 120 1713 pus
135 1677 301 1712 reipublicae
315 1677 440 1712 spiritum
457 1676 566 1703 ducere.
606 1676 680 1708 Quae
694 1680 781 1711 potest
791 1677 863 1702 enim

69 1723 131 1750 spes
141 1723 200 1741 esse
211 1715 239 1741 in
250 1723 280 1741 ea
292 1714 444 1749 republica,
463 1715 489 1741 in
500 1723 553 1750 qua
564 1713 683 1741 hominis
695 1714 865 1749 impotentis-

69 1752 133 1779 simi
158 1756 237 1787 atque
262 1752 511 1787 intemperatissimi
540 1753 622 1778 armis
648 1760 777 1787 oppressa
802 1756 865 1778 sunt

69 1788 177 1816 omnia‘?
187 1794 213 1816 et
223 1789 251 1816 iu
262 1798 316 1824 qua
327 1798 375 1815 nec
386 1794 509 1821 senatus,
526 1798 574 1815 nec
586 1789 703 1824 populus
715 1790 771 1816 vim
784 1789 865 1816 habet

69 1826 171 1854 ullam?
190 1835 239 1853 nec
254 1826 327 1862 leges
342 1826 412 1853 ullae
427 1831 504 1858 sunt,
522 1835 569 1853 nec
584 1827 684 1853 iudicia
697 1835 745 1853 nec
755 1828 865 1854 omnino

69 1863 246 1890 simulacrum
261 1863 371 1898 aliquod
386 1873 416 1890 ac
431 1864 579 1899 vestigium
599 1863 735 1890 civitatis?
763 1866 788 1891 2.
811 1864 865 1890 Sed

70 1909 157 1936 quum
173 1905 230 1927 acta
245 1901 335 1927 omnia
351 1901 420 1927 mitti
436 1901 469 1927 ad
490 1905 513 1927 tc
529 1901 691 1932 arbitrabar:
715 1901 784 1928 nihil
799 1907 862 1932 erat,

69 1938 143 1974 quod
158 1938 275 1973 singulis
290 1937 322 1964 de
338 1938 420 1964 rebus
432 1937 589 1964 scriberem.
629 1938 699 1964 lllud
710 1944 799 1965 autem
810 1944 866 1965 erat

69 1976 169 2002 amoris
185 1975 251 2004 mei,
269 1983 350 2009 quem
367 1984 381 2001 a
396 1979 439 2001 tua
451 1975 566 2010 pueritia
577 1980 734 2010 susceptum
746 1985 797 2003 non
809 1985 866 2002 ser-

70 2013 134 2040 vavi
144 2012 242 2043 solum,
258 2012 306 2038 sed
316 2013 396 2038 etiam
408 2013 485 2043 auxi,
504 2021 611 2039 monere
628 2017 651 2039 te
663 2017 742 2048 atque
754 2013 863 2043 hortari.

69 2055 101 2078 ut
115 2051 142 2076 in
159 2049 355 2085 rempublicam
370 2050 442 2076 omni
455 2051 614 2085 cogitatione
629 2058 747 2085 curaque
759 2051 865 2077 incum-

70 2087 158 2115 beres.
199 2087 272 2120 Quae
288 2087 311 2113 si
327 2086 360 2113 ad
376 2092 452 2114 tuum
469 2092 576 2122 tempus
589 2087 759 2122 perducitur,
778 2088 865 2114 facilis

69 2125 229 2162 gubernatio
241 2129 293 2151 est:
317 2129 346 2151 ut
356 2124 518 2159 perducatur
531 2129 634 2156 autem,
652 2134 764 2160 magnae
779 2134 864 2160 quum

69 2162 226 2198 diligentiae
237 2166 286 2193 est,
303 2166 359 2188 tum
370 2162 450 2188 etiam
463 2161 593 2189 fortunae.
633 2164 657 2189 3.
680 2162 733 2188 Sed
744 2167 770 2189 et
781 2167 804 2189 tc
816 2162 866 2189 ali-

70 2204 170 2236 quanto
185 2204 259 2230 ante,
277 2205 306 2225 ut
320 2208 412 2234 spero,
431 2199 605 2230 habebimus,
623 2204 662 2231 et,
678 2204 865 2235 praeterquam

70 2237 142 2273 quod
154 2236 319 2272 reipublicae
331 2236 471 2263 consulere
482 2236 628 2268 debemuS,
646 2241 734 2264 tamen
751 2241 810 2264 tuae
823 2237 866 2263 di-

108 2275 165 2302 itati
177 2275 212 2301 ita
224 2274 360 2305 favemus,
375 2279 490 2300 utomne
503 2279 622 2300 nostrum
633 2274 791 2305 consilium,
808 2280 867 2301 stu·
888 2289 889 2292 =

90 2312 156 2343 ium,
169 2311 299 2341 osticium,
313 2320 431 2346 operam,
441 2311 567 2342 lahorem,
580 2311 750 2347 diligentiam
764 2312 797 2338 ad
809 2321 866 2338 am—
888 2332 889 2335 ,

70 2347 232 2384 plitudinem
245 2354 317 2376 tuam
329 2348 509 2375 conseramus.
550 2348 586 2375 Ita
601 2348 727 2375 facillime
738 2354 763 2375 et
774 2350 866 2384 reipu-

70 2385 171 2418 blicae,
188 2395 257 2422 quae
269 2386 337 2412 mihi
348 2387 487 2413 carissimu
499 2390 551 2416 est,
569 2390 595 2412 ct
605 2386 738 2412 amicitiae
750 2391 863 2417 nostrae,

71 2431 153 2458 quam
167 2424 337 2450 sanctissime
352 2423 430 2450 nobis
444 2423 583 2449 colendam
596 2428 673 2457 puto,
691 2432 734 2449 me
745 2423 866 2459 intelligo

71 2459 281 2488 satisfacturum.
323 2462 347 2487 4.
369 2461 500 2487 Furnium
517 2464 637 2486 nostrum
655 2461 720 2487 tanti
735 2469 749 2486 a
761 2465 784 2487 te
797 2461 863 2491 lieri,

71 2501 202 2532 quantum
218 2498 305 2533 ipsius
321 2498 474 2525 humanitas
490 2503 515 2524 et
530 2497 648 2533 dignitas
667 2497 796 2532 postulat,
817 2507 866 2524 nec

71 2535 154 2562 miror
164 2539 190 2562 et
199 2535 316 2571 gaudeo:
331 2540 409 2570 teque
422 2535 471 2562 hoc
481 2535 636 2561 existimare
647 2534 716 2566 volo,
729 2535 866 2570 quidquid

71 2571 101 2598 in
111 2579 173 2598 eum
184 2572 280 2599 iudicii
291 2572 428 2608 officiique
439 2572 598 2603 contuleris,
617 2571 645 2599 id
660 2572 695 2599 ita
706 2581 748 2599 me
760 2574 866 2608 accipe-

72 2616 110 2641 re,
121 2609 189 2636 utin
201 2609 335 2645 meipsum
347 2615 371 2637 te
382 2615 474 2645 putem
484 2609 640 2637 contulisse.

1174 99 1296 126 LIB.X.
1318 99 1380 125 ΕΡ.
1399 100 1462 125 l.3.
1653 100 1701 125 733

961 171 990 191 11.
1006 170 1083 191 ARG.
1101 169 1212 193 Excusat,
1232 169 1289 195 quod
1307 168 1332 189 in
1351 171 1450 189 senatum
1464 167 1490 188 ml
1504 167 1608 192 agendam
1624 166 1703 189 Planci

908 212 1008 227 caussam
1018 212 1061 225 nou
1071 204 1164 225 venerit.
1193 206 1280 227 (Romae,
1289 206 1380 227 Antonio,
1391 205 1490 223 Dolabella
1500 211 1547 222 coss.
1558 205 1613 226 710.)

1088 248 1256 276 CICERO
1285 247 1463 275 PLANCO
1493 247 1522 274 S.

968 297 991 322 ⁴.
1012 290 1110 321 Meum
1126 294 1247 321 studium
1263 294 1357 320 honori
1373 298 1418 320 tuo
1437 302 1485 328 pro
1505 292 1705 319 necessitudine

910 337 998 359 nostra
1010 341 1061 358 non
1073 331 1219 362 defuisset,
1236 333 1259 358 si
1271 336 1315 357 aut
1327 336 1382 357 tuto
1393 331 1420 356 in
1432 335 1554 357 senatum
1566 335 1611 356 aut
1623 330 1706 356 hone-

910 375 948 396 ste
965 370 1056 395 venire
1072 370 1232 404 potuissem.
1274 368 1326 394 Sed
1343 376 1392 394 nec
1409 369 1467 394 sine
1487 367 1608 402 periculo
1628 368 1706 402 quis-

910 416 991 442 quam
1009 406 1091 432 libere
1107 406 1140 432 de
1156 406 1295 440 republica
1314 406 1434 431 sentiens
1454 406 1556 431 versari
1571 409 1657 439 potest
1678 405 1706 430 in

910 453 1016 470 summa
1028 444 1187 478 impunitate
1198 443 1364 478 gladiorum,
1383 451 1432 468 nec
1447 447 1552 468 nostrae
1566 442 1706 477 dignitatis

910 481 1018 507 videtur
1029 489 1088 506 esse
1099 481 1139 506 ibi
1153 481 1312 506 sententiam
1328 480 1360 506 de
1377 479 1516 514 republica
1532 479 1634 510 dicere,
1658 479 1707 505 ubi

911 527 952 544 me
964 523 990 545 et
1000 518 1098 544 melius
1110 522 1135 544 et
1145 518 1256 552 propius
1270 517 1380 543 audiant
1391 517 1494 547 armati,
1509 526 1590 551 quam
1601 521 1708 542 senato-

910 564 963 582 res.
1003 557 1028 582 2.
1050 554 1218 589 Quapropter
1234 555 1261 580 in
1277 555 1390 589 privatis
1406 554 1487 580 rebus
1501 553 1607 580 nullum
1620 561 1707 588 neque

909 592 1030 619 officium
1042 601 1129 626 neque
1141 592 1261 618 studium
1274 601 1365 617 meum
1376 591 1557 623 desiderabis:
1572 600 1604 617 ne
1617 592 1644 617 in
1655 599 1708 625 pu-

910 630 990 656 blicis
1002 629 1123 664 quidem,
1136 630 1160 655 si
1171 629 1238 664 quid
1249 630 1306 660 erit,
1316 630 1343 655 in
1355 637 1408 663 quo
1419 637 1462 654 me
1474 629 1602 654 interesse
1614 637 1708 654 neces—

910 676 939 694 se
951 668 998 698 sit,
1012 675 1141 701 umquam
1153 666 1245 697 deero,
1262 675 1294 692 ne
1308 675 1370 692 cum
1382 665 1503 700 periculo
1514 665 1625 700 quidem
1637 673 1705 695 meo,

911 704 1037 740 dignitati
1047 709 1117 730 tuae.
1144 704 1171 729 In
1184 704 1218 729 iis
1229 708 1318 729 autem
1330 703 1420 733 rebus,
1436 711 1505 737 quae
1518 703 1705 732 nihilominus,

911 746 941 768 ut
951 750 1000 777 ego
1011 741 1111 771 absim,
1125 741 1221 766 confici
1232 745 1369 775 poterunt,
1386 744 1446 774 peto
1458 748 1472 765 a
1483 744 1521 771 te,
1535 745 1564 766 ut
1574 749 1616 766 me
1628 740 1708 766 ratio-

912 788 973 805 nem
985 778 1083 805 habere
1095 777 1163 804 velis
1173 783 1199 804 et
1209 777 1304 804 salutis
1316 782 1341 804 et
1352 777 1492 813 dignitatis
1506 785 1590 803 meae.

965 865 1006 886 lll.
1025 865 1042 885 A
1050 864 1102 885 RG.
1117 864 1196 885 Cicero
1206 871 1293 888 verena,
1304 870 1338 887 ne,
1350 864 1407 890 quod
1418 863 1507 888 accidit,
1519 870 1565 884 rum
1576 861 1675 883 Antonio
1685 869 1710 883 se

911 900 1009 921 Plancus
1019 899 1146 925 coniungat,
1157 900 1214 920 hunc
1223 899 1299 919 laudat
1309 901 1331 919 et
1341 899 1367 919 ad
1379 898 1535 925 rempublicam
1546 898 1648 918 tuendam
1659 897 1708 918 hur-

912 938 979 956 tatur.
1009 937 1096 960 (Romae,
1106 936 1196 957 Antonio,
1205 936 1307 954 Dolabella
1319 942 1364 953 coss.
1376 937 1431 956 71⁰.)

1089 987 1231 1015 CICERO
1256 988 1284 1014 S.
1310 988 1340 1014 D.
1366 987 1527 1014 PLANCO.

969 1040 992 1064 t.
1014 1031 1111 1069 Quum
1127 1038 1218 1072 ipsum
1234 1038 1365 1064 Furnium
1384 1045 1432 1071 per
1447 1045 1475 1063 se
1491 1035 1549 1063 vidi
1561 1034 1710 1061 libentissi-

913 1084 969 1107 me,
987 1080 1044 1102 tum
1057 1076 1106 1101 hoe
1122 1075 1264 1106 libentius,
1282 1074 1355 1110 quod
1372 1074 1450 1100 illum
1463 1073 1576 1100 audiens
1592 1077 1618 1099 te
1634 1072 1711 1098 vide-

912 1113 960 1140 bar
971 1112 1075 1139 audire.
1116 1113 1184 1138 Nam
1195 1117 1221 1139 et
1232 1113 1259 1139 in
1271 1121 1298 1139 re
1311 1111 1421 1139 militari
1433 1112 1571 1141 virtutem,
1588 1115 1613 1136 et
1624 1111 1651 1136 in
1663 1109 1711 1135 ad-

912 1150 1090 1177 ministranda
1110 1151 1250 1185 provincia
1271 1150 1416 1180 iustitiam,
1439 1154 1466 1175 et
1481 1150 1508 1175 in
1524 1147 1598 1175 omui
1613 1155 1710 1183 genere

912 1188 1084 1223 prudentiam
1097 1188 1164 1214 mihi
1177 1193 1249 1214 tuam
1261 1188 1387 1222 exposuit
1396 1191 1421 1213 et
1432 1191 1567 1221 praeterea
1579 1185 1647 1211 mihi
1658 1193 1711 1210 non

913 1227 1032 1261 ignotam
1055 1226 1082 1251 in
1098 1225 1293 1251 consuetudine
1307 1229 1333 1251 et
1353 1224 1534 1250 familiaritate
1550 1223 1710 1249 suavitatem

913 1269 986 1290 tuam
998 1263 1135 1295 adiunxit,
1158 1267 1293 1297 praeterea
1304 1270 1439 1288 summam
1451 1270 1513 1297 erga
1525 1270 1553 1287 se
1565 1259 1712 1286 liberalita—

914 1306 978 1327 tem.
1000 1300 1073 1332 Quae
1084 1300 1173 1326 onmia
1185 1300 1253 1326 mihi
1266 1300 1392 1329 iucunda,
1406 1299 1455 1325 lioc
1467 1303 1618 1324 extremum
1630 1298 1711 1323 etiam

913 1343 1020 1374 gratum
1036 1337 1096 1364 suit.
1136 1340 1162 1364 2.
1184 1338 1254 1373 Ego,
1272 1337 1381 1367 Plance,
1404 1335 1632 1362 necessitudinem
1648 1343 1712 1360 con-

914 1377 1034 1402 stitutam
1047 1375 1130 1401 habui
1141 1383 1203 1400 cum
1214 1374 1293 1401 domo
1305 1378 1392 1400 vestra
1404 1378 1463 1399 ante
1475 1373 1711 1407 aliquanto,quam

915 1418 942 1439 tu
955 1418 1032 1439 natus
1047 1421 1090 1445 es;
1108 1420 1225 1438 amorem
1241 1417 1329 1438 autem
1345 1420 1406 1447 erga
1419 1416 1442 1437 te
1454 1411 1487 1436 ab
1499 1411 1608 1436 ineunte
1620 1409 1713 1443 pueri-

915 1451 951 1477 tia
968 1455 1025 1483 tua3
1043 1450 1198 1476 confirmata
1214 1450 1267 1475 iam
1283 1454 1381 1480 aetate,
1400 1448 1610 1474 familiaritatem
1625 1454 1712 1481 quum

915 1487 1005 1514 studio
1026 1496 1098 1518 meo,
1125 1492 1181 1513 tum
1203 1487 1304 1513 iudicio
1325 1491 1370 1513 tuo
1389 1486 1572 1512 constitutam.
1613 1484 1659 1509 llis
1679 1483 1713 1509 de

915 1525 1020 1551 caussis
1036 1524 1197 1551 mirabiliter
1212 1524 1288 1550 faveo
1305 1523 1431 1559 dignitati
1449 1528 1522 1553 tuae,
1546 1530 1627 1556 quam
1644 1520 1713 1546 mihi

917 1567 1005 1589 tecum
1021 1567 1108 1588 statuo
1123 1562 1221 1588 debere
1232 1570 1291 1587 esse
1302 1569 1484 1587 communem.
1525 1558 1622 1586 Omnia
1636 1567 1714 1584 sum-

917 1608 959 1626 ma
970 1604 1131 1626 consecutus
1143 1608 1171 1625 es
1182 1600 1280 1625 virtute
1292 1598 1373 1629 duce,
1387 1598 1482 1624 comite
1495 1596 1613 1623 fortuna:
1627 1603 1713 1630 eaque

916 1646 945 1664 es
956 1637 1069 1671 adeptus
1081 1636 1250 1666 adolescens,
1269 1636 1362 1662 multis
1374 1634 1575 1665 invidentibus,
1591 1642 1660 1668 quos
1672 1633 1714 1659 in-

916 1675 996 1712 genio
1008 1674 1196 1709 industriaque
1208 1673 1321 1709 fregisti.
1353 1673 1430 1699 Nunc
1442 1681 1484 1698 me
1495 1671 1713 1698 amantissimum

918 1714 964 1744 tui,
980 1713 1082 1739 nemini
1093 1711 1292 1743 concedentem,
1301 1711 1349 1746 qui
1361 1711 1410 1738 tibi
1423 1714 1553 1737 vetustate
1565 1708 1714 1735 necessitu-

916 1750 989 1777 dinis
1005 1751 1091 1785 potior
1107 1751 1192 1784 possit
1206 1758 1279 1781 esse,
1297 1750 1321 1775 si
1337 1749 1444 1779 audies,
1461 1756 1568 1774 onlnem
1585 1746 1635 1772 tibi
1651 1744 1715 1771 reli-

916 1796 985 1823 quae
1002 1789 1072 1814 vitae
1084 1787 1243 1822 dignitatem
1255 1796 1288 1813 ex
1299 1787 1400 1821 optimo
1411 1784 1576 1820 reipublicae
1588 1788 1656 1810 statu
1669 1791 1714 1808 ac-

916 1826 1019 1860 quires.
1042 1827 1066 1851 3.
1083 1824 1141 1851 Scis
1152 1824 1278 1860 prose-cto,
1293 1823 1371 1859 (nillil
1383 1823 1454 1849 enim
1468 1828 1491 1848 te
1503 1822 1595 1857 sugere
1607 1820 1714 1855 potuit,)

917 1863 1001 1889 fuisse
1012 1862 1149 1897 quoddam
1161 1867 1281 1897 tempus,
1297 1870 1383 1896 quum
1396 1861 1519 1886 homines
1529 1859 1715 1885 existimarent

917 1905 941 1927 te
954 1900 1036 1926 nimis
1047 1900 1149 1926 servire
1161 1899 1341 1934 temporibus:
1355 1898 1428 1933 quod
1439 1906 1488 1933 ego
1500 1904 1607 1932 quoque
1619 1895 1715 1921 existi-

917 1946 1032 1969 marem,
1050 1942 1075 1964 te
1086 1937 1164 1967 sica,
1182 1945 1251 1972 quae
1263 1936 1412 1971 patiebare,
1426 1935 1538 1970 probare
1549 1934 1630 1959 etiam
1642 1932 1712 1958 arbi-

918 1980 1009 2002 trarer.
1050 1974 1101 2001 Sed
1113 1983 1199 2009 quum
1211 1974 1403 2009 intelligerem.
1416 1972 1483 2007 quid
1495 1972 1622 1998 sentires.
1636 1975 1660 1996 te
1672 1978 1715 1995 ar-

918 2012 1038 2039 bitrabar
1056 2012 1161 2042 videre,
1183 2012 1249 2047 quid
1267 2020 1370 2046 posses.
1411 2011 1488 2036 Nune
1504 2008 1559 2035 alia
1577 2008 1643 2034 ratio
1663 2011 1712 2033 est.

917 2050 1045 2076 Omnium
1062 2058 1150 2075 rerum
1168 2054 1244 2076 tuum
1261 2048 1393 2075 iudicium
1409 2052 1463 2078 est,
1488 2046 1569 2081 idque
1586 2045 1712 2071 liberum.

917 2087 1016 2113 Consul
1028 2096 1056 2113 es
1068 2087 1225 2121 designatus
1236 2087 1336 2120 optima
1349 2089 1445 2115 aetate,
1463 2092 1569 2110 summa
1585 2083 1715 2117 eloquen-

918 2125 962 2155 tia,
976 2125 1093 2150 maxima
1105 2124 1218 2150 orbitate
1229 2123 1394 2158 reipublicae
1407 2123 1526 2147 virorum
1540 2120 1643 2147 talium.
1672 2119 1715 2144 In-

917 2161 1024 2191 cumbe,
1038 2170 1086 2196 per
1099 2161 1163 2187 deos
1177 2160 1349 2190 immortales,
1367 2160 1393 2185 in
1405 2167 1463 2185 eam
1475 2167 1566 2184 curam
1578 2162 1603 2183 et
1613 2157 1714 2191 cogita-

918 2199 1031 2229 tionem,
1053 2206 1122 2233 quae
1138 2198 1187 2224 tibi
1198 2206 1332 2224 summam
1345 2196 1503 2232 dignitatem
1515 2200 1539 2221 et
1550 2194 1663 2230 gloriam
1675 2192 1714 2218 as-

919 2236 993 2262 terat.
1035 2235 1109 2261 Unus
1125 2240 1212 2261 autem
1229 2239 1281 2265 est,
1301 2234 1349 2260 lloc
1365 2233 1522 2268 praesertim
1538 2238 1655 2266 tempore
1668 2239 1715 2264 per

918 2278 954 2300 tot
965 2281 1048 2299 annos
1061 2272 1199 2306 republica
1211 2272 1349 2300 devexum,
1364 2270 1528 2305 reipublicae
1540 2269 1607 2295 bene
1618 2276 1714 2302 geren-

917 2311 966 2337 dae
977 2319 1074 2336 cursus
1088 2309 1120 2335 ad
1132 2309 1256 2343 gloriam.
1289 2310 1312 2335 h.
1335 2309 1404 2334 llaec.
1415 2316 1503 2333 amore
1515 2307 1600 2341 magis
1613 2304 1714 2339 impul-

896 2361 897 2367 =
917 2357 964 2374 sus
980 2346 1122 2373 scribenda
1144 2347 1177 2372 ad
1194 2351 1217 2372 te
1234 2346 1340 2381 putavi,
1363 2354 1445 2380 quam
1461 2353 1514 2379 quo
1531 2349 1555 2369 te
1571 2343 1714 2369 arbitrarer

918 2385 1027 2411 monitis
1038 2389 1064 2410 et
1075 2384 1224 2418 praeceptis
1236 2392 1324 2417 egere.
1351 2382 1474 2408 Sciebam
1485 2382 1557 2407 enim
1570 2389 1603 2406 ex
1616 2379 1713 2405 iisdem

918 2428 942 2448 te
959 2422 1023 2448 liaee
1039 2422 1146 2448 haurire
1163 2421 1295 2450 tontibus.
1320 2429 1354 2446 ex
1368 2419 1470 2455 quibus
1487 2419 1544 2452 ipse
1560 2418 1711 2443 hauseram.

917 2460 1004 2492 Quare
1021 2459 1130 2486 modum
1147 2458 1252 2484 faciam.
1294 2458 1370 2483 Nune
1386 2462 1488 2483 tantum
1503 2454 1712 2491 significandum

918 2497 1025 2532 putavi,
1049 2501 1077 2523 ut
1097 2496 1186 2530 potius
1207 2504 1324 2522 mliorem
1349 2495 1397 2521 tibi
1422 2493 1590 2520 ostenderem
1610 2501 1710 2520 meum,

917 2543 998 2569 quam
1010 2538 1170 2560 ostentarem
1183 2533 1363 2568 prudentiam.
1405 2532 1518 2559 interea,
1537 2538 1605 2565 quae
1621 2529 1654 2555 ad
1670 2529 1713 2555 di-

917 2572 1045 2607 gnitatem
1058 2576 1131 2598 tilam
1143 2571 1275 2606 pertinere
1287 2568 1447 2600 arbitrabor.
1464 2567 1584 2595 studiose
1594 2566 1712 2602 diligen-

918 2614 1010 2644 terque
1020 2608 1129 2635 curabo.
