1941 3052
210 158 254 180 uui
775 155 812 179 tt.
849 154 881 178 M.
918 154 945 179 Τ.

204 227 292 255 ‹lo-tur,
310 231 338 252 ut
353 226 502 254 with-amun,
518 234 586 260 qum·
604 226 655 250 ,nint
670 224 726 253 illa,
747 233 814 258 quat·
832 232 911 258 suipra
930 224 985 250 *lixi
1014 226 1016 238 ¹

205 264 299 293 inu-ina,
320 273 386 297 qum·
408 263 531 288 nwunlwa⁴
574 263 639 287 Ilm-v
657 263 726 286 enirn
753 262 778 286 in
800 262 867 286 xvc-ris*
885 262 986 286 ‹uni-..nis

205 302 345 327 niaximum
366 305 463 334 purtem
482 300 604 324 orationi«
622 299 748 324 alnum-nt.
790 299 894 323 Constat
916 298 986 323 cnitn

206 338 248 363 ill·-
267 338 381 363 :nubium
400 342 423 362 ct
443 337 517 370 plo-na
540 335 740 368 νιιιιιμι-ι-Ιιι-ιικὶι»
757 344 770 358 t·
788 340 911 368 ‹pinttuur
936 334 987 360 fere

205 375 331 409 partibus,
349 383 415 408 qum·
432 374 546 398 nu=nil1rn
561 373 684 401 ‹tn-unm,
699 376 726 396 ut
740 376 764 397 et
778 381 854 397 aurs-»⁴
870 371 985 405 impleat,

204 416 228 437 vt
252 421 283 437 tu·
307 412 409 436 brevior
431 411 477 437 sit,
504 418 582 443 quant
607 410 669 434 snus
694 409 739 437 sit,
766 417 851 443 nequ·-
876 408 986 442 longior.

203 450 368 482 Quamquam
385 452 525 480 utrumque
541 454 738 479 nonnumquam
755 445 794 471 vv!
810 446 896 479 potius
911 454 988 479 sau-pe

204 485 306 513 :it-vidit,
324 490 350 509 ut
365 489 407 509 aut
422 485 500 508 vitius
517 483 691 508 insiste—mlum
707 483 740 508 sit
754 487 798 508 aut
813 482 918 515 longius
930 491 988 516 pro-

203 522 363 548 cedendum.
390 530 419 546 nc
440 520 553 545 liri-vitam
576 519 747 545 ‹lt-fraudasse
769 529 845 545 aures
869 519 988 545 videatur

205 568 268 584 nuw-
289 558 423 589 lonj-'itmlo
441 557 586 582 ohtudisse.
628 557 679 582 Sed
705 557 787 582 habeo
802 557 987 582 nii-‹lim-ritatis

205 597 341 620 rationu-m:
366 604 411 620 nes·
433 595 502 619 enim
529 594 620 628 loquor
638 594 670 619 (le
686 603 762 619 versu
781 598 805 619 et
824 599 863 618 est
883 593 988 619 liberior

204 633 336 666 aliquanto
354 632 444 657 oratis).
487 633 541 657 222.
562 632 581 657 Ε
601 636 724 665 quantuor
743 632 824 663 igitur
842 631 917 665 quusi
943 631 989 656 he-

206 674 378 694 xmnvtroruin
405 669 484 694 imin·-
508 677 633 694 wrsuuin
656 668 727 703 quod
750 669 791 696 sit.
816 672 917 693 constat
937 667 988 693 fere

204 706 278 740 plena
303 706 511 740 comprehensio.
553 706 596 731 llis
623 706 702 738 iggitur
728 705 843 737 singulis
867 705 988 730 versibus

202 743 278 778 quasi
298 743 358 768 nodi
377 747 502 777 apparent
519 743 734 772 continuationis,
756 751 822 776 quos
842 743 867 767 in
887 742 986 767 ambitu

202 781 399 813 coniungimuS.
440 780 486 806 Sin
506 780 670 806 niembratim
692 779 815 805 volumus
829 779 924 809 «livere,
949 780 989 804 in-

202 817 336 847 sistimus,
357 817 437 852 idque
455 826 539 852 quum
557 826 624 851 opus
639 822 690 847 est,
711 817 744 842 al)
763 818 812 842 isto
825 825 903 842 cursu
920 817 989 842 invi·
1010 835 1011 840 ,

202 854 276 880 ‹lioso
291 854 364 880 facile
380 863 426 880 nos
440 859 464 880 et
478 863 555 889 saepe
569 855 760 887 disiungimus.
787 854 839 879 Sed
855 853 919 879 nihil
936 858 987 879 tam
1010 885 1011 888 Ἰ

202 892 279 918 dehet
293 900 350 917 esse
366 900 545 922 numerosum,
561 901 641 926 quam
658 892 717 922 hoc,
734 891 804 926 quod
820 892 929 917 minime
943 900 989 924 ap-

203 933 274 963 paret
296 934 321 955 et
344 928 411 955 valet
434 929 589 963 plurimum.
630 929 668 955 lix
688 929 735 955 hoc
753 937 850 963 genere
868 928 935 954 illud
949 932 990 954 cst
1010 918 1018 969 Ji

202 967 302 992 Crassi:
329 967 421 992 *Ilissos
437 969 535 1000 saciant
552 972 687 999 patronos:
708 969 758 999 ipsi
769 968 901 999 prodeant.
932 965 988 991 Nisi
1010 976 1011 979 ¹

202 1003 341 1029 intervallo
354 1003 465 1029 ‹tixisstt
479 1019 515 1023 —
528 1019 564 1023 —
579 1006 626 1036 ipsi
639 1006 774 1036 prom-ant.
790 1018 826 1022 —
839 1018 875 1022 —
889 1003 990 1028 sensis-

202 1045 241 1067 set
255 1040 370 1074 profecto
384 1049 411 1066 se
426 1040 527 1067 fudisse
541 1041 688 1071 senarium,
709 1041 817 1067 omnino
835 1039 931 1066 melius
946 1048 990 1065 ca-
1010 1050 1018 1076 l,

195 1078 282 1108 ’ἀοι-οι,
297 1080 419 1110 prodeant
433 1081 488 1111 ipsi.
500 1080 557 1104 ⁶223.
571 1078 622 1104 Sed
636 1078 668 1103 ‹le
681 1086 776 1113 genere
791 1086 860 1103 nunc
871 1077 987 1112 disputo.
1010 1081 1019 1118 ις

204 1115 256 1141 Cur
270 1117 432 1140 rlmnlestinis
451 1117 563 1141 consiliis
580 1124 625 1141 nos
643 1116 808 1148 oppuynant?
828 1124 874 1140 cur
887 1117 916 1139 rte
929 1123 989 1147 per-
1010 1113 1011 1123 ¹

200 1155 268 1186 [αφ’-ς
282 1155 374 1178 nostris
388 1155 474 1185 copias
487 1157 635 1185 conquirant
650 1157 737 1178 contra
749 1152 813 1178 nos?
828 1152 912 1177 Prima
927 1155 990 1177 sunt
1010 1181 1011 1188 ἵ

201 1189 245 1215 illa
260 1189 320 1220 (luo,
337 1198 405 1223 quae
418 1189 536 1224 κόμματα
551 1190 643 1216 Graeci
662 1193 768 1219 vocant,
790 1197 837 1215 nos
851 1189 934 1214 ineisa
948 1189 989 1215 ‹li-
1010 1195 1011 1223 J

201 1227 300 1258 cimus3
322 1226 418 1252 deinde
437 1227 542 1253 tertium
565 1227 646 1252 κῶλον
668 1226 721 1257 illi,
747 1235 795 1252 nos
822 1226 986 1257 membrum;

201 1264 322 1298 sequitur
336 1272 386 1289 non
402 1263 477 1297 longa
491 1279 526 1283 —
541 1272 574 1290 ex
591 1263 696 1289 (luobus
715 1263 786 1289 enim
805 1263 940 1293 versibus,
962 1263 988 1289 id

201 1306 240 1327 cst
254 1301 388 1331 membris,
406 1300 518 1335 perfecta
532 1301 733 1334 comprehensio
743 1305 782 1326 est
792 1301 850 1326 etin
857 1300 988 1334 spondeos

201 1338 282 1369 cadim
305 1342 330 1363 et
343 1338 454 1364 Crassus
467 1338 577 1372 quidem
591 1338 629 1363 sic
644 1338 802 1372 plerumque
819 1337 931 1367 dicebat,
948 1337 989 1363 id—
1009 1350 1011 1356 ¹

200 1384 252 1410 qne
266 1376 324 1409 ipse
336 1383 421 1409 genus
435 1374 538 1401 dicendi
556 1376 670 1401 maxime
685 1375 776 1409 probo.
817 1375 919 1401 vau.
935 1374 988 1400 Sed
1009 1375 1011 1398 l

200 1421 268 1447 quae
282 1412 386 1438 incisim
401 1416 445 1438 aut
460 1413 626 1438 membratim
641 1412 793 1442 efferuntur,
806 1420 835 1437 ea
850 1411 890 1437 vel
906 1412 989 1446 aptis-

200 1450 267 1475 sime
289 1449 380 1475 cadere
403 1449 510 1480 debent,
537 1454 566 1475 ut
588 1454 627 1475 est
649 1449 720 1483 apud
744 1457 799 1475 me:
827 1450 921 1475 Domus
943 1450 989 1474 tibi
1009 1469 1011 1485 ι

199 1486 305 1512 deerat?
325 1491 351 1512 at
374 1488 489 1512 habebas.
531 1487 637 1512 Pecunia
662 1485 819 1519 superabat?
842 1490 869 1512 at
891 1487 987 1519 egebas.

199 1524 256 1550 224.
277 1524 344 1549 Haec
363 1524 445 1549 incise
463 1523 531 1549 dicta
549 1528 611 1549 sunt
629 1527 762 1558 quattuor.
802 1522 835 1550 At
857 1523 990 1549 membra-

200 1562 256 1592 tim,
272 1569 340 1595 quae
353 1565 514 1595 sequuntur,
535 1560 601 1587 duo:
624 1561 762 1586 Incurristi
774 1569 861 1586 amens
877 1563 905 1586 in
918 1562 989 1586 colu-

200 1606 284 1624 mnas:
309 1600 335 1623 ιἰι
356 1599 452 1623 alienos
474 1601 580 1624 insanus
602 1600 728 1624 insanisti.
767 1597 867 1623 Deinde
889 1597 985 1628 omnia,

199 1639 334 1669 tamquam
356 1635 491 1669 crepidine
517 1635 644 1670 quadam,
673 1634 907 1669 comprehensione
931 1634 988 1661 lon-

199 1673 271 1707 giore
288 1672 466 1698 sustinentur:
489 1673 651 1705 Depressam,
671 1680 784 1701 caecam,
804 1674 925 1697 iacentem
942 1674 988 1697 do-

199 1718 265 1735 mum
278 1711 369 1741 pluris.
384 1718 459 1742 quam
474 1714 504 1739 te,
516 1713 539 1735 et
550 1718 625 1742 qutun
635 1711 753 1742 fortunas
767 1713 826 1734 tuas
837 1711 987 1738 aestimasti,

199 1746 322 1772 dichoreo
334 1746 432 1772 finitur.
454 1746 487 1772 At
497 1745 644 1780 dispondeo
658 1746 810 1780 proximum
823 1745 901 1772 illud.
920 1745 986 1771 Nam

199 1784 226 1809 in
240 1783 282 1814 iiS,
298 1783 398 1818 quibus
412 1787 441 1809 ut
455 1782 628 1818 pugiunculis
642 1783 680 1808 nti
695 1787 804 1817 oportet,
821 1783 937 1808 brevitas
949 1782 988 1808 fa-

199 1821 234 1846 cit
247 1820 305 1854 ipsa
320 1820 454 1846 liberiores
469 1820 559 1854 pedes.
599 1819 682 1854 Saepe
697 1820 766 1845 enim
781 1819 896 1855 singulis
910 1824 988 1845 uten-

199 1857 263 1883 dum
279 1861 330 1887 est,
357 1857 515 1891 plerumque
538 1857 622 1887 binis,
647 1861 672 1882 et
691 1857 811 1891 utrisque
830 1856 891 1883 addi
911 1856 986 1891 pedis

198 1903 260 1929 pars
274 1898 372 1929 potest;
397 1903 448 1920 non
467 1894 519 1920 fere
539 1894 619 1920 ternis
638 1893 761 1928 amplius.
801 1895 859 1920 225.
879 1894 986 1920 Incisim

199 1935 286 1957 autem
305 1935 330 1957 et
347 1932 513 1957 membratim
532 1935 638 1957 tractata
656 1931 737 1957 oratio
754 1931 782 1957 in
801 1931 870 1957 veris
883 1931 986 1957 caussis

199 1968 345 2003 plurimum
361 1968 441 1999 valet,
462 1969 631 2002 maximeque
644 1969 677 1994 iis
693 1968 768 1998 locis,
789 1976 872 2002 quum
888 1972 933 1994 aut
946 1976 988 1994 ar—

198 2014 264 2041 guas
287 2010 330 2031 aut
345 2005 461 2032 refellas:
489 2010 517 2031 ιιι
535 2010 621 2031 nostra
640 2005 666 2030 in
681 2004 833 2031 Corneliana
855 2004 984 2031 secunda:

200 2043 221 2069 O
235 2044 341 2068 callidos
358 2044 480 2071 homines,
499 2051 514 2068 o
531 2051 581 2067 rem
601 2045 779 2074 coecogyitatam,
794 2051 808 2067 ο
821 2045 923 2075 inycm'a
936 2051 988 2067 me—

199 2081 306 2105 tuenda!
332 2080 497 2105 Membratim
515 2079 611 2110 adhuc,
628 2079 724 2105 deinde
736 2079 848 2110 caesim,
863 2081 985 2109 dimitrius,

199 2125 291 2142 rursus
310 2117 490 2142 membratim:
516 2117 597 2142 Testes
617 2119 681 2142 dare
702 2118 823 2142 volumus.
863 2116 987 2142 Extrema

198 2154 320 2188 sequitur
333 2154 541 2188 comprehensio,
555 2153 602 2179 sed
616 2162 650 2180 ex
662 2153 768 2180 duobus
781 2153 918 2184 membris,
933 2162 986 2187 qua

199 2199 249 2217 non
264 2195 348 2225 potest
362 2199 420 2217 esse
435 2191 551 2217 brevior:
571 2190 656 2221 Quem,
672 2199 773 2224 quaeso,
788 2195 902 2217 nostrum
916 2192 987 2223 sesel-

199 2230 240 2255 Iit.
260 2230 295 2253 ita
315 2237 357 2253 cos
374 2237 426 2253 esse
442 2228 575 2261 facturos?
594 2229 652 2254 226.
668 2228 721 2253 Nec
739 2227 826 2254 ullum
843 2236 929 2263 genus
947 2232 987 2253 est

198 2265 303 2291 dicendi
321 2269 366 2291 aut
380 2264 476 2291 melius
489 2270 534 2291 aut
554 2265 655 2296 fortius,
667 2273 748 2299 quam
763 2265 833 2290 binis
847 2269 892 2290 aut
906 2265 986 2290 ternis

200 2301 275 2328 ferire
290 2302 387 2333 verbis,
404 2311 603 2337 nonnumquam
614 2302 739 2337 singulis,
753 2301 842 2336 paullo
851 2301 916 2328 alias
926 2301 988 2336 plu—

199 2339 281 2370 ribus,
308 2340 375 2365 inter
393 2347 461 2373 quae
480 2340 560 2365 variis
577 2339 706 2365 clausulis
724 2339 866 2373 interponit
883 2347 911 2365 se
929 2347 987 2364 raro

199 2384 337 2402 numerosa
351 2377 564 2410 comprehensio,
587 2385 668 2411 quam
683 2384 805 2410 perverse
819 2375 926 2411 fugiens
935 2376 987 2401 He-

198 2413 293 2447 gesias,
319 2413 383 2439 dum
402 2413 447 2439 ille
463 2422 571 2448 quoque
590 2413 686 2439 imitari
705 2413 811 2448 Lysiam
826 2412 896 2443 vult,
922 2412 987 2439 alte-

199 2458 257 2475 rum
273 2458 354 2483 paene
368 2451 582 2481 Demosthenem,
603 2450 680 2476 saltat
697 2450 818 2476 incidens
831 2449 984 2484 particulas.

198 2486 230 2511 Et
244 2487 265 2512 is
280 2486 387 2521 quidem
403 2496 454 2514 non
468 2488 557 2514 minus
572 2488 708 2513 sententiis
723 2491 820 2522 peccat,
833 2495 914 2522 quam
926 2495 988 2513 ver-

198 2523 249 2553 bis,
261 2528 291 2549 ut
304 2532 355 2549 non
365 2529 482 2558 quaerat,
494 2533 575 2559 quem
585 2524 700 2559 appellet
708 2525 838 2558 ineptum,
851 2524 899 2558 qui
908 2523 986 2550 illum

198 2561 359 2595 cognoverit.
400 2560 451 2586 Sed
470 2570 518 2596 ego
536 2561 581 2588 illa
596 2562 683 2588 Crassi
701 2566 727 2587 et
740 2565 828 2587 nostra
841 2561 929 2595 posui,
946 2565 983 2591 ut,

198 2598 245 2631 qui
259 2596 350 2627 vellet,
368 2598 478 2623 auribus
495 2599 574 2632 ipsis,
595 2598 661 2633 quid
679 2606 851 2624 numerosum
865 2598 943 2624 etiam
958 2598 986 2623 in

199 2633 317 2659 minimis
333 2634 468 2668 particulis
481 2635 606 2661 orationis
620 2639 698 2666 esset,
713 2634 851 2661 iudicaret.
872 2634 906 2660 Et
918 2643 987 2669 quo-

199 2671 268 2696 niam
291 2670 366 2705 plura
391 2671 423 2697 de
446 2680 585 2698 numerosa
607 2673 722 2698 oratione
743 2671 875 2703 diximus,
904 2679 985 2706 quam

981 153 1252 179 (jttttittoxts

1038 225 1180 258 quisquam
1199 229 1258 250 ante
1280 233 1340 254 nrm,
1365 233 1435 251 nune
1455 225 1488 251 de
1511 226 1569 251 eius
1591 227 1695 259 gener-in
1714 226 1824 252 utilitate

1038 262 1166 287 *lun-nius.

1096 298 1208 324 txt‘tu.
1228 299 1286 323 ¹227.
1308 298 1378 323 Nihil
1398 299 1468 324 enim
1487 304 1525 324 eat
1543 299 1624 327 atimt.
1642 300 1727 329 Brute,
1746 302 1824 335 'quod

1039 335 1147 368 quidem
1163 340 1189 360 tu
1205 335 1313 360 minime
1326 336 1445 361 omnium
1462 336 1586 370 imnoran„
1607 337 1716 370 pulchre
1730 343 1754 362 vt
1768 347 1825 363 ora·

1040 372 1102 397 turia·
1116 372 1215 401 «livere,
1238 373 1287 397 nisi
1305 372 1412 406 optimis
1427 374 1563 399 sententiis
1583 375 1723 408 verbisque·
1739 374 1826 400 lectis·-

1040 409 1114 434 -imis
1129 409 1225 434 clim-re.
1251 409 1283 434 tit
1298 418 1344 434 nec
1355 410 1482 435 sententia
1498 410 1550 435 ulla
1564 416 1611 439 est,
1628 420 1695 445 quae
1711 411 1825 437 truc-ium

1039 446 1131 471 oratori
1148 446 1224 474 ts-rat,
1247 446 1295 471 nisi
1316 451 1374 480 apte
1392 447 1510 480 exposit-'t
1529 452 1607 482 atque
1625 448 1758 475 ain-utute.
1780 457 1827 474 nec

1041 483 1179 508 verborum
1201 482 1288 508 lumen
1308 488 1427 517 apparet.
1454 484 1503 509 nisi
1526 483 1666 516 dilig-'enter
1687 485 1827 511 collocato-

1040 529 1111 548 rnm,
1128 525 1151 545 vt
1172 520 1264 545 horum
1281 525 1423 554 utrumqne
1438 529 1565 546 nunu-rus
1579 521 1705 549 illustrat:
1733 531 1826 548 nunu·-

1040 566 1084 582 ιιι-ε
1099 562 1186 582 autc-in
1202 558 1289 591 &nepe
1304 558 1373 583 enini
1390 557 1437 582 hoc
1457 558 1605 584 testandum
1620 564 1669 591 eat)
1684 568 1734 584 non
1749 559 1826 585 modu

1041 604 1089 620 non
1110 595 1208 628 poetic-e
1228 595 1346 621 iuna-tus.
1365 603 1454 620 verum
1474 595 1550 620 etiam
1571 595 1675 628 fugit-ns
1698 595 1774 621 illurn
1789 597 1827 622 ei-

1039 641 1090 666 que
1105 633 1223 657 omnium
1239 631 1451 658 «tis-innuimnu
1469 641 1519 657 non
1533 633 1599 666 quin
1615 633 1694 658 iidem
1710 633 1762 659 sint
1777 642 1826 659 nu-

1016 663 1017 674 ³
1041 669 1103 694 meri
1123 678 1173 694 non
1188 668 1265 694 moclo
1278 674 1409 694 oratorum
1424 673 1448 694 et
1463 674 1596 702 poetarum
1606 690 1611 698 ,
1636 678 1727 695 verum
1741 670 1827 696 omni-

1041 715 1073 731 ιιυ
1092 705 1269 740 implentium,
1294 705 1410 740 ‹ln-nique
1429 707 1506 732 etiam
1525 707 1675 732 sonantium
1695 708 1824 736 nmmum,

1016 746 1017 750 ¹
1039 751 1106 777 quae
1123 743 1206 768 nit-tiri
1221 743 1330 768 auribus
1346 751 1498 776 possumus,
1512 743 1557 768 sed
1567 743 1631 769 ordo
1646 743 1743 778 pedum
1755 743 1824 772 facit.

1041 784 1067 805 ut
1082 780 1122 808 id,
1138 780 1208 814 quod
1225 781 1424 814 pronunciatur.
1445 785 1489 805 aut
1502 781 1626 806 orationis
1640 786 1684 806 aut
1699 782 1826 815 poematis

1040 817 1126 843 simile
1145 817 1273 842 videatur.
1316 818 1371 842 228.
1392 817 1462 843 lianc
1480 818 1634 851 igitunsive
1658 818 1826 852 compositio-

1041 863 1099 880 nem
1119 854 1175 879 sive
1196 853 1380 888 perfectionem
1400 855 1456 879 sive
1475 863 1615 880 numerum
1631 856 1714 881 §wari
1731 855 1823 889 placet,

1040 891 1164 917 adhihere
1184 900 1290 916 necesse
1309 895 1360 920 est,
1382 891 1403 916 si
1423 896 1511 917 ornate
1527 891 1591 917 velis
1605 892 1701 921 dicere,
1718 901 1768 918 non
1784 901 1826 918 so-

1042 928 1105 959 lum,
1122 928 1201 962 {quod
1217 927 1409 954 aitAristoteles
1423 929 1711 963 etTtn·opt1m>tus.jne
1726 929 1826 955 infinite

1041 965 1138 992 feratur
1157 970 1185 991 ut
1203 964 1300 991 flumen
1318 966 1412 995 oratio,
1437 974 1505 999 (quae
1524 974 1575 991 non
1593 971 1637 991 aut
1656 967 1750 1000 spiritu
1766 975 1827 1001 pro-

1010 1009 1018 1035 )
1041 1003 1186 1029 nuntiantis
1201 1006 1245 1028 aut
1260 1002 1409 1028 interductu
1426 1002 1538 1031 librarii,
1555 1003 1601 1028 sed
1616 1012 1726 1029 numero
1739 1007 1826 1030 coacta

1039 1040 1118 1066 tlt-bet
1132 1040 1265 1070 insistere,
1287 1048 1378 1065 verum
1397 1040 1490 1070 etiam,
1510 1039 1580 1074 quod
1601 1040 1684 1066 multo
1701 1041 1825 1066 maiorem

1041 1077 1137 1103 hahent
1151 1082 1210 1111 apta
1225 1077 1288 1104 vim.
1304 1085 1384 1111 quam
1399 1076 1494 1102 soluta.
1522 1077 1554 1103 Ut
1568 1078 1638 1103 enim
1653 1077 1765 1103 athletas
1779 1086 1826 1104 nec

1040 1114 1123 1140 multo
1141 1123 1218 1140 secus
1237 1113 1395 1149 gladiatores
1414 1114 1537 1140 videmus
1561 1114 1626 1140 nihil
1651 1123 1697 1141 nec
1721 1114 1828 1141 vitando

1041 1152 1123 1177 facere
1145 1156 1220 1177 caute
1244 1160 1292 1177 nec
1313 1150 1425 1185 petendo
1448 1151 1630 1182 vehementer,
1655 1152 1682 1178 in
1703 1160 1758 1186 quo
1775 1160 1826 1178 non

1040 1193 1127 1215 motus
1142 1189 1184 1215 hic
1198 1188 1291 1214 habeat
1306 1188 1461 1223 palaestram
1475 1188 1627 1223 quamdam,
1645 1193 1681 1219 ut,
1693 1188 1826 1224 quidquid

1039 1227 1066 1252 in
1090 1227 1132 1252 his
1155 1226 1234 1252 rebus
1249 1225 1291 1251 fiat
1307 1225 1405 1251 utiliter
1419 1225 1451 1251 ad
1466 1234 1596 1261 pugnam,
1619 1225 1689 1252 idem
1703 1226 1736 1252 ad
1750 1235 1827 1260 asp«.b

1038 1268 1109 1289 ctum
1124 1264 1203 1289 etiam
1217 1263 1251 1289 sit
1266 1267 1422 1288 venustum:
1445 1263 1483 1289 sic
1496 1264 1578 1289 oratio
1591 1271 1638 1289 nec
1652 1263 1756 1298 plagam
1766 1271 1827 1298 gra-

1040 1309 1098 1326 vem
1114 1300 1183 1330 facit,
1200 1300 1250 1326 nisi
1266 1300 1357 1334 petitio
1372 1299 1422 1326 fuit
1435 1304 1508 1334 apta,
1525 1308 1572 1326 nec
1586 1301 1649 1326 satis
1664 1305 1732 1326 recte
1744 1299 1828 1326 decli-

1040 1342 1083 1363 nat
1097 1338 1236 1372 impetum.
1253 1337 1304 1363 nisi
1319 1337 1397 1363 otiam
1411 1337 1438 1362 in
1451 1336 1577 1367 cedendo,
1593 1337 1659 1372 quid
1673 1337 1772 1368 deceat,
1784 1337 1826 1363 in-

1040 1374 1145 1409 telligit.
1186 1375 1244 1400 229.
1268 1375 1372 1408 Itaque,
1400 1372 1488 1408 qualis
1514 1382 1605 1400 eorum
1629 1378 1730 1403 motus.
1759 1382 1827 1409 quos

1039 1411 1234 1447 ιὶπαλιιίστρους
1247 1411 1340 1437 Graeci
1355 1415 1461 1442 vocant,
1482 1410 1542 1437 talis
1562 1410 1657 1437 horum
1671 1411 1738 1437 mihi
1752 1410 1828 1437 vide—

1039 1453 1082 1475 tur
1095 1449 1185 1478 oratio,
1201 1448 1247 1483 qui
1262 1457 1314 1474 non
1327 1447 1456 1474 claudunt
1469 1448 1587 1474 numeris
1601 1449 1753 1479 sententias,
1769 1452 1828 1475 tan-

1040 1490 1150 1520 tumque
1164 1485 1246 1516 abest,
1267 1489 1308 1516 ut,
1328 1485 1400 1520 quod
1414 1485 1441 1516 ii,
1457 1486 1504 1520 qui
1519 1485 1567 1511 hoc
1581 1490 1625 1511 aut
1640 1485 1826 1521 magistrorum

1039 1524 1126 1558 inopia
1138 1527 1183 1549 aut
1196 1523 1297 1558 ingenii
1311 1522 1430 1548 tarditate
1447 1527 1493 1548 aut
1512 1522 1608 1549 laboris
1622 1522 1684 1558 fuga
1699 1531 1750 1549 non
1763 1527 1828 1548 sunt

1039 1561 1162 1591 assecuti,
1177 1559 1262 1586 solent
1275 1559 1374 1590 dicere,
1390 1564 1530 1585 enervetur
1542 1559 1624 1586 oratio
1636 1559 1828 1594 compositione

1039 1598 1193 1627 verborum,
1214 1601 1243 1623 ut
1260 1596 1335 1622 aliter
1347 1597 1375 1622 in
1389 1605 1418 1622 ea
1432 1605 1479 1622 nec
1496 1597 1613 1630 impetus
1632 1595 1705 1622 ullus
1724 1605 1771 1622 nec
1786 1597 1827 1622 vis

1038 1643 1096 1660 esse
1110 1634 1203 1668 possit.
1243 1633 1338 1659 LXIX.
1354 1633 1407 1659 Sed
1421 1641 1544 1669 magnam
1558 1633 1770 1660 exercitationem
1784 1642 1827 1660 res

1038 1670 1148 1707 flagitat,
1174 1679 1207 1697 ne
1224 1670 1289 1705 quid
1307 1679 1412 1701 eorum,
1437 1671 1483 1705 qui
1506 1678 1592 1706 genus
1611 1670 1659 1696 hoc
1676 1671 1760 1696 secuti
1774 1679 1828 1697 non

1039 1712 1194 1738 tenuerunt,
1209 1707 1297 1734 simile
1311 1707 1448 1738 faciamus,
1465 1716 1497 1733 ne
1511 1712 1555 1734 aut
1569 1707 1649 1733 verba
1664 1708 1826 1734 traiiciamus

1038 1750 1134 1780 aperte,
1158 1753 1212 1780 quo
1235 1744 1331 1771 melius
1352 1749 1397 1770 aut
1413 1744 1489 1770 cadat
1515 1749 1561 1771 aut
1591 1744 1713 1771 volvatur
1729 1745 1824 1777 oratio;

1038 1784 1095 1809 230.
1111 1782 1183 1817 quod
1197 1790 1225 1808 se
1239 1782 1268 1808 L.
1284 1781 1390 1808 Caelius
1403 1781 1553 1816 Antipater,
1569 1782 1596 1808 in
1614 1782 1749 1816 prooemio
1762 1781 1826 1808 belli

1038 1820 1144 1850 Punici,
1165 1819 1216 1845 nisi
1235 1819 1394 1849 necessario,
1419 1818 1551 1845 facturum
1570 1823 1656 1854 nQat.
1696 1818 1718 1846 O
1737 1819 1826 1845 virum

1037 1857 1199 1891 simplicem,
1219 1856 1266 1891 qui
1285 1864 1332 1882 nos
1349 1855 1416 1882 nihil
1437 1855 1517 1888 celet;
1538 1856 1694 1890 sapientem,
1709 1856 1756 1891 qui
1770 1864 1828 1882 ser-

1039 1893 1165 1920 viendum
1184 1893 1332 1919 necessitati
1351 1897 1434 1927 putet.
1474 1892 1528 1919 Sed
1550 1892 1593 1919 hic
1614 1894 1722 1919 omnino
1739 1893 1824 1920 rudis.

1038 1931 1120 1957 Nobis
1138 1935 1224 1956 autem
1243 1931 1271 1956 in
1289 1929 1430 1956 scribendo
1446 1934 1525 1965 atque
1543 1930 1571 1956 in
1584 1929 1696 1956 dicendo
1710 1931 1828 1957 necessi-

1038 1969 1098 1995 tatis
1111 1968 1247 1994 excusatio
1260 1975 1311 1993 non
1326 1967 1464 2002 probatur:
1487 1966 1554 1993 nihil
1568 1971 1609 1993 est
1621 1967 1692 1993 enim
1706 1975 1823 1999 necesse,

1037 2010 1070 2035 et,
1086 2005 1108 2031 si
1123 2005 1189 2040 quid
1202 2009 1280 2035 esset,
1296 2004 1324 2030 id
1338 2012 1444 2030 necesse
1457 2008 1546 2031 tamen
1563 2013 1616 2030 non
1629 2008 1684 2030 erat
1695 2004 1824 2031 confiteri.

1036 2043 1069 2068 Et
1082 2042 1125 2068 hic
1138 2041 1246 2076 quidem
1255 2062 1261 2073 ,
1277 2042 1324 2076 qui
1337 2041 1405 2068 hanc
1418 2050 1432 2067 a
1447 2041 1547 2072 Laelio,
1563 2041 1596 2067 ad
1609 2049 1690 2076 quem
1707 2041 1823 2076 scripsit,

1037 2080 1080 2106 cui
1094 2087 1122 2105 se
1137 2083 1245 2114 purgat,
1266 2079 1370 2105 veniam
1388 2079 1466 2113 petit,
1486 2082 1512 2104 et
1529 2078 1614 2105 utitur
1632 2087 1662 2105 ea
1675 2079 1826 2105 traiectione

1037 2117 1180 2142 verborum
1193 2121 1219 2142 et
1233 2115 1316 2142 nihilo
1329 2120 1416 2142 tamen
1430 2116 1518 2150 aptius
1532 2115 1621 2150 explet
1637 2115 1826 2150 concluditque

1037 2153 1190 2180 sententias.
1229 2152 1309 2188 Apud
1326 2152 1391 2179 alios
1409 2157 1506 2184 autem,
1529 2157 1555 2178 et
1568 2153 1696 2179 Asiaticos
1710 2153 1826 2179 maxime

1038 2199 1148 2217 numero
1171 2191 1330 2221 servientes,
1355 2189 1486 2216 inculcata
1504 2190 1619 2224 reperias
1636 2190 1725 2216 inania
1741 2197 1825 2224 qua&

1037 2228 1098 2254 dam
1120 2227 1201 2254 verba
1223 2227 1300 2262 quasi
1321 2226 1514 2261 complementa
1536 2234 1717 2253 numerorum.
1757 2225 1827 2253 Sunt

1038 2266 1125 2296 etiam,
1141 2265 1189 2300 qui
1202 2263 1249 2291 illo
1262 2264 1335 2295 vitio,
1351 2263 1423 2298 quod
1436 2264 1470 2290 ab
1483 2264 1594 2299 Hegesia
1608 2263 1723 2290 maxime
1736 2261 1823 2295 fluxit,

1037 2301 1214 2338 infringendis
1244 2300 1468 2336 concidendisque
1494 2301 1621 2331 numeris,
1636 2300 1665 2326 in
1689 2299 1825 2335 quoddam

1037 2347 1124 2374 genus
1151 2339 1283 2365 abiectum
1311 2338 1441 2368 incidant,
1469 2337 1621 2364 Siculorum
1642 2337 1823 2364 simillimum.

1037 2378 1095 2402 23⁴,
1112 2376 1230 2402 Tertium
1244 2379 1296 2406 est,
1312 2375 1340 2401 in
1353 2383 1407 2410 quo
1424 2374 1531 2401 fuerunt
1549 2373 1641 2400 fratres
1659 2373 1712 2405 illi,
1727 2374 1826 2401 Asiati-

1036 2421 1128 2439 corum
1142 2413 1277 2439 rhetorum
1290 2412 1425 2447 principes
1435 2410 1566 2438 Hierocles
1580 2415 1605 2437 et
1618 2410 1758 2442 Menecles,
1773 2411 1826 2438 mi-

1037 2451 1108 2476 nime
1122 2458 1180 2476 mea
1193 2450 1322 2476 sententia
1335 2448 1529 2475 contemnendi.
1561 2448 1619 2474 Etsi
1631 2449 1703 2474 enim
1713 2457 1728 2474 a
1740 2447 1824 2475 forma

1036 2487 1155 2513 veritatis
1173 2491 1198 2512 et
1215 2486 1248 2512 ab
1265 2486 1413 2512 Atticorum
1429 2484 1520 2521 regula
1538 2485 1648 2516 absunt,
1669 2489 1757 2512 tamen
1774 2484 1825 2512 hoc

1036 2524 1132 2550 vitium
1146 2527 1318 2558 compensant
1330 2522 1373 2549 vel
1387 2521 1510 2548 facultate
1519 2521 1561 2548 vel
1575 2522 1659 2557 eopia.
1685 2521 1739 2548 Sed
1751 2521 1824 2556 apud

1036 2569 1080 2587 eos
1094 2561 1206 2587 varietas
1220 2569 1272 2586 non
1290 2564 1357 2590 erat,
1371 2558 1444 2594 quod
1460 2559 1549 2585 omnia
1562 2558 1616 2585 fere
1628 2558 1825 2585 concludeban—

1036 2602 1079 2624 tur
1092 2606 1144 2624 uno
1158 2597 1245 2624 modo.
1275 2596 1348 2629 Quae
1361 2597 1425 2622 vitia
1437 2596 1484 2630 qui
1498 2595 1604 2632 fugerit,
1620 2600 1651 2622 ut
1663 2604 1751 2631 neque
1762 2603 1824 2622 ver-

1036 2635 1101 2661 bum
1114 2635 1150 2661 ita
1164 2634 1287 2665 traiiciat,
1303 2638 1332 2660 ut
1346 2632 1373 2659 id
1387 2632 1420 2659 de
1433 2632 1563 2659 industria
1577 2632 1676 2659 factum
1689 2632 1824 2668 intelliga—

1035 2675 1087 2702 tur,
1103 2679 1190 2706 neque
1203 2670 1345 2697 inferciens
1358 2669 1439 2696 verba
1456 2670 1534 2705 quasi
1547 2670 1628 2696 rimas
1641 2669 1758 2705 expleat,
1773 2678 1823 2697 nec
