1941 3052
13 277 17 281 ν
56 267 119 286 vero
124 280 129 285 .

321 112 650 139 EPISTOLARUM

56 193 119 212 cum
131 193 169 215 eo,
182 184 283 210 Furnio
294 183 430 210 mandavi.
470 182 546 215 Quod
558 183 595 213 si,
613 186 741 217 quantam
752 181 846 212 debeo,

56 222 175 249 habuero
186 220 258 256 apud
269 229 331 247 eum
344 221 535 250 auctoritatem,
545 219 693 254 plurimum
704 220 794 253 ipsum
806 219 850 244 iu-

170 260 194 285 8.
216 259 270 284 Nos
282 258 382 284 interea
394 257 501 283 duriore
512 257 663 283 conditione
675 256 777 282 bellum
789 265 851 282 sus-

55 297 188 327 tinemus‚
209 295 282 330 quod
297 303 384 330 neque
401 295 634 329 expeditissimam
649 294 850 320 dimicationem

55 338 193 369 putamus,
201 341 289 367 neque
296 337 384 359 tamen
391 331 549 367 refugiendo
560 332 732 358 commissuri
743 339 847 361 sumus,

56 375 86 397 ut
110 370 198 396 maius
222 369 415 396 detrimentum
438 369 591 403 respublica
615 369 735 403 accipere
755 368 849 402 possit.

56 407 134 440 Quod
149 408 173 433 si
184 411 229 433 aut
240 406 336 434 Caesar
350 415 379 433 se
395 407 543 441 respexerit
557 411 603 432 aut
613 405 752 432 Africanae
767 405 851 440 legio-

56 453 105 472 nes
115 444 237 471 celeriter
248 445 378 474 venerint,
388 453 495 470 securos
507 452 554 469 vos
566 443 599 469 ab
612 443 660 469 bac
670 447 744 477 parte
755 442 851 468 redde-

56 491 128 508 mus.
169 482 217 513 Tu,
231 485 260 508 ut
271 482 422 512 instituisti,
437 490 478 507 me
489 480 588 515 diligas
600 489 676 515 rogo,
689 480 850 514 proprieque

56 524 134 546 tuum
144 528 212 550 esse,
226 518 276 546 tibi
287 518 460 554 persuadeas.
501 526 526 544 v.
540 517 598 544 Kal.
612 518 685 544 Sext.
699 526 732 543 ex
743 517 848 543 castris.

112 610 187 631 XXV.
203 609 279 631 ARG.
294 609 416 630 Dissuadet
425 608 509 629 Furnio
520 610 635 634 praeturae
646 608 819 629 festinationem.

234 647 326 669 (Itomae.
336 645 400 663 occisis
410 645 466 663 Panse
474 658 478 665 ‚
489 645 550 662 Hirtio
563 652 607 662 coss.
620 646 674 667 711.)

245 697 387 725 CICERO
408 697 436 723 S.
458 698 488 723 D.
511 696 668 723 FURNIO.

115 746 137 770 I.
161 739 195 770 Si
207 744 330 774 interest,
348 743 375 769 id
390 742 462 777 quod
473 743 596 769 homines
607 742 781 772 arbitrantur,
799 742 852 767 rei-

58 781 183 816 publicae
189 785 222 812 te,
231 785 262 808 ut
271 781 413 807 instituisti
426 785 505 814 atque
517 779 614 810 fecisti,
624 788 720 806 navare
731 788 848 813 operam,

58 819 194 853 rebusque
209 818 350 849 maximis,
372 826 441 852 quae
457 817 489 843 ad
501 817 712 852 exstinguendas
723 816 851 851 reliquias

57 855 123 882 belli
134 856 280 890 pertinent,
298 856 440 881 interesse:
457 854 526 880 nihil
543 854 643 880 videris
655 853 752 880 melius
764 862 851 888 neque

58 893 223 920 laudabilius
239 901 326 927 neque
342 892 481 918 honestius
497 891 582 918 facere
603 900 694 926 posse,
718 892 851 925 istamque

57 939 165 965 operam
181 934 267 961 tuam,
290 930 448 960 navitatem,
471 930 592 956 animum
608 930 635 955 in
655 928 851 963 rempublicam

57 967 186 994 celeritati
197 972 337 1002 praeturae
348 966 559 1001 anteponendam
572 975 677 992 censeo.
703 966 768 992 Nolo
779 967 851 991 enim

57 1010 82 1032 te
96 1005 232 1040 ignorare,
255 1009 383 1039 quantam
400 1004 507 1030 laudem
527 1008 688 1030 consecutus
709 1004 760 1035 sis;
784 1003 852 1029 mihi

57 1043 144 1074 crede,
158 1043 308 1077 proximam
320 1041 425 1072 Planco,
438 1041 520 1076 idque
531 1042 618 1076 ipsius
630 1041 720 1067 Planci
732 1041 852 1067 testimo-

57 1080 111 1111 nio7
125 1084 260 1114 praeterea
272 1079 342 1105 fama
354 1079 520 1113 scientiaque
531 1079 663 1105 omnium.
704 1080 728 1105 2.
751 1078 852 1110 Quam—

57 1117 148 1144 obrem
160 1118 184 1143 si
195 1116 262 1152 quid
273 1117 361 1151 operis
373 1117 422 1143 tibi
434 1117 514 1142 etiam
525 1125 599 1142 nunc
610 1120 703 1146 restat,
722 1115 749 1141 id
765 1116 852 1142 maxi-

57 1163 101 1181 mo
115 1163 194 1189 opere
209 1163 305 1180 censeo
319 1154 547 1189 persequendum.
587 1153 658 1185 Quid
674 1153 746 1179 enim
769 1153 853 1179 hone-

57 1193 139 1222 stius,
162 1196 208 1218 aut
221 1191 289 1227 quid
307 1191 419 1217 honesto
440 1190 674 1226 anteponendum?
694 1190 742 1216 Sin
762 1196 851 1217 autem

58 1228 224 1256 satisfactum
244 1229 409 1263 reipublicae
423 1233 514 1263 putas,
538 1228 659 1254 celeriter
679 1228 713 1254 ad
733 1229 849 1257 comitia,

57 1266 166 1301 quando
177 1270 279 1292 mature
291 1266 379 1292 futura
391 1270 462 1296 sunt,
472 1265 634 1292 veniendum
649 1274 758 1292 censeo:
772 1266 853 1291 dnm-

57 1304 180 1330 modone
192 1303 259 1338 quid
270 1303 335 1329 haec
346 1303 486 1329 ambitiosa
500 1302 632 1329 festinatio
644 1303 851 1329 imminuateius

57 1342 167 1377 gloriae,
181 1350 263 1376 quam
274 1341 410 1367 consecuti
421 1349 527 1366 sumus
567 1340 644 1366 Multi
654 1340 798 1366 clarissimi
810 1341 852 1366 vi-

58 1379 90 1410 ri,
99 1387 184 1413 quum
196 1377 361 1412 reipublicae
373 1378 467 1404 darent
477 1386 593 1412 operam,
603 1386 702 1403 annum
715 1378 851 1412 petitionis

57 1424 122 1442 suae
134 1425 184 1442 non
197 1415 331 1442 obierunt.
372 1415 447 1447 Quod
459 1424 489 1441 eo
501 1415 608 1441 facilius
620 1415 698 1441 nobis
709 1420 762 1445 est,
780 1414 851 1450 quod

57 1495 117 1526 post
131 1490 272 1517 biennium
284 1494 346 1516 tuus
358 1499 444 1516 annus
455 1495 534 1516 esset.
566 1490 642 1515 Nunc
655 1489 722 1515 nihil
734 1495 852 1524 praeter-

58 1529 162 1554 mittere
179 1527 306 1554 videbere
322 1527 413 1554 usitati
428 1532 453 1553 et
463 1527 541 1561 quasi
554 1526 666 1561 legitimi
679 1528 806 1561 temporis
818 1527 851 1553 ad

57 1565 213 1601 petendum.
254 1564 339 1591 Video
353 1569 450 1595 autem,
465 1564 561 1590 Planco
572 1564 696 1595 consule,
710 1565 759 1590 etsi
771 1565 851 1590 etiam

57 1603 115 1630 sine
127 1612 157 1629 eo
169 1602 285 1628 rationes
297 1601 436 1636 expeditas
449 1601 570 1633 haberes,
584 1606 671 1628 tamen
683 1601 852 1636 splendidio-

57 1649 113 1667 rem
124 1640 281 1674 petitionem
292 1644 374 1670 tuam,
389 1640 413 1665 si
425 1639 503 1665 modo
515 1639 563 1665 ista
575 1648 608 1665 ex
619 1640 750 1665 sententia
761 1638 852 1665 confe-

57 1683 98 1705 cta
121 1681 220 1704 essent.
265 1679 289 1703 3.
311 1677 427 1703 Omnino
451 1676 527 1711 plura
548 1685 591 1702 me
611 1676 742 1708 scribere,
765 1685 851 1711 quum

57 1719 133 1742 tuum
146 1719 247 1741 tantum
259 1714 403 1740 consilium
415 1714 602 1748 iudiciumque
618 1714 666 1745 sit,
685 1723 737 1740 non
753 1714 788 1740 ita
804 1722 851 1740 ne-

57 1760 131 1779 cesse
151 1751 312 1778 arbitrabar:
335 1751 383 1777 sed
404 1755 491 1778 tamen
513 1751 671 1777 sententiam
693 1760 779 1778 meam
801 1751 850 1777 tibi

57 1791 174 1826 ignotam
193 1797 252 1815 esse
274 1788 410 1815 nolebam:
434 1789 512 1815 cuius
536 1793 576 1814 est
595 1789 659 1815 baec
679 1798 799 1817 summa.
823 1793 851 1814 ut

57 1827 146 1854 omnia
166 1831 190 1853 te
212 1826 301 1852 metiri
317 1826 446 1861 dignitate
463 1825 567 1856 malim,
590 1835 672 1860 quam
693 1826 848 1855 ambitione,

58 1865 240 1898 maioremque
257 1863 372 1889 fructum
389 1872 486 1897 ponere
503 1863 529 1889 in
553 1864 728 1897 perpetuitate
751 1863 847 1893 laudis,

58 1910 139 1936 quam
156 1901 183 1926 in
198 1900 331 1926 celeritate
353 1905 502 1934 praeturae.
542 1901 612 1927 Haec
631 1900 724 1926 eadem
746 1900 850 1927 locutus

57 1947 119 1964 sum
133 1937 207 1963 domi
224 1946 311 1968 meae,
329 1937 450 1963 adhibito
461 1938 493 1969 Q.
507 1936 584 1963 fratre
597 1946 655 1963 meo
666 1942 691 1964 et
702 1937 814 1964 Caecina
826 1943 851 1964 et

57 1975 184 2005 Calvisio,
198 1974 406 2001 studiosissimis
419 1975 466 2004 tui,
481 1983 565 2008 quum
577 1974 724 2005 Dardanus,
739 1975 850 2001 libertus

57 2018 135 2044 tuus,
153 2013 301 2038 interesset.
342 2011 475 2037 Omnibus
490 2011 596 2045 probari
613 2011 754 2038 videbatur
767 2012 851 2038 oratio

58 2058 127 2077 mea.
168 2049 221 2076 Sed
234 2053 261 2076 tu
272 2049 371 2084 optime
383 2048 527 2074 iudicabis.

110 2119 196 2140 XXVI.
213 2118 289 2139 ΛΚΘ.
308 2118 413 2139 Furnium
425 2118 450 2137 ud
462 2117 551 2138 eurunitia
561 2117 672 2145 praetoria
682 2120 795 2138 venturum
806 2125 851 2139 iiiu-

58 2157 103 2179 net,
112 2157 137 2175 ut
147 2154 226 2174 absens
238 2153 312 2181 potins
323 2154 377 2173 liene
387 2153 414 2173 ‹I'e
424 2160 469 2180 rep.
481 2156 597 2173 mereatur.

238 2191 325 2210 (ltnmm.
337 2189 400 2206 mvi-ix
411 2189 475 2208 l'nmn.
487 2189 547 2207 IIivtin·
558 2196 603 2206 rou.
616 2191 670 2208 711³

188 2234 223 2260 M.
245 2233 388 2260 CICERO
408 2232 436 2258 S.
458 2233 488 2258 D.
510 2231 539 2258 C.
563 2232 718 2259 FURNlo.

115 2278 138 2302 4.
150 2271 245 2302 Lectis
257 2275 310 2302 tuis
323 2274 535 2309 litteris,quibus
546 2274 709 2305 declarabas,
722 2275 852 2302 automit-

58 2313 151 2340 tendes
163 2313 363 2342 Narbonenses,
382 2317 426 2338 aut
442 2321 503 2337 eum
520 2311 639 2346 periculo
654 2312 849 2342 dimicandum,
873 2338 874 2341 ,

58 2349 127 2377 illud
147 2351 233 2386 magis
255 2350 348 2376 timui:
371 2349 444 2384 quod
461 2349 572 2375 vitatum
590 2358 641 2375 non
659 2349 768 2375 moleste
786 2349 850 2375 [οι-ο.

58 2386 135 2420 Quod
149 2387 182 2414 de
197 2387 286 2414 Planci
301 2392 327 2414 et
342 2387 415 2413 Bruti
432 2385 572 2412 eoncordia
589 2386 700 2416 scribis,
719 2387 745 2412 in
762 2395 793 2412 eo
810 2386 851 2412 vel

58 2425 203 2452 maximam
215 2433 291 2459 spem
303 2433 372 2459 pono
384 2424 519 2450 victoriae.
554 2424 589 2449 De
601 2423 738 2449 Gallorum
751 2423 850 2454 studio,

57 2469 107 2489 nos
116 2461 261 2497 aliquando
272 2470 475 2497 cognoscemus,
485 2465 513 2486 ut
523 2460 629 2491 scribis,
643 2461 721 2486 cuius
735 2460 760 2486 id
771 2469 850 2495 opera

59 2499 176 2526 maxime
186 2500 331 2526 excitatum
343 2499 387 2525 sit.
427 2498 479 2524 Sed
493 2498 557 2528 iam,
573 2498 640 2523 milii
652 2497 739 2528 crede,
752 2506 852 2531 cogno-

58 2535 159 2563 vimus.
200 2537 290 2571 Itaque
306 2535 514 2563 iucundissimis
531 2535 583 2561 tuis
596 2535 690 2561 litteris
701 2531 851 2561 stomacha-

56 2576 102 2600 tus
117 2581 178 2600 sum
194 2574 221 2600 in
236 2578 364 2600 extremo.
405 2573 508 2599 Scribis
524 2573 610 2603 enim,
634 2573 657 2598 si
678 2573 704 2598 in
721 2571 851 2598 Sextilem

59 2610 179 2642 comitia,
196 2611 248 2637 cito
259 2616 297 2643 ως
318 2611 426 2637 siniam
437 2609 569 2640 conserta,
587 2610 681 2640 citius,
699 2618 732 2636 ne
747 2609 851 2635 diutius

59 2654 121 2674 cum
136 2647 256 2683 periculo
272 2647 361 2675 fatuus
375 2649 423 2674 sis.
463 2649 490 2674 2.
511 2648 533 2673 0
550 2648 586 2673 mi
602 2647 698 2678 Furni,
721 2655 802 2682 quam
823 2651 851 2673 tu

879 1730 880 1735 ¹
902 1722 949 1747 ris.

680 111 734 137 AD
762 110 993 137 DIVERSOS
1023 111 1103 137 LIB.
1126 111 1160 137 X.
1193 111 1255 137 ΕΡ.
1277 112 1364 138 24-
1385 112 1426 137 28.
1643 111 1688 136 741

900 190 1023 208 caussam
1035 187 1107 208 tuam
1119 191 1171 208 non
1184 183 1261 213 nosti,
1270 182 1318 216 qui
1329 181 1429 208 alienas
1441 186 1493 207 tam
1506 180 1692 207 sacilediscas!

901 220 940 245 Tu
953 228 1024 245 nunc
1034 219 1207 246 candidatum
1221 224 1245 245 te
1257 224 1349 253 putas,
1363 224 1388 245 et
1400 219 1426 245 id
1438 219 1552 254 cogitas,
1567 223 1596 244 ut
1606 223 1651 244 aut
1662 218 1694 243 ad

901 257 1009 282 comitia
1024 265 1130 288 curras,
1148 262 1205 287 aut,
1224 257 1248 282 si
1264 257 1317 283 iam
1332 256 1465 287 confecta,
1481 256 1555 282 domi
1571 260 1630 281 tuae
1645 256 1693 284 sis,

902 302 934 320 ne
945 302 1006 319 cum
1020 295 1137 320 maximo
1149 293 1276 328 periculo,
1291 298 1320 320 ut
1330 294 1436 324 scribis,
1449 293 1628 319 stultissimus
1641 291 1697 318 sis?

902 331 959 356 Non
976 331 1089 357 arbitror
1105 336 1128 357 te
1145 332 1179 357 ita
1195 332 1307 357 sentire:
1330 340 1423 357 omnes
1438 331 1510 357 enim
1522 335 1581 356 tuos
1593 330 1626 356 ad
1638 329 1697 356 lau-

902 368 963 394 dem
976 369 1093 403 impetus
1104 370 1177 394 novi.
1197 368 1274 400 Quod
1285 369 1318 399 si,
1331 373 1360 394 ut
1370 368 1477 399 scribis,
1491 369 1525 394 ita
1537 368 1630 397 sentis,
1645 375 1696 393 non

879 419 880 426 κ
902 406 988 440 magis
1001 410 1034 436 te,
1048 414 1129 440 quam
1142 406 1174 431 de
1186 410 1210 432 te
1222 406 1353 431 iudicium
1365 405 1531 439 reprehendo
1543 413 1642 430 meum.
1661 405 1697 430 Te

902 442 1071 476 adipiscendi
1087 444 1258 478 magistratus
1276 443 1408 469 levissimi
1428 447 1454 469 et
1473 442 1694 477 divulgatissimi,

879 496 880 504 l
902 481 926 505 si
942 481 977 506 ita
991 480 1154 514 adipiscare,
1173 486 1202 506 ut
1217 480 1352 514 plerique,
1369 489 1546 514 praepropera
1564 479 1697 505 festinatio

903 517 1017 543 abducet
1028 526 1041 543 a
1054 518 1133 543 tantis
1147 517 1286 547 laudibus,
1302 517 1403 551 quibus
1415 522 1438 543 te
1449 526 1543 543 omnes
1554 517 1581 542 in
1593 516 1695 542 caelum

904 555 961 580 iure
973 559 998 580 et
1008 564 1069 580 vere
1082 554 1188 580 serunt?
1208 555 1315 580 Scilicet
1329 554 1355 580 id
1366 555 1467 589 agitur,
1486 559 1576 580 utrum
1589 554 1638 579 hac
1650 562 1698 587 pe-

903 592 1005 622 titione,
1018 601 1051 618 an
1063 592 1184 626 proxima
1197 598 1300 626 praetor
1310 591 1367 622 fias,
1381 601 1432 617 non
1445 597 1474 618 ut
1486 592 1518 617 ita
1531 591 1564 617 de
1576 590 1698 625 republi-

903 638 933 655 ca
945 638 1070 659 mereare⁷
1083 630 1156 655 omni
1168 629 1266 655 honore
1278 634 1305 655 ut
1316 629 1496 664 dignissimus
1509 628 1638 654 iudicere.
1671 630 1695 653 3.

904 666 996 692 Utrum
1009 667 1110 697 nescis,
1128 675 1209 700 quam
1222 666 1272 692 alte
1283 666 1449 697 ascenderis,
1468 675 1500 691 an
1513 674 1560 700 pro
1573 665 1658 691 nihilo
1671 665 1698 691 id

903 703 999 738 putas‘?
1019 704 1048 729 Si
1064 704 1166 734 nescis,
1184 704 1234 730 tibi
1250 704 1373 738 ignosco,
1393 712 1440 729 nos
1457 703 1574 737 inculpa
1586 711 1695 729 sumus:

903 741 944 767 siu
958 740 1100 775 intelligis,
1119 740 1173 766 ulla
1190 741 1239 767 tibi
1255 745 1295 767 est
1309 745 1432 775 practura
1448 740 1490 766 vel
1507 740 1608 771 officio,
1625 739 1698 774 quod

903 779 996 813 pauci,
1015 778 1056 804 vel
1072 778 1170 813 gloria,
1189 787 1270 812 quam
1285 787 1379 804 omnes
1395 782 1558 812 sequuntur,
1576 776 1699 803 dulcior?

903 816 956 842 Hac
966 815 998 841 de
1010 824 1037 841 re
1049 820 1074 841 et
1085 824 1134 850 ego
1145 820 1169 841 et
1180 814 1329 845 Calvisius,
1344 815 1423 841 homo
1435 815 1526 849 magni
1538 814 1633 840 iudicii
1645 815 1699 840 tui—

903 862 955 888 que
966 853 1183 883 amantissimus,
1201 857 1225 879 te
1241 861 1399 878 accusamus
1415 852 1545 886 quotidie.
1585 852 1698 878 Comitia

902 895 1001 921 tamen,
1014 890 1122 925 quando
1132 899 1166 916 ex
1178 890 1220 915 his
1234 889 1348 924 pendes,
1362 894 1493 924 quantum
1506 889 1591 915 facere
1603 898 1699 923 possu-

903 937 978 959 mus,
996 927 1068 962 quod
1084 927 1177 953 multis
1192 927 1225 953 de
1240 928 1345 953 caussis
1360 926 1525 961 reipublicae
1537 927 1699 952 arbitramur

902 965 1061 995 conducere,
1072 966 1098 991 in
1105 965 1259 991 Ianuarium
1271 973 1391 990 mensem
1403 964 1598 999 protrudimus.
1615 964 1698 989 Vince

903 1003 987 1039 igitur
998 1008 1023 1029 et
1037 1002 1105 1029 vale.

957 1072 1054 1093 XXVII.
1072 1072 1088 1092 Α
1096 1072 1147 1092 RG.
1163 1072 1268 1099 Lepidum
1280 1072 1390 1097 uhiurgat.
1401 1072 1466 1099 quod,
1477 1070 1567 1091 summis
1578 1070 1699 1090 bonoribus

904 1112 994 1128 ornatus
1005 1114 1017 1127 a
1028 1112 1113 1132 senatu,
1124 1108 1208 1133 gratias
1220 1115 1262 1127 nun
1272 1107 1352 1132 egerit:
1364 1113 1402 1127 nee
1413 1114 1487 1134 pacem
1497 1113 1545 1127 curn
1556 1105 1654 1126 Antonio
1666 1105 1698 1125 in—

904 1144 996 1164 eundam
1006 1146 1089 1163 censet.
1121 1145 1284 1166 (It-,11mv,1’.u=m,
1295 1144 1356 1161 Ηῐιιῐ..
1367 1151 1412 1161 mes.
1425 1145 1479 1161 7113

1099 1188 1265 1215 CICERO
1289 1186 1452 1214 LEPIDO
1477 1186 1506 1213 S.

961 1237 984 1260 I.
1007 1228 1091 1265 Quod
1107 1234 1189 1265 mihi,
1207 1243 1254 1269 pro
1270 1243 1376 1260 summa
1392 1243 1454 1269 erga
1465 1238 1489 1260 te
1501 1231 1696 1261 benevolentia,

903 1280 1015 1306 magnae
1026 1280 1105 1298 curae
1118 1277 1170 1302 est,
1188 1276 1217 1298 ut
1231 1280 1312 1306 quam
1324 1271 1491 1306 amplissima
1503 1269 1633 1305 dignitate
1645 1270 1696 1298 sis;

903 1310 1013 1335 moleste
1025 1308 1084 1339 tuli,
1099 1313 1122 1335 te
1134 1309 1239 1335 senatui
1250 1310 1349 1344 gratias
1358 1317 1410 1335 non
1422 1309 1519 1343 egisse,
1528 1315 1613 1341 quun]
1625 1315 1699 1332 esses

903 1347 936 1373 ab
948 1355 978 1373 eo
989 1346 1082 1373 ordine
1093 1351 1203 1372 ornatus
1215 1347 1330 1372 summis
1343 1346 1500 1372 honoribus.
1541 1345 1616 1370 Pacis
1631 1344 1699 1369 inter

903 1385 976 1410 cives
987 1384 1170 1410 conciliandae
1183 1389 1206 1410 te
1218 1384 1348 1419 cupidum
1360 1392 1428 1413 esse,
1443 1382 1532 1408 laetor.
1572 1382 1637 1407 Eam
1650 1381 1673 1406 si
1685 1390 1699 1406 a

292 1453 296 1458 ,
338 1453 343 1457 ,
369 1453 373 1458 ,
449 1453 453 1457 ,
616 1453 620 1457 ¹
687 1453 691 1457 ι
709 1453 712 1457 Ι
774 1453 778 1457 ,
879 1430 881 1457 ⁴]
903 1422 1031 1448 servitute
1043 1422 1175 1452 seiunuis,
1189 1421 1314 1447 consules
1325 1426 1349 1447 et
1362 1420 1527 1455 reipublicae
1538 1423 1563 1444 et
1574 1418 1698 1453 dignitati

58 1462 109 1480 non
121 1458 161 1479 est
171 1462 258 1479 annus
270 1452 314 1479 hic
326 1452 375 1479 tibi
387 1453 544 1483 ‹IestmatuS,
554 1457 590 1482 ut,
599 1461 621 1477 si
634 1452 729 1478 aedilis
741 1452 849 1483 fuisses,
879 1465 881 1467 ·
1123 1449 1136 1457 ⁹

903 1464 976 1491 tuae;
991 1459 1033 1484 sin
1046 1459 1095 1484 ista
1107 1468 1159 1493 pax
1171 1458 1306 1493 perditum
1319 1459 1454 1484 bominem
1467 1458 1492 1483 in
1500 1457 1698 1491 possessionem

903 1496 1124 1531 impotentissimi
1139 1496 1292 1522 dominatus
1309 1497 1462 1522 restitutura
1474 1499 1526 1523 est,
1546 1493 1594 1519 boc
1609 1494 1699 1519 animo

903 1535 969 1560 scito
984 1542 1042 1559 esse
1058 1542 1151 1559 omnes
1166 1542 1259 1564 sanos,
1277 1538 1306 1560 ut
1322 1538 1432 1559 mortem
1449 1531 1572 1557 servituti
1589 1535 1700 1564 antepo-

903 1576 976 1598 nant.
1017 1572 1042 1597 2.
1065 1572 1155 1606 Itaque
1167 1572 1325 1605 sapientius,
1340 1579 1399 1596 meo
1410 1569 1521 1604 quidem
1534 1568 1642 1598 iudicio,
1661 1567 1700 1593 sa-

902 1609 966 1639 cies,
975 1618 998 1634 si
1010 1613 1034 1634 te
1045 1609 1071 1634 in
1084 1609 1161 1634 istam
1174 1609 1385 1643 pacificationem
1397 1616 1447 1633 non
1461 1607 1698 1640 inte1·p01ies‚quae

903 1655 990 1680 neque
1001 1646 1120 1676 senatui,
1137 1654 1224 1680 neque
1236 1645 1335 1680 populo
1347 1654 1394 1671 nec
1409 1645 1537 1678 cuiquam
1554 1643 1622 1669 bono
1638 1651 1699 1677 pro-

902 1683 990 1710 batur.
1030 1683 1081 1709 Sed
1098 1683 1162 1709 baec
1177 1683 1270 1709 audies
1287 1692 1320 1709 ex
1334 1682 1395 1708 aliis
1406 1686 1451 1708 aut
1462 1681 1558 1707 certior
1569 1680 1616 1706 ties
1629 1680 1699 1706 litte—

991 1721 1029 1747 Tu
1042 1729 1089 1755 pro
1104 1725 1147 1747 tua
1163 1720 1320 1755 prudentia,
1338 1719 1404 1754 quid
1419 1719 1551 1754 optimum
1569 1717 1636 1744 tactu
1653 1718 1696 1747 sit,

902 1758 1019 1785 videbis.

956 1828 1065 1850 xxvnl.
1083 1829 1099 1849 Α
1107 1828 1158 1849 RG.
1176 1828 1311 1851 Antonium,
1327 1827 1364 1854 qui
1380 1833 1436 1847 nune
1452 1829 1525 1846 tantas
1541 1825 1616 1845 turbins
1633 1823 1698 1846 cit-at,

901 1871 945 1884 non
959 1871 1002 1884 una
1017 1871 1064 1884 eum
1077 1864 1173 1884 Cat—sure
1188 1863 1328 1883 interfectum
1344 1869 1393 1882 esse
1407 1861 1467 1881 dolet
1478 1865 1498 1881 et
1513 1868 1575 1881 snum
1587 1858 1698 1879 libertatis

901 1900 1063 1927 recuperandae
1073 1899 1170 1919 studium
1180 1900 1302 1926 profitetur.

1119 1937 1208 1955 (IImunr.
1220 1936 1283 1954 Panna,
1297 1935 1358 1953 niuno
1368 1941 1413 1952 cun.
1426 1936 1446 1951 7!
1455 1937 1459 1951 I
1467 1935 1480 1952 ,i

1060 1974 1226 2002 CICERO
1253 1974 1484 2001 TREBONlo
1509 1973 1537 1998 S.

960 2015 982 2039 ⁴.
1005 2008 1098 2045 Quam
1111 2013 1209 2039 vellem
1221 2012 1254 2038 ad
1268 2012 1326 2038 illas
1339 2011 1535 2045 pulcherrimas
1546 2009 1640 2043 epulas
1657 2017 1698 2034 mc

902 2050 996 2077 Idibus
1011 2051 1112 2076 Martiis
1129 2050 1285 2076 invitasses!
1308 2049 1484 2083 reliquiarum
1501 2047 1568 2073 nibil
1587 2046 1699 2072 liabere-

903 2097 975 2114 muS.
997 2087 1029 2114 At
1041 2096 1112 2113 nunc
1122 2096 1184 2113 cum
1198 2087 1239 2113 liis
1252 2091 1353 2113 tantum
1367 2085 1464 2120 negotii
1477 2089 1524 2112 est.
1539 2089 1567 2110 ut
1579 2088 1698 2109 vesu-um

904 2124 972 2151 illud
984 2124 1108 2151 divinum
1121 2125 1146 2150 in
1159 2123 1355 2158 rempublicam
1368 2122 1529 2148 beneficium
1542 2120 1697 2147 nonnullam

905 2162 1000 2188 habeat
1015 2161 1163 2196 querelam.
1203 2160 1279 2193 Quod
1297 2169 1358 2186 vero
1370 2169 1383 2185 a
1398 2165 1436 2189 te,
1455 2159 1512 2184 viro
1521 2159 1635 2192 optimo.
1656 2166 1699 2183 se-

903 2199 1001 2225 ductus
1012 2203 1065 2229 est,
1089 2203 1188 2232 tuoque
1200 2197 1330 2224 beneficio
1341 2196 1429 2223 adhuc
1442 2196 1510 2222 vivit
1523 2196 1586 2221 haec
1599 2195 1694 2229 pestis:

905 2236 1053 2265 interdum,
1076 2235 1148 2270 quud
1171 2235 1238 2260 milii
1261 2235 1308 2260 vix
1329 2233 1368 2259 sas
1389 2238 1441 2262 est,
1464 2233 1512 2258 tibi
1533 2232 1695 2258 subirascor.

903 2274 970 2300 Mihi
985 2273 1057 2299 enim
1074 2272 1173 2307 negotii
1191 2271 1252 2306 plus
1269 2270 1402 2305 reliquisti
1420 2270 1479 2298 uni,
1497 2279 1578 2304 quam
1595 2273 1698 2303 praeter

904 2320 946 2337 me
957 2310 1095 2336 omnibus.
1128 2309 1159 2335 Ut
1170 2310 1242 2334 enim
1253 2308 1371 2343 prinmm
1384 2313 1442 2341 post
1453 2307 1560 2333 Antonii
1573 2306 1697 2331 foedissi-

903 2356 978 2374 mum
989 2347 1140 2373 discessum
1152 2350 1261 2372 senatus
1274 2345 1366 2371 baberi
1378 2344 1460 2370 libere
1471 2345 1565 2378 potuit,
1574 2343 1606 2369 ad
1620 2342 1696 2368 illum

903 2386 1023 2411 :inimum
1040 2392 1129 2410 meum
1145 2383 1242 2409 reverti
1257 2383 1415 2417 pristinum.
1433 2390 1514 2415 quem
1530 2386 1556 2406 tu
1569 2389 1630 2406 eum
1641 2380 1695 2406 civi

903 2422 1046 2452 acerrimo,
1059 2426 1131 2456 patre
1144 2426 1202 2450 tuo,
1217 2421 1243 2446 in
1254 2429 1298 2446 ure
1310 2424 1335 2446 et
1349 2427 1436 2445 aurore
1448 2427 1554 2452 semper
1567 2417 1694 2443 habuisti.

903 2462 928 2486 2.
952 2460 1016 2485 Nam
1033 2467 1118 2493 quum
1133 2463 1255 2484 senatum
1267 2466 1291 2483 a.
1305 2456 1331 2482 d.
1346 2465 1402 2482 mu.
1417 2455 1549 2481 Kalendas
1562 2455 1696 2481 Ianuarias

904 2497 1005 2523 tribuni
1018 2495 1090 2530 plebi
1103 2496 1284 2525 vocavissent,
1301 2494 1388 2528 deque
1399 2493 1449 2519 alia
1463 2502 1488 2518 re.
1501 2492 1640 2518 referrent:
1658 2498 1696 2518 (o-

879 2551 880 2554 =
904 2539 956 2560 tam
974 2533 1168 2568 rempublicam
1184 2541 1245 2558 sum
1261 2531 1431 2566 complexus,
1454 2531 1552 2564 egique
1567 2530 1695 2555 acerrum-

902 2576 1080 2606 senatumquc
1102 2571 1154 2596 iam
1176 2569 1345 2604 languentem
1362 2573 1387 2594 et
1402 2563 1538 2594 ‹lesessum
1555 2566 1587 2593 ad
1604 2568 1695 2601 pristi-

903 2617 964 2635 nam
977 2609 1102 2635 virtutem
1114 2606 1390 2641 cousuetmlinemque
1405 2605 1528 2631 revocavi
1541 2605 1626 2639 magis
1637 2605 1695 2630 ani-

903 2646 953 2678 mi,
969 2654 1051 2682 quam
1067 2645 1168 2682 ingenii
1180 2644 1293 2671 viribus.
1335 2643 1382 2670 llic
1393 2642 1451 2670 dies
1463 2651 1575 2678 meaque
1586 2647 1695 2668 couten-
