1941 3052
314 132 643 159 EPISTULARUM
672 132 726 158 AD
756 131 962 158 ATTICUM
993 132 1072 158 Lln.

67 206 139 232 omni
161 205 259 231 ratione
284 203 410 229 subveni.
453 202 589 239 [Quintus]
610 204 654 229 avi
676 204 714 229 tui
731 211 862 237 pronepos

66 242 160 269 scribit
171 241 203 267 ad
216 241 298 275 patris
310 241 363 266 mei
376 245 508 275 nepotem,
522 249 550 266 se
562 249 595 266 ex
607 241 690 266 Nonis
701 240 744 270 iis,
761 240 863 274 quibus
885 254 886 259 =

67 289 114 306 nos
126 287 221 313 magna
232 278 377 313 gessimus,
387 278 480 304 aedem
487 278 552 312 Opis
564 278 772 312 explicaturum,
782 277 863 312 idque
884 271 886 293 l

703 314 778 341 Sexti
791 315 864 341 indi-
885 326 886 331 ι

884 376 887 382 Α
916 361 991 382 vam,
1010 352 1166 386 expeditum
1182 358 1231 379 est.

67 317 100 343 ad
111 315 252 351 populum.

66 355 138 380 cium
153 357 288 387 exspecto.

292 315 404 341 Videbis
416 316 499 350 igitur
513 321 538 341 et
549 315 661 341 scribes.

120 423 170 443 XV.
200 424 229 445 (Ῐη
240 423 335 446 Arpinati,
346 423 436 442 Antania,
446 422 546 439 Dolabella
558 429 604 440 coss.
616 424 670 443 710.)

255 461 421 488 CICERO
451 461 622 487 ATTICO
653 461 681 487 S.

126 504 147 528 1,
169 496 235 527 Noli
248 507 350 536 putare,
364 502 473 537 pigritia
484 510 527 528 me
539 501 639 532 facere,
657 500 729 537 qnod
742 509 793 527 non
805 508 864 526 mea
886 531 887 535 Ἰ

707 538 780 564 Nihil
792 538 864 564 enim
886 537 887 558 l

67 548 148 566 manu
165 539 296 565 scribam:
315 539 361 565 sed
378 539 531 565 mehercule
547 539 665 574 pigritia.

67 577 153 603 habeo
169 576 257 606 aliud,
276 576 348 611 qnod
364 576 465 609 dicam:
489 581 516 603 et
530 581 619 602 tamen
640 577 667 602 in
683 577 738 602 tuis
756 584 865 610 quoque

67 614 189 648 epistolis
205 613 311 640 Alexim
327 613 421 640 videor
436 622 590 649 agnoscere.
632 613 685 639 Sed
701 613 734 639 ad
750 621 806 638 rem
817 620 865 638 ve-

67 652 122 678 nio.
163 652 227 686 Ego,
242 652 265 677 si
278 660 319 677 me
331 660 382 677 non
396 651 596 686 improbissime
608 650 743 677 Dolabella
755 654 865 676 tractas-

67 693 120 718 set,
138 688 306 715 dubitassem
319 688 443 719 sortasse,
462 693 552 714 utrum
565 689 703 714 remissior
714 696 814 717 essem,
832 695 864 712 an

67 735 174 752 summo
190 727 248 752 iure
264 725 464 752 contenderem.
505 726 582 751 Nunc
594 734 656 751 vero
668 725 748 751 etiam
759 723 865 759 gaudeo

69 763 136 789 mihi
149 772 272 789 caussam
283 763 414 793 oblatam,
433 764 461 789 in
471 771 523 797 qua
535 763 630 797 etipse
642 762 751 792 sentiat,
765 766 790 787 et
802 761 866 787 reli-

67 801 115 835 qui
126 810 228 831 omnes‚
238 809 280 826 me
291 800 324 826 ab
336 800 382 826 illo
394 800 589 826 abalienatum:
604 799 685 834 idqne
696 807 759 833 prae
771 807 813 824 me
826 798 866 824 se—

69 847 138 867 ram,
156 843 181 864 et
196 837 307 872 quidem
323 846 366 863 me
377 846 436 863 mea
447 837 533 863 facere
543 842 569 863 et
580 836 746 871 reipublicae
758 844 862 866 caussa,

69 880 97 901 ut
114 874 191 901 illum
206 874 322 901 oderim:
343 874 429 909 quod,
452 883 537 908 quum
555 883 613 900 eam
630 882 672 900 nie
693 878 799 899 auctore
817 873 865 899 de-

67 912 176 938 fendere
187 912 328 946 coepisset,
341 920 395 938 non
406 911 484 938 modo
496 911 654 942 deseruerit,
663 916 770 946 emptus
782 919 866 945 pecu-

67 951 125 980 nia,
143 949 190 975 sed
206 949 299 980 etiam,
317 954 449 984 qnantum
465 950 491 975 in
508 950 567 983 ipso
583 949 647 980 fuit.
669 949 804 975 everterit.
839 950 863 974 2.

67 986 143 1019 Quod
155 991 244 1013 autem
256 987 373 1021 quaeris,
387 986 522 1021 quomodo
534 988 576 1021 agi
590 986 700 1021 placeat,
709 995 794 1021 quum
806 986 865 1012 dies

67 1025 183 1055 venerit;
201 1024 320 1058 primum
332 1024 414 1050 velim
426 1024 561 1050 eiusmodi
575 1025 623 1055 sit,
641 1028 734 1050 utnon
746 1023 864 1049 alienum

67 1062 102 1088 sit
118 1069 159 1087 me
172 1061 268 1087 Romae
279 1070 352 1094 esse3
369 1061 402 1087 de
413 1070 480 1096 quo,
497 1066 526 1087 ut
537 1061 569 1087 de
579 1062 689 1092 ceteris.
708 1061 818 1092 faciam,
836 1065 866 1087 ut

67 1103 96 1125 tu
114 1099 263 1125 censueris.
303 1099 339 1125 De
359 1107 465 1125 summa
486 1103 575 1125 antem
596 1099 639 1134 agi
655 1107 766 1133 prorsus
782 1098 866 1124 vehe-

68 1140 170 1162 menter
181 1140 206 1162 et
220 1144 313 1162 severe
329 1135 399 1162 volo.
439 1137 496 1162 Etsi
513 1144 656 1171 sponsores
672 1135 807 1170 appellare
823 1136 866 1161 vi—

67 1173 146 1200 detur
161 1173 260 1199 habere
276 1173 422 1208 quamdam
437 1173 581 1204 &venai-ilar:
599 1178 687 1199 tamen
706 1173 768 1204 boc,
785 1172 865 1208 quale

67 1211 110 1241 sit,
123 1210 278 1237 consideres
291 1210 383 1237 velim.
423 1211 571 1237 Possumus
582 1211 668 1241 enim,
682 1215 711 1237 ut
722 1218 865 1245 sponsores
887 1227 888 1232 ι

67 1248 251 1282 appellentur,
269 1253 453 1283 procuratores
468 1248 647 1274 introducere.
688 1249 781 1283 Neque
793 1248 865 1273 enim

69 1285 108 1311 illi
121 1285 194 1311 litem
206 1286 441 1312 contestabuntur:
455 1294 508 1320 quo
521 1285 602 1316 sacto,
620 1294 671 1312 non
683 1294 744 1311 sum
757 1286 865 1311 nescius

67 1331 211 1357 sponsores
222 1322 340 1349 liberari.
381 1322 433 1349 Sed
446 1328 470 1349 et
482 1322 522 1349 illi
534 1327 610 1357 turpe
627 1323 753 1354 arbitror,
772 1331 802 1349 eo
818 1331 866 1348 no-

67 1360 154 1391 mine,
171 1360 243 1394 quod
259 1360 387 1387 satisdato
403 1360 511 1391 debeat,
535 1365 720 1394 procuratores
738 1361 797 1386 eius
813 1368 865 1386 non

67 1397 229 1429 dissolvere,
253 1402 279 1424 et
299 1403 403 1424 nostrae
423 1398 576 1432 gravitatis,
603 1398 645 1424 ius
666 1402 786 1424 nostrum
806 1398 865 1423 sine
888 1421 896 1430 ,,

621 1435 718 1461 Deboc
729 1434 866 1470 quidpla-
895 1467 896 1472 Ἰ

67 1477 133 1503 ceat,
148 1472 280 1498 rescribas
291 1472 386 1499 velim:
406 1481 454 1498 nec
465 1472 574 1504 dubito,
591 1473 658 1507 quin
670 1472 720 1498 hoc
732 1477 815 1499 totum
829 1472 866 1498 le-
888 1484 889 1492 ι

67 1443 173 1461 summa
190 1434 264 1461 illius
281 1435 428 1471 ignominia
444 1436 581 1469 persequi.

67 1510 130 1536 nius
142 1509 379 1536 administraturus
390 1510 438 1536 sis.
470 1511 494 1536 3.
513 1509 601 1536 Redeo
612 1509 644 1536 ad
657 1509 864 1544 rempublicam.

67 1546 149 1573 Multa
165 1546 318 1573 mehercule
339 1556 352 1573 a
374 1552 397 1573 te
413 1556 492 1582 saepe
509 1549 534 1574 ἐν
550 1548 670 1582 πολιτικῷ
686 1555 784 1583 genere
800 1556 866 1582 pru-

67 1584 174 1610 denter:
192 1583 240 1610 sed
257 1584 300 1610 his
317 1584 411 1610 litteris
428 1584 496 1610 niliil
513 1584 687 1619 prudentius:
711 1593 866 1618 quamquam

67 1624 132 1647 enim
150 1620 264 1657 [postea]
280 1625 307 1648 in
319 1624 464 1655 praesentia
481 1624 542 1647 belle
558 1624 604 1647 isle
617 1631 682 1655 puer
692 1624 804 1648 retundit
815 1624 865 1647 fln-

68 1661 176 1690 tonium,
193 1663 274 1685 tamen
288 1661 385 1685 emilam
401 1664 550 1692 exspectare
565 1661 690 1685 (labemus.
731 1658 778 1690 At,
796 1667 865 1694 quae

66 1696 172 1722 concio!
190 1704 252 1722 nam
267 1701 308 1722 est
324 1696 406 1722 missa
422 1696 501 1722 mibi.
542 1697 625 1727 Iurat,
645 1698 866 1729 itnsibipm-entis

67 1735 173 1760 honores
188 1736 306 1767 consequi
320 1735 408 1760 liceat:
426 1738 452 1760 et
466 1733 549 1760 simul
565 1733 686 1760 dextram
704 1733 819 1760 intendit
832 1733 865 1759 ad

67 1775 192 1797 statuam.
215 1771 291 1805 Mna}
302 1772 419 1804 σωθείην
427 1770 514 1807 {mora
526 1771 654 1798 τοιούτου.
681 1770 744 1802 Sed,
759 1776 788 1798 ut
798 1771 866 1797 scri—

67 1808 124 1839 bis,
140 1808 322 1835 certissimum
339 1816 398 1835 esse
415 1808 493 1835 video
509 1808 655 1834 discrimen
668 1808 765 1835 Cascae
782 1809 865 1835 nostri

67 1845 248 1872 tribunatum:
267 1845 299 1872 de
315 1854 369 1880 quo
384 1845 495 1880 quidem
512 1846 571 1880 ipso
586 1846 643 1872 dixi
660 1846 760 1880 Oppio,
779 1855 864 1881 quum

67 1891 110 1909 me
130 1882 292 1914 hortaretur,
314 1888 344 1909 ut
364 1882 561 1910 adolescentem
582 1887 717 1918 totamque
740 1892 864 1910 caussam

67 1928 232 1954 manumque
244 1925 431 1946 veteranorum
441 1920 642 1954 complecterer,
651 1929 693 1946 nie
700 1920 774 1947 nullo
786 1921 865 1947 modo

68 1957 154 1983 facere
165 1965 253 1991 posse,
262 1957 289 1983 ni
300 1957 367 1983 mibi
377 1957 545 1992 exploratum
557 1962 636 1989 esset.
645 1966 707 1984 eum
723 1966 774 1984 non
786 1958 864 1985 modo

67 2003 119 2021 non
137 1994 278 2020 inimicum
296 1995 508 2030 tyrannoctonis,
531 2003 625 2020 verum
644 1995 724 2021 etiam
746 1996 864 2021 amicum

67 2031 133 2058 fore.
174 2031 263 2063 Quum
278 2031 321 2057 ille
333 2031 442 2062 diceret,
457 2032 491 2057 ita
504 2030 638 2058 futurum:
652 2032 719 2066 quid
731 2033 814 2067 igitur
826 2032 865 2058 t'e-

67 2068 218 2096 stinamus‘?
230 2069 352 2103 inquam.
378 2068 420 2095 11Ιί
431 2069 503 2095 enim
515 2077 573 2094 mea
584 2077 664 2103 opera
677 2074 737 2096 ante
750 2069 862 2095 Kalend.

65 2107 172 2134 Ianuar.
188 2105 257 2132 nihil
271 2114 341 2140 opus
356 2110 406 2132 est.
447 2106 500 2132 Nos
516 2111 604 2132 autem
620 2107 680 2132 eius
700 2106 864 2133 voluntatem

66 2149 126 2170 ante
138 2143 201 2170 Idus
213 2143 337 2170 Decemb.
352 2143 548 2177 perspiciemus
560 2144 586 2169 in
597 2144 689 2170 Casca.
728 2144 795 2170 Mihi
807 2143 865 2170 val-

66 2181 99 2208 de
111 2189 239 2207 assensus
250 2186 299 2207 est.
331 2180 511 2212 Quamobrem
524 2180 588 2206 baec
599 2181 710 2215 quidem
723 2181 862 2208 hactenus.

66 2218 143 2251 Quod
155 2218 290 2253 reliquum
302 2223 350 2248 est,
363 2217 484 2253 quotidie
497 2217 648 2244 tabellarios
660 2218 773 2245 babebis
787 2223 822 2247 et,
836 2223 865 2245 ut

66 2264 116 2292 ego
131 2255 257 2286 arbitror,
280 2255 361 2282 etiam
376 2255 443 2290 quid
460 2255 577 2286 scribas,
603 2255 716 2282 habebis
731 2256 863 2290 quotidie.

66 2294 164 2327 Leptae
181 2292 328 2319 litterarum
345 2292 501 2327 exemplum
518 2292 567 2318 tibi
583 2293 659 2323 misi,
677 2301 711 2319 ex
725 2302 779 2328 quo
796 2293 864 2319 milii
894 2318 895 2324 ,

67 2330 175 2357 videtur
189 2331 352 2365 στραιύλλιιξ
372 2329 417 2356 ille
436 2329 556 2356 deiectus
571 2329 603 2356 de
619 2330 715 2365 gradu.
755 2330 808 2357 Sed
825 2335 862 2361 ιιι,

66 2376 152 2403 quum
164 2367 270 2402 legeris,
283 2367 465 2394 existimabis.

123 2406 147 2431 4.
169 2404 316 2440 Obsignata
333 2405 385 2431 iam
402 2404 528 2439 epistola,
548 2403 648 2430 litteras
659 2408 709 2430 ate
721 2409 746 2430 et
757 2413 770 2430 a
783 2404 864 2430 Sexto

66 2442 168 2477 accepi.
209 2442 282 2468 Nihil
300 2442 446 2469 iucundius
463 2441 558 2468 litteris
572 2441 660 2471 Sexti,
679 2441 746 2467 nibil
759 2441 864 2467 amabi-

68 2478 134 2506 lius:
148 2487 210 2505 nam
223 2484 282 2506 tuae
294 2480 403 2507 breves:
422 2479 524 2514 priores
535 2483 609 2504 erant
621 2478 782 2504 uberrimae.
823 2478 862 2504 Tu

66 2516 178 2552 quidem
193 2520 219 2543 et
233 2517 379 2551 prudenter
394 2521 419 2543 et
434 2517 519 2542 amice
533 2515 645 2546 suades,
664 2516 730 2542 utin
743 2515 786 2541 bis
798 2515 863 2541 locis

66 2554 238 2588 potissimum
255 2555 320 2586 sim,
338 2554 426 2589 quoad
438 2553 594 2581 audiamus.
613 2552 691 2583 baec,
709 2561 778 2587 quae
789 2561 863 2578 com-

66 2595 136 2618 mota
147 2595 224 2621 sunt,
241 2600 356 2626 quorsus
368 2591 492 2618 evadant.
533 2591 558 2617 5.
580 2589 631 2616 Sed
644 2599 699 2620 me,
717 2590 753 2615 mi
767 2590 860 2620 Attice,

66 2636 118 2655 non
130 2636 194 2655 sane
206 2627 255 2654 hoc
266 2629 377 2668 quidem
390 2633 507 2663 tempore
519 2632 608 2654 movet
624 2626 790 2662 respublica,
809 2636 861 2653 non

65 2673 120 2700 quo
130 2670 176 2692 aut
185 2665 221 2692 sit
232 2666 299 2692 mihi
310 2666 461 2701 quidquam
472 2666 561 2692 carius
572 2669 618 2691 aut
627 2664 800 2697 cssedebeut,
814 2663 862 2690 sed

915 2376 984 2392 cere.

893 2396 895 2414 l
915 2404 1040 2439 quidem,
1060 2408 1088 2429 ut
1103 2404 1182 2429 etiam
1196 2411 1335 2428 accusarer
1346 2402 1379 2427 ab
1390 2410 1435 2431 eo,
1453 2400 1525 2435 quod
1543 2408 1636 2434 parum
1648 2408 1712 2425 con-

1108 133 1186 158 le'l.
1218 133 1277 158 Er.
1315 134 1340 158 Ξ.)
1361 148 1397 151 —
1424 134 1459 158 Ιϋ.
1659 134 1704 158 951

914 202 1063 237 desperatis
1078 203 1158 229 etiam
1174 203 1348 237 Hippocrates
1364 208 1433 229 vetat
1449 202 1577 229 adhibere
1597 202 1710 228 medici-

915 249 986 266 nam.
1027 240 1114 272 Quare
1130 241 1180 266 ista
1196 241 1314 267 valeant:
1333 250 1374 266 me
1391 249 1432 266 res
1449 240 1590 266 familiaris
1607 245 1708 266 movet:

915 286 971 303 rem
983 277 1061 303 dico?
1077 278 1158 303 immo
1169 287 1232 303 vero
1243 279 1415 304 existimatio.
1456 278 1544 309 Quum
1556 278 1627 303 enim
1641 282 1710 303 tanta

916 314 1018 349 reliqua
1034 315 1100 345 sint,
1119 324 1150 340 ne
1167 316 1303 342 Terentiae
1319 315 1429 350 quidem
1446 315 1547 345 adhuc.
1570 314 1643 349 quod
1658 314 1712 340 sol-

1273 353 1422 379 Terentiam
1437 351 1514 378 dico'?
1529 353 1582 378 scis
1597 361 1644 378 nos
1656 352 1712 386 pri-

916 389 977 415 dem
994 390 1047 415 iam
1063 391 1234 416 constituisse
1251 391 1368 415 Montani
1384 390 1492 415 nomine
1509 389 1572 415 ll-S
1587 398 1644 415 xxv
1655 389 1712 415 dis—

916 426 1030 452 solvere.
1071 427 1270 453 Pudentissime
1287 428 1336 453 hoc
1351 427 1443 453 Cicero
1464 427 1589 461 petierat.
1613 432 1642 453 ut
1661 426 1712 452 tide

916 473 975 490 sua.
1016 464 1231 493 Liberalissime.
1250 470 1278 490 ut
1294 465 1343 491 tibi
1359 473 1467 499 quoque
1482 464 1632 498 placuerat,
1650 472 1713 498 pro-

917 502 1056 527 miseram:
1080 502 1207 536 Erotique
1224 502 1359 532 dixeram,
1383 507 1411 527 ut
1426 502 1574 535 sepositum
1592 501 1710 527 liaberet.

916 540 974 565 Non
991 539 1081 566 modo:
1100 539 1148 564 sed
1166 540 1338 574 iniquissimo
1354 539 1459 565 foenore
1474 548 1614 564 versuram
1627 538 1713 564 facere

915 576 1044 602 Aurelius
1055 581 1163 602 coactus
1174 582 1223 602 est.
1264 577 1330 602 Nam
1342 577 1374 602 de
1386 577 1523 602 Terentiae
1537 577 1653 606 nomine,
1668 576 1713 601 Ti-

917 622 945 639 ro
956 613 1042 639 adme
1054 614 1175 647 scripsit,
1189 618 1213 640 te
1225 614 1323 644 dicere,
1337 622 1463 640 nummos
1474 622 1487 638 a
1500 613 1634 639 Dolabella
1647 613 1710 639 fore.

918 651 985 676 Male
995 660 1057 677 eum
1069 651 1148 677 credo
1160 651 1325 677 intellexisse
1334 672 1339 682 ,
1358 652 1380 677 si
1395 652 1540 685 quisquam
1555 650 1622 676 male
1634 650 1713 676 intel—

918 688 989 723 hgin
1004 689 1103 722 potius.
1117 688 1185 714 nihil
1198 688 1373 714 intellexisse.
1413 689 1451 714 Tu
1464 689 1536 713 enim
1548 688 1580 713 ad
1593 697 1634 713 me
1647 688 1713 713 scri-

894 745 895 754 ,
917 726 1106 760 psistiCocceii
1119 734 1288 760 responsum,
1298 731 1322 752 ct
1335 726 1430 751 iisdem
1442 734 1526 760 paene
1539 726 1629 751 verbis
1638 726 1710 750 Eros.

886 760 895 767 Η
917 765 942 789 6.
956 763 1125 789 veniendum
1137 768 1177 789 est
1190 764 1272 798 igitur
1284 763 1325 788 vel
1339 764 1365 789 in
1377 764 1462 797 ipsam
1475 762 1619 788 flammam.
1646 763 1713 788 Tur-

894 805 895 814 *
917 801 980 835 pius
991 805 1031 826 est
1042 801 1114 826 enim
1126 801 1254 834 privatim
1266 800 1369 831 cadere,
1383 809 1463 835 quam
1477 799 1595 834 publice.
1622 800 1712 834 ltaque

916 838 1013 864 ceteris
1028 838 1060 863 de
1077 838 1171 868 rebus,
1194 846 1261 872 quas
1278 837 1310 863 ad
1327 846 1368 864 me
1384 838 1547 863 suavissime
1568 837 1710 871 scripsisti.

918 875 1071 910 perturbato
1085 876 1188 905 animo,
1207 884 1258 901 non
1274 876 1363 909 potui,
1384 880 1411 900 ut
1427 883 1598 904 consueram,
1618 875 1714 899 rescri-

917 914 990 939 bere.
1031 913 1156 939 Consenti
1175 913 1201 938 in
1217 912 1266 938 hac
1282 921 1359 943 cura,
1378 912 1425 938 ubi
1441 921 1515 941 suni,
1534 916 1563 937 ut
1578 920 1620 937 me
1632 920 1715 945 expe—

917 951 1003 981 diam;
1025 950 1127 985 quibus
1147 955 1236 976 autem
1258 950 1352 979 rebus,
1375 950 1449 975 venit
1466 948 1577 983 quidem
1598 949 1666 974 mihi
1688 949 1713 974 in

917 994 1049 1015 mentem:
1072 988 1119 1014 sed
1134 993 1205 1014 certe
1221 988 1382 1014 constituere
1399 986 1467 1013 nihil
1482 995 1606 1021 possum,
1625 986 1715 1020 prius-

917 1036 998 1061 quam
1019 1031 1043 1052 te
1064 1025 1166 1051 videro.
1207 1025 1260 1057 Qui
1281 1026 1372 1051 minus
1393 1030 1483 1050 autem
1503 1032 1553 1059 ego
1570 1024 1628 1049 istic
1645 1028 1714 1049 recte

917 1073 975 1090 esse
988 1063 1103 1098 possim,
1121 1072 1203 1098 quam
1219 1068 1259 1089 est
1269 1061 1429 1089 Marcellus?
1448 1061 1500 1088 Sed
1513 1070 1564 1087 non
1577 1061 1603 1086 id
1616 1062 1712 1095 agitur.

918 1110 1005 1136 neque
1017 1101 1044 1127 id
1056 1101 1174 1127 maxime
1185 1109 1259 1127 curo.
1290 1100 1361 1132 Quid
1372 1108 1474 1130 curem,
1488 1098 1575 1125 vides.
1610 1098 1713 1124 Adsum

917 1139 1009 1175 igitur.

972 1208 1033 1229 xw.
1061 1210 1090 1231 (ln
1102 1210 1218 1228 'ri-„utinm
1228 1209 1318 1228 Aia-...im
1330 1209 1398 1226 buta..
1407 1208 1430 1224 un
1442 1214 1487 1224 sim.
1500 1207 1555 1228 τιο.)

1103 1244 1270 1271 CICERO
1300 1242 1469 1270 ATTICO
1497 1241 1526 1268 S.

975 1284 997 1308 1.
1020 1277 1238 1308 Iucundissimas
1249 1286 1308 1308 tuas
1322 1280 1373 1316 legi
1388 1280 1496 1306 litteras.
1535 1278 1575 1304 Ad
1588 1277 1714 1304 Plancum

917 1320 1028 1354 scripsi:
1052 1319 1135 1345 habes
1151 1318 1318 1354 exemplum.
1358 1319 1425 1343 Cum
1438 1317 1535 1342 Tirone
1550 1315 1616 1350 quid
1632 1317 1665 1341 sit
1679 1315 1716 1341 lo-

917 1362 1010 1387 cutus,
1028 1365 1188 1392 cognoscam
1204 1365 1237 1382 ex
1253 1357 1321 1391 ipsa.
1362 1357 1386 1381 2.
1409 1355 1476 1381 Cum
1493 1362 1581 1380 sorore
1597 1361 1660 1389 ages
1677 1358 1715 1379 at-

918 1395 1027 1426 tentius,
1041 1395 1064 1420 si
1075 1399 1099 1421 te
1110 1394 1285 1428 occupatione
1297 1394 1346 1419 ista
1357 1392 1496 1419 relaxaris.

973 1464 1033 1484 ΧῩΙ.
1046 1464 1072 1484 Α.
1102 1466 1130 1482 (ln
1141 1466 1256 1485 'sinent-ino,
1269 1464 1359 1482 Ant-iiiiii,
1371 1463 1468 1480 lli·!eil·vll1i
1480 1470 1526 1480 ems.
1538 1462 1593 1483 710.)

946 1510 980 1535 M.
998 1509 1142 1535 CICERO
1163 1509 1192 1534 L.
1214 1507 1370 1534 PLANCO
1391 1506 1528 1532 PRAET.
1551 1505 1632 1531 DES.
1655 1504 1682 1531 S.

976 1549 998 1572 l.
1020 1542 1106 1572 Attici
1122 1546 1204 1572 nostri
1223 1550 1246 1571 te
1264 1544 1340 1571 valde
1353 1544 1506 1570 studiosum
1518 1552 1577 1569 esse
1589 1543 1713 1577 cognovi,

918 1585 970 1610 mei
984 1593 1046 1610 vero
1059 1584 1092 1610 ita
1104 1583 1245 1618 cupidum,
1255 1587 1283 1608 nt
1295 1581 1448 1607 mehercule
1460 1589 1560 1615 paucos
1572 1588 1656 1614 acque
1667 1579 1716 1605 ob—

917 1626 1054 1647 servantes
1070 1625 1150 1656 atque
1166 1624 1285 1646 amantes
1302 1628 1343 1645 nie
1360 1619 1457 1644 babere
1471 1619 1634 1644 existimem.
1676 1616 1714 1643 Ad

917 1664 1040 1694 paternas
1052 1659 1124 1684 enim
1137 1666 1248 1693 magnas
1259 1661 1285 1683 et
1297 1661 1398 1683 veteres
1410 1661 1435 1682 et
1447 1653 1716 1682 iustas-necessitudi-

917 1706 964 1722 nes
977 1705 1102 1732 magnam
1114 1695 1203 1722 attulit
1213 1695 1394 1721 accessionem
1406 1698 1450 1720 tua
1463 1693 1585 1719 voluntas
1592 1700 1653 1727 erga
1662 1700 1713 1721 mc,

917 1742 1030 1769 meaque
1045 1742 1106 1769 erga
1123 1738 1146 1759 te
1163 1741 1210 1767 par
1226 1737 1306 1766 atque
1323 1736 1425 1758 mutua.
1466 1732 1490 1757 ⁶2.
1513 1730 1649 1756 Buthrotia
1667 1729 1716 1755 tibi

917 1780 1011 1797 caussa
1025 1771 1114 1807 ignota
1127 1779 1178 1796 non
1190 1775 1243 1796 est:
1261 1769 1304 1804 egi
1317 1769 1389 1795 enim
1400 1776 1479 1802 saepe
1491 1768 1523 1793 de
1535 1776 1564 1793 ea
1577 1776 1604 1793 re
1616 1772 1713 1796 tecum,

918 1809 1022 1843 tibique
1043 1813 1123 1834 totam
1146 1816 1200 1833 rem
1222 1806 1419 1833 demonstravi:
1441 1814 1510 1840 quae
1531 1809 1569 1831 est
1588 1808 1644 1830 acta
1666 1803 1716 1829 hoe

918 1846 1006 1872 modo.
1048 1846 1080 1872 Ut
1101 1846 1219 1880 primum
1236 1844 1405 1870 Buthrotium
1425 1851 1520 1878 agrum
1536 1842 1715 1876 proscriptum

917 1883 1048 1913 vidimus,
1061 1887 1211 1909 commotus
1223 1882 1326 1908 Atticus
1339 1880 1460 1907 libellum
1473 1879 1636 1914 composuit:
1653 1886 1714 1904 eum

917 1921 985 1947 mibi
997 1920 1085 1951 dedit,
1101 1925 1129 1947 ut
1140 1920 1231 1945 darem
1244 1919 1365 1945 Caesari:
1385 1926 1456 1944 eram
1472 1918 1544 1943 enim
1556 1921 1715 1942 eiii-naturus

917 1958 988 1993 apud
1000 1967 1062 1984 eum
1075 1957 1120 1983 illo
1131 1957 1185 1983 die.
1230 1957 1298 1982 Eum
1311 1955 1433 1982 libellum
1446 1955 1551 1981 Caesari
1563 1953 1639 1979 dedi:
1655 1962 1716 1988 pro-

916 1995 991 2022 bavit
1001 2004 1138 2024 caussam;
1163 1994 1300 2028 rescripsit
1314 1993 1412 2023 Attico,
1426 2001 1510 2026 aequa
1522 2000 1583 2017 euin
1597 1990 1716 2025 postula—

917 2041 957 2059 re:
972 2032 1112 2059 admonuit
1123 2037 1225 2063 tamen,
1245 2036 1272 2057 ut
1284 2031 1427 2066 pecuniam
1440 2030 1572 2064 reliquam
1585 2028 1714 2054 Buthrotii

917 2069 950 2096 ad
961 2069 1033 2096 diem
1045 2069 1190 2096 solverent.
1224 2071 1248 2095 3.
1270 2069 1384 2097 Atticus,
1400 2067 1448 2102 qni
1460 2067 1596 2093 civitatem
1608 2074 1714 2091 conser-

917 2111 1005 2133 vatam
1021 2111 1144 2141 cuperet,
1164 2106 1305 2141 pecuniam
1323 2105 1474 2131 numeravit
1491 2103 1523 2129 de
1539 2112 1598 2129 sno.
1639 2101 1714 2134 Quod

916 2152 1001 2179 quum
1013 2149 1083 2170 esset
1096 2143 1204 2170 factum.
1217 2143 1335 2168 adiimus
1347 2142 1380 2167 nd
1391 2142 1541 2170 Caesarem,
1557 2140 1636 2166 verba
1651 2139 1714 2165 seci-

917 2190 977 2207 mus
989 2189 1037 2215 pro
1049 2181 1202 2209 Buthrotiis,
1219 2179 1439 2205 liberalissimum
1451 2178 1588 2204 decreunn
1601 2175 1714 2202 abstuli-

917 2227 990 2249 mus3
1005 2217 1076 2253 qnod
1089 2217 1310 2251 estolisignatum
1323 2215 1541 2250 abainplissimis
1549 2215 1624 2240 viris.
1641 2214 1714 2245 Quae

916 2264 1001 2290 quum
1012 2260 1103 2281 essent
1114 2260 1179 2284 acta,
1194 2255 1284 2280 mirari
1296 2253 1407 2288 quidem
1419 2252 1547 2281 solebam,
1557 2252 1713 2286 patiCaesa—

917 2302 970 2318 reni
982 2292 1126 2318 convenire
1142 2300 1201 2321 eos,
1219 2291 1266 2325 qui
1283 2299 1377 2325 agrum
1390 2289 1557 2316 Buthrotium
1570 2289 1713 2322 com-apis-

915 2334 988 2356 sent:
1003 2338 1089 2364 neque
1101 2328 1188 2354 solnm
1203 2328 1265 2362 pati,
1279 2327 1325 2353 scd
1337 2328 1417 2353 etiam
1429 2327 1453 2352 ei
1466 2327 1571 2361 negotio
1583 2331 1606 2352 te
1617 2325 1713 2359 pracli—

1026 2367 1116 2400 ltaque
1128 2371 1153 2391 et
1164 2375 1214 2399 ego
1224 2374 1285 2390 cum
1299 2364 1344 2390 illo
1357 2364 1460 2390 locutus
1475 2373 1535 2389 snm
1545 2384 1550 2391 ,
1567 2368 1592 2388 et
1604 2363 1712 2396 saepius

915 2442 1026 2468 stantiae
1037 2449 1101 2466 suae
1117 2440 1277 2466 conliderem
1289 2449 1292 2465 :
1309 2444 1333 2465 ct
1347 2439 1380 2465 M.
1395 2438 1532 2464 Messallae
1544 2443 1568 2463 et
1581 2437 1632 2471 ipsi
1645 2437 1712 2463 Aui-

914 2488 945 2505 co
956 2478 1034 2507 dixit.
1049 2482 1078 2504 ut
1089 2478 1147 2504 sine
1158 2486 1221 2503 curn
1233 2481 1336 2502 essent:
1350 2481 1494 2510 aperteque
1503 2474 1670 2504 ostendebat,
1683 2483 1711 2499 se

892 2530 893 2533 =
916 2515 1096 2550 praesentium
1114 2516 1219 2541 animos
1234 2515 1298 2548 (erat
1314 2514 1386 2539 enim
1399 2512 1549 2547 popularis,
1569 2517 1595 2537 ut
1613 2511 1711 2543 noras.)

913 2553 1047 2579 offendere
1064 2552 1148 2578 nolle:
1170 2561 1255 2587 quum
1272 2560 1343 2577 mare
1360 2551 1531 2578 transissent.
1554 2554 1709 2575 curaturum

914 2599 956 2620 se,
980 2594 1009 2616 ut
1028 2590 1054 2616 in
1075 2589 1158 2616 alium
1174 2598 1268 2625 agrum
1285 2588 1491 2614 deducerentur.
1534 2587 1557 2613 t.
1581 2587 1648 2612 llaec
1666 2585 1710 2612 illo

915 2628 987 2653 vivo.
1023 2627 1082 2654 Post
1099 2627 1235 2653 interitum
1252 2631 1340 2652 antem
1352 2625 1487 2655 Caesaris,
1505 2629 1533 2651 ut
1547 2624 1664 2659 primum
1677 2632 1709 2649 ex

913 2669 1023 2691 senatus
1043 2664 1165 2691 consulto
1183 2672 1293 2690 caussas
1312 2662 1437 2689 consules
1452 2670 1612 2697 cognoscere
1633 2662 1706 2687 insti-
