1941 3052
233 151 281 177 624
805 150 847 173 et.
882 147 917 173 M.

233 226 285 247 tam
297 220 411 254 egregia.
425 223 531 253 tamque
544 218 683 252 praeclara,
697 218 813 244 maximo
825 217 912 247 imbri.
923 222 1024 252 tempe-

232 262 311 286 state.
331 258 428 287 ventis,
447 255 582 290 procellis.
605 255 770 285 turbinibus.
788 255 855 280 inter
871 254 983 281 fulmina
999 259 1024 281 et

233 295 346 321 tonitrua
359 294 480 319 ferra-tur:
500 297 527 318 ut
537 301 581 318 eos
594 292 694 318 iudices
707 291 879 322 haberemus.
897 300 965 326 quos
977 292 1024 318 ho-

232 332 316 366 spites
328 331 422 356 bulwrc
435 339 511 356 nenio
524 329 594 355 vetit.
636 329 771 355 Scelerum
784 328 948 364 magnitudo.
961 337 1024 355 con-

232 369 340 394 scientia
358 367 561 395 maleficiorum,
584 366 697 401 direptio
712 367 771 392 cius
787 367 927 400 pecuniae.
945 367 1023 392 cuius

233 406 298 432 ratio
311 406 335 430 in
347 404 409 430 aede
421 405 486 438 Opis
497 403 613 429 confecta
625 408 678 433 est.
695 403 761 429 banc
773 403 874 429 tertiam
887 403 1022 430 decuriam

232 442 404 473 excogitavit:
428 450 474 467 nec
490 445 549 466 ante
569 445 659 475 turpes
675 441 777 466 iudices
791 441 920 475 quaesiti.
941 449 1022 476 quam

232 480 350 506 honestis
362 478 496 504 indicibus
508 478 659 504 nocentium
671 478 744 504 salus
755 477 893 512 desperata
905 482 954 504 est.
982 479 1022 504 ⁴6.

231 516 283 542 Sed
301 515 366 541 illud
382 524 424 545 os.
448 514 521 541 illam
538 516 716 550 impuritatem
728 516 802 541 coeni
816 515 912 546 fuisse.
936 520 964 542 ut
975 515 1023 541 lios

231 553 333 580 iudices
349 553 434 585 legere
449 552 570 578 auderet!
593 561 707 587 quorum
728 552 838 579 lectione
852 552 954 587 duplex
974 553 1024 579 im-

232 591 390 625 primeretur
401 589 563 624 reipublicae
574 589 704 616 dedecus:
718 590 891 624 unum,quod
904 594 955 616 tam
969 594 1025 616 tur-

231 637 278 662 pes
295 627 396 653 iudiccs
412 631 513 653 essent:
537 627 662 658 alterum,
679 627 751 662 quod
767 627 926 662 patefactum
943 632 1021 658 esset,

230 673 311 700 quam
324 664 422 690 multos
433 665 459 690 in
471 664 577 690 civitate
589 669 680 699 turpes
692 664 861 691 haberemus.
903 665 973 691 llanc
983 673 1024 690 er-

230 711 264 738 go
279 706 304 728 et
319 701 434 736 reliquas
450 701 582 728 eiusmodi
600 701 684 737 lcgeS.
701 702 806 728 etiamsi
817 703 875 728 sine
887 702 926 732 vi.
942 701 1024 728 salvis

230 740 366 774 auspiciis.
380 743 469 765 essent
480 744 592 774 rogatae.
605 747 739 765 censerem
751 744 837 766 tamen
848 739 1022 774 abrogandas.

226 777 308 803 -Nunc
320 785 381 803 vero
394 785 441 803 cur
452 776 616 812 abrogandas
630 785 753 804 censeam
762 797 768 808 .
786 785 853 812 quas
870 776 958 803 iudico
972 785 1023 803 non

231 813 353 850 rogatas?

288 851 326 876 Π.
351 852 391 877 An
413 850 457 877 illa
479 859 529 877 non
545 851 715 885 gravissimis
732 851 902 886 ignominiis.
927 858 1024 877 monu-

231 888 382 922 mentisque
399 887 479 914 huius
499 887 614 919 ordinis,
635 888 667 914 ad
687 889 847 923 posteritatis
868 889 1022 914 memoriam

230 929 293 951 sunt
309 924 433 955 notanda,
456 925 527 959 qnod
549 934 618 951 unus
635 926 670 951 M.
691 926 822 952 Antonius
842 926 868 952 in
890 925 938 951 hac
958 925 1024 951 urbe

207 969 211 975 ·
231 967 290 997 post
305 962 436 988 conditam
449 962 545 988 Urbem
561 962 647 997 palam
659 971 750 989 secum
763 963 885 989 habuerit
895 968 1022 989 armatos:

230 999 303 1034 quod
318 1007 404 1034 neque
416 1008 490 1035 reges
503 999 633 1031 fecerunt,
651 1008 737 1035 neque
748 1001 780 1031 ii.
798 1001 845 1035 qui
858 1000 966 1035 regibus
978 1009 1024 1026 ex-

231 1037 296 1063 actis
312 1045 423 1072 regnum
439 1046 567 1071 occupare
583 1037 733 1064 voluerunt.
775 1037 885 1064 Cinnam
898 1038 1021 1064 memini:

231 1074 287 1100 vidi
299 1073 416 1100 Sullam:
435 1074 513 1100 modo
528 1074 676 1101 Caesarem.
717 1075 748 1101 lli
765 1076 835 1101 enim
852 1079 904 1101 tres
916 1079 975 1109 post
985 1075 1024 1101 ci-

232 1112 339 1137 vitatem
356 1120 368 1137 a
386 1112 414 1137 L.
431 1112 512 1137 Bruto
527 1111 679 1142 liberatam.
696 1111 758 1146 plus
770 1117 925 1147 potuerunt,
942 1120 1023 1147 quam

231 1149 355 1175 universa
372 1148 531 1183 respublica.
573 1149 629 1175 Non
646 1158 755 1184 possum
775 1149 918 1180 affirmare.
941 1149 1024 1175 nullis

232 1185 292 1212 telis
303 1194 347 1212 eos
359 1187 469 1220 stipatos
481 1185 578 1212 fuisse:
597 1186 645 1213 hoc
656 1186 724 1218 dico,
738 1195 785 1213 nec
796 1186 888 1213 multis
899 1191 925 1213 et
935 1186 1025 1213 occul-

230 1223 274 1249 tis.
317 1225 356 1248 48.
379 1224 410 1249 At
423 1223 490 1249 lianc
502 1228 602 1257 pestem
615 1233 708 1259 agmen
720 1229 880 1250 armatorum
892 1224 1024 1259 sequeba-

231 1265 287 1286 tur:
301 1260 451 1291 Classitius.
464 1261 586 1292 Mustela,
600 1261 668 1291 Tiro,
681 1261 785 1297 gladios
796 1266 967 1292 ostentantes,
981 1261 1023 1287 sui

230 1297 333 1323 similes
347 1306 442 1333 greges
457 1297 591 1324 ducebant
607 1307 652 1333 per
667 1298 768 1325 forum:
791 1303 893 1325 certum
909 1299 1024 1334 agminis

231 1334 318 1361 locum
335 1335 459 1361 tenebant
474 1335 577 1361 barbari
593 1336 732 1371 sagittarii.
759 1335 848 1368 Quum
866 1341 955 1362 autem
971 1340 1025 1362 erat

231 1376 341 1398 ventum
356 1371 389 1398 ad
404 1372 495 1398 aedem
508 1372 680 1404 Concordiae,
697 1373 797 1409 gradus
811 1373 1022 1408 complebantur,

230 1407 336 1435 lecticae
351 1409 560 1441 collocabantur,
577 1419 628 1437 non
644 1419 697 1445 quo
710 1410 755 1437 ille
768 1415 842 1437 scuta
853 1410 955 1437 occulta
966 1419 1024 1437 esse

230 1445 323 1477 vellet.
337 1447 384 1473 sed
395 1455 427 1472 ne
439 1446 596 1478 familiares,
609 1448 632 1474 si
643 1452 716 1474 scuta
729 1448 780 1483 ipsi
792 1447 903 1479 ferrent.
922 1447 1024 1475 labora-

230 1488 296 1510 rent.
337 1484 391 1510 Vll.
413 1484 482 1511 lllud
494 1493 556 1511 vero
567 1486 747 1512 taeterrimum
759 1485 865 1517 auditu,
884 1494 936 1512 non
948 1485 1025 1511 modo

229 1525 351 1555 aspectu,
369 1522 397 1548 in
411 1521 477 1548 cella
489 1522 648 1548 Concordiae
663 1522 786 1549 collocari
801 1528 928 1554 armatos,
946 1522 1025 1549 latro-

230 1566 286 1589 neS,
299 1559 422 1585 sicarios:
444 1558 477 1585 de
489 1559 588 1594 templo
598 1568 728 1586 carcerem
740 1560 810 1586 fieri:
827 1561 926 1595 opertis
938 1560 1024 1586 valvis

230 1595 403 1627 Concordiae,
420 1604 506 1630 quum
516 1597 586 1622 inter
596 1597 724 1623 subsellia
735 1601 844 1624 senatus
856 1602 1025 1631 versarentur

230 1631 353 1663 latrones,
368 1638 454 1667 patres
465 1634 628 1668 conscriptos
639 1635 782 1661 sententias
793 1634 890 1661 dicere.
913 1636 954 1660 ⁴9.
967 1635 1024 1661 Huc

229 1670 309 1696 etiam
325 1670 377 1696 nisi
393 1671 511 1697 venirem
528 1671 639 1707 Kalend.
653 1671 800 1706 Septemb..
818 1671 906 1698 fabros
916 1680 945 1698 se
959 1672 1025 1698 mis-

229 1715 338 1738 surum,
359 1712 385 1733 et
399 1707 509 1734 domum
530 1717 616 1734 meam
633 1708 846 1735 disturbaturum
867 1717 925 1735 esse
945 1708 1023 1735 dixit.

229 1744 324 1779 Magna
336 1752 390 1774 reS.
408 1745 499 1775 credo,
516 1746 657 1780 agebatur:
679 1746 712 1772 de
723 1746 917 1781 supplicatione
928 1745 1025 1772 refere-

229 1780 317 1807 batur.
357 1781 423 1808 Veni
435 1782 576 1816 postridie:
590 1783 648 1817 ipse
660 1791 710 1809 non
723 1784 804 1810 venit.
836 1784 951 1810 Locutus
963 1791 1024 1809 sum

229 1817 263 1844 de
278 1818 428 1852 republica,
451 1820 541 1846 minus
557 1820 682 1854 equidem
698 1820 788 1851 libere.
802 1829 883 1855 quam
895 1829 953 1846 mea
962 1828 1025 1846 con-

229 1855 357 1887 suetudo,
385 1856 495 1882 liberius
515 1861 617 1888 tamen,
641 1865 723 1892 quam
744 1857 861 1892 pericula
883 1858 1024 1892 minaeque

230 1892 410 1927 postulabant.
450 1894 484 1919 At
503 1893 549 1920 ille
569 1894 648 1921 homo
668 1894 813 1921 vehemens
833 1899 858 1921 et
878 1895 1021 1925 violentus,

229 1929 278 1964 qui
298 1929 366 1956 hanc
385 1931 607 1957 consuetudinem
628 1931 710 1958 libere
729 1931 836 1958 dicendi
861 1931 1021 1963 exc-luderet,

229 1966 336 2001 (fecerat
355 1968 426 1993 enim
448 1967 497 1994 hoc
518 1968 589 1994 idem
611 1969 727 1995 maxima
743 1978 804 1995 cum
822 1969 900 1995 laude
914 1969 945 1996 L.
963 1970 1023 1996 Piso

228 2012 289 2030 xxx
298 2003 394 2030 diebus
405 2004 646 2039 ante.)inimicitias
657 2006 724 2032 mihi
735 2006 917 2033 denuntiavit:
930 2006 1023 2033 adesse

228 2041 257 2068 in
268 2046 390 2067 senatum
402 2042 481 2068 iussit
491 2051 514 2068 a.
527 2042 554 2068 d.
565 2051 622 2069 xm.
631 2043 841 2070 Kalend.0ctob.
855 2044 914 2078 Ipse
924 2044 1024 2070 interea

229 2086 287 2104 xvu
297 2078 355 2105 dies
366 2079 398 2105 de
410 2088 452 2105 me
464 2080 491 2106 in
498 2080 638 2107 Tiburtino
645 2080 778 2115 Scipionis
789 2080 978 2112 declamitavit,
987 2082 1024 2107 si-

229 2116 277 2142 tim
296 2124 440 2151 quaerens:
463 2116 527 2143 haec
541 2118 613 2144 enim
630 2118 654 2144 ei
668 2126 763 2144 caussa
779 2126 838 2144 esse
857 2118 1024 2145 declamandi
1046 2121 1048 2128 '

347 2155 388 2180 ⁶20.
405 2154 494 2186 Quum
506 2155 529 2181 is
540 2154 606 2186 dies,
620 2163 674 2190 quo
685 2164 727 2181 me
738 2155 831 2182 adesse
842 2156 965 2186 iusserat,
979 2164 1026 2182 ve·

230 2191 322 2221 nisset.
337 2195 394 2217 tum
406 2200 468 2218 vero
478 2193 584 2227 agmine
594 2192 723 2227 quadrato
733 2193 760 2219 in
766 2193 858 2219 aedem
865 2193 1025 2220 Concordiae
1046 2205 1049 2212 ¹

230 2152 306 2180 solet.

230 2228 316 2258 venit,
333 2232 412 2263 atque
423 2229 450 2255 in
463 2238 504 2255 me
514 2229 650 2256 absentem
662 2231 805 2256 orationem
817 2239 861 2257 ore
872 2231 1026 2265 impurissi-

230 2273 274 2291 mo
284 2266 412 2292 evomuit.
451 2265 510 2298 Quo
520 2267 572 2298 die.
585 2267 608 2293 si
620 2276 667 2302 per
677 2268 776 2294 amicos
787 2267 854 2294 mihi
865 2269 983 2303 cupienti
997 2269 1025 2294 in

229 2306 351 2328 senatum
364 2303 453 2329 venire
466 2303 593 2335 licuisset,
607 2304 811 2331 caedisinitium
823 2304 930 2332 fecisset
941 2314 954 2332 a
966 2314 1022 2331 me:

229 2339 269 2365 sic
280 2340 352 2366 enim
364 2345 499 2367 statuerat.
540 2341 629 2374 Quum
641 2347 729 2368 autem
741 2342 823 2368 semel
835 2342 956 2378 gladium
968 2351 1025 2369 sce-

231 2375 283 2402 lere
294 2377 449 2408 imbuisset,
464 2378 537 2405 nulla
548 2387 589 2405 res
601 2379 625 2405 ei
637 2379 716 2406 finem
727 2379 868 2410 caedendi.
888 2380 940 2406 nisi
951 2379 1026 2406 defa-

231 2413 322 2448 tigatio
333 2419 358 2440 et
369 2415 484 2446 satietas,
497 2416 639 2443 attulisset.
674 2417 779 2443 Etenim
791 2417 881 2443 aderat
892 2417 921 2443 L.
935 2416 1022 2448 frater,

230 2449 359 2485 gladiator
369 2453 512 2484 Asiaticus,
525 2454 572 2488 qui
584 2453 710 2480 mirmillo
722 2453 832 2489 Mylasis
844 2454 1022 2490 depugnarat;

231 2489 389 2521 sanguinem
405 2494 524 2516 nostrum
541 2491 660 2521 sitiebat,
678 2499 760 2517 suum
774 2492 802 2517 in
813 2490 859 2517 illa
869 2491 1025 2527 gladiatoria

232 2531 321 2558 pugna
332 2525 447 2552 multum
459 2527 620 2561 profuderat.
636 2528 683 2554 Hic
694 2528 820 2563 pecunias
831 2533 934 2555 nostras
945 2529 1026 2555 aesti-
1046 2554 1048 2562 ,

233 2560 334 2586 mahat.-
357 2565 538 2595 possessiones
554 2565 660 2592 notabat
674 2570 699 2591 et
714 2565 830 2591 urbanas
850 2570 876 2592 et
895 2566 1022 2592 rusticas:
1046 2565 1048 2577 ³

234 2596 315 2622 huius
343 2599 497 2627 mendicitas
507 2602 632 2628 aviditate
643 2603 783 2629 coniuncta
808 2603 835 2628 in
848 2602 966 2629 fortunas
977 2611 1026 2629 no-

233 2638 300 2659 stras
313 2634 480 2663 imminebat:
498 2638 634 2665 dividebat
644 2648 734 2675 agros,
751 2639 852 2674 quibus
863 2644 888 2665 et
897 2648 966 2674 quos
977 2648 1026 2666 vo-

234 2669 317 2697 lebat:
340 2671 430 2698 nullus
446 2674 533 2701 aditus
544 2681 598 2702 erat
608 2677 724 2711 privato,
742 2675 816 2703 nulla
827 2677 968 2712 aequitatis
977 2676 1026 2703 de-

951 147 981 174 T.
1016 147 1289 175 thssnosts

1076 218 1199 252 precatio.
1239 219 1352 246 Tantum
1363 220 1480 255 quisque
1491 220 1604 248 habebat
1614 229 1763 257 possessor.
1779 229 1865 257 quan-

1076 260 1131 281 tum
1153 255 1296 290 reliquerat
1315 256 1416 283 divisor
1435 259 1575 285 Antonius.
1616 261 1656 286 2«.
1678 259 1750 291 Quae
1770 267 1867 294 quam-

1074 301 1169 327 quam.
1182 293 1204 318 si
1218 293 1288 328 leges
1300 294 1388 320 irritas
1400 293 1526 325 feceritis.
1540 300 1593 322 rata
1605 304 1663 322 esse
1674 305 1724 323 non
1737 301 1864 331 possunt:

1076 334 1162 356 tamen
1174 331 1314 364 separatim
1326 340 1375 357 suo
1385 332 1491 358 nomine
1502 332 1613 359 notanda
1624 342 1731 360 censeo:
1746 333 1866 360 iudican-

1075 366 1208 402 dumque,
1226 367 1314 394 nullos
1325 369 1500 403 septemviros
1513 369 1609 396 fuisse:
1631 371 1697 397 nihil
1709 371 1813 406 placere
1824 380 1866 398 ra-

1076 409 1132 430 tum
1144 413 1211 435 esse,
1224 404 1295 440 quod
1307 405 1340 431 ab
1352 406 1384 431 iis
1396 410 1483 432 actum
1495 406 1637 433 diceretur.

1131 441 1196 468 Vlll.
1209 442 1244 468 M.
1258 443 1479 474 veroAntonium,
1491 444 1553 479 quis
1565 449 1612 474 est.
1626 445 1672 479 qui
1683 445 1769 471 civem
1782 445 1867 480 possit

1075 478 1191 505 iudicare
1207 480 1308 514 potius.
1330 489 1410 515 quam
1423 481 1602 507 taeterrimum
1613 486 1640 507 et
1648 481 1865 508 crudelissimum

1076 516 1192 542 bostem:
1209 517 1256 551 qui
1272 525 1319 552 pro
1329 517 1392 544 aede
1402 517 1517 544 Castoris
1527 518 1622 545 sedens
1633 518 1756 545 audiente
1767 519 1867 554 populo

1075 553 1192 580 Romano
1206 554 1316 584 dixerit,
1337 555 1389 581 nisi
1404 555 1544 586 victorem.
1565 556 1698 582 victurum
1715 555 1868 583 neminem?

1076 591 1144 617 Num
1157 591 1265 626 putatis.
1279 596 1366 626 patres
1376 592 1640 627 conseripti.dixisse
1650 601 1712 619 eum
1724 593 1864 624 minacius.

1075 637 1155 662 quam
1168 628 1299 655 facturum
1312 629 1413 656 fuisse?
1431 629 1502 662 Quid
1519 639 1593 661 vero.
1610 629 1682 665 quod
1699 630 1725 656 in
1741 631 1867 657 concione

1075 665 1162 692 dicere
1173 674 1254 692 ausus
1266 671 1318 697 est,
1331 675 1373 697 se.
1386 675 1471 702 quum
1483 668 1638 703 magistratu
1649 667 1761 697 abisset.
1774 667 1807 694 ad
1818 667 1867 694 Ur-

1076 702 1136 729 bem
1149 702 1268 729 futurum
1279 712 1340 730 curn
1352 703 1487 730 exercitu?
1497 705 1867 739 introiturum.quotiescum-

1075 748 1127 774 que
1144 740 1240 767 vellet?
1258 741 1324 776 quid
1342 746 1397 767 erat
1411 741 1498 771 aliud.
1521 742 1572 768 nisi
1592 741 1748 768 denuntiare
1768 741 1868 777 populo

1075 777 1191 804 Romano
1202 778 1376 804 servitutem?
1404 780 1445 805 22.
1462 778 1539 811 Quod
1554 783 1642 806 autem
1654 780 1712 805 eius
1723 779 1772 806 iter
1782 779 1867 806 Brun-

1075 814 1174 841 disium
1182 814 1195 840 5³
1214 824 1282 850 quae
1294 815 1443 842 festinatio?
1457 825 1526 851 quae
1537 824 1608 851 spes.
1622 817 1674 843 nisi
1686 821 1715 842 ut
1725 816 1758 842 ad
1769 816 1867 843 Urbem

1075 852 1116 878 vel
1133 853 1159 878 in
1172 852 1268 879 Urbem
1285 853 1373 887 potius
1387 854 1533 879 exercitum
1545 854 1693 880 maximum
1707 852 1869 880 adduceret?

1074 889 1125 921 Qui
1137 894 1224 915 autem
1236 890 1349 916 dilectus
1360 890 1565 917 centurionum?
1583 899 1652 926 quae
1667 890 1801 917 effrenatio
1816 891 1867 917 im-

1076 927 1189 961 potentis
1200 926 1301 953 animi‘?
1324 927 1412 959 Quum
1425 928 1484 953 eius
1495 928 1635 963 promissis
1648 927 1765 964 legiones
1777 927 1867 954 fortis-

1075 965 1157 990 simae
1169 964 1364 995 reclamassent.
1377 964 1487 991 domum
1499 965 1531 991 ad
1543 973 1571 991 se
1582 966 1672 991 venire
1684 965 1763 992 iussit
1773 969 1867 992 centu-

1075 1001 1175 1032 riones,
1197 1010 1265 1036 quos
1285 1002 1352 1029 bene
1372 1002 1405 1028 de
1425 1002 1560 1037 republica
1581 1003 1678 1029 sentire
1693 1007 1865 1038 cognoverat:

1075 1047 1174 1074 eosque
1189 1043 1248 1065 ante
1260 1039 1340 1074 pedes
1353 1048 1416 1066 suos
1428 1040 1573 1074 uxorisque
1584 1048 1661 1070 suae,
1682 1048 1764 1074 quam
1774 1047 1867 1066 secum

1075 1077 1164 1112 gravis
1180 1077 1322 1111 imperator
1336 1076 1368 1102 ad
1383 1077 1528 1103 exercitum
1539 1077 1663 1107 duxerat.
1681 1076 1798 1112 iugulari
1808 1084 1868 1103 coe—

1075 1114 1123 1149 git.
1163 1113 1222 1145 Quo
1236 1114 1324 1140 animo
1335 1113 1406 1140 bunc
1417 1113 1538 1140 futurum
1550 1113 1633 1140 fuisse
1644 1114 1758 1140 censetis
1768 1114 1796 1140 in
1808 1122 1866 1145 nos,

1075 1159 1143 1185 quos
1158 1151 1260 1181 oderat.
1277 1159 1363 1185 quum
1379 1152 1406 1177 in
1422 1159 1481 1181 eos,
1502 1159 1570 1186 quos
1586 1159 1733 1186 numquam
1755 1150 1866 1182 viderat.

1077 1193 1128 1214 tam
1143 1187 1260 1214 crudelis
1277 1187 1389 1214 fuisset?
1408 1192 1433 1214 et
1443 1197 1524 1223 quam
1536 1188 1645 1215 avidum
1657 1189 1684 1215 in
1696 1188 1818 1223 pecuniis
1830 1188 1868 1215 lo-

1075 1225 1236 1260 cupletium.
1263 1226 1311 1260 qui
1334 1233 1482 1260 pauperum
1503 1226 1662 1262 sanguinem
1682 1226 1869 1261 concupisset?

1075 1271 1189 1297 quorum
1205 1263 1326 1297 ipsorum
1341 1263 1422 1294 bona,
1439 1267 1655 1298 quantacumque
1670 1268 1756 1294 erant.
1779 1263 1868 1290 statim

1075 1300 1218 1326 comitibus
1233 1300 1291 1326 suis
1305 1301 1559 1335 compotoribusque
1569 1300 1719 1335 descripsit.
1759 1301 1800 1327 23.
1822 1300 1869 1327 At-

1075 1346 1128 1372 que
1144 1337 1188 1363 ille
1205 1337 1295 1364 furens
1311 1337 1405 1364 infesta
1419 1338 1471 1364 iam
1487 1338 1586 1372 patriae
1601 1338 1677 1373 signa
1697 1346 1711 1364 a
1727 1336 1869 1364 Brundisio

1076 1374 1218 1401 inferebat:
1240 1383 1326 1410 quum
1338 1374 1433 1401 Caesar
1446 1375 1556 1401 deorum
1568 1375 1757 1401 immortalium
1769 1374 1869 1401 benefi-

1075 1412 1124 1442 cio.
1132 1412 1217 1438 divini
1228 1413 1320 1443 animi,
1328 1412 1438 1448 ingenii.
1451 1412 1555 1439 consilii
1567 1412 1760 1448 magnitudine,
1772 1420 1869 1447 quam—

1075 1458 1157 1484 quam
1172 1458 1221 1475 sua
1236 1454 1330 1484 sponte
1344 1450 1495 1485 eximiaque
1511 1450 1622 1480 virtute,
1640 1454 1726 1476 tamen
1737 1449 1868 1484 approba-

1076 1487 1146 1513 tione
1158 1487 1319 1513 auctoritatis
1331 1495 1404 1513 meae
1415 1487 1532 1514 colonias
1543 1487 1625 1522 patris
1636 1486 1714 1513 adiit:
1731 1491 1869 1513 veteranos

1076 1523 1175 1550 milites
1185 1525 1354 1551 convocavit:
1368 1525 1460 1559 paucis
1471 1524 1568 1551 diebus
1579 1524 1724 1550 exercitum
1736 1523 1811 1550 fecit:
1826 1524 1869 1550 in-

1075 1562 1168 1587 citatos
1180 1560 1288 1588 latronis
1300 1561 1417 1596 impetus
1428 1561 1579 1588 retardavit.
1612 1561 1704 1588 Postea
1715 1569 1777 1588 vero
1786 1569 1869 1596 quam

1077 1598 1145 1633 legio
1156 1598 1248 1624 Martia
1259 1598 1353 1625 ducem
1366 1599 1625 1633 praestantissimum
1636 1599 1716 1630 vidit.
1737 1598 1804 1625 nihil
1815 1599 1871 1634 egit

1076 1635 1162 1666 aliud.
1185 1636 1250 1666 nisi.
1273 1640 1303 1662 ut
1317 1635 1461 1670 aliquando
1482 1635 1559 1662 liberi
1575 1643 1710 1667 essemus:
1732 1643 1813 1670 quam
1828 1639 1869 1661 est

1075 1673 1176 1698 imitata
1199 1671 1296 1704 Quarta
1317 1672 1395 1708 legio.
1439 1672 1486 1699 IX.
1507 1672 1566 1705 Quo
1585 1672 1631 1699 ille
1651 1672 1744 1699 nuntio
1766 1671 1866 1703 audito,

1075 1718 1160 1744 quum
1176 1714 1297 1736 senatum
1312 1714 1431 1736 vocasset
1450 1709 1671 1744 adhibuissetque
1689 1709 1866 1740 consularem,

1075 1747 1122 1782 qui
1139 1755 1187 1773 sua
1203 1747 1333 1773 sententia
1348 1746 1377 1773 C.
1390 1746 1528 1773 Caesarem
1545 1746 1648 1773 hostem
1663 1746 1805 1777 iudicaret.
1827 1755 1869 1773 re-

1076 1788 1154 1818 pente
1164 1783 1289 1810 concidit.
1330 1785 1371 1810 24.
1386 1784 1448 1810 Post
1458 1788 1556 1815 autem,
1569 1792 1656 1819 neque
1667 1784 1804 1810 sacrificiis
1815 1783 1869 1810 sol-

1076 1821 1211 1848 lemnibus
1221 1820 1307 1851 factis.
1316 1829 1402 1856 neque
1414 1822 1482 1848 votis
1493 1822 1663 1856 nuncupatis,
1671 1829 1723 1848 non
1735 1821 1868 1856 profectus

1076 1863 1128 1889 est,
1146 1858 1194 1884 sed
1209 1857 1327 1894 profugit
1343 1858 1495 1893 paludatus.
1535 1859 1568 1885 At
1579 1858 1650 1893 quo?
1664 1859 1692 1885 in
1704 1859 1869 1893 provinciam

1076 1895 1291 1922 firmissimorum
1302 1900 1328 1922 et
1339 1895 1544 1922 fortissimorum
1554 1896 1665 1926 civium,
1677 1896 1725 1930 qui
1736 1895 1822 1927 illum.
1835 1903 1870 1922 ne

1075 1933 1098 1959 si
1110 1933 1144 1959 ita
1155 1933 1265 1968 quidem
1278 1933 1403 1964 venisset.
1412 1937 1441 1959 ut
1452 1932 1557 1959 nullum
1567 1932 1792 1964 belluminferret.
1801 1932 1869 1960 ferre

1076 1971 1238 2005 potuissent,
1251 1971 1437 2005 impotentem,
1454 1969 1622 2001 iracundum,
1634 1970 1866 2001 contumeliosum.

1075 2007 1236 2042 superbum.
1264 2015 1370 2042 semper
1393 2012 1558 2043 poscentem.
1585 2015 1691 2042 semper
1711 2007 1866 2042 rapientem.

1075 2053 1181 2079 semper
1195 2044 1310 2071 ebrium.
1349 2044 1383 2071 At
1400 2044 1458 2075 ille.
1480 2045 1558 2071 cuius
1574 2053 1607 2071 ne
1623 2049 1742 2079 pacatam
1757 2043 1868 2079 quidem

1077 2083 1223 2116 nequitiam
1233 2083 1379 2117 quisquam
1391 2081 1458 2108 ferre
1469 2086 1572 2116 posset,
1590 2081 1692 2108 bellum
1706 2081 1797 2108 intulit
1807 2089 1869 2116 pro-

1076 2119 1179 2145 vinciae
1196 2119 1311 2146 Galliae:
1333 2119 1510 2146 circumsedet
1524 2119 1668 2149 Mutinam,
1686 2118 1868 2145 firmissimam

1076 2161 1101 2182 et
1116 2156 1363 2191 splendidissimam
1378 2155 1472 2191 populi
1486 2157 1598 2183 Romani
1615 2155 1760 2183 coloniam:
1782 2163 1869 2191 oppu-

1075 2198 1139 2229 gnat
1149 2194 1179 2220 D.
1191 2194 1317 2224 Brutum,
1331 2194 1525 2228 imperatorem,
1538 2192 1677 2220 consulem
1687 2193 1866 2229 designatum,

1075 2232 1175 2261 civem,
1194 2239 1245 2257 non
1256 2231 1322 2262 sibi,
1339 2231 1388 2257 sed
1401 2231 1477 2257 nobis
1488 2235 1514 2257 et
1524 2229 1686 2265 reipublicae
1696 2234 1799 2256 natum.
1824 2231 1866 2256 25.

1076 2268 1146 2304 Ergo
1156 2267 1286 2294 Hannibal
1302 2268 1400 2299 hostis.
1418 2268 1485 2294 civis
1496 2266 1646 2294 Antonius?
1665 2266 1736 2299 Quid
1750 2266 1796 2293 ille
1806 2265 1869 2293 fecit

1076 2305 1220 2336 hostiliter,
1237 2305 1310 2340 quod
1321 2305 1364 2331 hic
1375 2313 1428 2332 non
1438 2310 1483 2331 aut
1494 2304 1586 2331 fecerit
1596 2309 1641 2330 aut
1651 2303 1742 2334 faciat,
1755 2308 1801 2330 aut
1810 2311 1869 2330 mo-

1076 2342 1155 2369 liatur
1166 2347 1191 2368 et
1201 2341 1316 2378 cogitet?
1334 2343 1429 2369 Totum
1441 2343 1490 2368 iter
1500 2342 1673 2368 Antoniorum
1684 2340 1751 2376 quid
1763 2341 1865 2372 habuit.

1076 2380 1129 2406 nisi
1139 2379 1367 2414 depopulationes,
1376 2379 1544 2409 vastationes,
1552 2378 1655 2409 caedes,
1664 2377 1789 2413 rapinas?
1798 2385 1868 2413 quae

1076 2425 1128 2443 non
1143 2416 1256 2443 faciebat
1267 2416 1410 2447 Hannibal.
1426 2417 1490 2451 quia
1505 2415 1589 2442 multa
1603 2415 1636 2442 ad
1652 2423 1733 2442 usum
1749 2423 1868 2441 reserva-

1076 2454 1133 2480 bat:
1146 2454 1211 2480 haec
1222 2454 1259 2485 hi.
1272 2454 1357 2489 quiin
1369 2453 1460 2480 horam
1471 2454 1604 2483 viverent.
1618 2460 1670 2479 non
1681 2452 1760 2479 modo
1770 2452 1803 2478 de
1813 2451 1868 2478 for-

1077 2492 1149 2518 tunis
1165 2495 1191 2517 et
1205 2491 1238 2517 de
1253 2491 1330 2518 bonis
1345 2491 1459 2521 civium,
1481 2489 1529 2517 sed
1543 2497 1576 2516 ne
1586 2489 1620 2516 de
1630 2489 1745 2516 utilitate
1755 2488 1866 2524 quidem

1075 2537 1124 2555 sua
1134 2529 1326 2564 cogitaverunt.

1129 2565 1170 2592 Ad
1186 2565 1266 2597 hunc.
1284 2565 1322 2592 dii
1336 2565 1412 2591 boni!
1433 2563 1532 2599 legatos
1550 2563 1618 2590 mitti
1637 2562 1740 2598 placet?
1763 2563 1867 2589 Norunt

1075 2603 1119 2629 isti
1130 2602 1253 2629 homines
1264 2602 1376 2629 formam
1386 2600 1560 2636 reipublicae,
1575 2601 1633 2627 iura
1648 2599 1725 2631 belli.
1743 2599 1866 2634 exempla

1054 2665 1055 2677 ,
1076 2639 1224 2666 maiorum?
1247 2640 1376 2676 cogitant,
1401 2637 1468 2673 quid
1487 2637 1580 2672 populi
1598 2638 1709 2664 Romani
1729 2637 1864 2678 maiestas,

1075 2677 1141 2712 quid
1151 2681 1259 2704 senatus
1269 2677 1397 2704 severitas
1407 2674 1541 2710 postulet?
1554 2675 1666 2711 Legatos
1676 2673 1815 2702 decernis?
1825 2673 1863 2705 Si.
