1941 3052
333 141 421 168 PRO
453 141 583 168 DOMO
616 141 705 168 SUA
734 142 790 168 AD
820 141 1138 167 PONTIFICES.
1170 141 1267 167 CAP.

73 213 96 239 si
108 213 142 239 M.
156 212 278 238 Horatius
288 211 333 238 ille
343 211 491 243 Pulvillus,
509 213 569 247 qui,
587 221 671 247 quum
688 213 746 238 eius
758 211 864 238 dedica-

74 250 171 276 tionem
187 249 265 275 multi
282 255 387 284 propter
402 250 531 276 invidiam
549 250 616 276 fictis
628 249 802 285 religionibus
814 250 865 275 im-

73 287 207 322 pedirent,
221 287 329 317 restitit,
343 291 369 312 et
379 287 593 313 constantissima
606 292 693 313 mente
704 286 863 321 Capitolium

73 323 219 354 dedicavit,
242 323 397 350 huiusmodi
419 324 497 350 alicui
514 324 673 350 dedicationi
690 323 862 358 praefuisset:

74 366 161 388 tamen
173 361 200 387 in
212 360 310 387 scelere
322 360 415 396 religio
426 370 477 387 non
490 361 600 393 valeret;
620 361 719 387 nedum
730 361 815 387 valeat
826 361 862 391 id,

73 398 145 433 quod
161 398 302 432 imperitus
318 398 485 429 adolescens,
508 407 593 425 novus
609 398 745 429 sacerdos,
768 398 864 424 sororis

73 435 207 470 precibus,
221 436 312 461 matris
324 436 404 461 minis
416 435 557 466 adductus,
571 437 689 471 ignarus,
704 436 814 465 invitus,
828 436 866 461 si-

73 481 106 499 ne
115 472 237 508 collegis,
250 473 308 498 sine
320 472 408 504 libris,
423 473 481 499 sine
492 478 610 503 auctore,
623 473 682 498 sine
694 472 794 503 fictore,
809 472 866 498 fur-

72 511 134 539 tim,
152 514 240 536 mente
256 518 285 536 ao
301 510 391 545 lingua
403 510 533 536 titubante
545 510 640 536 fecisse
651 510 767 536 dicatur:
790 518 865 544 prae-

72 547 163 573 sertim
190 555 275 582 quum
302 548 352 573 iste
378 548 502 582 impurus
535 552 614 582 atque
647 547 748 581 impius
781 547 864 572 hostis

72 585 192 610 omnium
209 584 382 620 religionum,
400 585 447 619 qui
461 589 550 611 contra
566 584 605 610 fas
621 585 688 610 inter
704 585 774 610 viros
786 592 864 618 saepe

73 621 170 647 mulier
181 626 205 647 et
217 622 285 647 inter
295 622 421 648 mulieres
433 622 474 648 vir
489 622 598 652 fuisset,
615 626 703 657 ageret
718 621 792 647 illam
809 630 863 646 rem

72 659 107 685 ita
123 660 218 693 raptim
234 663 259 685 et
276 659 441 690 turbulente,
466 663 495 685 ut
511 667 597 693 neque
614 667 689 684 mens
710 666 797 693 neque
813 666 865 684 vox
886 661 887 668 ¹

73 704 159 730 neque
172 696 261 731 lingua
272 697 434 722 consisteret.
474 696 527 723 LV.
542 697 598 722 ⁴40.
615 695 735 722 Delatum
752 700 808 721 tum
825 700 865 720 est

72 733 105 759 ad
117 742 177 764 vos,
195 733 345 768 pontifices,
363 738 388 759 et
404 738 464 768 post
478 734 598 759 omnium
614 741 736 759 sermone
747 732 865 758 celebra-

72 775 143 801 tum,
160 770 387 805 quemadmodum
399 771 448 796 iste
460 771 635 805 praeposteris
648 771 749 800 verbis,
767 770 864 796 omini-

72 808 123 834 bus
134 808 266 838 obscenis,
280 808 436 833 idemtidem
448 816 476 833 se
488 808 545 842 ipse
556 807 712 838 revocando,
727 807 861 837 dubitans,
886 831 887 836 ,

72 845 182 876 timens,
196 845 330 871 haesitans
342 845 431 871 omnia
442 844 530 875 aliter,
544 853 573 871 ac
585 853 631 870 vos
643 845 670 870 in
683 844 863 870 monumentis

72 881 189 911 habetis,
203 887 228 908 et
239 883 417 916 pronuntiarit
428 886 453 908 et
465 882 563 908 fecerit.

71 965 103 982 ne
119 957 244 983 audaciae
259 957 369 992 quidem
386 956 473 983 locum
489 957 522 982 ad
542 957 664 983 timorem
685 956 865 990 comprimen-

70 993 135 1020 dum
152 994 244 1020 fuisse.
285 994 404 1024 Etenim,
421 995 445 1020 si
461 1003 538 1020 nemo
554 1002 681 1028 umquam
698 993 795 1028 praedo
811 998 863 1019 tam

71 1031 200 1058 barbarus
211 1035 291 1066 atque
303 1032 428 1057 immanis
442 1031 501 1062 fuit,
510 1032 566 1066 qui,
580 1040 665 1066 quum
678 1030 737 1057 fana
749 1030 864 1065 spolias-

70 1073 123 1099 set,
146 1068 243 1095 deinde
257 1077 329 1095 aram
345 1068 463 1103 aliquam
475 1069 502 1095 in
515 1069 601 1095 littore
612 1068 730 1099 deserto,
751 1068 863 1094 somniis

70 1106 225 1132 stimulatus
241 1111 286 1132 aut
301 1105 429 1141 religione
440 1106 528 1141 aliqua
540 1110 718 1136 consecraret,
737 1114 788 1132 non
803 1106 865 1131 bor-

71 1148 139 1170 reret
149 1144 247 1175 animo,
256 1152 341 1178 quum
352 1143 476 1169 divinum
489 1152 597 1174 numen,
611 1143 711 1169 scelere
723 1142 861 1173 violatum,

71 1180 174 1215 placare
185 1181 311 1215 precibus
322 1185 473 1216 cogeretur:
486 1190 539 1215 qua
551 1181 657 1207 tandem
669 1181 752 1206 istum
760 1184 865 1214 pertur-

70 1218 175 1245 batione
186 1219 282 1245 meutis
294 1219 414 1244 omnium
427 1218 587 1253 templorum
599 1222 678 1252 atque
690 1222 817 1244 tectorum
825 1222 865 1243 to-

71 1255 178 1290 tiusque
193 1255 272 1282 Urbis
288 1255 447 1290 praedonem
464 1255 548 1282 fuisse
563 1255 691 1286 censetis,
714 1263 799 1290 quum
817 1263 864 1289 pro

69 1292 241 1319 detestatione
253 1297 289 1319 tot
299 1292 430 1319 scelerum
442 1301 523 1319 unam
535 1301 605 1319 aram
618 1291 717 1318 nefarie
727 1301 865 1318 consecra-

69 1329 126 1356 ret?
138 1330 256 1357 tttNon
265 1329 864 1366 poteratullomodo(quamquametinsolentia

69 1367 222 1393 dominatus
233 1367 480 1398 extuleratanimos,
489 1372 513 1393 et
524 1372 579 1393 erat
589 1366 864 1393 incredibiliarmatus

69 1404 189 1440 audacia)
201 1405 286 1431 nonin
293 1405 396 1440 agendo
403 1413 486 1435 ruere,
495 1413 524 1431 ac
535 1413 613 1439 saepe
620 1412 736 1439 peccare,
745 1412 865 1439 praeser-

69 1441 116 1468 tim
128 1441 174 1468 illo
180 1442 303 1477 pontifice
309 1443 475 1478 etmagistro,
483 1441 782 1477 quicogereturdocere‚
790 1446 865 1467 ante-

68 1487 150 1513 quam
166 1479 224 1513 ipse
239 1479 391 1505 didicisset.
409 1480 503 1515 Magna
515 1479 556 1505 vis
568 1483 608 1505 est
618 1487 703 1514 quum
714 1479 742 1504 in
753 1478 863 1504 deorum

69 1516 260 1542 immortalium
272 1517 391 1547 numine,
409 1521 464 1542 tum
477 1517 576 1542 veroin
588 1517 646 1551 ipsa
657 1516 803 1550 republica.
824 1516 864 1542 Dii

67 1553 232 1580 immortales
243 1554 521 1588 suorumtemplorum
528 1553 666 1579 custodem
679 1562 707 1579 ac
714 1553 863 1588 praesidem

67 1590 272 1617 sceleratissime
284 1591 392 1626 pulsum
404 1599 489 1626 quum
501 1591 631 1622 viderent,
644 1599 677 1617 ex
688 1591 745 1617 suis
757 1590 864 1625 templis
892 1616 895 1632 ἲ

68 1628 95 1654 in
106 1628 165 1654 eius
176 1628 255 1654 aedes
265 1629 419 1664 immigrare
431 1628 564 1655 nolebant.
580 1629 671 1663 Itaque
684 1628 761 1654 istius
773 1636 865 1654 vecor-

68 1665 173 1692 dissimi
194 1670 309 1692 mentem
325 1675 388 1692 cura
403 1670 532 1701 metuque
552 1665 693 1692 terrebant.
734 1666 786 1691 Res
803 1673 865 1691 vero

68 1702 356 1738 publica,quamquam
364 1704 596 1730 eratexterminata
605 1702 866 1733 mecum,tamenob-

68 1740 224 1766 versabatur
239 1745 298 1767 ante
309 1740 400 1767 oculos
411 1741 580 1767 exstinctoris
592 1741 644 1771 sui,
653 1745 678 1766 et
689 1740 722 1766 ab
738 1740 865 1766 istiusin-

67 1776 200 1804 flammato
215 1782 294 1813 atque
305 1778 390 1813 ignito
400 1777 488 1804 furore
500 1779 552 1804 iam
560 1782 616 1804 tum
624 1786 755 1812 meseque
763 1782 865 1812 repete-

68 1814 121 1841 bat.
161 1814 248 1847 Quare
263 1815 330 1850 quid
346 1820 385 1841 est
401 1816 513 1846 mirum,
527 1816 549 1841 si
561 1816 611 1841 iste
624 1819 711 1841 metus
724 1814 811 1841 furore
823 1815 865 1840 in-

67 1852 190 1883 stinctus,
202 1852 302 1879 scelere
308 1861 443 1887 praeceps,
453 1853 681 1888 nequeinstitutas
688 1853 863 1878 caerimonias

67 1890 202 1924 persequi,
217 1898 303 1925 neque
315 1890 426 1916 verbum
438 1890 525 1916 ullum
537 1890 666 1917 sollemne
678 1891 764 1924 potuit
774 1888 865 1916 effari?

123 1927 188 1953 LVI.
204 1927 260 1953 ⁴42.
273 1926 346 1959 Quae
357 1936 441 1962 quum
454 1928 489 1953 ita
500 1928 567 1958 sint,
582 1928 729 1962 pontifices,
743 1932 862 1953 revocate

66 1965 121 1990 iam
137 1964 240 1990 animos
256 1969 356 1990 vesti-os
372 1965 405 1990 ab
417 1965 465 1991 hac
476 1964 570 1991 subtili
583 1969 670 1991 nostra
681 1965 862 1999 disputatione

67 2001 100 2027 ad
120 2001 274 2027 universam
296 2001 505 2036 rempublicam,
527 2010 608 2036 quam
629 2007 703 2028 antea
718 2011 780 2028 cum
797 2003 862 2028 viris

68 2038 183 2065 fortibus
193 2038 299 2069 multis,
316 2038 343 2064 in
356 2039 404 2065 bac
415 2047 477 2065 vero
487 2047 581 2065 caussa
593 2038 658 2065 solis
670 2040 766 2066 vestris
777 2040 863 2065 cervi-

67 2076 145 2102 cibus
156 2076 306 2102 sustinetis.
333 2075 414 2102 Vobis
426 2076 545 2102 universi
557 2080 666 2102 senatus
676 2081 803 2111 perpetua
815 2085 864 2102 au-

67 2113 233 2143 ctoritas,cui
247 2113 403 2147 vosmetipsi
415 2114 636 2147 praestantissimi
648 2122 755 2149 semper
766 2115 792 2140 in
805 2122 862 2140 mea

67 2158 162 2176 caussa
183 2149 350 2185 praefuistis;
373 2150 449 2176 vobis
470 2150 558 2177 Italiae
579 2151 862 2186 magnificentissimus

67 2187 114 2214 ille
125 2192 227 2218 motus,
242 2188 507 2222 municipiorumque
518 2196 679 2221 concursus;
703 2189 779 2215 vobis
790 2197 863 2215 cam-

68 2232 132 2260 pus,
155 2225 391 2259 centuriarumque
406 2233 457 2250 una
473 2233 524 2251 vox
535 2226 666 2257 omnium,
688 2234 801 2261 quarum
815 2235 861 2252 vos

68 2262 201 2297 principes
213 2267 293 2297 atque
304 2267 425 2288 auctores
437 2261 539 2293 fuistis;
557 2263 633 2289 vobis
647 2271 740 2290 omnes
751 2265 862 2290 societa-

67 2303 116 2331 tes,
128 2307 222 2326 omnes
233 2299 350 2330 ordines,
364 2307 465 2330 omnes,
477 2300 525 2334 qui
537 2304 620 2326 autre
631 2305 676 2326 aut
687 2310 734 2335 spe
745 2301 862 2335 denique

68 2341 131 2363 sunt
146 2337 228 2367 bona.
250 2345 328 2363 omne
344 2345 425 2362 suum
437 2336 448 2349 *
464 2345 525 2372 erga
540 2345 625 2363 meum
637 2337 792 2373 dignitatem
805 2343 862 2364 stu-

67 2373 142 2400 dium
154 2379 180 2400 et
191 2374 322 2400 iudicium
335 2383 386 2400 non
399 2373 476 2400 modo
486 2375 860 2405 commissum,verumetiam

68 2411 282 2438 commendatum
293 2420 352 2437 esse
363 2411 533 2437 arbitrantur.
561 2412 617 2437 ⁴43.
631 2412 749 2447 Denique
760 2412 810 2447 ipsi
823 2412 860 2438 dii

68 2448 244 2479 immortales,
270 2449 319 2483 qui
343 2448 412 2474 banc
433 2448 526 2474 urbem
547 2453 626 2483 atque
648 2449 696 2475 boc
718 2449 860 2484 imperium

69 2489 184 2517 tuentur,
193 2491 223 2512 ut
233 2490 304 2512 esset
314 2486 440 2512 omnibus
451 2485 577 2521 gentibus
590 2487 789 2521 posteritatique
801 2495 859 2521 per—

68 2522 206 2557 spicuum.
228 2523 321 2550 divino
336 2532 379 2549 me
395 2523 505 2549 numine
520 2531 578 2549 csse
595 2523 756 2558 reipublicae
773 2523 861 2550 reddi—

69 2563 140 2591 tum.
157 2559 255 2587 idcirco
271 2560 337 2586 mihi
354 2560 478 2587 videntur
493 2559 608 2586 fructum
622 2561 710 2595 ipsum
723 2561 824 2587 reditus
835 2565 860 2587 ct

68 2596 252 2632 gratulationis
268 2606 341 2624 meae
355 2597 388 2624 ad
402 2606 512 2624 suorum
525 2597 691 2624 sacerdotum
704 2603 858 2632 potestatem

67 2633 254 2670 iudiciumque
265 2643 412 2661 revocasse.
438 2635 485 2661 llic
496 2640 536 2661 est
547 2636 617 2661 enim
630 2635 740 2665 reditus,
755 2635 860 2670 pontili-

68 2677 126 2702 ces,
143 2670 207 2698 haec
222 2672 353 2699 restitutio
372 2673 400 2699 in
415 2672 507 2704 domo,
525 2673 552 2699 in
565 2672 691 2702 sedibus,
709 2673 735 2699 iu
747 2673 813 2701 nris,
833 2673 858 2698 in

774 2730 1000 2743 ——znz-oe--s-

603 881 679 914 Quod
692 881 800 916 quidem
814 882 865 907 mi—
886 906 887 910 ,

72 920 143 945 nime
160 920 258 945 mirum
274 924 326 950 est,
348 921 376 946 in
393 924 464 945 tanto
479 919 578 945 scelere
595 924 720 954 tantaque
731 919 863 945 dementia
886 913 894 948 Ῐ,

1299 143 1326 167 51
1351 156 1387 160 -
1407 142 1448 167 53.
1659 143 1701 168 491

916 211 990 243 focis,
1004 212 1032 238 in
1042 211 1094 238 diis
1107 211 1248 246 penatibus
1259 211 1459 246 recuperandis.
1493 210 1612 243 Quorum
1623 212 1645 237 si
1658 212 1708 238 iste

916 249 973 275 suis
985 249 1198 275 sceleratissimis
1210 249 1335 274 manibus
1347 253 1411 274 tecta
1423 248 1555 282 sedesque
1566 248 1705 274 convellit:

916 286 1086 320 ducibusque
1100 286 1271 316 consulibus,
1294 290 1430 320 tamquam
1445 286 1514 312 Urbe
1529 290 1618 320 capta,
1641 285 1709 311 hanc

918 332 997 349 unam
1009 323 1133 353 domum,
1146 323 1225 357 quasi
1236 323 1355 349 acerrimi
1368 323 1584 358 propugnatoris,
1599 323 1651 349 sibi
1662 322 1709 348 de-

918 360 1023 386 lendam
1040 360 1156 395 putavit:
1180 365 1266 386 tamen
1283 360 1321 385 illi
1338 360 1375 386 dii
1392 365 1499 394 penates
1514 368 1544 386 ac
1564 359 1709 386 familiares

918 398 969 423 mei
986 406 1032 432 per
1047 406 1094 424 vos
1110 397 1137 423 in
1154 406 1239 423 meam
1255 397 1364 423 domum
1378 406 1481 423 meeum
1493 401 1571 423 erunt
1582 397 1707 423 restituti.

917 435 992 460 LVII.
1006 436 1060 461 ⁴44.
1073 434 1200 466 Quocirca
1212 439 1244 464 te,
1254 434 1409 468 Capitoline,
1418 443 1498 469 quem
1511 439 1617 469 propter
1628 435 1709 460 bene-

918 471 975 497 ficia
992 471 1108 506 populus
1121 472 1255 497 Romanus
1267 471 1418 506 Optimum,
1437 476 1543 506 propter
1559 473 1613 497 vim
1625 472 1710 497 Maxi-

917 518 991 535 mum
1005 509 1159 539 nominavit,
1174 513 1261 543 teque,
1278 509 1343 535 Iuno
1354 509 1462 544 Regina,
1476 514 1502 535 et
1513 514 1546 539 te,
1560 514 1649 535 custos
1661 509 1711 535 Ur-

916 546 972 576 bis,
986 547 1117 576 Minerva,
1131 554 1199 580 quae
1210 554 1316 580 semper
1326 546 1442 572 adiutrix
1453 546 1625 572 consiliorum
1637 554 1710 572 meo-

917 592 986 613 rum,
999 584 1074 609 testis
1087 583 1206 609 laborum
1219 583 1352 612 exstitisti,
1370 592 1461 617 precor
1471 592 1500 610 ac
1511 592 1625 618 quaeso:
1649 592 1710 609 vos-

916 629 982 655 que,
996 621 1043 655 qui
1055 620 1171 646 maxime
1183 629 1224 646 me
1236 621 1370 654 repetistis
1381 625 1460 655 atque
1471 621 1628 651 revocastis,
1642 629 1710 655 quo-

917 667 976 683 rum
987 657 1020 683 de
1031 657 1141 683 sedibus
1154 657 1217 683 haec
1229 658 1295 683 mihi
1307 658 1440 692 proposita
1451 662 1491 684 est
1501 659 1646 688 contentio,
1663 666 1710 692 pa-

916 695 959 721 trii
971 699 1079 729 penates
1092 694 1303 728 familiaresque,
1322 696 1368 729 qui
1386 695 1448 721 huic
1464 695 1524 721 urbi
1541 700 1565 721 et
1579 695 1710 730 reipubli-

916 741 961 758 cae
973 732 1138 766 praesidetis,
1152 740 1199 757 vos
1210 732 1334 762 obtestor,
1351 740 1464 766 quorum
1477 741 1526 767 ego
1537 741 1550 758 a
1562 732 1668 767 templis
1680 741 1709 758 ac

893 775 894 789 ³
916 769 1037 795 delubris
1053 768 1206 803 pestiferam
1219 768 1291 794 illam
1304 773 1329 794 et
1340 769 1467 795 nefariam
1480 769 1611 795 flammam
1624 770 1710 804 depu-

916 806 948 832 li:
963 811 1049 841 teque,
1060 806 1135 832 Vesta
1147 811 1238 836 mater,
1251 806 1329 831 cuius
1340 807 1504 832 castissimas
1516 807 1664 833 sacerdotes
1676 807 1709 832 ab

916 844 1056 870 hominum
1068 843 1191 873 amentia,
1202 842 1289 869 furore
1300 848 1325 869 et
1334 843 1433 869 scelere
1444 843 1563 875 defendi,
1577 845 1710 878 cuiusque

916 882 1005 916 ignem
1022 880 1099 907 illum
1115 881 1308 914 sempiternum
1326 890 1377 907 non
1394 890 1454 907 sum
1471 890 1567 915 passus
1583 886 1628 907 aut
1648 890 1710 907 san-

915 919 997 954 guine
1008 919 1109 944 civium
1122 918 1261 953 restingui,
1275 922 1320 943 aut
1331 927 1392 944 cum
1405 919 1485 944 totius
1498 919 1576 944 Urbis
1587 918 1711 944 incendio

916 956 1097 982 commisceri:
1122 956 1179 981 ⁴45.
1197 960 1239 985 ut,
1256 955 1279 980 si
1295 956 1320 981 in
1332 955 1378 981 illo
1390 964 1472 990 paene
1484 955 1536 982 fato
1547 955 1710 990 reipublicae

915 993 1000 1019 obieci
1016 1001 1106 1018 meum
1118 997 1197 1027 caput
1209 1001 1256 1027 pro
1267 993 1363 1018 vestris
1374 993 1541 1019 caerimoniis
1553 998 1631 1027 atque
1644 998 1711 1019 tem-

916 1030 968 1065 plis
981 1030 1224 1065 perditissimorum
1236 1030 1337 1056 civium
1350 1030 1432 1056 furori
1446 1035 1526 1065 atque
1542 1029 1622 1060 ferro,
1646 1035 1671 1056 ct
1687 1031 1710 1056 si

915 1068 1026 1098 iterum,
1044 1076 1129 1102 quum
1145 1076 1178 1093 ex
1194 1075 1251 1093 mea
1266 1068 1433 1094 contentione
1444 1068 1568 1094 interitus
1580 1068 1710 1093 bonorum

915 1106 1036 1131 omnium
1050 1109 1234 1139 quaereretur,
1252 1113 1299 1131 vos
1315 1114 1376 1131 sum
1390 1109 1514 1135 testatus,
1532 1105 1608 1131 vobis
1624 1113 1666 1130 me
1681 1113 1711 1130 ac

916 1151 989 1168 meos
1000 1142 1199 1172 commendavi.
1217 1150 1313 1176 meque
1329 1151 1358 1168 ac
1373 1151 1463 1168 meum
1479 1147 1559 1177 caput
1573 1151 1603 1168 ea
1618 1142 1711 1168 condi-

916 1180 986 1206 tione
998 1179 1107 1210 devovi,
1131 1184 1172 1210 ut,
1196 1180 1219 1205 si
1235 1183 1260 1205 et
1276 1188 1306 1205 eo
1321 1180 1380 1214 ipso
1396 1185 1513 1214 tempore
1529 1184 1554 1206 et
1569 1184 1628 1205 ante
1644 1184 1668 1205 et
1683 1180 1710 1205 iu

893 1230 894 1233 ¹
915 1217 1056 1243 consulatu
1068 1225 1140 1246 meo,
1152 1216 1299 1242 commodis
1312 1217 1379 1243 meis
1391 1218 1530 1248 omnibus,
1543 1216 1711 1243 emolumen-

916 1255 963 1285 tis,
982 1255 1108 1289 praemiis
1120 1254 1329 1288 praetermissis,
1342 1263 1414 1285 cura,
1427 1255 1594 1290 cogitatione,
1608 1254 1709 1289 vigiliis

916 1292 1042 1318 omnibus
1060 1291 1141 1321 nihil,
1159 1292 1211 1318 nisi
1226 1291 1259 1317 de
1274 1292 1359 1318 salute
1372 1301 1492 1319 meorum
1503 1293 1618 1322 civium,
1638 1292 1711 1318 labo-

917 1338 1031 1359 rassem,
1049 1334 1107 1355 tum
1123 1329 1190 1354 mihi
1201 1329 1337 1363 republica
1349 1329 1494 1364 aliquando
1510 1330 1630 1355 restituta
1648 1328 1711 1355 lice-

916 1371 955 1392 ret
971 1366 1037 1392 frui:
1055 1367 1097 1392 sin
1114 1370 1201 1392 autem
1219 1375 1276 1392 mea
1292 1367 1403 1393 consilia
1419 1367 1517 1401 patriae
1530 1375 1580 1392 non
1593 1366 1710 1401 profuis-

916 1408 987 1434 sent,
1002 1408 1031 1429 ut
1042 1408 1201 1438 perpetuum
1213 1403 1341 1435 dolorem,
1355 1404 1466 1430 avulsus
1477 1413 1491 1430 a
1503 1405 1579 1434 mcis,
1593 1404 1711 1429 sustine-

916 1449 985 1467 rem:
1004 1441 1071 1467 hanc
1081 1449 1132 1476 ego
1147 1440 1314 1467 devotionem
1329 1442 1424 1476 capitis
1440 1441 1505 1472 mei,
1522 1450 1607 1476 quum
1624 1449 1668 1467 ero
1683 1441 1709 1466 in

916 1478 994 1504 sedes
1006 1486 1078 1504 meas
1089 1479 1242 1508 restitutus,
1261 1483 1317 1505 tum
1328 1479 1445 1514 denique
1455 1479 1603 1504 convictam
1616 1487 1674 1504 esse
1685 1483 1711 1504 et

915 1516 1085 1542 commissam
1098 1515 1206 1550 putabo.
1239 1517 1295 1542 ⁴46.
1309 1517 1375 1542 Nam
1387 1524 1457 1542 nunc
1468 1515 1587 1550 quidem,
1605 1516 1712 1550 pontifi-

916 1561 969 1583 ces,
983 1561 1034 1579 non
1046 1552 1132 1578 solum
1144 1552 1235 1583 domo,
1249 1553 1281 1579 ‹le
1293 1562 1345 1589 qua
1357 1554 1526 1589 cognoscitis,
1540 1553 1587 1579 sed
1600 1557 1649 1579 tota
1662 1553 1712 1579 Ur-

917 1590 949 1616 be
960 1599 1044 1620 careo,
1058 1591 1084 1616 in
1097 1598 1178 1625 quam
1192 1590 1282 1616 videor
1293 1599 1352 1617 esse
1364 1592 1513 1617 restitutus.
1548 1590 1627 1616 Urbis
1638 1590 1710 1616 enim

916 1627 1103 1653 celeberrimae
1119 1632 1143 1653 et
1160 1629 1290 1654 maximae
1307 1633 1394 1663 partes
1410 1628 1552 1654 adversum
1569 1627 1637 1653 illud
1659 1636 1710 1654 non

917 1669 1129 1695 monumentum,
1143 1665 1189 1691 sed
1203 1665 1301 1691 vulnus
1313 1666 1411 1700 patriae
1421 1669 1590 1691 contuentur.
1624 1664 1711 1697 Quem

915 1711 1001 1737 quum
1021 1701 1088 1728 mihi
1108 1707 1280 1737 conspectum
1302 1708 1384 1729 morte
1406 1703 1491 1737 magis
1512 1702 1651 1728 vitandum
1668 1701 1711 1728 fu-

915 1739 1100 1775 giendumque
1112 1748 1170 1766 esse
1182 1740 1308 1766 videatis:
1323 1740 1412 1770 nolite,
1425 1748 1533 1775 quaeso,
1547 1748 1618 1769 eum,
1632 1740 1711 1766 cuius

916 1777 1001 1803 reditu
1015 1777 1162 1803 restitutam
1175 1777 1369 1812 rempublicam
1385 1777 1438 1803 fore
1454 1777 1581 1812 putastis,
1600 1786 1651 1803 uon
1668 1786 1711 1803 so-

916 1814 972 1840 lum
988 1814 1126 1850 diguitatis
1142 1816 1317 1845 ornamentis,
1339 1814 1387 1841 sed
1402 1816 1480 1841 etiam
1496 1814 1574 1841 Urbis
1591 1814 1711 1849 partibus

916 1852 984 1878 velle
994 1861 1053 1878 esse
1065 1853 1209 1887 privatum.
1227 1853 1314 1878 LVlll.
1323 1853 1379 1879 Non
1392 1860 1433 1878 me
1445 1852 1574 1878 bonorum
1586 1851 1708 1886 direptio,

917 1898 967 1915 non
989 1894 1117 1916 tectorum
1138 1890 1252 1920 excisio,
1275 1898 1326 1916 non
1342 1889 1513 1924 depopulatio
1530 1889 1708 1924 praediorum,

916 1935 967 1953 nou
989 1927 1085 1962 pracda
1105 1927 1247 1953 consulum
1263 1936 1296 1953 ex
1312 1928 1378 1953 meis
1395 1927 1508 1953 fortunis
1523 1926 1710 1953 crudelissime

914 1969 989 1999 capta
1007 1969 1157 1999 permovet:
1178 1965 1277 1990 caduca
1292 1973 1399 1999 semper
1413 1969 1438 1990 et
1454 1964 1562 1990 mobilia
1578 1964 1640 1990 baec
1652 1972 1710 1989 esse

915 2002 990 2032 duxi,
1006 2011 1057 2028 non
1069 2003 1175 2028 virtutis
1187 2007 1266 2036 atque
1280 2002 1392 2037 ingenii,
1405 2001 1452 2028 sed
1469 2001 1588 2028 fortunae
1603 2006 1628 2027 et
1645 2006 1711 2027 tem-

916 2048 1010 2074 porum
1024 2048 1146 2066 munera:
1169 2048 1284 2074 quorum
1297 2048 1346 2075 ego
1357 2048 1408 2066 non
1421 2044 1473 2065 taut
1487 2039 1637 2065 fucultatem
1651 2047 1710 2064 um-

915 2085 995 2111 quam
1008 2081 1033 2102 et
1043 2077 1145 2111 copiam
1158 2076 1334 2111 expetendam
1347 2077 1452 2111 putavi,
1465 2084 1546 2111 quam
1558 2076 1620 2102 etin
1634 2081 1711 2101 uteu-

915 2114 949 2140 ‹lo
960 2115 1087 2140 rationem
1099 2115 1162 2140 etin
1173 2114 1287 2140 carendo
1299 2115 1462 2148 patientiam.
1497 2114 1601 2139 Etenim
1618 2113 1650 2138 ad
1664 2121 1710 2138 no-

914 2156 999 2177 strum
1016 2160 1095 2177 usum
1112 2151 1305 2186 propemodum
1322 2152 1373 2177 iam
1389 2156 1429 2177 est
1444 2151 1551 2176 delinita
1566 2150 1711 2176 moderatio

915 2189 950 2214 rei
964 2188 1117 2214 familiaris:
1137 2188 1228 2214 liberis
1244 2193 1332 2214 autem
1345 2189 1443 2214 nostris
1454 2188 1518 2213 satis
1530 2187 1650 2221 amplum
1664 2196 1709 2221 pa-

914 2226 1069 2251 trimonium
1091 2226 1193 2260 paterni
1215 2226 1331 2251 nominis
1346 2233 1375 2251 ac
1392 2230 1494 2251 nostrae
1511 2225 1653 2250 memoriae
1669 2233 1710 2250 re-

916 2262 1084 2297 linquemus:
1107 2262 1186 2288 ‹lomo
1198 2270 1244 2297 per
1255 2262 1344 2287 scelus
1356 2267 1458 2296 erepta,
1477 2270 1523 2296 per
1540 2262 1708 2287 latrocinium

913 2304 1049 2334 occupata,
1059 2299 1249 2334 perreiigionis
1256 2300 1309 2324 vim
1316 2299 1470 2325 sceleratius
1477 2300 1554 2324 etiam
1562 2299 1706 2328 aedificata,

913 2345 993 2371 quam
1005 2345 1105 2366 eversa,
1119 2345 1206 2362 carere
1218 2336 1276 2362 sine
1289 2337 1405 2362 maxima
1422 2337 1566 2371 ignominia
1580 2335 1710 2370 reipubli-

913 2383 967 2402 cae,
982 2382 1040 2399 meo
1050 2373 1177 2399 dedecoro
1189 2382 1218 2399 ac
1228 2372 1318 2399 dolore
1330 2382 1380 2399 nou
1389 2381 1508 2407 possum.
1531 2374 1706 2407 Quapropter,

913 2412 934 2437 si
946 2411 998 2437 (liis
1012 2411 1220 2440 immortalibus.
1234 2411 1255 2436 si
1272 2411 1386 2439 senatui,
1400 2411 1421 2435 si
1435 2410 1534 2444 populo
1546 2410 1670 2439 llomauo,
1684 2411 1707 2436 si

912 2453 1022 2474 cunctae
1038 2448 1135 2477 Italiac,
1152 2448 1174 2474 si
1193 2448 1346 2482 provinciis,
1360 2448 1382 2473 si
1399 2448 1496 2473 exteris
1508 2448 1670 2477 nationibus,
1684 2448 1707 2473 si

913 2485 1122 2519 vobismetipsis,
1131 2486 1177 2519 qui
1190 2485 1216 2510 in
1229 2493 1285 2510 mea
1297 2485 1382 2511 salute
1395 2485 1541 2519 principem
1552 2493 1658 2519 semper
1671 2484 1708 2510 lo-

911 2531 972 2549 cum
989 2523 1224 2557 auctoritatemque
1241 2523 1378 2551 tenuistis.
1396 2526 1500 2557 gratum
1517 2527 1542 2548 et
1558 2521 1706 2548 iucundum

913 2569 1002 2586 meum
1024 2560 1138 2586 reditum
1160 2559 1309 2593 intelligitis
1328 2568 1400 2585 csse:
1422 2567 1522 2594 quaeso
1536 2559 1706 2594 obtestorque

912 2606 972 2627 vos,
991 2597 1141 2632 pontifices,
1159 2602 1187 2623 ut
1199 2606 1254 2627 me,
1271 2605 1351 2631 quem
1364 2598 1525 2627 mictoritate,
1539 2597 1707 2625 studio.scn-

913 2635 1001 2661 tentiis
1023 2635 1185 2664 restituistis,
1209 2642 1288 2664 tuine,
1310 2635 1436 2669 quoniam
1456 2638 1565 2660 senatus
1587 2635 1621 2660 ita
1637 2634 1704 2664 vult,

912 2672 1037 2698 manibus
1052 2680 1161 2707 quoque
1178 2672 1272 2698 vestris
1288 2672 1314 2698 in
1331 2672 1442 2698 sedibus
1455 2671 1522 2697 meis
1531 2671 1676 2698 collocetis.

1443 2720 1474 2744 62
1490 2718 1500 2730 '
