1941 3052
266 132 312 158 DE
334 131 419 158 OFF.
442 132 512 157 LIB.
535 132 587 158 III.
609 131 691 158 CAP.
713 132 755 157 32.
777 133 818 157 33.
846 130 946 157 CATO
966 131 1089 158 MAIOR
1111 132 1156 158 DE
1178 132 1339 159 SENECT.
1361 133 1444 159 CAP.
1470 135 1490 159 l.
1513 135 1536 159 Ξ.

82 202 267 230 voluminibus
283 202 316 229 ad
332 207 355 228 te
372 201 489 236 profecta
506 211 557 228 vox
572 207 612 228 est
627 211 699 233 mea,
723 201 824 228 tribues
842 203 875 228 iis

81 241 208 275 temporis
223 244 356 276 quantum
371 240 484 273 poteris:
508 241 606 274 poteris
622 244 710 265 autem
720 260 726 270 ‚
743 244 874 274 quantum

81 277 164 305 voles.
190 277 280 310 Quum
292 285 354 303 vero
365 276 531 307 intellexero,
545 281 569 302 te
581 277 631 303 hoc
641 277 767 303 scientiae
778 284 875 312 genere

81 315 208 352 gaudere,
220 319 278 342 tum
289 319 315 342 et
325 322 451 350 praesens
463 318 550 340 tecum
562 314 733 349 propediem,
746 319 776 340 ut
786 322 873 348 spero,
902 289 906 351 Ι

1653 137 1715 161 42:39

927 208 952 228 et
963 202 1028 229 dum
1040 202 1137 232 aberis,
1151 202 1248 229 absens
1261 203 1363 238 loquar.
1388 202 1452 230 Vale
1464 204 1554 239 igitur,
1569 205 1604 230 mi
1617 205 1718 234 Cicero,

927 240 1030 274 tibique
1047 239 1191 274 persuade,
1211 249 1270 267 esse
1286 245 1310 267 te
1326 240 1438 275 quidem
1454 241 1522 267 mihi
1537 242 1717 272 carissimum,

926 276 975 302 sed
986 277 1069 303 multo
1082 276 1135 303 sore
1147 277 1288 309 cariorem,
1305 279 1329 304 si
1341 277 1440 304 talibus
1451 279 1632 306 monumentis
1643 287 1721 314 prae-

927 315 1065 349 ceptisque
1077 314 1218 341 laetabere.

878 736 931 761 ⁴39.

582 806 615 834 Μ.
655 804 856 834 TULLII
894 804 1225 834 CICERONIS

370 881 767 932 CATO

923 881 1185 931 MAI

1273 881 1307 929 O
1392 882 1429 930 R

873 989 947 1009 SEL·

514 1057 616 1094 DE
690 1053 1300 1094 SENECTUTE

888 1149 927 1165 An

451 1212 480 1240 T.
533 1210 976 1241 POMPONIUM
1024 1208 1359 1241 ATTICUM.

137 1363 214 1384 ARG.
239 1362 281 1383 Hic
300 1361 392 1383 libellus
411 1365 512 1383 vertatur
529 1362 552 1382 in
569 1362 691 1383 senectutis
719 1366 761 1383 tuin
778 1361 882 1382 laudibus

83 1398 235 1426 explicandis,
250 1401 295 1418 turn
309 1397 444 1424 repellendis
458 1397 660 1418 criminationibus.
691 1399 801 1422 Quattuor
810 1400 881 1418 autem

83 1434 110 1454 sse
126 1433 213 1454 cannis
225 1436 327 1454 senectus
345 1436 437 1460 putatur
455 1433 548 1457 miserm
571 1439 661 1460 quarum
678 1432 748 1459 primu
764 1434 805 1456 est,
825 1432 880 1458 quud

83 1472 160 1490 avucet
178 1475 191 1489 a
205 1469 270 1489 rebus
286 1468 400 1493 gerendis.
416 1467 498 1492 ultera„
514 1468 571 1495 quud
585 1475 666 1495 corpus
681 1467 750 1489 faciat
763 1467 880 1488 infirmius.

81 1503 155 1528 tertia,
167 1503 224 1530 quod
235 1503 307 1530 privet
317 1503 419 1524 omnihus
429 1503 476 1524 fere
485 1503 646 1530 voluptatibus,
658 1506 743 1530 quarta.
755 1504 812 1530 quud
822 1503 879 1524 baud

80 1538 157 1566 procul
168 1538 227 1559 absit
239 1545 251 1558 n
261 1541 337 1558 mni-te.
354 1539 413 1559 Haec
423 1538 492 1563 igitur
503 1538 591 1563 singule
601 1538 751 1559 accusationis
761 1539 835 1566 cupita
846 1546 879 1559 re-

82 1573 178 1599 darguit.
189 1576 214 1593 ut
224 1579 280 1600 quae
286 1576 420 1593 senectutem
428 1573 507 1600 partim
515 1581 557 1593 non
565 1573 683 1598 attingunt,
694 1573 774 1600 purtim
781 1581 824 1594 nun
832 1574 881 1594 reil-

81 1609 135 1629 dant
150 1608 259 1629 miserem.
291 1608 367 1628 Sermo
378 1612 449 1629 nutem
461 1608 568 1629 tribuitur
577 1608 658 1629 Catoni
669 1607 784 1632 Censorio.
801 1608 849 1628 ueni
860 1612 880 1628 et

83 1643 251 1670 patientissimo
262 1642 342 1663 aetatis
353 1650 406 1663 suae
415 1647 436 1664 et
446 1643 612 1664 florentinium.
629 1642 773 1670 Quiquumin
781 1647 880 1664 senectu-

82 1681 104 1699 te
117 1679 201 1700 demum
217 1678 305 1699 litteras
320 1679 417 1699 Graecus
432 1678 548 1703 didicerit,
563 1678 634 1699 oratio
651 1678 699 1699 eiu·
710 1678 784 1699 hocin
795 1677 881 1702 libello.

83 1721 146 1741 quum
165 1713 233 1738 nlius.
255 1716 289 1734 est
306 1713 400 1735 doctior.
413 1725 426 1729 -
448 1713 544 1734 nat-itu·
559 1713 646 1740 quidem
660 1714 751 1739 fingitur
766 1721 836 1735 nermo
851 1714 880 1735 Τ.

83 1749 189 1774 (Quinctio
204 1748 330 1770 Flaminino
345 1750 375 1770 Μ’
391 1747 465 1769 Acilio
482 1748 550 1769 Balbo
561 1749 625 1770 Con.
637 1756 654 1769 ι
666 1755 722 1769 annu
734 1756 754 1776 p.
766 1749 793 1770 U.
805 1756 822 1769 c.
834 1752 880 1770 ΒΜ.

82 1783 185 1812 Scriptu-
199 1787 234 1805 ent
244 1787 316 1804 autern
326 1786 377 1811 pont
387 1784 474 1805 caedem
485 1783 600 1808 Caesari..
614 1790 684 1808 anuo.
695 1787 720 1804 ut
729 1783 823 1808 videtur.
834 1786 880 1805 710.

83 1822 105 1840 et
120 1819 202 1840 minus
218 1819 244 1839 ad
260 1818 357 1840 Atticum
372 1825 458 1843 nenem.
474 1819 501 1840 de
510 1818 624 1846 republica
635 1822 680 1840 tum
690 1819 786 1840 maxima
795 1819 881 1840 nunici-

83 1857 135 1875 tum.
165 1854 216 1878 nic,
224 1853 331 1875 Cicerone
343 1853 416 1874 trihu·
427 1853 492 1874 anni·
502 1854 582 1879 maior,
598 1861 623 1876 eo
634 1858 732 1882 tempore
742 1861 820 1876 annum
832 1861 881 1880 age-

83 1890 121 1910 bat
130 1889 291 1915 nexugenimum
303 1892 398 1909 sextum.

139 1959 160 1985 I.
184 1960 208 1985 4.
226 1957 250 1987 0
265 1959 327 1989 Tite,
338 1961 362 1985 ai
375 1960 438 1992 quid
448 1967 492 1992 eqo
505 1960 599 1985 adiuro
610 1968 730 1986 curamue
744 1962 849 1991 levasso,

195 2004 261 2030 quae
278 2005 346 2022 nunc
368 2000 390 2022 le
404 1998 488 2029 coquit
503 2000 526 2022 et
539 2001 624 2023 versat
635 1999 662 2023 in
673 2002 776 2030 pectore
787 1999 851 2031 fisca,

194 2036 277 2067 ecquit
288 2036 336 2060 erit
348 2032 445 2066 pretii?

84 2070 159 2098 Licet
177 2071 251 2097 enim
275 2070 401 2097 versibus
422 2069 520 2096 iisdem
542 2070 610 2097 mihi
629 2070 702 2097 affari
723 2075 763 2102 te,
785 2071 880 2102 Attice,

83 2108 186 2144 quibus
197 2107 292 2134 affatur
302 2107 487 2134 Flamininum

139 2147 183 2172 ille
195 2147 237 2172 vir
246 2147 316 2171 haud
326 2153 419 2178 niayna
431 2153 488 2170 cum
498 2153 534 2175 ro,
548 2146 593 2171 sed
600 2145 686 2178 plenu'
700 2146 767 2178 fidet.

82 2182 253 2217 Quamquam
263 2187 335 2209 certo
346 2182 411 2213 scio,
425 2190 486 2213 non,
501 2185 528 2208 ut
539 2181 732 2213 Flamininum.

137 2221 277 2247 sollicitari
291 2224 321 2249 te,
340 2220 401 2249 Tite,
416 2222 453 2245 sic
466 2224 600 2253 noctesque
613 2222 725 2254 diesque.

85 2257 152 2284 Novi
173 2257 246 2284 enim
268 2256 477 2283 moderationem
497 2257 582 2283 animi
602 2257 641 2283 tui
662 2261 688 2283 et
707 2256 879 2291 aequitatem.

84 2299 164 2330 teque
183 2303 235 2321 non
254 2302 402 2330 cognomen
419 2293 507 2320 solum
520 2293 633 2320 Athenis
642 2293 811 2329 deportasse.
833 2294 880 2320 sed

85 2331 280 2359 humanitatem
298 2336 325 2358 et
339 2330 510 2366 prudentiam
528 2331 659 2367 intelligo.
700 2331 732 2358 Et
751 2335 839 2358 tamen
857 2336 880 2358 te

84 2370 209 2404 suspicor
226 2368 324 2395 iisdem
339 2368 435 2398 rebus.
456 2367 558 2403 quibus
573 2369 722 2403 meipsum.
745 2368 880 2395 interdum

84 2407 196 2443 gravius
211 2406 390 2436 commoveri,
409 2413 525 2440 quarum
540 2405 687 2432 consolatio
701 2410 728 2432 et
743 2406 827 2432 maior
842 2410 881 2432 est

85 2448 112 2470 et
125 2444 152 2471 in
164 2443 238 2470 aliud
250 2448 357 2478 tempus
372 2442 529 2469 differenda.
570 2443 647 2469 Nunc
658 2447 747 2469 autem
760 2443 827 2469 mihi
840 2444 882 2469 vi-

85 2489 146 2508 sum
167 2485 207 2508 est
228 2483 259 2508 de
281 2481 413 2508 Senectute
427 2479 531 2514 aliquid
546 2479 580 2506 ad
597 2484 621 2507 te
636 2479 814 2507 conscribere.
855 2482 880 2506 2.
910 2475 911 2482 ¹

85 2518 139 2545 noc
153 2519 226 2545 enim
241 2526 335 2549 onere,
351 2516 424 2553 quod
437 2517 505 2543 mihi
517 2521 604 2544 tecum
616 2525 760 2544 commune
770 2521 824 2547 est.
837 2522 882 2544 aut

86 2556 140 2582 iam
155 2557 276 2592 urgentis
292 2559 338 2583 aut
351 2559 421 2582 certe
435 2554 604 2581 adventantis
619 2555 766 2581 senectutis
781 2559 807 2580 et
821 2558 846 2581 te
857 2559 882 2581 et

87 2593 222 2628 meipsum
242 2592 324 2620 levari
347 2592 421 2624 volo;
452 2592 503 2619 etsi
518 2596 542 2618 te
555 2591 666 2627 quidem
686 2591 712 2618 id
732 2591 836 2618 modice
852 2599 882 2618 ac

86 2630 234 2665 sapienter,
251 2631 322 2657 sicut
335 2630 440 2660 omnia,
457 2634 483 2656 et
499 2628 566 2656 ferre
582 2633 608 2655 et
622 2628 738 2656 laturum
753 2637 813 2656 esso
823 2637 882 2656 cer-

88 2673 113 2694 to
123 2667 188 2694 scio.
229 2667 283 2695 Sed
294 2667 373 2698 mihi,
385 2675 470 2702 quum
482 2666 515 2693 de
526 2670 663 2693 senectuto
669 2665 774 2701 aliquid
783 2665 881 2693 vellem

933 1363 1065 1394 scribere,
1084 1367 1112 1389 tu
1123 1362 1283 1389 occurrebas
1293 1361 1394 1398 dignus
1405 1370 1436 1389 eo
1450 1371 1573 1394 munere,
1591 1372 1644 1398 quo
1656 1370 1728 1391 uter-

933 1408 986 1435 que
998 1404 1119 1426 nostrum
1131 1400 1310 1426 communiter
1322 1404 1450 1426 uteretur.
1489 1400 1557 1427 Mihi
1569 1401 1679 1435 quidem
1693 1402 1727 1427 ita

934 1437 1051 1464 iucunda
1080 1437 1162 1464 huius
1189 1436 1250 1463 libri
1275 1436 1406 1464 confectio
1430 1437 1494 1467 suit.
1522 1443 1550 1464 ut
1575 1447 1627 1464 non
1649 1438 1728 1465 modo

933 1483 1026 1501 omnes
1041 1474 1197 1501 absterserit
1211 1475 1356 1501 senectutis
1371 1473 1521 1503 molestias.
1550 1475 1597 1501 sed
1613 1475 1729 1502 effecerit

933 1511 1041 1538 mollem
1062 1512 1142 1538 etiam
1156 1517 1182 1538 et
1197 1511 1343 1538 iucundam
1358 1517 1533 1538 senectutem.
1574 1513 1728 1548 Numquam

934 1550 1016 1585 igitur
1043 1548 1147 1575 laudari
1171 1550 1236 1575 satis
1257 1548 1338 1584 digne
1360 1550 1455 1584 poterit
1476 1548 1660 1584 philosophia,
1683 1551 1728 1576 cui

933 1587 980 1621 qui
997 1591 1101 1621 pareat,
1117 1595 1196 1613 omne
1213 1591 1319 1620 tempus
1335 1587 1427 1613 aetatis
1438 1586 1497 1612 sine
1509 1586 1628 1613 molestia
1644 1588 1729 1622 possit

933 1624 1040 1659 degere.
1081 1626 1106 1650 3.
1121 1623 1173 1650 Sed
1185 1623 1217 1650 de
1229 1624 1324 1650 ceteris
1335 1628 1361 1650 et
1371 1623 1491 1650 diximus
1504 1623 1596 1653 multa,
1610 1630 1636 1650 ct
1648 1632 1728 1659 saepe

933 1661 1069 1687 dicemus:
1102 1661 1174 1687 hunc
1196 1661 1295 1687 librum
1315 1663 1346 1686 de
1362 1665 1488 1687 senectute
1502 1660 1535 1686 ad
1551 1666 1575 1687 te
1591 1662 1727 1687 misimus.

933 1698 1047 1725 Omnem
1065 1703 1156 1725 autem
1171 1706 1322 1725 sermonem
1335 1698 1481 1724 tribuimus
1493 1706 1544 1724 non
1557 1698 1684 1728 Tithono,
1701 1704 1730 1724 ut

933 1736 1021 1762 Aristo
1031 1735 1130 1763 Chius:
1142 1744 1237 1770 parum
1248 1735 1321 1762 enim
1332 1740 1403 1762 esset
1413 1736 1576 1762 auctoritatis
1589 1736 1615 1762 iu
1628 1735 1727 1762 fabula:

933 1773 981 1800 sed
996 1774 1032 1800 M.
1049 1773 1141 1800 Catoni
1156 1774 1228 1804 seni,
1246 1781 1300 1808 quo
1312 1773 1439 1799 maiorem
1451 1773 1633 1799 auctoritatem
1646 1772 1729 1799 habe-

934 1816 973 1838 ret
992 1811 1087 1842 oratio;
1120 1810 1192 1845 apud
1211 1818 1293 1845 quem
1313 1809 1434 1836 Laelium
1450 1815 1476 1836 et
1490 1810 1644 1844 Scipionem
1663 1809 1729 1836 saci·

934 1857 996 1874 mus
1007 1847 1184 1878 admirantes,
1198 1847 1271 1882 quod
1285 1848 1308 1874 is
1320 1852 1372 1874 tarn
1385 1846 1462 1873 facile
1473 1852 1638 1873 senectutem
1654 1847 1728 1877 ierat.

934 1886 1023 1921 iisque
1034 1893 1095 1911 eum
1108 1885 1324 1920 respondentem.
1348 1884 1400 1916 Qui
1412 1885 1434 1910 si
1446 1884 1579 1910 eruditius
1595 1884 1731 1911 videbitur

934 1922 1087 1957 disputare,
1105 1931 1186 1957 quam
1202 1922 1343 1948 consuevit
1361 1923 1419 1956 ipse
1435 1923 1462 1948 in
1477 1922 1536 1948 suis
1548 1922 1638 1952 libris,
1655 1922 1730 1948 attri-

935 1960 1012 1987 buito
1035 1960 1145 1987 Graecis
1166 1959 1274 1990 litteris,
1295 1968 1410 1994 quarum
1427 1963 1529 1985 constat
1543 1967 1605 1985 eum
1625 1964 1730 1993 perstu-

934 1997 1042 2024 diosum
1065 1996 1150 2023 fuisse
1166 1997 1193 2023 in
1209 2001 1356 2024 senectute.
1396 1996 1447 2023 Sed
1463 1996 1530 2031 quid
1541 2005 1610 2031 opus
1620 2001 1659 2022 est
1669 1995 1731 2031 plu-

936 2034 982 2061 ra‘?
1011 2034 1064 2060 Iam
1085 2035 1157 2061 enim
1180 2035 1266 2069 ipsius
1287 2034 1394 2061 Catonis
1415 2042 1503 2060 sermo
1518 2033 1665 2068 explicabit
1684 2042 1730 2059 no-

911 2100 913 2106 ,
935 2077 1018 2098 stram
1029 2080 1137 2098 omnem
1149 2071 1183 2098 de
1193 2075 1330 2098 senectute
1341 2072 1513 2098 sententiam.

991 2109 1022 2134 II.
1039 2110 1060 2135 k.
1073 2108 1185 2134 Semo.
1226 2107 1426 2143 Saepenumero
1441 2107 1567 2134 admirari
1582 2107 1654 2133 solco
1668 2115 1729 2132 cum

936 2145 985 2171 hoc
1005 2145 1033 2172 C.
1052 2145 1142 2171 Laelio
1159 2150 1216 2171 tum
1232 2150 1379 2171 ceterarum
1400 2153 1489 2171 rerum
1506 2150 1576 2171 tuam
1596 2143 1730 2170 excellen-

935 2187 1002 2212 tem.
1020 2182 1054 2208 M.
1067 2182 1139 2211 Cato.
1154 2181 1354 2217 perfectamque
1365 2183 1536 2216 sapientium,
1550 2187 1605 2208 tum
1619 2180 1660 2206 vel
1673 2189 1730 2206 ma-

935 2220 1020 2250 xime.
1038 2218 1111 2247 Quod
1132 2227 1281 2254 numquam
1296 2224 1461 2245 senectutem
1481 2219 1529 2245 tibi
1565 2227 1654 2244 ravcm
1670 2226 1730 2243 csse

933 2257 1079 2287 senserim.
1101 2264 1170 2291 quac
1189 2255 1326 2291 plerisque
1341 2256 1454 2282 senibus
1469 2257 1508 2282 sic
1523 2265 1549 2282 οι
1562 2257 1615 2282 tosa
1630 2260 1683 2284 est.
1702 2259 1731 2281 ut

932 2303 1000 2320 onus
1010 2302 1038 2320 se
1050 2294 1132 2320 Aetna
1143 2294 1254 2328 gravius
1274 2293 1364 2319 dicant
1373 2294 1515 2319 sustinere.
1556 2293 1642 2318 Cuo.
1666 2292 1730 2318 Rem

934 2331 1005 2357 haud
1022 2340 1087 2357 sane
1105 2330 1245 2356 difficilem
1255 2351 1261 2360 ,
1278 2330 1369 2364 Scipio
1379 2335 1405 2356 et
1417 2330 1502 2360 Lacli.
1516 2329 1641 2356 admirari
1655 2328 1730 2355 vide-

933 2369 1010 2395 mini.
1050 2368 1156 2400 Quibus
1179 2368 1251 2393 cnim
1276 2367 1343 2393 nihil
1359 2367 1420 2401 opis
1434 2373 1473 2393 cst
1490 2368 1516 2393 in
1533 2366 1600 2401 ipsis
1616 2366 1647 2392 ad
1663 2366 1731 2392 beno

934 2405 1064 2440 beateque
1083 2404 1246 2435 vivendum,
1267 2405 1300 2430 iis
1315 2405 1404 2430 omnis
1418 2404 1510 2439 gravis
1521 2409 1560 2429 cst
1571 2409 1657 2429 aeuus:
1682 2404 1731 2438 qui

934 2448 1022 2469 autem
1038 2443 1127 2469 omnia
1144 2442 1212 2468 bonu
1234 2450 1247 2467 a
1265 2450 1294 2467 se
1310 2442 1377 2476 ipsis
1393 2446 1500 2476 petunt.
1519 2441 1552 2466 iis
1564 2440 1632 2467 nihil
1645 2445 1730 2475 potest

935 2479 1035 2506 mulum
1052 2479 1151 2509 videri.
1169 2479 1242 2514 quod
1253 2483 1362 2505 naun-no
1375 2479 1520 2504 necessitas
1531 2477 1630 2504 afferat.
1670 2477 1729 2510 Quo

935 2518 961 2543 in
977 2526 1074 2553 genere
1091 2517 1117 2543 in
1131 2517 1226 2550 primis
1241 2521 1281 2542 cst
1292 2521 1520 2550 senct*tus;quan1
1538 2514 1730 2550 utedipiscen-

935 2559 986 2585 tur.
998 2563 1092 2581 omncs
1102 2558 1203 2588 optant.
1215 2553 1336 2580 eamdem
1348 2557 1474 2579 accusant
1485 2551 1619 2587 adeptam.
1647 2552 1728 2579 Tanta

933 2596 974 2618 est
989 2592 1165 2619 inconstantia
1188 2590 1316 2617 stultitiae
1332 2595 1412 2625 atque
1427 2590 1602 2624 perversitas!
1644 2588 1730 2616 Obre-

934 2637 996 2664 pero
1011 2629 1087 2656 aiunt
1101 2636 1160 2655 eam
1174 2628 1268 2657 ciuus.
1286 2636 1367 2662 quam
1379 2627 1556 2662 putavissent.
1597 2627 1726 2654 Primum.

933 2667 996 2701 quis
1018 2667 1105 2702 coegit
1120 2674 1165 2692 eos
1182 2664 1278 2691 falsum
1298 2663 1408 2699 putare?
1436 2663 1507 2696 Quid
1524 2663 1616 2691 enim?
1648 2665 1729 2691 citius

1454 2714 1497 2737 1:2⁵*
1515 2712 1523 2721 ⁸
