1941 3052
227 120 274 144 !Jfll
795 117 852 141 ΗΟ.
883 115 918 141 M.

230 190 326 215 iectum
342 192 381 214 est
394 196 407 213 ιι
419 186 468 212 ileo
479 186 636 215 dormienti,
654 190 681 212 ut
693 185 831 220 probabile
842 186 888 217 sit;
907 193 955 211 cur
966 193 1017 211 non

227 227 317 254 ctiam,
332 230 359 251 ut
372 225 447 250 valde
461 223 626 249 xcrisimile?
634 232 682 248 cur
691 222 789 249 deinde
801 232 851 248 non
861 243 866 252 ,
881 227 909 248 ut
920 221 1019 248 diffiei-

229 263 287 289 lin-r
299 272 311 287 ιι
325 271 386 287 vero
399 259 608 287 internoscatur?
621 259 727 289 deinde.
742 265 770 285 ut
781 269 813 285 ne
826 260 1019 285 internoscatur

227 299 356 334 quidem?
369 303 508 332 postremo,
523 302 551 323 ut
562 297 628 323 niliil
643 297 710 323 inter
722 297 770 323 hoc
782 302 807 322 et
819 296 886 322 illud
900 295 1020 322 intersit‘!

228 337 283 362 linc
298 337 320 361 si
337 335 504 369 perveneris.
527 343 568 360 me
585 334 633 360 tibi
650 335 767 368 primum
783 333 904 368 quidque
924 342 1019 359 conce—
1040 323 1043 387 ἱ

227 373 318 399 dente:
340 381 428 398 meum
447 372 541 398 vitium
559 370 651 397 fucrit:
673 372 714 397 sin
732 372 787 406 ipse
799 376 841 397 tua
854 376 947 405 sponte
958 379 1020 405 pro-

226 411 352 435 cesseris:
380 414 466 435 tuum.
510 410 551 434 50.
577 408 644 440 Quis
667 409 739 434 enim
761 408 808 434 tibi
832 408 948 438 dederit.
975 412 1020 433 aut

226 447 314 472 munia
331 446 411 471 deum
429 454 520 480 posse,
538 450 583 472 aut
600 446 632 471 ita
647 445 778 472 facturum
793 454 864 475 esse,
882 446 905 471 si
919 444 1020 479 possit?
1041 463 1042 466 ι

227 521 319 555 possit,
329 525 465 554 sequatur,
475 524 503 546 ut
513 520 592 546 etiam
606 520 747 546 internosci
759 519 906 546 difficiliter
918 519 1020 554 possit?
1041 526 1042 532 ¹

225 557 333 587 deinde,
349 562 377 583 ut
389 566 420 583 ne
433 558 575 583 internosci
587 556 716 592 quidem?
727 562 873 591 postremo,
887 562 916 583 ut
925 556 1017 582 eadem
1040 553 1042 580 ἕ

225 594 297 621 sint‘?
309 599 349 625 ut,
362 595 385 620 si
398 594 454 629 lupi
466 594 579 620 canibus
594 594 711 625 similes,
724 594 831 620 eosdem
843 594 917 620 dices
928 593 960 620 nd
971 602 1019 620 ex-

227 637 352 659 tremum.
392 632 425 658 Et
439 631 549 666 quidem
568 631 686 658 honestis
701 631 800 658 similia
812 636 875 658 sunt
885 631 1017 666 quaedam

227 678 278 695 non
293 669 411 700 honesta,
425 674 449 695 et
462 669 538 695 bonis
552 678 602 694 non
615 669 692 699 bona,
706 673 732 695 et
743 669 893 695 artificiosis
906 669 1017 695 minime
1040 693 1048 702 „

1047 702 1049 734 l
1071 704 1228 733 multorum;
1247 713 1294 730 cur
1307 713 1338 731 eo
1350 714 1400 730 non
1412 705 1476 730 estis
1487 705 1602 730 contenti
1611 724 1617 734 .
1631 704 1786 738 praesertim
1798 712 1861 729 con-

225 706 377 733 artificiosa.
416 706 486 738 Quid
502 706 659 732 dubitamus
678 707 761 741 igitur
781 706 927 737 affirmare,
949 705 1017 732 nihil

225 744 294 770 inter
311 743 375 770 llaec
396 742 542 770 interesse?
562 744 599 770 Ne
621 744 796 779 repugnantia
814 743 925 778 quidem
942 743 1019 769 vide-

226 780 304 807 mus‘?
315 780 388 807 Nihil
400 785 440 807 est
451 781 522 806 enim
531 801 537 811 ,
553 780 624 816 quod
636 781 669 807 de
680 789 729 807 suo
740 789 837 816 genere
850 781 875 807 in
888 780 960 807 aliud
971 789 1019 815 ge-

226 827 276 845 nus
293 817 429 844 transferri
446 818 539 852 possit.

224 901 293 928 quae
305 898 330 918 et
343 894 368 918 in
380 901 429 919 suo
439 901 538 927 genere
549 898 639 919 essent
649 898 674 919 et
690 894 716 919 in
735 892 832 919 alieno.
872 892 949 925 Quod
961 893 1018 919 fieri

224 931 272 965 qui
291 930 394 964 potest?
425 931 467 956 5⁴.
489 930 616 956 Omnium
637 930 734 956 deinde
756 931 875 956 inanium
898 931 1017 957 visorum

224 975 277 994 una
293 966 418 1001 depulsio
433 971 485 997 est,
508 967 566 993 sive
589 967 632 993 illa
650 968 809 1002 cog-vitatione
830 967 1015 997 informantur,

223 1005 296 1039 quod
309 1004 365 1030 fieri
376 1004 461 1030 solere
472 1004 660 1035 concedimus,
676 1006 734 1031 sive
746 1006 772 1031 in
784 1005 888 1039 quiete,
901 1005 959 1031 sive
972 1013 1018 1039 per

224 1043 333 1071 vinum,
351 1042 409 1067 sive
425 1050 472 1076 per
488 1042 630 1068 insaniam.
671 1042 737 1068 Nam
753 1041 787 1068 ab
801 1042 929 1068 omnibus
944 1043 1018 1067 eius-

223 1078 284 1105 dem
293 1078 364 1105 modi
377 1079 443 1105 visis
454 1079 680 1113 perspicuitatem,
689 1088 770 1114 quam
783 1079 918 1106 mordicus
930 1084 1018 1106 tenere

223 1116 364 1146 debemus,
387 1115 481 1142 abesse
501 1116 634 1142 dicemus.

224 1154 300 1188 fingit
312 1152 415 1187 aliquid
427 1158 452 1179 et
462 1153 621 1188 cogitatione
633 1153 765 1189 depingit,
779 1162 841 1183 non,
854 1153 936 1180 simul
949 1162 978 1180 ac
989 1162 1017 1180 se

224 1191 281 1225 ipse
292 1191 437 1217 commovit
449 1195 526 1225 atque
538 1190 571 1216 ad
582 1199 610 1217 se
621 1191 768 1220 revocavit,
787 1191 881 1222 sentit,
897 1191 964 1225 quid
976 1191 1018 1217 in-

223 1228 298 1254 tersit
323 1228 391 1253 inter
414 1228 556 1262 perspicua
579 1232 604 1254 et
629 1227 736 1254 inania?
765 1228 866 1254 Eadem
891 1229 957 1254 ratio
978 1233 1018 1254 est

221 1265 399 1291 somniorum.
441 1265 511 1290 Num
527 1273 620 1291 censes
635 1265 766 1296 Ennium,
789 1274 874 1300 quum
890 1266 917 1292 in
934 1265 1017 1292 hortis

222 1310 284 1328 cum
296 1302 352 1328 Ser.
384 1300 483 1332 Galba.
503 1302 590 1328 vicino
601 1311 664 1333 suo,
681 1302 889 1333 ambulavisset,
902 1302 1015 1333 dixisse,

223 1340 299 1365 visus
320 1347 381 1365 sum
402 1339 470 1365 mihi
490 1348 551 1365 cum
573 1339 658 1366 Galba
678 1339 835 1367 ambulare?
858 1340 904 1371 At,
931 1348 1015 1375 quum

222 1377 376 1407 somniavit,
390 1376 424 1403 ita
437 1375 591 1413 narra[vi]t:

259 1429 272 1433 -
282 1429 296 1433 -
305 1429 319 1433 -
329 1416 399 1440 visus
410 1414 534 1440 Homerus
545 1417 632 1442 adesse
638 1417 725 1449 poeta.

222 1450 351 1486 Idemque
363 1451 390 1477 in
402 1450 577 1486 Epicharmo:

259 1489 326 1515 Νάηι
338 1490 442 1514 videbar
452 1490 580 1514 somniare
591 1491 677 1515 memet
688 1498 740 1515 esse
750 1492 887 1516 mo'rluum.

220 1526 326 1560 ltaque,
349 1524 431 1552 simul
450 1530 480 1552 ut
493 1527 642 1560 experrecti
657 1535 766 1558 sumus,
789 1527 847 1553 visa
866 1525 910 1553 illa
926 1531 1018 1553 conte-

222 1564 354 1589 mnimus:
369 1571 455 1597 neque
468 1563 501 1589 ita
515 1563 660 1594 habemus,
674 1568 703 1590 ut
714 1572 757 1594 ea,
770 1564 877 1598 quaein
890 1563 945 1590 foro
955 1572 1018 1599 ges-

220 1601 318 1626 simus.
358 1599 439 1626 XVII.
462 1601 504 1627 52.
520 1600 553 1627 At
563 1601 635 1627 enim
646 1600 712 1627 dum
726 1601 859 1632 videntur,
873 1601 966 1628 eadem
977 1606 1018 1627 est

220 1638 249 1664 in
260 1637 362 1664 somnis
374 1638 478 1672 species
489 1642 514 1664 et
524 1646 630 1669 eorum,
644 1647 712 1673 quae
724 1638 868 1674 vigilantes
879 1638 1015 1664 videmus.

220 1675 372 1701 Plurimum
388 1675 508 1701 interest.
548 1675 601 1702 Sed
617 1675 645 1702 id
658 1676 824 1702 omittamus.
864 1675 933 1702 lllud
943 1676 1016 1702 enim

220 1712 352 1743 dicimus,
374 1720 427 1738 non
442 1711 565 1738 eamdem
579 1721 638 1739 esse
654 1713 710 1739 vim
727 1721 816 1748 neque
836 1713 1016 1748 integritatem

220 1749 412 1776 dormientium
427 1754 452 1775 et
467 1749 654 1785 vigilantium,
677 1758 726 1776 nec
746 1755 834 1776 mente
850 1758 899 1776 nec
921 1758 1014 1776 sensu.
1045 1765 1047 1775 A

220 1787 259 1813 Ne
270 1786 401 1813 vinolenti
411 1786 523 1821 quidem
534 1795 603 1822 quae
614 1786 724 1817 faciunt,
740 1787 833 1813 eadem
845 1787 1016 1822 approbatio-

221 1832 254 1851 ne
266 1823 380 1854 t'aciunt,
392 1832 446 1858 qua
457 1824 554 1850 sobrii:
572 1824 709 1855 dubitant,
723 1824 869 1855 haesitant,
890 1829 1016 1851 revocant

220 1870 250 1887 se
262 1860 407 1891 interdum,
416 1861 513 1896 iisque,
521 1869 591 1896 quae
603 1861 738 1891 videntur,
747 1861 912 1888 imbecillius
923 1870 1016 1888 assen-

221 1898 337 1931 tiuntur3
351 1906 491 1933 quumque
502 1898 711 1929 edormiverunt,
725 1898 770 1924 illa
782 1899 840 1925 visa
851 1907 933 1933 quam
945 1899 1016 1925 levia

226 483 364 515 Quomodo
384 488 472 509 autem
491 483 590 512 sumis,
614 487 654 513 ut,
675 484 697 509 si
715 482 780 517 quid
796 483 840 508 cui
856 482 944 508 simile
960 490 1019 508 esse
1041 476 1043 518 ζ

579 818 612 844 At
627 819 650 844 si
661 818 824 850 efficeretur,
841 823 871 844 ut
882 819 950 844 inter
961 819 1018 844 visa
1047 835 1048 854 ἒ

225 855 406 882 differentium
422 864 551 891 generum
568 855 635 881 nihil
653 856 804 886 interesset,
828 856 1016 890 reperirentur.
1047 871 1048 882 ι

674 1116 741 1148 Quis
755 1116 841 1147 enim,
863 1125 948 1151 quum
964 1116 1018 1142 sibi
1040 1124 1041 1127 ¹

221 1934 329 1965 fuerint,
343 1934 508 1971 intelligunt.
544 1935 620 1967 Quod
633 1935 703 1961 idem
715 1936 846 1971 contingit
856 1936 972 1967 insanis,
986 1940 1016 1962 ut

220 1977 254 2003 et,
269 1973 428 2007 incipientes
439 1971 696 2004 furere,seutiantet
705 1972 927 2008 dicant,aliquid,
943 1972 1015 2008 quod

221 2018 274 2036 non
284 2010 328 2040 sit,
342 2009 370 2036 id
381 2009 467 2036 videri
478 2010 546 2037 sibi:
559 2015 596 2041 et,
610 2018 696 2045 quum
706 2009 873 2043 relaxentur,
888 2011 1013 2043 sentiant,

220 2051 300 2082 atque
311 2046 357 2073 illa
367 2046 459 2074 dicant
468 2047 650 2074 Alcmaeonis:

586 2100 600 2104 -
613 2100 626 2104 -
636 2085 687 2112 Sed
696 2087 758 2112 mihi
767 2088 914 2120 neutiquam

257 2123 303 2148 cor
313 2123 436 2148 consentit
447 2130 503 2148 cum
512 2123 644 2149 oculorum
654 2127 767 2156 aspectu.
779 2138 816 2143 -
825 2138 863 2143 —

219 2160 261 2186 53.
283 2159 316 2185 At
326 2159 400 2185 enim
410 2159 469 2194 ipse
480 2159 588 2194 sapiens
599 2160 714 2186 sustinet
724 2169 752 2187 se
764 2161 792 2187 in
802 2160 905 2192 furore,
922 2168 954 2187 ne
965 2168 1014 2196 ap-

219 2195 314 2231 probet
332 2195 399 2222 falsa
414 2204 461 2231 pro
476 2197 558 2223 veris.
573 2212 610 2216 —
623 2197 655 2224 Et
670 2197 736 2224 alias
751 2197 863 2232 quidem
879 2206 972 2233 saepe,
989 2198 1014 2224 si

218 2238 265 2260 aut
276 2234 304 2260 in
314 2233 441 2260 sensibus
452 2234 540 2268 ipsius
551 2238 591 2261 est
601 2233 692 2269 aliqua
704 2234 769 2261 sorte
779 2235 898 2270 gravitas
909 2239 1014 2262 auttar-

218 2270 302 2301 ditas.
320 2275 366 2297 aut
375 2270 530 2297 obscuriora
541 2276 616 2302 sunt,
633 2280 703 2307 quae
714 2271 854 2303 videntur,
870 2277 916 2299 aut
925 2281 940 2298 a
950 2280 1014 2307 per-

218 2307 358 2343 spiciendo
369 2309 496 2343 temporis
507 2308 636 2335 brevitate
647 2309 810 2336 excluditur.
842 2309 1013 2344 Quamquam

218 2350 303 2372 totum
318 2344 380 2375 hoc,
403 2346 552 2380 sapientem
570 2346 714 2381 aliquando
729 2346 863 2373 sustinere
878 2347 1014 2373 assensio-

219 2390 290 2413 nem.
303 2386 393 2409 contra
404 2391 452 2409 vos
462 2387 512 2409 est.
547 2382 577 2410 Si
587 2384 660 2410 enim
672 2384 740 2410 inter
751 2385 810 2410 visa
820 2383 889 2410 nihil
900 2384 1013 2410 interes-

218 2424 271 2449 set,
296 2424 342 2446 aut
360 2428 467 2455 semper
481 2421 627 2447 sustineret
644 2425 690 2447 aut
709 2429 869 2455 numquam.
909 2420 964 2448 Sed
979 2429 1013 2447 ex

220 2455 268 2482 hoc
289 2464 385 2492 genere
405 2462 458 2484 toto
478 2458 596 2492 perspici
613 2462 699 2492 potest
715 2457 809 2484 levitas
824 2458 952 2485 orationis
967 2466 1013 2484 eo-

219 2500 292 2523 rum,
323 2494 372 2528 qui
391 2495 481 2520 omnia
502 2499 617 2529 cupiunt
636 2494 810 2521 confundere.
850 2495 1012 2527 Quaerimus

218 2530 371 2564 gravitatis,
393 2533 569 2562 constantiae,
592 2532 738 2562 firmitatis,
765 2532 913 2567 sapientiae
938 2531 1012 2559 iudi-

219 2567 305 2592 cium:
327 2568 429 2594 utimur
450 2568 582 2603 exemplis
605 2569 812 2600 somniantium,
836 2569 1009 2600 furiosorum,

219 2602 397 2630 ebriosorum.
421 2605 492 2632 Num
504 2607 515 2618 ⁸
527 2605 595 2633 illud
606 2605 770 2641 attendimus
780 2606 808 2632 in
819 2606 869 2633 hoc
879 2607 953 2633 omni
963 2615 1012 2642 ge-
1033 2613 1035 2619 ‘

219 2647 295 2670 nere,
317 2648 398 2675 quam
414 2639 768 2679 inconstanter'loquamur?
787 2643 846 2670 Non
861 2644 935 2671 enim
947 2652 1011 2680 pro-
1032 2622 1035 2670 l

952 114 983 140 Τ.
1017 113 1290 141 ClCERONlS

1070 184 1200 210 ferremus
1213 185 1275 210 vino
1285 188 1331 210 aut
1341 192 1434 210 somno
1444 192 1595 219 oppressos,
1603 189 1648 211 aut
1659 189 1746 211 mente
1757 189 1858 219 captos,

1071 228 1122 247 tam
1134 221 1263 251 absurde.
1283 226 1310 247 ut
1326 226 1382 247 tuni
1393 221 1553 251 diceremus.
1571 222 1697 248 interesse
1710 227 1778 248 inter
1789 222 1860 256 vigi-

1071 259 1181 285 lantium
1194 259 1250 284 visa
1262 263 1287 284 et
1298 258 1461 287 sobriorum.
1474 264 1499 284 et
1511 268 1634 285 sanorum
1651 264 1676 285 et
1689 267 1796 287 eorum,
1811 259 1860 293 qui

1070 300 1159 322 essent
1170 294 1245 322 aliter
1256 295 1355 322 affecti:
1372 300 1427 321 tum
1440 295 1507 321 nihil
1521 296 1657 322 interesse.
1697 297 1738 322 56.
1762 296 1799 322 Ne
1811 295 1861 322 hoc

1069 332 1179 368 quidem
1191 338 1316 362 cernunt,
1329 333 1417 358 omniu
1429 340 1458 358 se
1470 332 1579 359 reddere
1592 334 1702 363 ineerta;
1725 332 1796 367 quod
1813 342 1861 359 no-

1072 370 1141 399 lunt;
1164 379 1192 395 cn
1209 370 1268 395 dic-o
1285 370 1396 399 incerta,
1419 378 1487 404 quae
1503 369 1584 402 ἄδηλα
1599 370 1703 396 Graeci.
1744 370 1772 396 si
1789 370 1860 396 enim

1071 416 1112 433 res
1123 416 1151 433 se
1164 408 1197 433 ita
1211 407 1306 433 habeat
1318 407 1343 436 ‘,
1361 411 1389 432 ut
1400 406 1467 432 nihil
1481 407 1597 436 intersit,
1616 412 1704 433 utrum
1718 408 1751 433 its·
1763 408 1807 432 cui
1820 407 1861 433 vi-

1070 444 1178 474 deatur,
1198 443 1246 480 [ut]
1265 445 1371 473 insane.
1389 452 1421 470 an
1437 452 1513 473 sano;
1535 444 1579 469 cui
1595 445 1679 478 possit
1693 443 1861 479 exploratum

1070 490 1128 507 esse
1140 481 1173 507 ‹le
1185 490 1232 507 sua
1245 480 1374 507 sanitate?
1393 481 1464 515 quod
1479 480 1545 506 velle
1556 480 1675 511 efficere,
1692 490 1743 507 non
1759 480 1861 507 rnedio-

1069 519 1122 545 cris
1134 519 1252 545 insaniae
1266 523 1316 544 est.
1356 517 1552 544 Similitudines
1564 526 1626 544 vero
1636 522 1681 544 aut
1710 519 1860 544 eminorurn

1070 561 1116 582 aut
1130 556 1268 591 signorum
1285 555 1392 581 annulis
1408 556 1599 589 impressorum
1617 556 1692 589 pueri
1707 556 1755 581 iter
1767 563 1861 581 conse-

1069 598 1183 620 ctantur.
1223 593 1289 625 Quis
1305 593 1376 619 enim
1394 598 1512 619 nostrum
1525 592 1720 618 similitudines
1731 597 1810 627 negat
1819 601 1862 618 es-

1069 640 1111 661 se,
1133 638 1217 665 quum
1235 639 1279 656 eac
1296 629 1420 664 plurimis
1438 630 1462 656 in
1480 629 1560 656 rebus
1575 628 1736 664 appareant?
1755 629 1821 658 Sed.
1839 630 1861 655 si

1069 668 1134 694 satis
1145 672 1184 694 est
1195 667 1228 693 ad
1241 667 1382 694 tollendam
1395 667 1584 702 cognitionem,
1598 666 1697 693 similia
1709 675 1766 692 esse
1778 666 1861 692 multa

1069 742 1227 768 cedentibus
1243 741 1339 768 nobis‘?
1358 747 1383 768 et
1398 750 1446 767 cur
1462 741 1487 767 id
1500 742 1589 776 potius
1600 740 1772 770 contenditis,
1789 740 1861 775 quod

1070 788 1158 806 rerum
1171 784 1262 805 natura
1275 788 1325 805 non
1338 780 1450 813 patitur,
1469 783 1497 805 ut
1511 787 1563 805 non
1574 787 1623 804 suo
1633 778 1755 813 quidque
1764 785 1861 813 genere

1069 817 1104 843 sit
1115 817 1175 847 tale,
1192 816 1271 851 quale
1282 816 1340 842 est'?
1353 825 1401 842 nec
1412 817 1447 842 sit
1459 816 1484 841 in
1495 815 1602 842 duobus
1612 821 1657 842 aut
1668 815 1793 850 pluribus
1808 814 1861 841 ulla

1070 862 1096 880 re
1107 854 1233 880 differens
1245 853 1298 880 ulla
1309 852 1504 879 communitas?
1515 858 1543 879 ut
1551 852 1625 889 [sibi]
1637 853 1691 879 sint
1702 857 1727 879 et
1737 861 1785 878 ova
1797 860 1862 878 ovo—

1070 900 1138 922 rum,
1152 896 1177 917 et
1188 899 1251 925 apes
1263 891 1354 925 apium
1366 890 1532 917 simillimae.
1563 889 1634 922 Quid
1646 898 1750 925 pugnas
1763 888 1863 925 igitur?

1070 933 1114 955 aut
1125 928 1191 963 quid
1203 928 1251 954 tibi
1265 929 1305 954 vis
1318 928 1344 954 in
1354 927 1489 963 geminis?
1503 927 1664 954 Conceditur
1674 927 1746 953 enim
1757 926 1861 952 similes

1069 974 1142 995 esse,
1159 974 1214 1000 quo
1228 970 1368 992 contentus
1383 973 1442 991 esse
1454 970 1590 999 potueras:
1619 966 1661 991 55.
1679 969 1706 991 tu
1719 969 1807 990 autem
1820 964 1861 989 vis

1068 1003 1177 1030 eosdem
1188 1002 1267 1037 plane
1278 1011 1346 1031 esse.
1355 1011 1405 1029 non
1417 1002 1534 1028 similes:
1547 1001 1619 1037 quod
1631 1001 1687 1028 fieri
1699 1000 1773 1028 nullo
1784 1000 1862 1027 modo

1069 1044 1164 1076 potest.
1205 1040 1270 1066 Dein
1281 1039 1406 1075 confugis
1417 1039 1449 1065 ad
1462 1039 1588 1074 physicos
1599 1047 1658 1069 eos,
1680 1039 1728 1073 qui
1745 1039 1861 1064 maxime

1068 1077 1246 1104 inAcademia
1258 1077 1415 1109 irridentur3
1429 1085 1443 1102 a
1455 1077 1556 1111 quibus
1567 1085 1599 1102 ne
1611 1081 1638 1103 tu
1650 1076 1760 1111 quidem
1774 1076 1826 1101 iam
1837 1080 1861 1101 te

1069 1114 1231 1142 abstinebis:
1251 1119 1277 1141 et
1287 1115 1326 1140 ais
1338 1114 1516 1140 Democritum
1527 1114 1631 1144 dicere,
1649 1112 1862 1139 innumerabiles

1069 1160 1127 1179 esse
1139 1150 1268 1182 mundos,
1285 1156 1311 1178 et
1321 1150 1432 1186 quidem
1443 1151 1482 1177 sic
1493 1150 1625 1185 quosdam
1636 1151 1705 1177 inter
1715 1158 1743 1177 se
1755 1158 1806 1176 non
1818 1158 1862 1176 so-

1069 1189 1126 1216 lum
1142 1188 1260 1219 similes,
1275 1188 1324 1215 sed
1339 1188 1460 1223 undique
1475 1187 1589 1223 perfecte
1600 1192 1626 1214 et
1636 1187 1756 1214 absolute
1768 1187 1802 1214 ita
1814 1195 1862 1222 pa-

1069 1236 1125 1257 res,
1147 1231 1177 1253 ut
1189 1226 1256 1252 inter
1267 1234 1312 1252 eos
1324 1225 1391 1252 nihil
1404 1234 1513 1260 prorsus
1524 1225 1641 1253 intersit.
1659 1229 1685 1251 et
1697 1232 1742 1251 eos
1753 1232 1862 1259 quoque

1069 1263 1295 1291 innumerabiles:
1313 1263 1432 1298 itemque
1446 1263 1579 1289 homines
1620 1261 1719 1289 Deinde
1731 1260 1860 1297 postulas.

1069 1307 1111 1332 ut,
1125 1300 1279 1328 simundus
1292 1301 1325 1327 ita
1338 1301 1373 1327 sit
1382 1309 1429 1335 par
1439 1300 1514 1327 alteri
1527 1299 1640 1330 mundo,
1654 1304 1683 1326 ut
1694 1299 1762 1326 inter
1772 1307 1817 1325 eos
1828 1306 1862 1325 ne

1069 1339 1213 1365 minimum
1224 1338 1335 1373 quidem
1348 1338 1465 1368 intersit,
1481 1336 1641 1364 concedatur
1652 1336 1715 1367 tibi,
1733 1336 1799 1362 utin
1812 1335 1863 1362 hoc

1068 1384 1177 1411 quoque
1188 1381 1277 1402 nostro
1288 1375 1390 1402 mundo
1401 1375 1505 1410 aliquid
1516 1374 1598 1401 alicui
1609 1375 1648 1400 sic
1659 1375 1693 1400 sit
1704 1382 1760 1408 par,
1777 1378 1805 1400 ut
1819 1374 1863 1399 ni-

1068 1413 1107 1440 hil
1118 1413 1231 1444 differat,
1245 1413 1313 1439 nihil
1326 1413 1440 1439 intersit.
1480 1412 1534 1439 Cur
1544 1412 1625 1441 enim.
1639 1412 1760 1446 inquies,
1773 1419 1860 1446 quum

1068 1459 1103 1478 ex
1114 1450 1168 1477 illis
1183 1450 1349 1481 individuis,
1366 1449 1438 1476 unde
1452 1450 1541 1476 omnia
1552 1449 1718 1476 Democritus
1732 1448 1809 1484 gigni
1820 1447 1862 1474 af-

1069 1488 1169 1518 firmat,
1186 1488 1212 1514 in
1229 1487 1342 1523 reliquis
1360 1486 1469 1513 mundis
1484 1488 1547 1514 etin
1559 1486 1602 1513 his
1613 1487 1724 1521 quidem
1736 1486 1863 1512 innume-

1069 1525 1202 1552 rabilibus
1223 1524 1434 1552 innumerabiles
1449 1524 1482 1557 Q.
1498 1525 1597 1551 Lutatii
1612 1523 1699 1551 Catuli
1715 1531 1767 1550 non
1783 1522 1862 1549 modo

1068 1563 1173 1598 possint
1181 1571 1240 1590 esse
1248 1583 1254 1594 ,
1270 1562 1318 1589 sed
1333 1563 1413 1589 etiam
1429 1562 1496 1594 sint;
1518 1563 1545 1588 in
1557 1562 1607 1588 hoc
1618 1565 1690 1588 tanto
1700 1559 1802 1587 mundo
1811 1559 1863 1587 Ca-

1068 1599 1142 1627 tulus
1153 1599 1219 1627 alter
1229 1608 1280 1626 non
1292 1600 1377 1635 possit
1387 1598 1476 1625 effici?
1495 1599 1588 1626 xvm.
1604 1600 1646 1625 56.
1668 1598 1788 1624 Primum
1799 1597 1862 1632 qui-

1068 1637 1129 1664 dem
1142 1645 1184 1664 me
1193 1637 1227 1664 ad
1237 1637 1416 1663 Democritum
1429 1645 1521 1667 vocas,
1538 1637 1583 1663 cui
1594 1644 1645 1663 non
1656 1635 1799 1661 assentior:
1813 1642 1862 1669 po-

1068 1676 1177 1709 tiusque
1192 1674 1298 1705 refello,
1315 1678 1423 1709 propter
1437 1673 1479 1703 id,
1500 1672 1573 1708 quod
1588 1671 1708 1699 dilucide
1723 1671 1833 1698 docetur
1845 1679 1862 1698 a

1068 1711 1238 1747 politioribus
1245 1711 1376 1747 physicis,
1384 1710 1554 1746 singularum
1566 1718 1655 1736 rerum
1665 1708 1788 1744 singulas
1798 1717 1862 1744 pro-

1068 1750 1193 1784 prietates
1204 1757 1273 1775 esse.
1307 1748 1358 1775 Fac
1369 1748 1441 1774 enim
1453 1748 1577 1782 antiquos
1589 1746 1649 1773 illos
1660 1745 1799 1777 Servilios,
1812 1746 1861 1781 qui

1066 1787 1170 1821 gemini
1185 1785 1306 1816 fuerunt,
1325 1790 1377 1812 tam
1393 1784 1512 1816 similes,
1533 1792 1615 1819 quam
1630 1783 1770 1816 dicuntur;
1794 1791 1861 1810 num

1068 1831 1163 1850 censes
1174 1824 1254 1850 etiam
1269 1822 1378 1850 eosdem
1391 1821 1492 1849 fuisse?
1511 1822 1569 1848 Non
1580 1820 1810 1857 cognoscebantur
1820 1820 1863 1848 fo-

1067 1861 1118 1887 ris:
1135 1867 1161 1888 at
1171 1861 1255 1887 domi.
1295 1861 1352 1887 Non
1364 1859 1398 1886 ab
1409 1859 1518 1886 alienis:
1531 1864 1582 1886 ata
1592 1859 1660 1885 suis.
1700 1858 1741 1884 An
1753 1866 1806 1884 non
1817 1858 1862 1884 vi-

1066 1898 1172 1929 demus,
1181 1898 1230 1925 hoc
1240 1898 1395 1927 usuvenire,
1403 1902 1440 1928 ut,
1449 1905 1518 1932 quos
1529 1904 1677 1931 numquam
1688 1900 1860 1930 putassemus

1067 1943 1080 1961 a
1092 1936 1170 1962 nobis
1182 1935 1326 1962 internosci
1338 1943 1429 1970 posse,
1445 1942 1504 1965 eos,
1521 1932 1716 1960 consuetudine
1726 1932 1858 1963 adhibita,

1067 1977 1119 1999 tam
1133 1972 1210 1999 facile
1222 1973 1477 2002 internosceremus,
1494 1972 1534 1998 uti
1548 1979 1581 1997 ne
1593 1970 1737 1997 minimum
1747 1969 1860 2005 quidem

1066 2009 1170 2036 similes
1181 2008 1354 2036 viderentur?
1377 2010 1419 2036 57.
1439 2009 1500 2040 Hic,
1512 2016 1618 2044 pugnes
1630 2007 1704 2038 licet,
1716 2014 1769 2033 non
1778 2014 1861 2042 repu-

1065 2047 1167 2084 gnabo:
1181 2047 1247 2083 quin
1259 2047 1340 2075 etiam
1349 2045 1590 2077 concedam,illum
1601 2046 1692 2080 ipsurn
1698 2044 1857 2079 sapientem,

1065 2085 1098 2112 de
1113 2094 1167 2121 quo
1182 2085 1270 2112 omnis
1286 2085 1330 2111 hic
1345 2093 1434 2111 sermo
1443 2089 1496 2115 est,
1514 2091 1600 2119 quum
1610 2083 1688 2109 eires
1699 2080 1803 2108 similes
1813 2090 1859 2108 oo-

1065 2128 1181 2154 currant,
1189 2131 1257 2158 quas
1266 2130 1318 2149 non
1330 2121 1426 2148 habeat
1435 2121 1581 2151 denotatas,
1589 2124 1755 2147 retenturum
1765 2126 1860 2145 assen-

1064 2169 1135 2191 sum,
1148 2168 1198 2187 nec
1209 2167 1338 2194 umquam
1349 2158 1399 2185 ulli
1410 2159 1469 2185 viso
1479 2165 1662 2189 assensurum,
1671 2156 1724 2183 nisi
1734 2155 1807 2190 quod
1819 2160 1859 2182 ta-

1065 2197 1089 2224 le
1101 2197 1190 2228 fuerit,
1202 2196 1282 2232 quale
1293 2195 1391 2223 falsum
1402 2204 1462 2222 esse
1472 2204 1524 2222 non
1535 2195 1630 2230 possit.
1669 2192 1722 2220 Sed
1733 2192 1802 2219 etad
1812 2200 1859 2219 ce-

1064 2239 1133 2262 teras
1144 2243 1186 2261 res
1198 2234 1278 2261 habet
1288 2233 1434 2269 quamdam
1445 2238 1537 2263 artem,
1546 2241 1599 2267 qua
1610 2239 1672 2258 vera
1682 2239 1697 2257 a
1708 2229 1783 2257 falsis
1794 2238 1858 2265 pos-

1064 2273 1100 2299 sit
1114 2271 1296 2307 distinguere,
1318 2275 1344 2298 et
1358 2270 1391 2297 ad
1406 2269 1601 2297 similitudines
1615 2269 1680 2295 istas
1695 2275 1762 2294 usus
1777 2267 1857 2294 adhi—

1064 2309 1169 2336 bendus
1181 2314 1230 2336 est.
1270 2309 1303 2335 Ut
1318 2312 1402 2334 mater
1413 2307 1536 2344 geminos
1547 2305 1702 2333 internoscit
1711 2309 1857 2332 consuetu—

1063 2345 1126 2373 dine
1137 2345 1289 2373 oculorum:
1305 2346 1344 2372 sic
1355 2350 1384 2372 tu
1395 2345 1566 2374 internosces,
1579 2344 1603 2369 si
1615 2342 1777 2368 assueveris.
1808 2342 1857 2368 vi-

1063 2383 1155 2414 desne,
1171 2389 1202 2410 ut
1212 2383 1239 2410 in
1250 2382 1393 2418 proverbio
1402 2383 1438 2409 sit
1447 2389 1559 2409 ovorum
1570 2381 1638 2407 inter
1647 2387 1677 2405 se
1687 2377 1856 2406 similitudo?

1063 2421 1162 2447 Tamen
1178 2420 1228 2447 hoc
1243 2420 1411 2455 accepimus,
1428 2418 1485 2445 Deli
1502 2418 1585 2444 fuisse
1597 2415 1750 2451 complures
1760 2415 1855 2451 (salvis

1063 2457 1145 2484 rebus
1151 2457 1225 2492 illis),
1233 2458 1281 2493 qui
1287 2457 1402 2493 gallinas
1407 2456 1478 2483 alere
1483 2454 1630 2490 permultas
1635 2458 1764 2488 quaestus
1774 2461 1855 2479 caus-

1062 2503 1092 2521 sa
1110 2494 1236 2522 solerent.
1276 2495 1307 2521 ui
1327 2502 1413 2529 quum
1431 2501 1513 2519 ovum
1533 2492 1717 2526 inspexerant,
1738 2498 1808 2525 quae
1825 2489 1854 2516 id

1062 2531 1162 2568 gallina
1182 2533 1344 2567 peperisset,
1370 2531 1458 2557 dicere
1477 2528 1608 2555 solebant.
1648 2528 1742 2562 Neque
1765 2527 1792 2553 id
1813 2531 1854 2553 est

1062 2574 1152 2596 contra
1167 2578 1226 2596 nos.
1265 2570 1307 2595 58.
1329 2569 1396 2594 Nam
1411 2566 1490 2593 nobis
1505 2566 1569 2592 satis
1579 2569 1633 2595 est,
1648 2573 1698 2591 ova
1713 2564 1759 2591 illa
1770 2565 1853 2590 inter-

1062 2615 1181 2633 noscere.
1212 2606 1286 2632 Nihil
1298 2606 1370 2631 enim
1381 2603 1468 2639 magis
1478 2603 1602 2629 assentiri
1613 2606 1708 2636 potest,
1722 2601 1772 2628 hoc
1783 2600 1852 2628 illud

1062 2652 1121 2670 esse
1129 2664 1135 2674 ,
1152 2651 1235 2679 quam
1244 2643 1268 2670 si
1279 2643 1348 2670 inter
1358 2640 1404 2668 illa
1412 2640 1521 2668 omnino
1532 2639 1599 2667 nibil
1610 2639 1760 2666 interesset.
1799 2638 1853 2664 Ha-
