1941 3052
249 129 308 152 1028
805 126 857 149 ΗΕ.
891 124 925 149 Μ.
957 123 986 148 Τ,

245 198 352 231 rim-quo
369 196 486 222 sortitum·
505 195 580 220 Lis-ile
593 200 711 220 veterum
724 194 945 228 pbilosophorum
959 202 1034 227 prae-

244 235 328 268 ceptis
342 235 459 259 instituta
474 234 524 257 vita
536 232 687 266 superabat.
732 233 769 256 Μ,
793 232 934 265 Principiis
946 235 1033 256 autem

244 281 257 297 a
271 276 361 297 nutura
372 271 454 298 «lutis,
473 269 664 302 ainplitiulines
675 268 806 302 quaedam
820 269 949 294 bonorum
961 268 1035 294 exei-

245 309 375 334 tabantur.
386 308 479 340 purtim
489 305 618 339 ,παῖε-νικη-
631 315 643 330 a
655 305 878 339 vontemplatione
891 314 978 330 rerum
990 314 1035 330 oc—

243 345 400 371 cultiorum.
417 343 487 377 quod
505 347 558 368 erat
577 343 672 368 insitus
685 343 765 367 tuenti
777 343 939 374 cognitionis
951 351 1032 372 amor,

243 391 274 407 ev(
292 390 344 415 quo
359 381 436 405 vuum
454 380 563 405 rationis
578 379 752 413 explicandae
767 379 974 414 disserendique
987 388 1035 405 cu·—
1056 392 1057 401 ι

244 419 341 453 piditas
361 417 586 450 consi-qiwlmtur:
610 416 736 451 quodque
759 416 807 442 boc
827 416 914 442 solum
935 416 1033 442 animal
1056 413 1057 441 Ῐ

244 460 333 481 mitum
346 460 384 479 est
397 454 507 488 pudoris
519 463 547 479 ac
559 454 883 488 verecundiaeparticeps,
893 459 1036 488 appetens·
1062 467 1063 471 ι

1062 494 1063 514 ἰ
1088 491 1218 517 llannibal
1235 491 1266 517 ad
1284 496 1371 526 portus
1389 493 1505 518 venisset
1521 501 1682 527 murumque
1699 493 1784 519 iaculo
1799 493 1878 518 traie-

243 501 296 526 que
307 492 521 516 ‹·onium·tiom·m
536 490 674 516 homiuum
687 500 716 516 ac
728 492 880 517 societatem
889 512 894 520 ,
913 491 1035 517 animad-

244 534 402 562 vertensque
417 527 580 554 inmunibus
592 528 757 562 rebus,quas
769 533 857 562 ageret
869 533 913 554 aut
924 528 1032 559 diceret.
1056 549 1057 556 1

244 571 271 591 ut
283 565 382 600 nequid
395 565 428 591 ab
440 574 470 590 eo
482 566 567 596 lieret.
583 566 634 591 nisi
647 565 755 591 honeste
767 562 908 593 culi-vore:
928 565 970 592 his
983 566 1035 592 ini·
1056 573 1063 596 ,'

243 604 295 631 tiis,
311 608 337 628 ut
348 607 407 628 autc
419 602 486 632 dixi,
504 607 638 637 tamquam
650 603 810 629 seminibus.
825 612 837 628 a
851 607 942 629 natura
954 603 1032 633 datis,
1055 612 1057 632 ;

243 640 424 674 temperantia,
439 639 576 670 modestia,
590 640 690 667 iustitia
705 645 730 667 et
740 641 828 666 omnis
841 640 962 666 honestas
975 650 1035 675 per·
1055 650 1056 657 ¹

243 676 308 703 seete
320 677 439 703 absoluta
451 682 500 703 est.

298 715 363 740 Vlll.
382 716 420 740 49.
444 714 543 745 lIabes,
563 715 686 749 inquam,
704 715 779 745 Cato.
799 715 910 741 sormam
928 715 1033 741 illorum

241 752 372 782 omnium,
386 751 531 786 dequibus
545 751 645 786 loquor,
660 752 893 786 philosophorum.
918 752 974 784 Qua
988 762 1035 779 ex-

241 789 340 823 posita,
359 790 427 815 scire
439 790 531 823 cupio.
550 798 618 824 quae
630 798 723 815 caussa
737 791 783 820 sit,
802 799 850 815 cur
860 791 929 816 Zeno
941 790 973 816 ab
987 790 1034 816 hac

241 827 349 861 antiqua
363 826 527 852 institutione
539 826 695 853 desciverit:
709 827 839 861 quidnam
853 827 946 853 borum
959 827 993 853 ab
1004 836 1035 854 eo
1055 847 1057 856 Α

241 872 292 890 non
307 864 341 889 sit
353 864 503 898 probatum.
544 864 655 895 Quodne
669 873 775 890 omnem
791 870 910 890 naturam
927 874 1035 891 conser-

242 901 368 926 vatricem
390 902 432 926 sui
448 900 584 927 dixerint‘?
602 910 634 927 an
651 901 722 936 quod
736 910 814 928 omne
829 902 926 928 animal
945 903 1034 936 ipsum

240 938 293 964 sibi
306 938 535 968 commendatum,
553 943 581 964 ut
592 947 620 964 se
631 943 655 964 ct
667 939 772 964 salvum
786 940 811 965 in
823 948 873 965 suo
883 948 980 973 genere
993 940 1035 965 in-
1055 963 1056 966 ,

234 975 399 1010 'columeque
417 975 515 1002 vellet‘.>
529 985 575 1006 an,
592 985 676 1010 quum
692 977 813 1002 omnium
829 977 925 1002 artium
939 978 999 1002 linis
1012 977 1034 1002 is

241 1017 320 1042 esset,
334 1012 401 1047 quid
413 1018 505 1039 natura
517 1014 634 1039 maxime
648 1019 795 1048 quaereret,
810 1014 880 1040 idem
892 1015 971 1040 statui
987 1013 1034 1040 de-

241 1050 303 1076 bere
315 1049 347 1075 do
360 1051 440 1076 totius
451 1055 505 1076 arte
522 1050 609 1076 vitae'?
624 1060 656 1077 an
672 1051 758 1086 quod,
774 1060 858 1086 quum
870 1052 960 1077 animo
970 1060 1034 1078 con-

239 1092 372 1113 staremus
387 1092 413 1113 et
427 1096 549 1122 corpore,
575 1093 600 1114 et
616 1088 679 1114 haec
694 1089 751 1122 ipsa
772 1093 797 1114 et
812 1097 904 1114 eorum
922 1089 1033 1115 virtutes

240 1132 288 1158 per
297 1133 325 1150 se
336 1132 394 1150 esse
406 1124 568 1150 sumendas?
579 1125 618 1151 An
631 1134 693 1151 vero
703 1125 844 1160 displicuit
854 1134 893 1156 ea,
906 1135 975 1160 quae
987 1127 1034 1152 tri-

240 1162 303 1188 buta
314 1167 354 1188 cst
365 1162 447 1188 animi
460 1162 605 1188 virtutibus
621 1167 690 1188 tanta
707 1162 885 1197 praestantia?
901 1172 946 1194 an,
965 1172 1033 1198 quae

239 1198 272 1224 de
288 1198 442 1233 prudentia,
461 1199 493 1225 de
508 1200 659 1234 cognitione
675 1209 777 1231 rerum,
798 1200 831 1226 de
846 1202 1032 1227 coniunctione

239 1237 346 1271 generis
359 1236 483 1266 humani,
500 1245 624 1271 quaeque
640 1237 673 1263 ab
689 1237 790 1263 eisdem
803 1237 835 1263 de
847 1239 1031 1272 temperantia,
1054 1259 1055 1267 1

239 1273 272 1298 de
285 1273 427 1304 modestia,
444 1273 477 1299 de
494 1274 680 1309 magnitudine
696 1275 794 1305 animi,
811 1275 844 1301 de
860 1276 933 1301 omni
950 1275 1033 1302 hone-

239 1314 304 1336 state
321 1310 465 1336 dicuntur?
487 1311 651 1337 Fatcbuntur
665 1311 761 1341 Stoici.
780 1312 844 1338 baec
859 1314 948 1339 omnia
963 1313 1031 1340 dicta

239 1355 297 1373 esse
309 1348 452 1381 praeclare,
467 1357 553 1383 neque
566 1357 624 1374 eam
635 1357 757 1375 caussam
770 1350 869 1376 Zenoni
880 1349 1034 1377 desciscen-
1054 1371 1056 1379 .

238 1384 266 1410 di
278 1384 371 1411 fuisse.

293 1423 335 1449 2²0.
357 1422 416 1448 Alia
427 1422 559 1457 quaedam
572 1423 673 1455 dicent,
691 1423 784 1454 credo,
801 1433 897 1460 magna
909 1425 1034 1460 antiquo-

238 1467 298 1485 rum
314 1467 372 1485 esse
388 1465 508 1494 peccata,
526 1469 595 1495 quae
611 1461 670 1492 ille,
689 1462 745 1488 veri
762 1462 944 1497 investigandi
955 1463 1034 1497 cupi—

237 1496 303 1527 dus,
321 1496 395 1523 nullo
411 1497 489 1524 modo
505 1497 573 1525 serre
588 1499 713 1533 potuerit.
753 1498 825 1531 Quid
840 1500 911 1525 enim
924 1508 1033 1534 perver-

238 1534 308 1564 sius,
322 1534 389 1568 quid
401 1534 611 1566 intolerabilius,
624 1535 691 1570 quid
703 1535 826 1567 stultius,
842 1545 924 1571 quam
936 1536 1032 1563 bonam

238 1570 434 1603 valetudinem,
461 1581 542 1607 quam
567 1572 689 1599 dolorum
711 1574 833 1599 omnium
861 1575 1030 1604 vacuitatem,

237 1616 318 1642 quam
332 1609 510 1644 integritatem
517 1609 655 1636 oculorum
667 1610 888 1645 reliquorumque
901 1620 1031 1637 sensuum

237 1653 335 1679 ponere
348 1646 374 1671 in
385 1646 464 1672 bonis
475 1648 572 1681 potiuS,
589 1656 670 1682 quam
683 1647 858 1678 dicere,nihil
869 1649 979 1675 omnino
991 1649 1033 1675 in—

239 1687 277 1708 ter
299 1691 344 1708 eas
369 1692 411 1709 res
435 1684 533 1718 hisque
558 1685 704 1711 contrarias
729 1684 876 1711 interesse‘.⁷
902 1686 940 1712 Ea
959 1687 1032 1712 enim

237 1720 340 1750 omnia,
357 1728 426 1754 quae
438 1720 477 1747 illi
491 1722 558 1747 bona
570 1721 703 1752 dicerent,
721 1723 872 1756 praeposita
888 1731 961 1754 esse,
980 1732 1031 1749 non

238 1756 320 1783 bona:
335 1757 452 1792 itemque
464 1758 519 1789 illa,
528 1767 596 1793 quae
609 1759 635 1785 in
647 1767 756 1793 corpore
767 1759 938 1791 excellerent=
951 1760 1032 1786 stulte

238 1794 362 1829 antiquos
374 1794 476 1821 dixisse
488 1804 536 1830 per
547 1805 575 1822 se
585 1804 645 1822 esse
656 1796 818 1830 expetenda3
837 1797 967 1823 sumenda
984 1806 1032 1831 po—

237 1831 304 1862 tius,
318 1840 399 1866 quam
411 1832 572 1867 expetenda,
595 1833 743 1868 eademque
754 1835 827 1859 omni
839 1834 906 1864 vita,
924 1843 993 1868 quae
1005 1835 1031 1860 in

237 1876 289 1893 una
303 1869 399 1895 virtute
411 1870 580 1896 consisteret:
598 1870 672 1896 illam
684 1871 776 1901 vitam,
790 1879 858 1905 quae
871 1872 949 1897 etiam
961 1876 1032 1897 cete-

237 1905 274 1930 ris
286 1905 374 1936 rebus,
389 1914 457 1940 quae
468 1912 557 1933 essent
567 1907 716 1933 secundum
728 1912 858 1937 naturam,
872 1908 1029 1939 abundaret,

238 1942 324 1976 magis
340 1943 516 1977 expetendam
534 1952 585 1970 non
601 1952 673 1975 esse,
691 1944 739 1970 sed
754 1945 841 1979 magis
855 1945 1028 1972 sumendam:

237 1987 376 2014 quumque
390 1981 446 2014 ipsa
459 1981 544 2006 virtus
555 1980 653 2007 efficiat
664 1982 698 2007 ita
710 1981 813 2007 beatam
826 1982 918 2012 vitam,
927 1987 955 2009 ut
967 1982 1032 2009 bea—

237 2016 288 2042 tior
301 2024 359 2042 esse
375 2025 426 2043 non
438 2018 535 2051 possit,
554 2023 640 2044 tamen
655 2018 785 2053 quaedam
797 2018 890 2045 deesse
901 2020 1032 2054 sapienti-

237 2052 289 2079 bus
319 2058 390 2084 tum,
403 2062 488 2088 quum
500 2055 553 2080 sint
565 2055 726 2082 beatissimi:
747 2056 836 2090 itaque
846 2065 890 2082 eos
901 2057 929 2082 id
940 2066 1027 2093 agere,

238 2095 266 2117 ut
276 2099 289 2116 a
301 2098 328 2116 se
340 2090 453 2122 dolores,
468 2092 582 2123 morbos,
597 2092 748 2119 debilitates
760 2093 900 2128 repellant.

292 2127 339 2154 IX.
361 2129 402 2155 ΞΗ.
423 2128 445 2154 Ο
456 2138 579 2164 magnam
593 2130 647 2155 vim
660 2130 775 2165 ingenii,
793 2139 971 2166 caussamque
986 2132 1030 2158 iu-

237 2169 314 2196 stam,
326 2173 374 2191 cur
386 2174 453 2192 nova
464 2167 603 2193 exsisteret
613 2167 771 2202 disciplina!
786 2168 867 2203 Perge
878 2177 966 2203 porro.
981 2169 1029 2195 Se-

236 2206 354 2236 quentur
372 2203 458 2234 enim,
481 2212 550 2238 quae
571 2208 598 2230 tu
614 2205 793 2231 scientissime
814 2205 972 2240 complexus
982 2215 1026 2237 ,es‚

236 2247 342 2265 omnem
364 2240 561 2275 insipientiam,
584 2242 758 2273 iniustitiam,
781 2242 832 2268 alia
848 2243 913 2269 vitia
928 2243 1028 2269 similia

236 2285 308 2307 esse,
324 2277 468 2312 omniaque
480 2283 584 2312 peccata
597 2287 655 2305 esse
666 2280 753 2314 paria;
770 2288 878 2314 eosque,
891 2280 939 2315 qui
951 2286 1029 2307 natu-

237 2322 263 2339 ra
275 2313 448 2349 doctrinaque
465 2315 541 2351 longe
557 2316 591 2342 ad
606 2317 732 2342 virtutem
749 2318 956 2351 processissent,
975 2319 1028 2344 nisi

236 2358 293 2376 eam
305 2350 382 2385 plene
394 2354 530 2379 consecuti
542 2358 639 2384 essent,
653 2362 758 2380 summe
768 2362 827 2380 esse
838 2355 964 2385 miseros,
981 2363 1029 2381 ne—
1050 2362 1051 2369 ¹

236 2395 288 2421 que
301 2388 368 2414 inter
378 2397 470 2415 eorum
483 2391 564 2416 vitam
577 2391 1027 2427 etimprobissimorumquidquam
1048 2400 1051 2444 ,

236 2425 344 2451 omnino
355 2426 497 2457 interesse,
513 2428 638 2459 utPlato,
655 2432 744 2454 tantus
756 2428 801 2454 ille
812 2429 867 2459 vir,
885 2438 908 2454 Sl
919 2430 1027 2464 sapiens

238 2468 288 2486 non
304 2461 396 2494 fuerit,
420 2464 504 2490 nihilo
520 2464 630 2496 melius,
652 2474 733 2500 quam
749 2466 841 2500 quivis
857 2466 1028 2500 improbissi-
1048 2472 1050 2492 1

239 2505 307 2538 nius,
321 2507 368 2524 nec
379 2499 483 2527 beatius
495 2502 602 2528 vixerit.
633 2503 701 2528 Haec
714 2502 839 2529 videlicet
849 2508 889 2529 est
899 2504 1027 2530 correctio
1048 2517 1049 2520 ι

238 2533 421 2569 philosophiae
433 2539 529 2565 veteris
541 2544 566 2565 et
576 2539 736 2565 emendatio.
766 2539 839 2571 Quae
849 2541 958 2567 omnino
968 2541 1027 2567 adi·
1048 2557 1049 2563 ι

238 2575 294 2611 tum
306 2570 402 2598 habere
416 2575 519 2601 nullum
531 2581 617 2610 potest
627 2577 654 2602 in
667 2576 778 2607 Urbem,
791 2577 818 2603 in
831 2576 927 2609 forum,
940 2579 967 2604 in
978 2587 1026 2604 cu-

239 2615 313 2633 riam.
343 2608 408 2640 Quis
420 2612 490 2637 enim
503 2612 569 2639 serre
581 2618 670 2648 posset
681 2614 716 2640 ita
729 2613 881 2648 loquentem
892 2623 964 2646 eum,
977 2615 1025 2650 qui

238 2652 265 2670 se
277 2649 410 2672 auctorem
427 2649 494 2674 vitae
505 2651 622 2685 graviter
632 2655 657 2677 et
668 2651 803 2686 sapienter
813 2651 930 2687 agendae
943 2652 1026 2687 profi·
1046 2663 1048 2677 ι

1055 884 1064 896 ιι

1017 122 1267 149 elci-:noxis

1062 192 1063 200 ¹
1087 199 1193 223 teretur,
1203 195 1309 220 nomina
1322 203 1409 220 rerum
1421 200 1642 222 commutantem:
1654 203 1794 231 quumque
1806 195 1876 222 idem

1087 232 1204 260 sentiret,
1221 231 1292 265 quod
1303 240 1410 261 mnium,
1426 232 1527 266 quihus
1539 233 1618 259 rebus
1629 233 1750 259 eamdem
1764 234 1818 259 vim
1830 234 1877 259 tri·

1088 268 1188 297 buc-ret,
1205 268 1256 294 alia
1269 269 1376 294 nomina
1388 270 1577 303 imponentem.
1590 270 1669 296 verba
1683 270 1760 296 ιιιοιΙυ
1772 276 1877 296 mutan-

1087 311 1153 333 tem.
1171 305 1203 330 de
1218 306 1392 339 opinionibus
1409 306 1476 332 nibil
1492 306 1693 333 detrahentem?
1726 309 1766 333 ἐξ.
1790 307 1877 333 l'utro-

1087 351 1172 368 nus-ne
1182 351 1301 371 caussae,
1317 343 1342 369 in
1353 343 1459 377 epilogo
1471 351 1518 378 pro
1529 352 1573 369 reo
1583 344 1685 373 dicens,
1702 349 1809 377 negaret
1819 352 1878 369 esse

1087 379 1187 405 malum
1199 379 1336 409 exsilium.
1355 380 1562 414 publicationem
1575 381 1722 408 bonorum?
1740 381 1803 407 bae«-
1816 382 1879 407 reii—

1086 417 1179 442 cienda
1191 426 1258 446 esse,
1272 426 1323 443 non
1337 416 1481 452 fugienda?
1492 426 1539 444 nee
1551 419 1748 444 misericordem
1761 419 1878 444 iudicem

1087 463 1144 479 esse
1165 455 1302 488 oportere?
1324 455 1349 480 in
1370 455 1497 481 concione
1518 460 1605 481 autem
1627 456 1648 482 si
1671 456 1831 490 loqueretur,
1854 455 1877 481 si

1086 530 1180 557 visset,
1199 534 1306 563 rit-garet
1321 537 1379 555 esse
1395 529 1421 555 in
1434 529 1524 559 malis,
1542 530 1614 564 capi,
1634 530 1738 559 venire,
1753 530 1875 559 interfici,

1087 567 1198 600 patriam
1211 567 1348 592 amittere?
1359 567 1398 592 An
1410 571 1527 597 senatus,
1536 575 1620 601 quum
1633 566 1800 602 triumphum
1807 566 1878 593 Atri-

1086 613 1152 630 cano
1167 603 1333 630 decerneret:
1358 613 1433 634 ouon
1453 613 1518 630 ειυς
1539 613 1664 630 vimen
1685 614 1738 631 ιιι-τ
1759 612 1879 629 retici-

1086 650 1171 671 ·rniz,
1186 645 1274 675 posset
1285 641 1413 671 dicere,.⁶⁵i
1425 649 1512 676 neque
1525 641 1610 667 virtus
1623 642 1648 667 in
1660 640 1724 672 ullo,
1733 642 1785 667 nisi
1798 642 1823 667 in
1834 649 1878 667 sa-

1087 679 1188 712 piente,
1207 687 1254 704 nec
1271 678 1382 704 felicitas
1400 687 1459 704 vere
1475 678 1528 704 dici
1540 678 1643 713 potest?
1661 678 1734 710 Quae
1745 683 1784 704 est
1797 678 1878 713 igitur

1087 716 1135 742 ista
1151 715 1334 750 philosophia,
1352 724 1420 750 quae
1435 716 1572 742 communi
1589 724 1660 742 more
1677 716 1703 742 in
1720 715 1775 742 soro
1791 715 1878 750 loqui-

1086 757 1140 783 tur,
1161 754 1185 779 in
1200 753 1290 779 libello
1304 752 1371 779 suo‘!
1391 753 1546 787 praesertim
1561 762 1658 788 quum,
1675 753 1746 787 quod
1765 752 1803 778 illi
1819 752 1877 778 suis

1088 790 1176 816 verbis
1188 791 1354 823 significent.
1368 790 1394 816 in
1405 800 1436 816 eo
1448 790 1514 816 nihil
1528 796 1648 820 novetur,
1664 789 1706 826 [de
1719 790 1785 824 ipsis
1797 789 1877 817 rebus

1087 827 1153 853 nihil
1167 826 1304 863 mineum]
1321 827 1429 853 eaedem
1447 837 1488 853 res
1500 833 1623 854 maneant
1638 827 1690 853 alio
1706 827 1793 853 modo.
1834 828 1875 852 23.

1086 864 1156 897 Quid
1168 865 1238 891 enim
1252 865 1367 895 interest.
1381 864 1500 893 divitias,
1513 874 1586 899 opes,
1600 864 1782 891 valetudinem
1809 863 1877 890 bona

1086 902 1169 933 dicas,
1183 911 1250 928 anne
1263 903 1421 936 praeposita,
1435 911 1519 937 quum
1534 903 1587 933 ille,
1600 903 1646 937 qui
1661 902 1709 927 ista
1722 902 1789 927 bona
1801 901 1876 930 dicit,

1087 939 1172 965 nihilo
1183 939 1244 974 plus
1257 939 1298 965 his
1311 940 1419 969 tribuat,
1435 948 1516 974 quam
1529 945 1566 970 tu,
1579 940 1627 974 qui
1639 939 1732 965 eadem
1745 938 1789 964 illa
1801 946 1877 973 prae-

1086 978 1170 1011 posita
1186 976 1325 1003 nominas‘!
1346 977 1436 1011 ltaque
1453 977 1530 1002 homo
1547 977 1572 1002 in
1589 977 1684 1011 primis
1700 977 1834 1011 ingenuus
1853 980 1879 1001 et

1085 1015 1189 1047 gravis,
1211 1014 1311 1049 dignus
1327 1013 1371 1040 illa
1393 1014 1571 1040 familiaritate
1589 1014 1723 1048 Scipionis
1741 1018 1766 1039 et
1783 1012 1875 1041 Laelii.

1087 1052 1236 1081 Panaetius,
1252 1060 1336 1086 quum
1349 1050 1594 1083 adQ.Tuberouem
1606 1051 1639 1077 de
1650 1050 1740 1077 dolore
1752 1049 1878 1085 patiendo

1085 1089 1226 1119 scriberet;
1241 1088 1313 1123 quod
1325 1097 1383 1114 esse
1394 1094 1475 1123 caput
1485 1088 1609 1118 debebat,
1623 1089 1645 1114 si
1659 1088 1763 1122 probari
1777 1092 1875 1122 posset.

1086 1135 1218 1161 nusquam
1232 1126 1334 1160 posuit,
1351 1134 1403 1152 non
1415 1134 1473 1151 esse
1484 1125 1584 1151 malum
1599 1125 1730 1152 dolorem:
1751 1125 1798 1150 sed
1810 1123 1876 1159 quid

1085 1168 1168 1194 esset,
1181 1168 1207 1189 et
1217 1163 1296 1198 quale
1307 1168 1492 1198 quantumque
1506 1164 1531 1189 in
1544 1172 1575 1189 eo
1587 1164 1686 1189 inesset
1696 1162 1786 1192 alieni,
1800 1161 1878 1187 dein-

1085 1201 1131 1231 dc,
1149 1209 1218 1235 quae
1234 1201 1300 1226 ratio
1316 1205 1385 1226 esset
1399 1200 1564 1234 perferendi:
1587 1201 1666 1226 cuius
1676 1199 1797 1234 quidem,
1809 1207 1878 1233 quo-

1085 1239 1157 1264 niam
1168 1238 1273 1264 Stoicus
1285 1236 1349 1268 suit,
1362 1238 1492 1264 sententia
1507 1237 1681 1264 condemnata
1692 1236 1760 1262 mihi
1771 1235 1878 1262 videtur

1085 1284 1143 1302 esse
1155 1275 1308 1302 immanitas
1321 1275 1368 1301 ista
1382 1275 1534 1301 verborum.

1139 1312 1174 1339 X.
1187 1313 1230 1339 24.
1242 1312 1304 1343 Sed,
1318 1317 1346 1338 ιιι
1357 1313 1468 1347 propius
1479 1312 1512 1338 ad
1524 1320 1563 1343 ea,
1576 1311 1648 1341 Cato,
1661 1310 1795 1342 accedam,
1808 1318 1878 1345 quae

1085 1359 1098 1376 a
1111 1355 1134 1376 te
1145 1350 1216 1376 dicta
1227 1354 1303 1380 sunt,
1321 1351 1441 1384 pressius
1458 1358 1584 1386 agamus,
1601 1357 1699 1384 eaque,
1716 1356 1784 1383 quae
1799 1347 1878 1374 modo

1085 1387 1192 1418 dixisti,
1218 1396 1279 1413 cum
1301 1387 1343 1413 his
1363 1387 1546 1418 conseramus,
1572 1395 1640 1422 quae
1661 1387 1714 1413 tuis
1735 1390 1876 1420 antepono.

1085 1425 1158 1457 Quae
1174 1429 1237 1451 sunt
1253 1425 1336 1460 igitur
1350 1425 1503 1451 communia
1518 1424 1596 1451 vobis
1611 1432 1673 1450 cum
1685 1423 1817 1458 antiquis,
1834 1422 1877 1448 bis

1085 1463 1124 1488 sic
1140 1467 1260 1493 utamur,
1278 1464 1357 1496 quasi
1373 1463 1521 1489 concessis:
1541 1469 1611 1497 quae
1627 1462 1654 1488 in
1669 1461 1876 1487 controversiam

1085 1500 1206 1529 veniunt,
1219 1499 1252 1525 de
1264 1499 1307 1528 iis.
1320 1500 1342 1525 si
1355 1499 1450 1534 placet,
1463 1499 1639 1526 disseramus.
1672 1498 1739 1524 Mihi
1751 1506 1822 1527 vero,
1836 1498 1878 1523 in-

1062 1567 1063 1570 *
1084 1537 1152 1571 quit,
1168 1537 1255 1571 placet
1265 1537 1309 1571 agi
1320 1537 1449 1563 subtilius
1459 1541 1498 1568 et,
1513 1541 1543 1563 ut
1554 1537 1612 1571 ipse
1623 1535 1731 1566 dixisti,
1743 1535 1875 1570 pressiuS.

1084 1574 1156 1606 Quae
1168 1575 1240 1600 enim
1251 1573 1340 1600 adhuc
1351 1574 1499 1608 protulisti,
1516 1573 1657 1609 popularia
1672 1577 1748 1599 sunt:
1765 1580 1815 1607 ego
1829 1579 1878 1597 au-

1084 1616 1136 1637 tem
1150 1620 1163 1637 a
1176 1616 1200 1637 te
1211 1611 1372 1647 elegantiora
1386 1611 1519 1638 desidero.
1559 1611 1581 1637 A
1597 1618 1674 1636 mene
1690 1615 1732 1640 ιιι,
1750 1607 1879 1644 inquam?

1084 1648 1137 1674 Sed
1153 1653 1240 1674 tamen
1255 1648 1341 1674 enitar
1355 1653 1393 1679 et,
1409 1649 1434 1675 si
1451 1649 1542 1675 minus
1553 1647 1621 1674 mihi
1633 1646 1716 1673 multa
1726 1651 1875 1676 occurrent,

1084 1694 1135 1712 non
1149 1685 1249 1721 fugiam
1262 1686 1311 1712 ista
1323 1685 1472 1720 popularia.
1511 1686 1554 1711 ⁴25.
1575 1684 1627 1711 Sed
1642 1684 1761 1719 positum
1774 1684 1810 1709 sit
1820 1684 1878 1718 pri—

1084 1731 1168 1753 mum,
1182 1723 1360 1757 nosmetipsos
1371 1722 1570 1749 commendatos
1581 1730 1640 1748 esse
1652 1721 1738 1752 nobis,
1747 1722 1877 1756 primam-

1083 1768 1136 1794 que
1152 1769 1186 1786 ex
1201 1764 1293 1786 natura
1311 1760 1378 1786 hanc
1393 1760 1491 1786 habere
1507 1759 1712 1794 appetitionem,
1729 1763 1759 1784 ut
1769 1767 1877 1785 conser-

1084 1805 1178 1823 vemus
1191 1802 1293 1823 nosmet
1305 1797 1387 1831 ipsos.
1428 1797 1481 1823 Hoc
1491 1797 1626 1823 convenit.
1656 1795 1785 1831 Sequitur
1796 1795 1874 1825 illud,

1083 1839 1112 1860 ut
1126 1833 1385 1865 animadvertamus,
1402 1835 1450 1869 qui
1465 1835 1552 1860 simus
1567 1834 1634 1868 ipsi,
1654 1838 1683 1860 ut
1699 1842 1759 1864 nos,
1782 1833 1876 1868 quales

1082 1876 1184 1905 oportet
1199 1879 1271 1901 esse,
1289 1880 1438 1898 servemus.
1479 1871 1580 1897 Sumus
1595 1871 1678 1906 igitur
1688 1870 1825 1897 homines:
1842 1879 1877 1897 ex

1083 1909 1172 1935 animo
1191 1913 1344 1935 constamus
1365 1914 1390 1935 et
1410 1917 1532 1943 corpore;
1561 1916 1630 1943 quae
1650 1913 1714 1934 sunt
1733 1907 1876 1934 cuiusdam

1083 1945 1168 1976 modi,
1192 1954 1294 1980 nosque
1313 1951 1428 1980 oportet,
1451 1951 1480 1972 ut
1499 1946 1585 1981 prima
1603 1946 1731 1980 appetitio
1746 1944 1876 1972 naturalis

1082 1983 1211 2017 postulat,
1231 1983 1295 2009 haec
1310 1983 1437 2019 diligere,
1457 1984 1673 2018 constituereque
1687 1991 1721 2009 ex
1736 1981 1780 2008 his
1794 1981 1875 2009 finem

1083 2019 1160 2046 illum
1171 2021 1272 2046 summi
1284 2020 1346 2047 boni
1358 2025 1437 2055 atque
1447 2020 1547 2047 ultimi.
1588 2019 1683 2052 Quem,
1696 2020 1720 2047 si
1730 2020 1817 2054 prima
1827 2027 1876 2046 ve-

1082 2066 1108 2083 ra
1120 2061 1196 2087 sunt,
1210 2058 1244 2083 ita
1255 2058 1382 2084 constitui
1394 2066 1502 2084 necesse
1513 2062 1566 2089 est,
1581 2066 1674 2084 earum
1686 2065 1788 2088 rerum.
1805 2064 1874 2092 quae

1081 2095 1135 2120 sint
1149 2094 1300 2121 secundum
1316 2100 1450 2126 naturam,
1468 2103 1550 2130 quam
1561 2094 1677 2129 plurima
1689 2098 1714 2120 et
1723 2102 1805 2129 quam
1817 2102 1874 2120 ma-

1081 2132 1153 2158 xima
1165 2131 1289 2167 adipisci.
1330 2134 1371 2158 ⁵26.
1389 2133 1464 2159 liunc
1478 2133 1561 2168 igitur
1572 2132 1651 2158 linem
1664 2131 1703 2157 illi
1715 2135 1870 2162 tenuerunt;

1080 2169 1207 2203 quodque
1218 2178 1267 2205 ego
1278 2169 1404 2204 pluribus
1416 2169 1520 2200 verbis,
1534 2168 1574 2195 illi
1585 2169 1709 2199 brevius,
1723 2167 1872 2194 secundum

1081 2211 1201 2232 naturam
1214 2207 1305 2233 vivere
1313 2227 1319 2237 ‚
1337 2207 1386 2233 hoc
1398 2206 1441 2233 his
1453 2206 1583 2233 bonorum
1593 2206 1701 2232 videtur
1711 2210 1871 2232 extremum.

1080 2243 1126 2269 XI
1148 2243 1204 2279 Age
1220 2252 1291 2270 nunc
1303 2245 1346 2270 isti
1357 2243 1481 2274 doceant,
1499 2243 1542 2270 vel
1558 2248 1586 2270 tu
1597 2243 1700 2278 potius,
1716 2242 1788 2277 (quis
1799 2242 1872 2268 enim

1079 2283 1128 2307 ista
1140 2280 1265 2315 melius‘?)
1276 2290 1393 2316 quonam
1405 2281 1492 2312 modo,
1505 2281 1539 2307 ab
1550 2280 1647 2307 iisdem
1657 2280 1799 2314 principiis
1810 2287 1873 2314 pro-

1080 2317 1155 2348 fecti,
1173 2317 1310 2349 efficiatis,
1326 2323 1355 2345 ut
1371 2318 1480 2345 honeste
1492 2319 1583 2344 vivere
1602 2317 1640 2352 (id
1651 2321 1691 2343 est
1701 2317 1773 2342 enim
1784 2315 1872 2343 velex

1080 2355 1186 2385 virtute,
1199 2355 1241 2381 vel
1254 2361 1362 2382 naturae
1374 2360 1551 2391 congruenter
1561 2354 1662 2388 vivere)
1673 2362 1810 2379 summum
1823 2353 1872 2380 bo—

1079 2401 1144 2418 num
1156 2393 1199 2423 sit,
1213 2397 1364 2428 etquenam
1376 2393 1468 2424 modo,
1485 2397 1531 2419 aut
1541 2400 1594 2427 quo
1607 2391 1662 2417 loco
1672 2399 1770 2425 corpus
1780 2390 1873 2417 subito

1079 2429 1265 2461 deserueritiS,
1278 2431 1422 2465 omniaque
1433 2438 1476 2460 ea,
1489 2437 1567 2464 quae,
1584 2427 1734 2454 secundum
1748 2432 1871 2454 naturam

1078 2475 1163 2501 quum
1177 2467 1243 2498 sint,
1262 2467 1351 2494 absint
1365 2476 1380 2493 a
1393 2472 1482 2493 nostra
1492 2470 1632 2501 potestate:
1650 2465 1742 2499 ipsum
1752 2464 1870 2500 denique

1077 2503 1208 2530 osticium.
1248 2504 1352 2537 Quaero
1368 2505 1463 2540 igitur,
1484 2511 1539 2538 quo
1549 2502 1628 2528 modo
1638 2501 1688 2528 hae
1699 2506 1785 2528 tantae
1795 2510 1870 2528 com-

1078 2541 1270 2573 mendationes,
1279 2550 1293 2568 a
1305 2546 1398 2568 natura
1409 2540 1549 2576 profectae,
1557 2539 1648 2565 subito
1658 2547 1673 2564 a
1683 2539 1814 2573 sapientia
1826 2547 1869 2565 re—

1079 2577 1158 2604 lictae
1169 2579 1232 2604 sint.
1272 2580 1315 2606 27.
1336 2578 1413 2611 Quod
1428 2578 1452 2604 si
1467 2585 1520 2603 non
1535 2576 1654 2603 hominis
1669 2585 1807 2602 summum
1818 2575 1869 2602 bo-

1077 2623 1142 2641 num
1153 2623 1353 2650 quaereremus,
1365 2614 1413 2641 sed
1423 2614 1564 2641 cuiusdam
1574 2614 1732 2639 animantis:
1745 2613 1768 2639 is
1779 2618 1868 2639 autem

1077 2657 1147 2679 esset
1161 2651 1229 2679 nihil
1238 2673 1244 2685 ,
1261 2653 1314 2680 nisi
1328 2653 1449 2680 animus:
1466 2650 1553 2687 (liceat
1566 2651 1638 2678 enim
1652 2650 1752 2686 fingere
1763 2649 1868 2685 aliquid
