1941 3052
510 140 708 167 LAELIUS
737 140 788 167 DE
819 140 1040 168 AMICITIA.
1072 141 1162 168 CAP.

85 211 265 239 Tribuebatur
277 211 326 238 hoc
338 210 416 237 niodo
427 211 462 237 M.
475 211 582 238 Catoni:
599 213 701 238 scimus
714 212 743 238 L.
756 211 879 238 Attilium

85 249 157 285 apud
172 254 261 285 patres
276 253 379 276 nostros
395 248 559 283 appellatum
576 258 634 275 esse
651 250 813 284 sapientem;
832 249 879 275 sed

85 291 198 322 uterque
210 286 262 313 alio
271 285 388 321 quodam
400 285 492 312 modo:
506 285 623 317 Attilius,
632 287 694 320 quia
707 286 826 321 prudens
838 295 881 312 es-

85 333 114 351 se
126 325 153 351 in
165 325 223 350 iure
238 323 314 350 civili
330 323 486 358 putabatur,
506 323 581 353 Cato,
598 324 663 357 quia
678 323 822 350 multarum
838 332 882 349 re-

86 370 145 389 rum
157 370 238 388 usum
249 360 378 387 habebat:
404 359 486 386 multa
501 360 559 386 eius
571 365 596 386 et
607 361 634 386 in
646 366 739 387 senatu
752 365 776 387 et
787 361 813 386 in
826 360 881 386 foro

86 398 128 425 vel
139 400 247 434 provisa
259 398 405 433 prudenter
416 396 458 423 vel
470 402 526 423 acta
538 402 688 423 constanter
700 398 741 423 vel
754 406 881 432 responsa

86 441 162 463 acute
183 435 346 462 ferebantur.
395 435 537 469 Propterea
558 435 636 469 qnasi
659 443 806 470 cognomen
828 436 881 461 iam

86 473 203 500 habebat
218 474 245 499 in
261 477 398 499 senectute
414 472 554 506 sapientis.
595 472 630 497 Te
646 477 735 498 autem
751 472 803 498 alio
814 481 882 506 quo-

86 510 147 537 dam
160 510 247 541 modo,
256 519 308 536 non
323 509 410 536 solum
421 514 515 535 natura
526 513 551 535 et
563 509 692 539 moribus,
702 518 794 535 verum
802 511 881 535 etiam

85 548 176 575 studio
191 552 217 574 et
231 547 350 574 doctrina
365 555 424 573 esse
440 547 604 580 sapientem,
623 555 671 572 nec
687 547 757 573 sicut
772 546 880 582 vulgus,

85 584 133 612 sed
150 589 180 611 ut
194 585 293 611 eruditi
309 584 395 610 solent
410 583 544 619 appellare
556 584 718 618 sapientem,
735 584 843 618 qualem
855 584 882 609 in

86 622 197 649 Graecia
209 623 355 648 neminem.
395 622 420 647 7.
443 622 511 647 Nam
526 621 573 655 qui
588 625 690 655 septem
703 620 880 656 appellantur,

85 660 253 694 eos,quiista
264 658 393 686 subtilius
405 663 546 694 quaerunt,
555 659 582 684 in
595 667 706 684 numero
719 659 883 693 sapientium

86 706 138 724 non
150 697 259 723 habent.
299 696 413 723 Athenis
424 704 509 722 unum
521 696 690 730 accepimus,
709 700 734 722 et
748 704 809 721 eum
821 696 884 729 qui-

85 734 148 761 dem
163 735 244 761 etiam
257 733 391 769 Apollinis
406 733 514 760 oraculo
529 733 761 767 sapientissimum
777 732 884 758 iudica-

86 776 154 799 tum.
174 772 246 798 Hanc
259 780 318 797 esse
330 771 357 797 in
369 775 393 797 te
405 771 565 805 sapientiam
577 770 741 801 existimant,
754 774 784 796 ut
794 770 883 796 omnia

85 813 131 836 tua
143 809 169 835 in
182 813 206 836 te
217 810 304 844 posita
316 808 413 839 ducas,
431 808 619 842 humanosque
633 816 712 834 casus
728 808 826 833 virtute
841 807 884 832 in-

86 845 197 872 feriores
207 851 296 881 putes.
328 846 420 881 Itaque
431 854 464 872 ex
475 854 517 871 me
529 849 671 880 quaerunt,
685 844 763 871 credo
774 845 838 870 item
851 852 885 870 ex

87 883 264 915 te‚Scaev01a‚
278 891 395 918 quonam
406 887 483 917 pacto
494 882 731 909 mortemAfricani
744 882 826 907 feras:
840 890 885 907 eo—

86 929 140 956 que
151 921 247 956 magis,
261 920 333 956 quod
345 920 388 946 his
400 921 532 955 proximis
547 921 639 951 Nonis,
656 928 740 955 quum
756 920 782 945 in
794 919 884 945 hortos

85 958 117 984 D.
129 958 203 985 Bruti
214 958 325 993 auguris
337 958 536 984 commentandi
548 966 656 988 caussa,
669 961 700 983 ut
710 956 820 985 assolet,
837 964 885 982 ve-

86 996 233 1026 nissemus,
250 1000 278 1022 tu
289 1004 341 1022 non
353 994 478 1026 adfuisti,
493 995 542 1030 qui
556 994 765 1030 diligentissime
778 1002 885 1028 semper

86 1032 166 1059 illum
186 1032 259 1059 diem
280 1037 306 1059 et
326 1032 394 1058 illud
418 1041 519 1058 munus
541 1032 637 1059 solitus
652 1040 725 1058 esses
741 1032 826 1057 obire.
858 1033 883 1057 8.

86 1070 256 1097 Scasvona.
277 1069 416 1102 Quaerunt
426 1069 547 1105 quidem,
561 1069 590 1096 C.
603 1069 685 1100 Laeli,
700 1069 792 1099 multi,
806 1073 835 1094 ut
846 1072 885 1094 est

87 1107 208 1134 aFannio
219 1107 336 1134 dictum:
353 1107 400 1133 sed
412 1115 461 1143 ego
472 1107 499 1133 id
511 1107 668 1141 respondeo,
677 1106 749 1141 quod
761 1105 886 1132 animad-

86 1146 169 1176 verti,
187 1149 211 1171 te
227 1144 360 1175 dolorem,
377 1153 461 1179 quem
476 1145 611 1179 acceperis
622 1153 707 1179 quum
720 1144 821 1170 summi
832 1143 884 1169 viri

87 1187 145 1209 tum
160 1182 320 1208 amicissimi
335 1186 432 1213 morte,
452 1181 519 1208 ferre
535 1181 682 1214 moderate,
701 1190 749 1207 nec
764 1182 885 1215 potuisse

87 1228 139 1246 non
151 1219 325 1250 commoveri,
339 1228 387 1245 nec
399 1219 483 1245 fuisse
496 1219 522 1245 id
535 1219 710 1245 humanitatis
724 1223 798 1245 tuae:
812 1217 885 1253 quod

87 1263 176 1283 autem
188 1256 231 1283 his
243 1257 326 1283 Nonis
338 1257 365 1283 in
377 1256 491 1292 collegio
503 1261 591 1283 nostro
603 1265 654 1282 non
671 1255 819 1287 adfuisses,
837 1264 886 1282 va-

87 1294 236 1321 letudinem
248 1303 380 1324 caussam,
390 1303 441 1320 non
454 1295 613 1320 maestitiam
626 1294 720 1320 fuisse.
742 1294 884 1319 Limus.

86 1332 166 1358 Recte
177 1336 206 1358 tu
217 1331 328 1366 quidem
337 1352 343 1362 ‚
357 1330 498 1362 Scaevola,
515 1336 541 1358 et
552 1340 627 1357 vere:
647 1340 695 1357 nec
706 1332 778 1357 enim
790 1330 823 1356 ab
835 1331 886 1356 isto

87 1368 185 1400 officio,
198 1368 271 1404 quod
282 1377 389 1403 semper
400 1369 540 1403 usurpavi,
549 1377 633 1403 quum
646 1368 773 1399 valerem,
787 1367 885 1393 abduci

86 1405 257 1433 incommodo
269 1414 328 1432 meo
338 1406 431 1437 debui,
441 1415 489 1432 nec
501 1405 556 1432 ullo
567 1414 631 1432 casu
643 1406 757 1432 arbitror
767 1405 886 1431 hoccon-

87 1444 167 1470 stanti
179 1443 282 1470 homini
294 1452 373 1478 posse
387 1444 551 1479 contingere,
560 1447 589 1469 ut
600 1443 654 1469 ulla
666 1443 831 1469 intermissio
843 1442 887 1468 flat

87 1480 181 1508 officii.
222 1482 247 1508 9.
267 1481 306 1507 Tu
318 1485 421 1512 autem,
436 1481 534 1511 Fanni,
548 1481 596 1515 qui
608 1480 676 1506 mihi
688 1485 790 1507 tantum
803 1480 885 1506 tribui

87 1518 166 1550 dicis,
189 1522 321 1553 quantum
340 1527 390 1553 ego
411 1526 461 1544 nec
476 1526 592 1554 agnosco
608 1526 656 1544 nec
677 1517 797 1552 postulo,
821 1517 886 1543 facis

88 1556 188 1582 amice:
206 1555 268 1586 sed,
281 1560 311 1582 ut
322 1556 389 1582 mihi
402 1555 517 1586 videris,
531 1564 583 1582 non
596 1560 664 1582 recte
676 1555 781 1581 iudicas
792 1554 824 1581 de
837 1555 887 1581 Ca-

87 1597 158 1620 tone.
199 1592 252 1619 Aut
266 1593 338 1619 enim
355 1601 447 1624 nemo,
469 1592 543 1628 quod
562 1593 674 1628 quidem
694 1593 781 1628 magis
795 1592 884 1623 credo,

88 1632 142 1661 aut,
158 1630 182 1656 si
193 1630 349 1665 quisquam,
363 1629 409 1656 ille
420 1631 529 1665 sapiens
541 1629 601 1656 fuit.
632 1629 781 1662 Quomodo,
795 1634 823 1656 ut
835 1629 886 1656 alia

87 1668 218 1698 omittam,
233 1672 345 1694 mortem
358 1667 406 1694 filii
418 1667 492 1694 tulit!
506 1668 681 1694 Memineram
693 1667 827 1698 Paullum,
844 1667 887 1693 vi-

87 1704 179 1731 deram
191 1704 314 1732 Gallum:
336 1704 384 1731 sed
402 1705 430 1731 hi
446 1705 474 1731 in
490 1706 596 1739 pueris;
619 1705 682 1732 Cato
694 1705 721 1731 in
734 1704 851 1739 perfecto
862 1709 888 1730 et

87 1746 206 1777 spectato
221 1742 289 1769 viro.
332 1743 371 1768 40.
394 1741 574 1774 Quamobrem
590 1751 654 1768 cave
669 1742 762 1769 Catoni
777 1746 888 1777 antepo-

87 1788 136 1806 nas
148 1788 181 1806 ne
192 1780 274 1806 istum
285 1779 397 1814 quidem
410 1779 500 1814 ipsum
509 1800 515 1810 ,
529 1788 610 1814 quem
622 1779 730 1814 Apollo,
744 1784 773 1805 ut
783 1780 831 1810 ais,
844 1788 888 1805 sa-

87 1817 290 1852 pientissimum
302 1816 446 1843 iudicavit:
471 1816 553 1843 huius
564 1818 636 1843 enim
653 1816 734 1848 fucta,
755 1816 830 1843 illius
844 1816 888 1843 di—

87 1858 128 1881 cta
145 1853 298 1881 laudantur.
341 1855 376 1880 De
396 1862 439 1880 me
455 1859 558 1885 autem,
579 1858 609 1880 ut
625 1855 677 1880 iam
694 1862 756 1881 cum
773 1859 887 1889 utroque

89 1891 191 1926 loquar,
205 1892 244 1917 sic
256 1891 388 1917 habetote.
428 1892 471 1917 111.
492 1891 557 1927 Ego,
571 1892 594 1917 si
606 1891 741 1926 Scipionis
752 1891 887 1918 desiderio

88 1937 131 1955 me
142 1928 245 1955 moveri
260 1936 366 1964 negem,
380 1936 462 1963 quam
474 1928 502 1954 id
513 1933 583 1955 recte
596 1928 701 1960 faciam,
715 1928 833 1955 viderint
844 1937 888 1955 sa—

88 1966 206 2001 pientes;
221 1965 268 1992 sed
279 1969 350 1992 certe
361 1966 485 1991 mentiar.
526 1966 634 1992 Moveor
645 1966 728 1997 enim,
744 1965 790 1992 tali
802 1967 888 1992 amico

88 2003 211 2034 orbatus,
229 2002 331 2038 qualis,
349 2006 378 2029 ut
391 2002 518 2033 arbitror.
535 2010 614 2028 nemo
630 2011 761 2037 umquam
777 2003 840 2035 erit;
859 2008 888 2030 ut

88 2040 246 2067 confirmare
262 2048 387 2075 possum,
411 2048 489 2065 nemo
504 2044 575 2066 certe
592 2039 652 2066 fuit.
692 2040 744 2065 Sed
759 2048 810 2066 non
823 2048 888 2075 egeo

88 2077 237 2111 medicina3
262 2086 304 2103 me
316 2078 374 2112 ipse
391 2076 526 2107 consolor,
545 2081 570 2103 et
585 2077 703 2103 maxime
720 2077 766 2103 illo
781 2077 884 2107 solatio.

88 2115 161 2150 quod
173 2123 204 2141 eo
214 2123 302 2141 errore
312 2123 398 2145 careo,
415 2122 469 2148 quo
480 2114 628 2140 amicorum
639 2113 752 2140 decessu
765 2114 887 2149 plerique

89 2152 152 2188 angi
163 2151 259 2179 solent.
290 2151 365 2178 Nihil
376 2152 449 2177 enim
462 2151 526 2177 mali
538 2151 669 2177 accidisse
680 2152 800 2186 Scipioni
813 2156 886 2186 puto.

88 2189 155 2216 Mihi
168 2189 277 2220 accidit,
296 2190 318 2215 si
330 2188 397 2224 quid
409 2188 519 2215 accidit:
537 2189 596 2214 suis
608 2194 696 2215 autem
710 2188 888 2215 incommodis

88 2227 207 2262 graviter
217 2227 294 2262 angi,
311 2235 362 2253 non
373 2226 505 2256 amicum,
519 2225 565 2251 sed
577 2226 698 2260 seipsum
711 2226 825 2252 amantis
837 2230 886 2252 est.

90 2265 131 2290 Η.
155 2264 224 2290 Cum
243 2263 289 2290 illo
305 2271 369 2290 vero
383 2264 446 2298 quis
462 2267 540 2298 neget
556 2268 643 2289 actum
660 2272 720 2289 esse
736 2262 889 2298 praeclare?

89 2301 149 2328 Nisi
160 2302 242 2331 enim,
254 2300 327 2336 quod
338 2300 383 2327 ille
395 2300 507 2326 minime
518 2300 641 2334 putabat,
660 2300 886 2327 immortalitatem

88 2343 179 2374 optare
190 2338 284 2369 vellet,
302 2337 369 2373 quid
381 2346 432 2364 non
444 2342 484 2364 est
495 2337 622 2372 adeptus,
639 2338 713 2372 quod
730 2338 832 2364 bomini
849 2337 887 2363 sas

88 2380 160 2403 esset
169 2375 279 2411 optare‘?
291 2376 339 2410 qui
351 2383 485 2401 summam
497 2383 573 2409 spem
585 2375 698 2406 civium,
715 2384 797 2410 quam
812 2375 844 2400 dc
857 2383 887 2401 co

87 2413 142 2440 iam
153 2421 237 2448 puero
249 2413 407 2443 habuerant,
424 2412 552 2438 continuo
563 2411 718 2439 adolescens
732 2412 886 2438 incredibili

88 2450 188 2477 virtute
198 2451 350 2485 superavit;
373 2450 421 2484 qui
433 2448 602 2475 consulatum
614 2450 709 2484 petivit
721 2458 883 2484 numquam,

89 2486 175 2514 factus
190 2492 231 2514 est
245 2487 338 2514 consul
355 2487 411 2518 bis;
434 2487 552 2521 primum
569 2491 628 2513 ante
645 2491 765 2522 tenipus,
789 2487 885 2512 iterum

88 2524 144 2551 sibi
154 2533 204 2552 suo
215 2529 342 2560 tempore,
357 2523 521 2558 reipublicae
534 2532 617 2558 paene
628 2532 700 2555 εει-ος
718 2525 767 2559 qui
778 2524 886 2550 duabus

88 2561 205 2589 urbibus
219 2563 322 2589 eversis
334 2561 532 2588 inimicissimis
545 2560 607 2587 huic
619 2562 733 2596 imperio
745 2569 796 2587 non
807 2561 886 2587 modo

88 2599 253 2634 praesentia,
272 2608 366 2626 verum
381 2599 462 2626 etiam
479 2598 567 2625 futura
584 2598 653 2624 bella
665 2598 774 2625 delevit.
815 2598 886 2630 Quid

88 2635 178 2663 dicam
189 2636 222 2663 de
233 2637 354 2663 moribus
366 2635 513 2667 facillimis,
524 2635 557 2662 de
568 2636 666 2670 pietate
679 2636 705 2662 in
718 2640 838 2666 matrem,
853 2635 886 2662 li-

89 2673 228 2701 beralitate
247 2674 276 2701 in
296 2682 414 2706 sorores,
441 2673 559 2700 bonitate
583 2674 610 2700 in
631 2681 708 2703 suos,
736 2673 838 2700 iustitia
858 2673 885 2699 in

1198 145 1205 168 1
1229 158 1264 162 —
1286 144 1309 169 4.
1661 148 1723 172 1269

931 212 1042 238 omnes?
1056 214 1121 240 Nota
1133 218 1196 240 sunt
1206 213 1294 240 vobis.
1334 213 1420 246 Quam
1432 218 1520 240 autem
1531 215 1633 241 civitati
1645 224 1722 241 carus

933 249 1025 280 fuerit,
1044 259 1161 277 maerore
1178 250 1280 277 funeris
1298 251 1445 277 indicatum
1466 256 1515 277 est.
1555 251 1625 283 Quid
1643 253 1724 284 igitur

933 286 1004 312 hunc
1024 295 1169 321 paucorum
1190 297 1320 314 annorum
1337 289 1453 314 accessio
1469 289 1561 314 iuvare
1577 286 1724 323 potuisset?

932 324 1059 350 Senectus
1071 326 1142 351 enim
1155 326 1281 360 quamvis
1293 334 1343 351 non
1355 328 1390 352 sit
1400 326 1500 360 gravis,
1517 331 1545 352 ut
1559 328 1725 353 meminiCa—

934 365 1021 387 tonem
1033 370 1101 388 anno
1113 367 1185 393 ante,
1203 371 1283 397 quam
1297 368 1417 389 mortuus
1433 368 1485 393 est,
1504 372 1608 389 mecum
1626 369 1723 390 etcum

933 398 1057 432 Scipione
1068 399 1212 430 disserere,
1231 405 1318 426 tamen
1334 400 1418 426 aufert
1435 409 1492 425 eam
1504 401 1680 430 viriditatem,
1698 402 1724 427 in

933 444 984 469 qua
996 437 1143 462 etiamnum
1155 441 1209 463 erat
1220 437 1319 471 Scipio.
1354 439 1391 463 12.
1407 436 1585 468 Quamobrem
1599 439 1651 463 vita
1663 439 1726 472 qui-

933 472 994 498 dem
1006 473 1066 499 talis
1079 473 1128 500 fuit
1140 473 1180 499 vel
1195 473 1297 500 fortuna
1310 473 1350 499 vel
1363 474 1455 509 gloria.
1465 480 1493 500 ut
1504 475 1569 500 nibil
1583 481 1670 509 posset
1682 484 1727 501 ac-

933 509 1037 536 cedere.
1077 510 1207 537 Moriendi
1222 516 1309 537 autem
1326 520 1435 536 sensum
1458 512 1578 537 celeritas
1600 512 1722 544 abstulit,

934 556 987 581 quo
998 547 1031 573 de
1041 556 1138 583 genere
1151 548 1243 574 mortis
1254 548 1365 574 difficile
1372 548 1444 574 dictu
1457 554 1509 574 est:
1524 549 1589 583 quid
1603 549 1724 575 homines

934 585 1114 619 suspicentur,
1130 585 1238 611 videtis.
1279 586 1330 611 lloc
1342 591 1427 611 tamen
1441 594 1501 611 vere
1515 586 1574 612 licet
1585 587 1681 611 dicere.
1696 587 1724 612 P.

934 621 1053 656 Scipioni
1068 631 1101 648 ex
1117 622 1209 648 multis
1224 622 1334 651 diebus,
1352 632 1419 657 quos
1435 624 1460 648 iu
1473 624 1524 648 vita
1537 623 1726 649 celeberrimos

936 658 1150 694 laetissimosque
1163 659 1273 689 viderit,
1293 659 1368 685 illum
1381 660 1451 685 diem
1464 660 1644 686 clarissimum
1658 661 1726 686 suis-

934 705 976 726 se,
992 705 1076 731 quum
1093 702 1186 723 senatu
1198 696 1311 722 dimisso
1322 696 1431 722 domum
1444 697 1569 722 reductus
1583 698 1614 723 ad
1632 706 1726 732 vespe-

935 742 994 759 rum
1006 738 1045 759 est
1056 742 1069 759 a
1081 734 1202 768 patribus
1213 735 1381 768 conscriptis,
1396 734 1495 768 populo
1507 735 1631 760 Romano.
1646 736 1726 761 sociis

935 775 960 797 et
972 771 1081 802 Latinis,
1095 771 1182 805 pridie
1193 780 1274 805 quam
1285 772 1400 797 excessit
1411 780 1424 797 e
1437 772 1502 797 vita:
1526 777 1554 797 ut
1565 780 1599 797 ex
1610 777 1661 797 tam
1675 772 1727 798 alto

935 807 1074 843 dignitatis
1094 808 1178 843 gradu
1201 808 1233 834 ad
1256 817 1367 842 superos
1391 808 1514 834 videatur
1538 808 1601 833 deos
1627 810 1724 843 potius,

935 854 1016 880 quam
1038 845 1070 871 ad
1092 845 1190 871 inferos
1209 847 1375 879 pervenisse.
1416 846 1456 871 lv.
1481 847 1520 871 43.
1543 846 1634 880 Neque
1655 847 1726 871 enim

935 883 1065 908 assentior
1076 883 1118 913 iis,
1133 884 1180 917 qui
1192 882 1256 908 haec
1267 891 1353 917 nuper
1363 882 1494 908 disserere
1504 888 1657 916 coeperunt,
1666 892 1727 908 cum

935 920 1093 954 corporibus
1109 919 1190 946 simul
1208 921 1310 946 animos
1327 921 1434 946 interire
1451 924 1529 953 atquc
1545 921 1633 945 onmia
1647 925 1728 946 morte

935 957 1029 983 deleri.
1056 957 1119 983 Plus
1131 957 1202 991 apud
1215 966 1257 983 me
1268 959 1438 991 antiquorum
1451 958 1592 983 auctoritas
1605 957 1726 985 valet,vel

935 999 1086 1020 nostrorum
1102 995 1247 1025 maiorum,
1270 995 1318 1029 qui
1334 995 1445 1020 mortuis
1462 999 1513 1020 tam
1531 994 1653 1026 religiosa
1673 996 1729 1020 iura

936 1032 1101 1058 tribuerunt:
1123 1031 1196 1066 quod
1211 1040 1263 1058 non
1281 1031 1405 1057 fecissent
1422 1031 1550 1065 protecto,
1573 1028 1595 1057 si
1613 1031 1679 1057 nibil
1696 1031 1728 1057 ad

936 1078 980 1095 eos
993 1070 1124 1104 pertinere
1136 1069 1336 1099 arbitrarentur,
1350 1068 1391 1094 vel
1404 1077 1505 1098 eorum,
1518 1069 1565 1102 qui
1578 1069 1604 1094 in
1618 1069 1665 1094 hac
1678 1074 1731 1094 ter-

936 1116 962 1133 ra
978 1106 1087 1133 suerunt
1100 1115 1280 1142 magnamque
1291 1106 1443 1136 Graeciam,
1457 1114 1525 1141 quac
1538 1114 1608 1131 nunc
1619 1105 1729 1140 quidem

936 1143 1022 1170 deleta
1034 1148 1086 1174 est,
1103 1149 1166 1170 tunc
1183 1143 1304 1174 florebat,
1323 1144 1453 1169 institutis
1469 1148 1493 1169 et
1509 1144 1658 1177 praeceptis
1674 1144 1730 1168 suis

936 1181 1105 1207 erudierunt:
1129 1181 1170 1207 vel
1182 1182 1256 1212 eius,
1270 1181 1317 1215 qui
1329 1180 1461 1215 Apollinis
1471 1180 1578 1206 oraculo
1588 1181 1731 1214 sapientis-

936 1220 1022 1245 simus
1037 1223 1078 1245 est
1094 1218 1241 1249 iudicatus,
1263 1219 1310 1252 qui
1323 1226 1374 1244 non
1386 1223 1442 1243 tum
1455 1218 1518 1247 hoc,
1535 1222 1590 1243 tum
1605 1217 1685 1247 illud,
1704 1223 1732 1243 ut

936 1256 1087 1291 plerisque,
1104 1255 1151 1281 sed
1168 1255 1239 1282 idem
1253 1254 1377 1291 [dicebat]
1395 1263 1514 1289 semper,
1533 1257 1635 1280 Λιιῐιιιοε
1651 1256 1731 1280 homi-

936 1303 995 1319 mtm
1012 1302 1063 1319 esse
1077 1295 1189 1323 dim’nos,
1207 1296 1300 1326 iisque,
1319 1301 1395 1326 quum
1411 1302 1423 1317 e
1439 1301 1542 1325 corpore
1557 1294 1730 1319 e.rccssisse11e.

936 1333 1045 1357 reditum
1060 1333 1087 1356 in
1101 1332 1198 1356 caelum
1207 1335 1295 1363 patere
1306 1333 1447 1362 optimoque
1458 1334 1480 1355 et
1494 1332 1631 1354 iustissimo
1643 1332 1732 1362 cuique

937 1370 1164 1401 expeditissimum.
1208 1369 1246 1393 ⁴4.
1268 1366 1344 1399 Quod
1362 1367 1424 1392 item
1441 1366 1561 1400 Scipioni
1579 1366 1729 1395 videbatur,

937 1406 984 1440 qui
996 1405 1203 1440 quidem,quasi
1216 1405 1386 1439 praesagiret,
1396 1404 1537 1438 perpaucis
1549 1408 1608 1429 ante
1620 1409 1731 1428 mortem

937 1443 1048 1473 diebus,
1066 1451 1151 1477 quum
1167 1446 1193 1468 et
1204 1442 1297 1468 Philus
1314 1446 1339 1467 et
1354 1441 1479 1467 Manilius
1495 1440 1632 1469 adessent,
1650 1440 1732 1466 etalii

938 1480 1029 1515 piures
1041 1485 1123 1514 tuque
1139 1481 1233 1510 etiam,
1251 1478 1391 1507 Scaevola.
1409 1486 1514 1504 mecum
1531 1479 1666 1507 venisses,
1685 1479 1733 1503 tri—

937 1518 1023 1544 duum
1035 1517 1163 1543 disseruit
1174 1517 1207 1543 de
1220 1516 1370 1551 republica:
1388 1517 1466 1541 cuius
1480 1515 1670 1549 disputationis
1682 1514 1733 1540 tuit

938 1559 1088 1581 extremum
1106 1554 1159 1580 fere
1175 1554 1207 1580 de
1224 1553 1420 1580 immortalitate
1436 1554 1600 1578 animorum:
1619 1560 1688 1586 quae
1704 1560 1732 1577 sc

939 1593 966 1619 in
982 1593 1072 1627 quiete
1083 1600 1132 1627 per
1142 1593 1232 1618 visum
1244 1599 1277 1618 ex
1288 1591 1413 1617 Africano
1425 1590 1533 1616 audisse
1547 1589 1662 1615 dicebat.
1704 1589 1732 1615 ld

939 1630 962 1656 si
974 1630 1009 1656 ita
1020 1634 1073 1660 est,
1089 1634 1119 1656 ut
1129 1629 1224 1664 optimi
1239 1629 1372 1662 cuiusque
1384 1628 1490 1653 animus
1501 1628 1528 1653 in
1541 1632 1623 1652 morte
1636 1625 1733 1652 sacilli-

939 1675 981 1694 me
996 1666 1084 1694 evolet
1099 1671 1236 1701 tamquam
1252 1674 1266 1692 e
1283 1665 1403 1691 custodia
1417 1664 1588 1698 vinculisque
1598 1664 1730 1698 corporis:

937 1705 982 1731 cui
993 1712 1136 1731 censemus
1147 1712 1257 1730 cursum
1269 1703 1302 1728 ad
1313 1703 1378 1728 dcos
1391 1702 1536 1728 faciliorem
1550 1701 1642 1730 fuisse,
1651 1709 1732 1735 quam

938 1741 1077 1776 Scipioni?
1087 1741 1216 1773 Quocirca
1229 1748 1346 1766 maerere
1359 1740 1407 1765 hoc
1418 1740 1477 1765 eius
1487 1744 1585 1765 eventu
1598 1746 1690 1764 vereor
1701 1747 1733 1763 ne

938 1779 1025 1806 invidi
1037 1779 1132 1814 magis,
1145 1787 1226 1813 quam
1239 1778 1318 1804 amici
1330 1778 1374 1803 sit.
1403 1776 1449 1803 Sin
1462 1781 1549 1802 autem
1563 1775 1607 1801 iila
1620 1776 1731 1803 veriora,

939 1821 968 1843 ut
978 1816 1050 1843 idem
1061 1817 1185 1843 interitus
1196 1816 1231 1842 sit
1241 1816 1392 1841 animorum
1404 1819 1429 1840 et
1439 1822 1590 1847 corporum,
1599 1821 1647 1839 nec
1661 1812 1734 1838 ullus

939 1862 1036 1880 sensus
1052 1857 1170 1880 maneat:
1193 1858 1223 1880 ιιι
1238 1852 1306 1879 nihil
1323 1852 1386 1878 boni
1401 1856 1441 1877 cst
1458 1852 1482 1876 in
1501 1856 1596 1878 morte,
1614 1851 1653 1875 sic
1664 1855 1733 1875 certe

940 1891 1008 1918 nibil
1021 1891 1095 1917 mali.
1127 1891 1213 1916 Sensu
1225 1890 1297 1916 enim
1309 1890 1418 1917 amisso,
1432 1889 1459 1914 tit
1472 1888 1552 1917 idem,
1565 1888 1643 1921 quasi
1657 1892 1734 1916 natus

939 1938 991 1956 non
1013 1933 1083 1955 esset
1102 1929 1225 1959 omnino,
1248 1935 1330 1962 quem
1354 1932 1441 1952 tamen
1463 1934 1521 1951 esse
1538 1930 1629 1951 natum
1645 1930 1669 1950 ct
1687 1933 1734 1950 nos

939 1966 1103 2002 gaudemus,
1120 1970 1146 1992 et
1156 1965 1220 1991 baec
1231 1965 1336 1993 civitas,
1349 1963 1485 1993 (himerii,
1500 1962 1650 1988 laetabitur.
1694 1963 1732 1986 ⁴5.

938 2004 1118 2036 Quamobrem
1135 2011 1197 2028 cum
1214 2002 1260 2028 illo
1274 2001 1399 2036 quidem,
1416 2005 1445 2026 ut
1460 2008 1540 2034 supra
1556 1999 1628 2028 dixi,
1645 2004 1732 2025 actum

938 2042 1039 2075 optime
1054 2045 1107 2071 est,
1126 2048 1232 2066 mecum
1249 2038 1460 2066 incommodius,
1483 2046 1564 2072 quem
1586 2036 1670 2062 fuerat
1691 2044 1734 2061 ac-

939 2079 1036 2112 quius,
1059 2082 1087 2103 ut
1104 2078 1180 2111 prius
1197 2077 1364 2106 introieram,
1387 2076 1426 2101 sic
1443 2075 1518 2109 prius
1533 2075 1606 2100 exire
1621 2073 1654 2099 de
1669 2075 1732 2099 vita.

940 2115 992 2140 Sed
1004 2119 1091 2140 tamen
1104 2114 1285 2140 recordatione
1298 2118 1401 2139 nostrae
1416 2112 1549 2138 amicitiae
1561 2112 1599 2136 sic
1612 2110 1691 2138 fruor.
1706 2114 1735 2135 ut

940 2152 1015 2177 beate
1027 2152 1130 2177 vixisse
1141 2151 1242 2180 videar,
1251 2151 1314 2184 quia
1326 2159 1388 2176 cum
1395 2150 1521 2183 Scipione
1533 2149 1657 2176 vixerim,
1666 2155 1733 2181 quo-

939 2197 1002 2214 cum
1019 2188 1086 2214 mihi
1102 2189 1243 2213 coniuncta
1259 2196 1322 2212 cura
1339 2187 1372 2212 de
1388 2195 1414 2212 re
1429 2186 1537 2220 publica
1552 2190 1576 2211 ct
1588 2185 1620 2210 dc
1632 2185 1732 2218 privata

941 2225 1004 2256 t’uit,
1023 2233 1140 2260 quocum
1157 2229 1183 2250 et
1197 2224 1295 2250 domus
1306 2229 1330 2250 et
1343 2223 1438 2249 militia
1449 2223 1601 2249 communis
1613 2227 1636 2247 ct
1649 2221 1688 2248 id.
1707 2222 1732 2246 in

939 2271 993 2298 quo
1004 2267 1044 2289 est
1054 2263 1143 2288 omnis
1155 2262 1197 2287 vis
1209 2262 1356 2290 amicitiae,
1376 2260 1557 2288 voluntatum,
1571 2259 1731 2286 studiorum,

939 2301 1132 2326 sententiarum
1144 2308 1248 2325 sumina
1261 2299 1411 2324 consensio.
1453 2298 1543 2332 itaque
1556 2305 1606 2322 non
1619 2301 1670 2321 tam
1684 2296 1732 2321 ista

940 2346 982 2363 mo
998 2337 1158 2371 sapit-ntiae,
1176 2345 1257 2370 quani
1275 2335 1353 2361 modo
1370 2335 1488 2360 Fannius
1503 2334 1731 2361 cnmmemoravit,

916 2389 917 2394 ι
940 2374 1008 2400 suma
1020 2374 1145 2402 delectat,
1160 2373 1224 2399 falsa
1237 2373 1407 2408 praesertim.
1424 2380 1504 2406 quain
1516 2370 1588 2405 quod
1600 2370 1733 2395 amicitiae

939 2417 1043 2438 nostrae
1063 2412 1218 2437 memoriam
1240 2419 1318 2444 spero
1338 2410 1528 2443 sempiternum
1551 2408 1617 2433 fore:
1650 2406 1732 2441 idque

939 2449 1007 2475 inihi
1023 2457 1054 2475 co
1070 2449 1156 2482 inagis
1171 2453 1210 2473 cst
1226 2447 1314 2476 cordi,
1336 2447 1407 2481 qumi
1427 2455 1459 2471 cx
1475 2445 1602 2471 omnibus
1618 2443 1733 2469 saeculis

939 2487 984 2512 vix
1006 2487 1054 2512 tria
1077 2491 1121 2511 aut
1142 2490 1267 2520 ‹ptattuor
1288 2485 1458 2510 nominantur
1479 2483 1550 2516 paria
1570 2483 1730 2507 amicorum:

938 2532 991 2558 quo
1004 2524 1030 2549 in
1041 2531 1138 2557 gcncre
1149 2530 1256 2557 spcrarc
1269 2521 1370 2549 videor,
1387 2520 1521 2554 Scipionis
1533 2524 1556 2544 ct
1571 2518 1653 2544 Laelii
1665 2519 1733 2543 auii-

937 2562 1027 2586 citiam
1041 2565 1128 2586 notam
1141 2560 1288 2595 posteritati
1301 2558 1364 2584 t'ore.
1409 2559 1447 2583 tt').
1471 2557 1559 2583 iuss.
1583 2555 1654 2581 istud
1670 2556 1732 2589 qui-

937 2598 1009 2627 dem,
1024 2597 1105 2629 Laeli,
1120 2599 1154 2624 ita
1168 2605 1276 2623 necesse
1287 2601 1337 2621 cst.
1378 2594 1445 2622 Sed.
1459 2594 1586 2628 quoniam
1599 2593 1732 2618 niiiicitiau

938 2636 1100 2661 mentionem
1114 2634 1200 2660 fecisti
1211 2639 1236 2659 et
1247 2641 1342 2659 sumus
1352 2632 1439 2659 otiosi.
1449 2636 1601 2666 pergratum
1614 2630 1681 2656 mihi
1695 2629 1733 2655 [e-

937 2673 1016 2703 ccris,
1029 2673 1118 2707 (spero
1129 2673 1191 2699 item
1203 2670 1356 2704 Scaevolae)
1369 2671 1406 2700 si,
1422 2667 1651 2704 quemadmodum
1662 2666 1732 2694 soles
