1941 3052
421 152 608 180 ORATIO
639 153 730 181 PRO
761 154 798 181 M.
832 154 1024 182 CAELIO.

71 223 148 254 lium,
170 221 280 258 plenum
295 222 429 250 audaciae.
461 226 503 251 ΒΞ.
520 223 578 256 Quo
592 224 703 260 quidem
714 225 742 252 in
753 226 865 252 crimine

69 262 189 296 primum
208 259 278 287 illud
292 261 435 296 requiram,
453 261 585 288 dixeritne
600 262 715 293 Clodiae,
736 271 817 297 quam
832 263 864 289 ad

69 307 126 324 rem
146 306 242 324 aurum
257 302 314 324 tum
325 303 452 330 sumeret,
466 308 498 325 an
511 308 562 326 non
573 299 679 326 dixerit.
720 300 749 326 Si
759 308 812 326 non
823 300 865 326 di-

69 336 118 366 xit,
135 344 183 362 cur
193 334 284 361 dedit‘?
303 335 332 362 Si
342 335 419 367 dixit,
435 336 527 362 eodem
540 345 568 362 se
578 337 755 363 conscientiae
766 337 865 364 scelere

69 372 200 399 devinxit.
241 372 315 399 Tune
331 381 426 399 aurum
442 382 475 400 ex
486 374 599 401 armario
612 379 657 401 tuo
668 383 790 409 promere
800 383 864 401 31153

69 409 117 436 es‘?
145 414 210 436 tune
228 409 358 436 Venerem
377 410 451 437 illam
468 416 540 438 tuam
556 411 735 446 spoliatricem
751 411 864 446 spoliare

69 446 250 474 ornamentis?
270 447 393 474 Ceterum
408 457 493 484 quum
509 449 600 480 scires,
614 454 745 484 quantum
757 449 790 475 ad
801 448 866 475 faei-

69 493 121 511 nus
141 493 237 511 aurum
258 484 308 511 hoc
323 491 504 520 quaereretur,
521 486 555 512 ad
570 495 662 513 necem
678 486 766 522 legati,
784 486 818 512 ad
833 487 863 512 L.

68 521 185 553 Lucceii,
198 523 363 549 sanctissimi
374 522 491 550 hominis
503 528 583 558 atque
594 523 768 559 integerrimi,
777 523 863 549 labem

67 558 177 586 sceleris
198 560 371 594 sempiterni:
398 560 461 587 huic
477 560 586 587 facinori
602 565 674 587 tanto
689 565 733 586 tua
745 568 820 586 mens
832 560 865 586 li-

67 596 181 628 beralis,
203 598 309 624 conscia
330 602 375 624 tua
394 597 491 624 domus
507 597 644 633 popularis
660 598 796 628 ministra,
819 601 863 624 tua

67 633 185 669 denique
196 634 337 668 hospitalis
350 634 489 662 illaVenus
500 635 618 662 adiutrix
629 643 688 661 esse
700 643 751 661 non
759 634 862 661 debuit.

68 672 110 698 53.
133 671 205 698 Vidit
227 671 276 699 hoc
295 672 408 699 Balbus:
436 672 547 699 celatam
567 681 627 698 esse
641 672 763 699 Clodiam
783 671 861 703 dixit,

67 713 148 744 atque
159 709 194 736 ita
206 708 326 736 Caelium
337 709 370 736 ad
380 709 454 736 illam
465 709 595 741 attulisse,
605 718 634 736 se
645 709 678 735 ad
691 713 813 736 ornatum
822 709 862 735 lu-

67 746 163 773 dorum
183 755 280 773 aurum
294 755 432 782 quaerere.
472 746 500 773 Si
517 751 569 773 tam
586 746 726 773 familiaris
737 751 792 773 erat
803 746 864 773 Clo-

67 783 135 814 diae,
157 792 239 818 quam
260 788 289 810 tu
308 792 368 810 esse
388 785 444 815 vis,
461 793 547 819 quum
563 784 596 810 de
611 783 724 810 libidine
739 784 798 810 eius
809 788 862 810 tam

67 820 150 847 multa
162 821 244 847 dicis:
266 821 335 847 dixit
346 821 471 856 profecto,
484 830 538 856 quo
549 821 629 847 vellet
640 830 746 848 aurum.
769 821 797 847 Si
810 826 862 847 tam

67 857 206 884 familiaris
220 867 273 885 non
283 863 347 889 erat,
361 867 413 885 non
425 858 507 885 dedit.
548 859 584 885 Ita
596 859 619 885 si
632 867 726 885 verum
737 858 787 885 tibi
799 858 864 885 Cae-

66 895 120 922 lius
140 895 221 927 dixit,
238 904 254 922 o
268 896 440 922 immoderata
455 895 562 927 mulier,
579 896 666 922 sciens
682 901 710 922 tu
721 905 818 922 aurum
830 895 863 922 ad

67 932 170 960 facinus
190 932 302 959 dedisti:
325 934 348 959 si
364 942 416 960 non
433 938 473 960 est
483 942 566 960 ausus
578 933 675 965 dicere,
689 942 742 960 non
752 933 861 959 dedisti.

121 970 205 996 XXII.
227 970 299 1003 Quid
319 979 368 1006 ego
388 979 460 997 nunc
479 971 646 1007 argumentis
666 971 730 997 huic
743 971 860 1001 crimini.

64 1015 134 1042 quae
154 1012 217 1034 sunt
231 1008 449 1039 innumerabilia,
463 1008 605 1035 resistam‘?
633 1008 747 1035 Possum
762 1007 860 1039 dicere,

65 1053 152 1071 mores
167 1045 203 1071 M.
221 1045 302 1072 Caelii
320 1045 476 1081 longissime
491 1054 506 1072 a
521 1046 586 1072 tanti
602 1045 711 1072 sceleris
727 1046 862 1072 atrocitate

64 1090 123 1109 esse
133 1082 294 1110 disiunctos:
317 1083 428 1110 mininie
439 1092 497 1110 esse
507 1083 681 1114 eredendum,
694 1083 798 1110 homini
809 1087 862 1109 tam

63 1120 203 1156 ingenioso
223 1124 331 1156 tamque
352 1120 478 1155 prudenti
498 1129 551 1148 non
567 1121 674 1147 venisse
690 1121 718 1147 in
733 1124 859 1152 mentem,

64 1165 120 1184 rem
141 1158 206 1185 tanti
230 1158 337 1184 sceleris
352 1158 450 1194 ignotis
467 1158 617 1193 alienisque
633 1158 719 1185 servis
734 1167 787 1185 non
803 1166 862 1184 esse

63 1194 233 1222 credendam.
272 1195 386 1222 Possum
402 1196 492 1227 etiam,
510 1195 556 1222 illa
572 1200 598 1222 et
613 1200 761 1222 ceterorum
772 1199 862 1230 patro-

64 1241 160 1259 norum
180 1237 205 1259 et
225 1241 284 1259 mea
303 1232 512 1264 consuetudine,
535 1233 568 1259 ab
583 1237 736 1260 accusatore
751 1233 862 1268 perqui-

64 1278 130 1301 rere,
151 1269 198 1296 ubi
214 1270 250 1297 sit
263 1279 423 1306 congressus
439 1279 501 1297 cum
517 1271 603 1297 servis
618 1270 727 1297 Lucceii
738 1269 859 1297 Caelius:

62 1307 111 1342 qui
132 1307 156 1333 ei
171 1306 252 1334 fuerit
266 1307 363 1334 aditus.
404 1307 431 1334 Si
447 1316 494 1342 per
509 1315 551 1334 se:
573 1316 627 1343 qua
638 1307 804 1334 temeritate?
832 1306 861 1334 Si

63 1353 111 1379 per
121 1343 218 1371 alium:
239 1353 286 1379 per
295 1344 396 1380 quem?
415 1345 528 1372 Possum
540 1354 633 1372 omnes
645 1344 758 1372 latebras
770 1345 862 1380 suspi-

63 1382 171 1408 cionum
192 1390 331 1418 peragrare
349 1382 472 1408 dicendo.
513 1383 571 1409 Non
584 1391 689 1413 caussa,
706 1391 758 1409 non
775 1382 858 1413 locuS,

63 1428 115 1446 non
128 1419 248 1450 facultas,
263 1428 314 1446 non
325 1419 457 1450 conscius,
471 1428 523 1446 non
535 1419 699 1454 perficiendi,
708 1428 760 1446 non
771 1419 862 1446 occul—

63 1456 136 1483 tandi
148 1456 271 1483 maleficii
283 1465 354 1492 spes,
363 1466 415 1483 non
427 1457 492 1484 ratio
502 1456 566 1488 ulla,
581 1466 633 1484 non
645 1457 791 1493 vestigium
803 1465 860 1484 ma—

62 1494 130 1520 ximi
141 1493 265 1521 facinoris
276 1495 431 1529 reperietur.
448 1495 490 1520 54.
503 1493 556 1521 Sed
567 1494 641 1526 haec.
649 1503 719 1530 quae
729 1498 793 1521 sunt
802 1503 861 1520 ora-

62 1531 127 1558 toris
155 1532 274 1566 propria:
305 1540 375 1567 quae
399 1531 480 1563 mihi,
510 1540 562 1558 non
588 1536 695 1567 propter
719 1533 859 1568 ingenium

62 1577 162 1599 meum,
180 1568 227 1595 sed
244 1574 350 1604 propter
364 1568 431 1595 hane
445 1569 659 1596 exercitationem
672 1578 807 1605 usumque
818 1569 860 1595 di-

61 1605 148 1637 cendi,
161 1605 279 1633 fructum
291 1606 408 1641 aliquem
421 1605 488 1632 ferre
499 1611 710 1641 possent,quum
722 1615 737 1633 a
747 1607 860 1641 meipso

60 1643 192 1670 elaborata
209 1643 319 1678 proferri
336 1643 498 1675 viderentur,
522 1644 660 1670 brevitatis
671 1653 766 1671 caussa
777 1644 859 1670 relin-

60 1689 115 1716 quo
131 1681 230 1707 omnia.
270 1681 359 1707 Habeo
374 1681 455 1712 enim,
473 1680 586 1712 iudices,
603 1690 684 1716 quem
697 1690 744 1708 vos
755 1682 857 1708 socium

61 1722 165 1745 vestrae
185 1718 322 1753 religionis
343 1718 464 1753 iurisque
480 1718 587 1745 iurandi
608 1718 684 1745 facile
700 1727 759 1746 esse
773 1719 859 1754 patia-

59 1755 136 1787 mini,
150 1755 180 1782 L.
192 1756 346 1787 Lucceium,
359 1756 560 1782 sanctissimum
575 1756 711 1783 hominem
723 1757 858 1793 etgravis-

60 1793 160 1820 simum
181 1797 289 1820 testem:
312 1794 359 1828 qui
381 1797 482 1820 tantum
500 1793 603 1820 facinus
618 1794 646 1820 in
662 1793 760 1821 famam
777 1799 858 1830 atque

61 1829 180 1858 fortunas
205 1839 268 1857 suas
289 1839 375 1866 neque
396 1839 447 1857 non
467 1830 588 1858 audisset
607 1831 713 1858 illatum
734 1841 747 1858 a
769 1832 858 1859 Caelio

60 1875 147 1903 neque
158 1868 320 1905 neglexisset
331 1876 418 1903 neque
428 1867 546 1895 tulisset.
575 1868 616 1895 An
628 1868 673 1895 ille
686 1870 734 1901 vir,
748 1869 794 1896 illa
805 1869 858 1896 hu-

59 1906 185 1932 manitate
202 1905 347 1940 praeditus,
365 1905 420 1932 illis
431 1906 538 1937 studiis,
551 1906 654 1932 artibus
665 1911 745 1942 atque
759 1907 858 1934 doctri-

61 1951 102 1973 na.
125 1942 200 1969 illius
215 1943 302 1977 ipsius
323 1942 483 1978 periculum,
500 1952 582 1978 quem
598 1948 706 1978 propter
723 1944 787 1971 haec
798 1945 856 1980 ipsa

59 1979 148 2006 studia
159 1979 297 2015 diligebat.
312 1979 382 2015 negli
393 1988 447 2006 'ere
458 1980 608 2015 potuisset?
621 1985 654 2011 et,
669 1981 740 2016 quod
752 1981 856 2008 facinus

59 2017 87 2044 in
103 2016 221 2043 alienum
234 2017 369 2043 hominem
380 2017 387 2043 i
403 2017 484 2044 latum
495 2026 588 2044 severe
599 2019 737 2053 acciperet,
750 2019 777 2045 id
788 2020 857 2046 omi—

59 2055 138 2081 sisset
144 2054 269 2081 curarein
276 2053 423 2089 hospitem?
433 2054 505 2089 quod
512 2055 668 2090 perignotos
675 2060 763 2082 actum
769 2065 855 2091 quum

59 2093 242 2126 comperisset,
250 2091 359 2123 doleret,
368 2091 395 2118 id
405 2100 418 2118 a
425 2092 483 2118 suis
491 2096 620 2119 tentatum
626 2101 685 2119 esse
692 2093 858 2130 negligeret?

59 2129 131 2165 quod
153 2129 179 2155 in
196 2129 266 2164 agris
283 2128 381 2155 locisve
396 2128 514 2164 publicis
529 2129 627 2156 factum
639 2130 853 2166 reprehenderet.

58 2165 87 2194 id
107 2167 133 2193 in
151 2166 220 2193 Urbe
236 2174 266 2192 ac
280 2174 344 2192 suae
355 2165 427 2193 domi
437 2171 562 2201 coeptum
572 2175 641 2198 esse,
656 2168 749 2195 leviter
760 2168 857 2196 ferret?

58 2203 132 2239 quod
142 2204 170 2230 in
181 2203 296 2230 alicuius
307 2204 420 2239 agrestis
431 2203 550 2238 periculo
561 2213 613 2231 non
625 2207 853 2240 praetermitteret,

58 2240 87 2268 id
101 2240 181 2268 homo
196 2240 317 2268 eruditus
328 2241 355 2267 in
367 2241 472 2267 insidiis
486 2241 635 2268 doctissimi
647 2243 763 2270 hominis
773 2244 856 2270 dissi-

59 2277 217 2306 mulandum
234 2277 356 2313 putaret?
376 2279 417 2305 55.
435 2278 486 2305 Sed
497 2287 545 2305 cur
555 2279 658 2306 diutius
671 2289 727 2312 vos,
740 2281 853 2312 iudices,

59 2314 153 2343 teneo?
172 2316 259 2351 ipsius
280 2315 357 2342 iurati
375 2315 531 2351 religionem
547 2317 784 2353 auctoritatemque
795 2327 855 2353 per—

59 2353 138 2388 cipite
157 2357 238 2388 atque
253 2354 341 2380 omnia
352 2353 494 2389 diligenter
508 2354 654 2381 testimonii
666 2355 746 2382 verba
756 2364 855 2391 cogno-

57 2390 133 2417 scite.
182 2390 270 2417 Recita
298 2391 480 2417 testimonium
502 2391 531 2417 L.
560 2391 673 2418 Lucceii.
714 2401 855 2419 111511110-

58 2435 129 2454 mun
146 2436 278 2455 13301111.
318 2427 389 2460 Quid
410 2429 571 2462 exspectatis
591 2428 728 2464 amplius?
751 2438 784 2456 an
805 2429 854 2456 311-

57 2471 139 2499 quam
151 2473 242 2492 vocem
252 2466 352 2500 putatis
364 2466 450 2500 ipsam
463 2474 510 2500 pro
521 2467 853 2493 secaussametveritatem

58 2508 136 2536 posse
157 2501 279 2529 mittere?
308 2502 376 2529 llaec
396 2507 437 2529 est
455 2503 621 2530 innocentiae
636 2503 769 2534 defensio.
788 2504 853 2531 haec

58 2538 144 2573 ipsius
159 2547 269 2566 caussae
282 2540 373 2571 oratio,
388 2540 451 2567 haec
464 2548 515 2566 una
529 2549 579 2567 vox
592 2541 720 2567 veritatis.
762 2542 789 2568 ln
801 2542 853 2568 cri-

59 2575 130 2602 mine
144 2576 202 2611 ipso
217 2576 291 2603 nulla
305 2578 425 2612 suspicio
441 2582 488 2607 est,
503 2578 529 2604 in
542 2586 568 2604 re
580 2577 648 2604 1111111
659 2583 699 2605 est
710 2587 853 2614 argumen—

58 2612 90 2638 ti:
113 2612 140 2639 in
152 2614 264 2650 negotio,
278 2615 350 2650 quod
361 2619 449 2642 actum
461 2623 519 2641 esse
530 2615 637 2646 dicitur,
651 2615 758 2642 nullum
769 2617 852 2643 vesti-

57 2649 133 2684 gium
153 2651 291 2683 sermonis,
316 2651 378 2683 loci,
405 2653 545 2687 temporis:
569 2661 647 2679 nemo
668 2653 756 2685 testis,
774 2662 852 2680 nemo

57 2686 180 2714 conscius
202 2689 364 2716 nominatur:
388 2694 470 2717 totum
487 2691 587 2717 crimen
604 2690 735 2726 profertur
750 2700 784 2718 ex
799 2691 852 2718 ini-

1078 155 1097 182 C
1111 155 1133 182 A
1147 156 1175 182 Ρ.
1212 157 1241 182 18
1263 171 1299 175 -
1318 156 1360 182 24.
1661 157 1710 183 529

916 227 994 257 mica,
1016 235 1049 253 ex
1063 226 1166 258 infami,
1184 235 1218 253 ex
1232 225 1344 257 crudeli,
1362 235 1395 253 ex
1406 225 1561 257 facinorosa,
1575 234 1609 252 ex
1620 225 1712 252 libidi-

917 272 980 289 nosa
995 263 1088 291 domo:
1120 263 1216 290 domus
1236 269 1325 290 autem
1339 263 1393 294 illa,
1410 272 1479 298 quae
1500 268 1596 290 tentata
1612 263 1712 290 scelere

916 302 968 327 isto
988 300 1088 328 nefario
1107 300 1214 332 dicitur,
1233 301 1311 336 plena
1322 301 1544 336 estintegritatis,
1561 300 1710 336 dignitatis,

916 338 1005 369 officii,
1020 338 1170 374 religionis:
1193 347 1227 365 ex
1237 347 1291 373 qua
1301 338 1380 365 domo
1391 339 1516 365 recitatur
1527 338 1604 364 vobis
1610 339 1712 364 iureiu-

916 375 998 402 rando
1009 375 1131 402 devincta
1141 377 1296 402 auctoritas:
1314 381 1342 402 ut
1353 384 1394 402 res
1406 376 1517 402 minime
1526 375 1673 402 dubitanda
1684 376 1711 402 in

915 413 1082 440 contentione
1103 418 1224 448 ponatur,
1247 418 1339 440 utrum
1354 413 1505 444 temeraria,
1523 421 1629 448 procax,
1647 413 1712 439 irata

916 449 1014 476 mulier
1025 450 1136 477 finxisse
1146 451 1256 482 crimen,
1270 459 1303 477 an
1314 451 1413 486 gravis,
1427 451 1534 486 sapiens
1545 450 1713 477 moderatus-

915 495 968 522 que
979 488 1021 513 vir
1031 487 1156 523 religiose
1168 489 1350 515 testimonium
1364 488 1466 514 dixisse
1478 487 1609 514 videatur.

971 524 1067 551 XXIII.
1084 526 1125 551 56.
1141 525 1287 560 Reliquum
1298 530 1339 552 est
1350 526 1432 561 igitur
1442 526 1542 552 crimen
1554 525 1587 552 de
1598 533 1710 555 veneno,

915 562 993 588 cuius
1009 570 1057 598 ego
1072 571 1160 597 neque
1175 563 1339 597 principium
1355 563 1476 589 invenire
1491 571 1578 597 neque
1590 562 1713 589 evolvere

915 599 1017 625 exitum
1038 608 1159 634 possum.
1186 599 1259 632 Quae
1274 599 1325 626 suit
1336 601 1407 626 enim
1419 609 1523 631 caussa,
1536 600 1712 634 quamobrem

915 636 959 662 isti
975 636 1082 663 mulieri
1099 645 1233 663 venenum
1249 637 1330 664 vellet
1344 637 1406 663 dare
1423 637 1546 664 Caelius‘?
1566 638 1604 663 Ne
1616 645 1712 663 aurum

915 673 1054 700 redderet?
1083 683 1148 700 num
1168 673 1282 709 petivit?
1311 683 1344 701 ne
1363 675 1463 701 crimen
1480 674 1616 700 haereret‘?
1646 683 1713 701 num

915 711 977 745 quis
991 710 1106 737 obiecit?
1130 719 1195 737 num
1211 712 1273 746 quis
1288 711 1404 746 denique
1420 711 1526 738 fecisset
1538 712 1709 743 mentionem,

915 748 938 774 si
959 747 1003 774 hic
1018 749 1120 774 nemini
1135 757 1232 775 nomen
1247 748 1406 775 detulisset?
1432 748 1503 781 Quin
1519 750 1597 775 etiam
1614 749 1644 775 L.
1661 749 1712 775 He-

915 785 1038 811 rennium
1054 785 1143 812 dicere
1158 786 1281 817 audistis,
1300 786 1382 812 verbo
1396 794 1424 812 se
1441 785 1584 812 molestum
1600 795 1652 812 non
1669 786 1712 812 fu-

914 827 1005 848 turum
1017 822 1102 849 fuisse
1114 822 1211 855 Caelio,
1224 823 1276 849 nisi
1289 824 1386 850 iterum
1398 823 1490 850 eadem
1501 823 1534 849 de
1546 832 1572 849 re
1579 823 1712 850 5110131111-

915 859 974 886 liari
999 860 1121 887 absoluto
1146 869 1243 887 nomen
1267 860 1311 887 hic
1331 860 1486 887 detulisset.
1519 860 1652 887 Credibile
1672 866 1712 887 est

914 897 1004 932 igitur,
1021 902 1125 924 tantum
1139 897 1243 925 facinus
1259 897 1361 925 nullam
1376 898 1410 925 ob
1426 907 1548 925 caussam
1565 906 1624 924 esse
1639 906 1712 924 com-

914 934 1048 961 missum?
1076 939 1102 962 et
1121 944 1169 962 vos
1189 944 1241 963 non
1263 935 1374 967 videtis,
1396 935 1461 972 fingi
1476 933 1585 962 sceleris
1601 936 1712 962 maximi

913 972 1028 1003 crimen,
1046 977 1076 999 ut
1091 972 1201 999 alterius
1216 981 1311 999 caussa
1325 973 1434 1000 sceleris
1450 973 1616 1008 suscipiendi
1629 972 1712 999 fuisse

914 1009 1054 1036 videatur?
1083 1011 1125 1037 57.
1149 1010 1198 1038 Cui
1214 1010 1331 1046 denique
1346 1010 1499 1038 commisit?
1523 1019 1576 1045 quo
1592 1010 1713 1037 adiutore

914 1055 981 1073 usus
997 1047 1056 1074 est?
1075 1056 1130 1083 quo
1145 1047 1235 1075 socio?
1255 1057 1309 1083 quo
1323 1048 1449 1075 conscio‘?
1468 1049 1512 1074 cui
1527 1052 1632 1074 tantum
1648 1047 1713 1074 faci-

913 1093 974 1116 nus,
991 1085 1034 1111 cui
1046 1094 1083 1117 se,
1096 1086 1141 1112 cui
1151 1085 1266 1112 salutem
1277 1094 1353 1112 suam
1365 1085 1495 1112 credidit?
1515 1085 1640 1112 Servisne
1651 1094 1713 1112 mu-

914 1121 1006 1148 lieris?
1034 1122 1073 1148 sic
1093 1124 1164 1149 enim
1185 1123 1319 1150 obiectum
1340 1128 1389 1150 est.
1415 1123 1448 1150 Et
1462 1127 1517 1150 erat
1532 1127 1584 1149 tam
1601 1123 1712 1149 demens

913 1159 971 1191 hic,
989 1160 1033 1186 cui
1048 1168 1095 1187 vos
1111 1160 1251 1196 ingenium
1267 1165 1337 1188 certe
1353 1161 1481 1191 tribuitis,
1498 1161 1603 1187 etiamsi
1615 1165 1710 1190 cetera.

913 1197 1021 1224 inimica
1042 1198 1159 1225 oratione
1178 1198 1327 1230 detrahitis,
1350 1202 1381 1225 ut
1400 1207 1493 1225 omnes
1513 1207 1576 1224 suas
1592 1197 1712 1224 fortunas

913 1234 1009 1261 alienis
1020 1235 1106 1261 servis
1117 1235 1312 1262 committeret?
1333 1235 1367 1262 At
1381 1236 1483 1271 quibus
1499 1235 1606 1262 servis‘?
1632 1235 1713 1262 refert

913 1272 984 1298 enim
999 1281 1096 1308 magno
1111 1281 1190 1308 opere
1206 1273 1235 1300 id
1246 1273 1350 1308 ipsum:
1373 1273 1450 1305 iisne,
1463 1282 1533 1308 quos
1545 1272 1712 1309 intelligebat

913 1318 964 1336 non
979 1311 1116 1337 communi
1132 1310 1283 1337 conditione
1299 1311 1437 1337 servitutis
1453 1311 1502 1341 uti,
1515 1310 1563 1337 sed
1575 1310 1709 1339 licentius.

913 1346 1034 1379 liberius,
1053 1347 1212 1374 familiarius
1228 1356 1290 1374 cum
1305 1348 1412 1374 domina
1431 1347 1540 1374 vivere‘?
1559 1347 1626 1380 Quis
1638 1348 1711 1374 enim

913 1384 963 1410 hoc
978 1393 1030 1411 non
1048 1384 1130 1416 videt,
1148 1385 1260 1416 iudices,
1278 1389 1324 1412 aut
1338 1386 1401 1420 quis
1412 1385 1462 1412 hoc
1474 1385 1585 1421 ignorat,
1598 1385 1625 1411 in
1637 1386 1712 1411 eius-

912 1421 985 1448 modi
1003 1421 1091 1454 domo,
1110 1423 1138 1449 in
1149 1431 1203 1458 qua
1214 1422 1414 1449 materfamilias
1426 1423 1575 1449 meretricio
1585 1431 1658 1449 more
1669 1423 1711 1449 vi-

912 1463 964 1490 vat,
981 1459 1009 1486 in
1025 1468 1078 1494 qua
1094 1459 1161 1486 nihil
1171 1464 1287 1496 geratur,
1299 1460 1372 1495 quod
1384 1459 1453 1486 foras
1464 1459 1652 1495 proferendum
1665 1460 1707 1486 sit.

911 1497 939 1522 in
950 1505 1003 1531 qua
1016 1496 1108 1528 lustra,
1123 1496 1258 1528 libidines,
1272 1497 1402 1529 luxuries,
1415 1498 1504 1524 onmia
1511 1497 1711 1532 deniqueinau-

911 1533 965 1560 dita
982 1534 1045 1561 vitia
1061 1538 1141 1569 atque
1156 1534 1254 1571 flagitia
1266 1539 1416 1566 versentur,
1430 1535 1472 1561 hic
1483 1543 1575 1561 servos
1587 1543 1639 1561 non
1651 1543 1710 1561 esse

889 1579 890 1582 ¹
911 1570 1021 1598 servos‘?
1040 1572 1141 1607 (11111135
1157 1573 1246 1599 omnia
1256 1573 1465 1603 committantur,
1479 1580 1526 1607 per
1535 1580 1604 1607 quos
1615 1580 1711 1608 geran-

911 1613 962 1640 tur,
980 1609 1026 1644 qui
1044 1613 1184 1636 versentur
1200 1609 1295 1636 iisdem
1308 1610 1335 1636 in
1348 1609 1540 1644 voluptatibus,
1553 1609 1654 1644 quibus
1665 1618 1710 1636 oc-

910 1645 981 1673 culta
1009 1646 1168 1673 credantur?
1192 1646 1225 1673 ad
1240 1656 1308 1682 quos
1323 1646 1491 1682 aliquantum
1508 1647 1586 1673 etiam
1599 1656 1631 1673 ex
1642 1655 1710 1682 quo—

911 1683 1020 1710 tidianis
1036 1684 1192 1719 sumptibus
1208 1693 1237 1711 ac
1250 1684 1356 1711 luxuria
1368 1683 1508 1711 redundet.
1531 1686 1573 1710 58.
1587 1684 1615 1710 ld
1627 1685 1710 1720 igitur

910 1720 1017 1748 Caelius
1033 1730 1085 1748 non
1097 1721 1223 1748 videbat?
1243 1721 1271 1749 Si
1283 1722 1354 1748 enim
1367 1726 1420 1748 tam
1432 1721 1573 1748 familiaris
1584 1727 1639 1748 erat
1650 1731 1710 1748 mu-

910 1758 993 1790 lieris,
1005 1767 1087 1794 quam
1099 1768 1146 1786 vos
1158 1759 1250 1791 vultis,
1263 1760 1329 1786 istos
1343 1767 1451 1795 quoque
1462 1768 1553 1786 servos
1565 1758 1709 1786 familiares

908 1805 968 1823 esse
979 1796 1103 1823 dominae
1114 1797 1224 1823 sciebat.
1246 1796 1294 1824 Sin
1305 1797 1329 1823 ei
1341 1802 1411 1824 tanta
1422 1796 1596 1826 consuetudo,
1610 1802 1709 1832 quanta

909 1843 922 1860 a
934 1834 1011 1860 vobis
1026 1834 1177 1866 inducitur,
1197 1843 1248 1861 non
1264 1839 1332 1861 erat:
1360 1843 1429 1869 quae
1444 1843 1506 1861 cum
1522 1835 1608 1860 servis
1624 1835 1710 1869 potuit

909 1871 1075 1898 familiaritas
1091 1880 1150 1899 esse
1166 1871 1255 1899 tanta‘?
1283 1872 1379 1899 xxlv.
1401 1872 1492 1907 Ipsius
1507 1876 1596 1899 autem
1613 1872 1708 1898 veneni

908 1917 977 1944 quae
993 1910 1059 1936 ratio
1074 1909 1202 1936 finuitur‘?
1227 1909 1273 1936 ubi
1285 1910 1439 1944 quaesitum
1455 1909 1514 1936 est‘?
1532 1909 1710 1945 quemadmo-

908 1947 973 1973 dum
986 1929 1128 1982 paratum?
1145 1956 1200 1983 quo
1211 1946 1305 1982 pacto?
1324 1947 1377 1978 cui,
1390 1948 1483 1983 quoin
1496 1947 1552 1974 loco
1564 1947 1709 1973 traditum?

908 1984 1040 2011 Habuisse
1061 1985 1136 2011 aiunt
1156 1985 1229 2012 domi
1251 1985 1360 2020 vimque
1375 1985 1434 2011 eius
1450 1993 1509 2011 esse
1524 1989 1664 2020 expertum
1681 1985 1709 2011 in

908 2030 986 2048 servo
1000 2021 1132 2057 quodam,
1151 2022 1185 2049 ad
1196 2030 1252 2049 rem
1264 2023 1350 2057 ipsam
1364 2026 1467 2057 parato:
1490 2023 1568 2048 cuius
1580 2021 1707 2057 perceleri

908 2060 1016 2086 interitu
1032 2068 1091 2086 esse
1111 2059 1145 2086 ab
1163 2060 1213 2086 hoc
1223 2059 1424 2094 comprobatum
1437 2068 1581 2086 venenum.
1603 2061 1646 2086 59,
1658 2059 1708 2085 Pro

908 2096 944 2123 dii
960 2096 1137 2124 immortalesl
1159 2105 1208 2124 cur
1219 2097 1353 2124 interdum
1365 2097 1392 2124 in
1404 2097 1544 2124 bominum
1560 2096 1707 2123 sceleribus

908 2134 1033 2161 maximis
1048 2139 1094 2161 3111
1108 2135 1256 2161 connivetis
1271 2139 1316 2161 aut
1331 2135 1479 2169 praesentis
1495 2134 1597 2161 fraudis
1608 2142 1706 2169 poenas

908 2171 935 2198 in
947 2171 1018 2198 diem
1030 2171 1191 2198 reservatis?
1205 2171 1266 2199 Vidi
1278 2172 1359 2202 enim.
1374 2171 1439 2202 vidi,
1452 2176 1478 2198 et
1489 2171 1566 2198 illum
1574 2171 1706 2198 hauside-

908 2208 989 2235 lorem
1002 2208 1043 2235 vel
1055 2209 1260 2235 acerbissimum
1272 2209 1299 2235 in
1311 2208 1706 2244 vita,quqummellusabs-

907 2246 1056 2272 traheretur
1076 2254 1090 2272 3
1111 2246 1173 2272 5133
1193 2246 1351 2281 gremioque
1372 2247 1481 2281 patriae,
1503 2254 1645 2281 quumque
1661 2245 1705 2272 ille

908 2283 956 2313 vir,
969 2282 1016 2318 qui
1028 2291 1057 2309 se
1069 2287 1161 2309 natum
1172 2282 1236 2309 huic
1246 2283 1360 2317 imperio
1371 2284 1483 2318 putavit,
1498 2284 1574 2309 tertio
1584 2283 1627 2309 die
1635 2287 1703 2317 post.

906 2329 987 2355 (133111
999 2320 1025 2346 111
1037 2320 1120 2350 curia,
1132 2328 1213 2355 quam
1226 2320 1253 2346 in
1265 2320 1367 2350 rostris,
1379 2328 1460 2355 quam
1473 2321 1499 2346 in
1511 2320 1648 2355 republica
1660 2318 1705 2346 sso-

906 2358 1012 2388 ruisset,
1027 2357 1197 2393 integerrima
1208 2361 1300 2387 aetate.
1314 2357 1523 2392 optimolinbitu‚
1533 2357 1705 2384 [3331131511-

906 2395 995 2425 ribus,
1017 2394 1164 2429 eriperetur
1183 2394 1373 2429 indignissime
1389 2394 1466 2421 bonis
1481 2395 1609 2421 omnibus
1625 2399 1704 2429 atque

907 2432 1047 2458 universae
1062 2431 1178 2463 civitati;
1201 2440 1256 2466 quo
1266 2431 1377 2466 quidem
1390 2436 1507 2467 tempore
1519 2431 1564 2458 ille
1575 2432 1701 2461 moriens.

904 2477 990 2504 quum
1003 2469 1055 2495 1331
1065 2469 1161 2495 ceteris
1172 2477 1204 2495 ex
1217 2469 1337 2504 partibus
1349 2478 1476 2504 oppressa
1488 2474 1648 2500 mensesset,
1657 2478 1704 2496 ex-

905 2511 1020 2533 tremum
1032 2514 1142 2532 sensum
1154 2506 1186 2533 ad
1199 2506 1354 2533 memoriam
1367 2505 1529 2541 reipublicae
1536 2507 1700 2533 reservabat:

904 2552 989 2578 quum
1005 2552 1048 2570 me
1063 2544 1171 2570 intuens
1187 2542 1292 2570 flentem
1309 2544 1476 2579 significabat
1493 2545 1648 2579 interruptis
1664 2549 1704 2570 111-

903 2589 956 2615 (1113
972 2580 1149 2608 moriontibus
1165 2581 1286 2611 vocibus,
1299 2585 1398 2615 (11131113
1410 2580 1576 2617 impenderet
1587 2581 1702 2617 procella

904 2618 977 2649 Urbi,
999 2623 1098 2653 (133313
1120 2623 1264 2653 tempestas
1285 2618 1399 2645 civitati:
1427 2623 1452 2646 et
1471 2627 1556 2654 quum
1573 2619 1700 2654 parietem

880 2650 881 2654 ¹
903 2664 982 2691 saepe
998 2655 1095 2682 feriens
1111 2664 1182 2687 eum,
1200 2656 1247 2691 qui
1263 2664 1324 2682 cum
1340 2655 1371 2689 Q.
1389 2655 1482 2683 Catulo
1498 2655 1583 2683 fuerat
1593 2657 1616 2683 ei
1629 2665 1701 2683 com—

879 2706 881 2721 :
904 2693 1002 2724 munis.
1015 2692 1108 2721 crebro
1120 2692 1254 2726 Catulum,
1267 2702 1346 2729 saepe
1357 2702 1408 2725 nie,
1422 2694 1580 2730 saepissime
1591 2702 1701 2729 rempu-

1403 2741 1435 2767 6⁷
