1941 3052
421 177 475 203 DE
508 176 824 204 INVENTIONE
857 176 944 203 LlB.
980 177 1009 202 u.

47 247 267 278 niciosissimum,
283 255 335 273 non
349 248 432 274 vitam
446 248 556 275 honeste
570 253 653 275 actam
667 248 712 275 tali
726 249 753 274 in
767 252 835 274 tem-

45 293 107 322 pore
125 293 206 320 quam
224 284 371 320 plurimum
386 285 521 320 prodesse,
538 286 585 312 sed
599 286 687 312 subita
701 295 735 312 ex
745 286 836 312 crimi-

46 324 158 354 natione,
178 331 246 358 quae
264 322 379 358 confingi
397 324 522 358 quamvis
537 323 613 350 facile
627 324 719 358 possit,
737 332 789 349 non
802 331 835 348 ex

45 365 103 388 ante
126 364 180 387 acta
203 361 265 391 vita,
290 368 359 394 quae
382 369 468 395 neque
491 361 524 386 ad
541 365 648 395 tempus
666 361 730 396 fingi
749 368 835 395 neque

45 398 100 425 ullo
122 398 200 424 modo
223 398 319 423 mutari
343 399 436 432 possit,
457 397 542 424 facere
560 399 702 424 iudicium.
731 399 772 424 37.
788 397 835 423 Sin

45 439 132 462 autem
150 435 178 461 in
197 439 256 461 ante
274 439 330 460 acta
349 436 403 461 vita
422 435 526 470 aliquae
545 436 726 470 turpitudines
739 439 832 461 erunt:

45 477 90 499 aut
108 471 174 498 falso
194 472 300 498 venisse
317 473 345 498 in
364 481 421 498 eam
441 473 664 499 existimationem
682 473 786 498 dicetur
803 480 836 497 ex

45 509 195 544 aliquorum
206 509 308 535 invidia
318 514 364 536 aut
374 510 562 536 obtrectatione
572 514 617 536 aut
628 509 693 536 falsa
699 510 833 544 opinione,

45 551 90 573 aut
106 547 311 581 imprudentiae,
328 547 520 573 necessitudini
534 551 579 573 aut
592 547 759 582 persuasioni
774 546 837 572 ado-

47 583 184 610 lescentiae
208 588 252 610 aut
275 584 355 610 alicui
375 593 426 610 non
441 584 587 610 malitiosae
606 585 688 610 animi
706 583 836 610 affectioni

45 621 222 648 attribuentur
236 626 281 647 aut
293 621 420 647 dissimili
434 622 461 647 in
474 630 571 657 genere
584 622 720 652 vitiorum,
736 625 766 647 ut
780 620 836 646 ani—

44 667 105 684 mus
116 667 168 685 non
179 659 286 686 omnino
296 659 405 694 integer,
419 658 466 684 sed
476 667 490 684 a
502 658 546 684 tali
557 658 635 693 culpa
649 663 766 684 remotus
778 666 836 683 esse

45 695 175 722 videatur.
202 696 240 722 Ac
258 696 280 721 si
295 695 369 721 nullo
380 695 458 722 modo
472 696 541 722 vitae
555 696 695 730 turpitudo
709 699 754 721 aut
767 695 837 721 infa-

44 733 96 758 mia
116 732 192 760 leniri
210 733 306 768 poterit
324 733 452 764 oratione,
474 742 570 768 negare
583 733 714 768 oportebit
731 733 764 758 de
783 732 837 758 vita

44 770 102 796 eius
116 775 141 796 et
154 771 273 797 moribus
283 770 385 804 quaeri,
401 770 449 796 sed
463 770 495 796 de
510 780 540 797 eo
555 771 675 802 crimine,
687 779 741 805 quo
751 769 783 795 de
795 778 838 795 ar-

43 810 153 843 guatur3
175 816 265 842 quare,
286 811 345 833 ante
362 807 438 834 factis
456 808 572 840 omissis,
589 808 657 835 illud
671 808 743 843 quod
758 807 837 833 instet

45 844 86 880 agi
99 849 226 879 oportere.

99 882 156 908 XII.
179 884 219 908 38.
234 882 275 908 Ex
294 881 361 908 facto
379 886 467 908 autem
481 883 541 917 ipso
555 883 722 918 suspiciones
736 882 837 909 ducen-

45 923 95 951 tur,
115 920 138 945 si
157 920 237 946 totius
256 919 449 946 administratio
467 921 565 956 negotii
585 929 618 947 ex
635 921 761 947 omnibus
776 929 837 955 par-

45 957 116 983 tibus
137 957 342 991 pertentabitur3
373 962 452 993 atque
478 967 523 984 eae
549 958 716 993 suspiciones
740 958 836 992 partim

44 1002 77 1020 ex
95 995 198 1030 negotio
215 995 369 1030 separatim,
391 996 487 1030 partim
505 996 682 1022 communiter
700 1004 731 1022 ex
747 1004 838 1030 perso-

45 1032 86 1057 nis
102 1035 181 1066 atque
199 1040 232 1058 ex
249 1032 354 1068 negotio
367 1033 577 1067 proficiscentur.
611 1034 653 1059 Ex
667 1033 772 1068 negotio
785 1033 837 1058 du-

43 1069 66 1095 ci
85 1073 215 1103 poterunt,
235 1070 258 1095 si
276 1079 320 1096 eas
331 1079 381 1101 res,
398 1079 466 1105 quae
480 1071 592 1106 negotiis
607 1071 748 1097 attributae
762 1074 833 1102 sunt,

43 1105 184 1142 diligenter
211 1107 449 1134 considerabimus.
483 1109 525 1135 Ex
551 1109 584 1134 iis
608 1109 690 1144 igitur
716 1108 744 1134 in
767 1108 836 1134 hanc

43 1143 256 1171 constitutionem
291 1145 432 1171 convenire
462 1146 588 1172 videntur
617 1154 713 1181 genera
744 1154 835 1171 earum

43 1181 143 1212 omnia,
159 1186 246 1216 partes
260 1191 387 1217 generum
401 1183 554 1218 pleraeque.
588 1185 628 1209 39.
644 1183 739 1210 Videre
753 1183 836 1218 igitur

43 1218 159 1253 primum
173 1220 311 1254 oportebit,
327 1229 395 1255 quae
410 1220 463 1247 sint
476 1221 636 1247 continentia
647 1229 708 1247 cum
719 1221 778 1255 ipso
789 1228 836 1246 ne-

42 1256 120 1291 gotio,
141 1256 191 1283 hoc
209 1261 261 1288 est,
277 1266 345 1292 quae
359 1258 391 1283 ab
405 1267 432 1284 re
446 1259 562 1293 separari
577 1267 628 1284 non
643 1258 755 1293 possint.
777 1257 835 1290 Quo

43 1293 69 1319 in
85 1293 140 1320 loco
154 1294 218 1320 satis
232 1295 282 1321 erit
294 1294 435 1331 diligenter
448 1296 639 1327 considerasse,
652 1295 720 1331 quid
730 1295 765 1321 sit
776 1299 835 1321 ante

41 1339 97 1357 rem
116 1331 224 1363 factum,
245 1341 278 1358 ex
294 1341 348 1367 quo
366 1341 427 1367 spes
441 1333 594 1368 perficiendi
610 1338 668 1359 nata
683 1337 708 1359 et
722 1332 835 1359 faciendi

42 1367 153 1394 facultas
170 1370 289 1404 quaesita
308 1370 440 1403 videatur3
463 1371 529 1406 quid
548 1371 574 1397 in
594 1371 650 1406 ipsa
670 1379 696 1397 re
709 1370 833 1406 gerenda,

41 1405 106 1440 quid
126 1411 216 1440 postea
234 1412 407 1433 consecutum
426 1408 468 1434 sit.
508 1408 608 1434 Deinde
626 1409 713 1443 ipsius
731 1412 770 1434 est
789 1416 836 1433 ne-

41 1443 105 1478 gotii
127 1444 213 1479 gestio
240 1445 431 1479 pertractanda.
470 1446 538 1471 Nam
562 1445 612 1472 hoc
634 1454 720 1481 genus
744 1454 834 1471 earum

42 1488 139 1512 rerum,
156 1490 224 1516 quae
239 1482 343 1517 negotio
357 1487 420 1508 sunt
433 1483 581 1514 attributae,
608 1482 726 1509 secundo
740 1483 766 1508 in
779 1482 835 1508 loco

43 1517 118 1543 nobis
136 1523 175 1544 est
193 1520 353 1553 expositum.
395 1521 435 1546 40.
464 1521 516 1546 Hoc
534 1529 596 1555 ergo
613 1521 641 1546 in
659 1528 755 1555 genere
774 1528 835 1554 spe-

42 1555 154 1581 ctabitur
179 1555 262 1587 locus,
287 1561 402 1591 tempus,
428 1559 538 1589 occasio,
566 1558 690 1590 facultas,
719 1566 833 1592 (piorum

42 1593 122 1618 unius
140 1593 272 1628 cuiusque
287 1595 327 1620 vis
342 1594 483 1629 diligenter
497 1595 523 1621 in
538 1595 744 1621 confirmationis
759 1603 835 1629 prae-

42 1630 124 1664 ceptis
145 1630 275 1665 explicata
294 1635 342 1658 est.
381 1632 476 1664 Quare,
497 1641 530 1658 ne
548 1637 593 1658 aut
611 1632 654 1658 hic
673 1641 724 1658 non
743 1632 835 1658 admo-

43 1667 132 1694 nuisse
151 1672 196 1694 aut
213 1677 246 1694 ne
264 1669 355 1695 eadem
375 1669 471 1695 iterum
489 1669 590 1696 dixisse
609 1669 757 1700 videamur,
774 1669 835 1695 bre—

43 1704 108 1731 viter
132 1705 297 1737 inficiemus,
319 1706 385 1741 quid
403 1715 510 1742 quaque
529 1707 555 1733 in
574 1711 647 1742 parte
672 1707 834 1733 considerari

42 1746 166 1777 oporteat.
203 1743 231 1769 ln
259 1743 315 1770 loco
340 1744 423 1779 igitur
448 1745 641 1779 opportunitas,
670 1744 834 1779 intempore

44 1778 235 1815 longinquitas,
256 1780 282 1806 in
297 1781 433 1808 occasione
446 1782 620 1808 commoditas
634 1781 667 1807 ad
682 1781 833 1808 faciendum

42 1815 143 1848 idonea,
163 1818 191 1844 in
210 1817 332 1844 facultate
349 1819 424 1853 copia
446 1823 472 1845 et
489 1824 605 1854 potestas
623 1828 714 1845 earum
733 1828 831 1850 rerum,

42 1858 147 1889 propter
161 1863 228 1889 quas
243 1855 345 1890 aliquid
360 1856 465 1882 facilius
477 1857 514 1888 fit,
531 1861 576 1883 aut
589 1857 690 1891 quibus
704 1857 762 1883 sine
776 1866 834 1883 om—

43 1891 104 1918 nino
116 1892 209 1918 confici
223 1901 274 1919 non
289 1897 383 1928 potest,
400 1894 591 1920 consideranda
605 1898 653 1920 est.
677 1895 718 1920 4⁴.
733 1894 833 1921 Deinde

42 1928 186 1955 videndum
205 1934 252 1961 est,
273 1931 339 1965 quid
358 1931 513 1958 adiunctum
532 1932 566 1958 sit
585 1932 697 1967 negotiO,
719 1931 768 1958 hoc
782 1936 830 1963 est,

41 1965 106 2001 quid
128 1967 224 1999 maius,
248 1967 314 2002 quid
329 1969 428 2000 minus,
453 1969 519 2004 quid
542 1978 625 2004 aeque
645 1977 773 2005 magnum
787 1970 830 2001 sit,

41 2003 106 2038 quid
119 2004 220 2037 simile;
246 2013 279 2031 ex
292 2006 393 2040 quibus
407 2007 556 2033 coniectura
570 2006 700 2041 quaedam
714 2007 830 2038 ducitur,

42 2039 73 2071 si,
92 2041 318 2076 quemadmodum
338 2052 379 2069 res
397 2044 519 2075 maiores,
536 2044 660 2075 minores,
677 2052 761 2079 aeque
776 2053 833 2070 ma-

42 2084 108 2113 gnae
126 2078 283 2114 similesque
301 2081 343 2115 agi
362 2080 472 2112 soleant,
497 2080 638 2117 diligenter
651 2081 832 2108 considerabi-

0 2115 2 2150 ξ
42 2117 93 2141 tur.
125 2115 184 2148 Quo
205 2117 233 2143 in
254 2125 350 2152 genere
368 2122 480 2144 eventus
498 2127 606 2154 quoque
624 2118 757 2145 videndus
772 2120 829 2150 erit,

0 2160 4 2175 τ
42 2150 90 2178 hoc
103 2154 224 2188 est‚quid
239 2162 272 2180 ex
286 2163 338 2181 una
352 2163 459 2190 quaque
474 2164 501 2182 re
515 2156 597 2182 soleat
610 2157 726 2187 evenire,
736 2165 832 2192 magno

41 2196 117 2224 opere
130 2190 352 2218 considerandum
367 2197 419 2225 est;
449 2197 478 2219 ut
492 2198 587 2224 metuS,
610 2193 716 2225 laetitia,
733 2194 832 2220 tituba-

0 2230 1 2235 ’
41 2225 86 2253 tio.
119 2228 160 2254 42.
175 2227 272 2260 Quarta
287 2233 375 2255 autem
390 2238 450 2264 pars
465 2234 519 2256 erat
533 2239 566 2257 ex
580 2231 622 2262 iis,
635 2239 703 2265 quas
718 2231 831 2267 negotiis

41 2261 193 2291 dicebamus
216 2274 274 2291 esse
297 2266 444 2298 attributas,
470 2269 631 2294 consecutio.
666 2269 694 2294 ln
705 2277 734 2294 ea
748 2277 832 2303 quae-

41 2304 134 2328 runtur
155 2310 193 2334 ea,
218 2311 286 2338 quae
308 2308 414 2339 gestum
433 2305 568 2340 negotium
587 2305 726 2331 confestim
741 2311 786 2332 aut
798 2315 832 2332 ex

41 2336 177 2366 intervallo
194 2345 405 2375 consequuntur.
439 2342 468 2368 In
486 2350 538 2377 qua
553 2342 715 2374 videbimus,
732 2352 831 2378 ecquae

41 2376 203 2403 consuetudo
216 2377 258 2408 sit,
275 2386 374 2413 ecquae
390 2378 440 2409 lex,
456 2387 555 2414 ecquae
569 2381 644 2411 actio,
655 2380 758 2415 ecquod
772 2381 831 2406 eius

41 2411 77 2438 rei
95 2413 234 2440 artificium
253 2419 298 2441 aut
317 2424 383 2441 usus
397 2420 442 2442 aut
455 2417 615 2448 exercitatio,
633 2417 771 2444 hominum
786 2422 831 2444 aut

41 2449 192 2484 approbatio
218 2456 264 2478 aut
289 2452 412 2484 offensio;
444 2461 478 2480 cx
500 2453 601 2488 quibus
627 2463 829 2490 nonnumquam

40 2485 143 2513 elicitur
156 2487 257 2523 aliquid
272 2491 443 2525 suspicionis.

92 2523 162 2551 xm.
178 2525 246 2552 Sunt
259 2531 347 2553 autem
362 2527 466 2562 aliquae
480 2528 655 2562 suspiciones,
676 2537 744 2563 quae
757 2537 831 2555 com-

40 2561 154 2588 maniter
171 2566 196 2589 et
213 2571 247 2590 ex
265 2565 429 2600 negotiorum
444 2569 469 2591 et
483 2574 515 2591 cx
530 2574 703 2599 personarum
718 2566 830 2592 attribu-

38 2597 156 2626 tionibus
169 2605 323 2628 sumuntur.
362 2602 428 2628 Nam
447 2607 472 2628 et
485 2611 519 2628 cx
533 2602 637 2628 fortuna
651 2607 676 2629 et
690 2612 723 2629 ex
737 2607 829 2629 natura

39 2637 110 2662 etex
122 2636 203 2669 victu,
220 2638 316 2670 studio,
334 2638 419 2671 factis,
435 2647 508 2670 casu,
529 2640 701 2671 orationibus,
718 2640 830 2667 consilio

39 2674 65 2698 ot
77 2679 110 2700 ex
122 2673 215 2701 habitu
229 2675 310 2702 animi
324 2680 370 2702 aut
382 2677 499 2712 corporis
514 2676 640 2712 pleraque
654 2678 787 2712 pertinent
797 2677 828 2704 ad

39 2709 142 2737 easdem
167 2719 217 2744 res,
241 2720 311 2748 quae
332 2721 388 2740 rem
410 2713 565 2741 credibilem
585 2719 630 2741 aut
644 2714 828 2742 incredibilem

1044 176 1098 203 CA
1112 177 1141 202 P.
1166 178 1180 202 9
1201 191 1237 195 -
1260 177 1298 202 ¹4.
1645 177 1676 202 57

888 247 971 273 facere
993 252 1106 281 possunt
1128 251 1153 273 et
1175 256 1236 273 cum
1259 246 1321 273 facti
1343 247 1494 281 suspicione
1517 253 1676 283 lunguntur.

888 286 928 311 43.
944 285 1059 310 Maxime
1073 285 1144 311 enim
1158 285 1250 319 quaeri
1264 288 1365 319 oportet
1378 285 1405 310 in
1420 284 1469 310 hac
1479 286 1677 317 constitutione,

887 323 1005 356 primum
1029 322 1178 356 potueritne
1200 321 1303 356 aliquid
1326 321 1395 353 fieri,
1418 321 1523 353 deinde,
1544 331 1628 357 ecquo
1646 323 1679 349 ab

887 359 938 385 alio
952 360 1079 394 potuerit3
1107 358 1203 385 deinde
1218 358 1337 390 facultas,
1358 359 1390 385 de
1404 367 1457 393 qua
1471 364 1529 385 ante
1543 360 1678 388 diximus2

887 397 992 427 deinde,
1016 400 1107 422 utrum
1130 396 1157 422 id
1180 395 1283 422 facinus
1302 397 1344 427 sit,
1366 397 1437 431 quod
1452 397 1586 431 poenitere
1601 397 1680 423 fuerit

888 442 1008 466 necesse;
1037 434 1109 463 item,
1126 433 1198 468 quod
1212 442 1287 468 spem
1302 433 1405 459 celandi
1420 443 1470 460 non
1486 434 1607 460 haberet:
1634 435 1681 460 de-

886 471 949 497 inde
963 471 1144 503 necessitudo,
1172 471 1199 497 in
1218 480 1279 505 qua,
1297 480 1361 497 num
1376 480 1482 497 necesse
1497 471 1576 498 fuerit
1595 472 1621 498 id
1636 477 1681 497 aut

888 508 943 534 fieri
962 512 1007 534 aut
1025 509 1061 534 ita
1075 508 1140 539 fieri,
1157 509 1302 542 quaeritur.
1337 508 1456 540 Quorum
1471 518 1532 544 pars
1546 509 1578 535 ad
1593 510 1681 535 consi-

888 545 954 571 lium
968 546 1089 580 pertinet,
1106 545 1177 580 quod
1192 546 1312 580 personis
1327 546 1483 572 attributum
1499 551 1546 578 est,
1567 551 1596 573 ut
1610 547 1636 572 in
1651 556 1681 572 ea

887 591 990 613 caussa,
1010 591 1091 617 quam
1114 584 1299 616 exposuimus.
1333 583 1401 609 Ante
1419 592 1474 610 rem
1493 585 1550 615 erit,
1567 584 1639 619 quod
1653 585 1680 610 in

887 620 981 646 itinere
999 628 1027 645 se
1046 624 1099 645 tam
1113 619 1278 646 familiariter
1292 620 1473 655 applicaverit,
1494 621 1566 656 quod
1580 630 1681 647 sermo-

888 658 930 683 nis
952 665 1074 682 caussam
1088 657 1239 691 quaesierit,
1264 658 1335 692 quod
1355 658 1436 684 simul
1455 659 1605 689 deverterit,
1621 668 1680 685 cae-

889 694 965 720 narit.
987 695 1015 720 In
1026 703 1053 719 re
1068 702 1128 725 nox,
1145 702 1265 720 somnus.
1304 696 1365 721 Post
1379 704 1443 726 rem,
1460 696 1531 730 quod
1546 696 1620 722 solus
1634 705 1680 722 ex<

888 732 955 762 ierit,
972 731 1043 766 quod
1058 731 1135 757 illum
1150 735 1203 757 tam
1218 731 1376 758 familiarem
1390 734 1513 759 comitem
1529 738 1580 759 tam
1596 742 1680 768 aequo

888 769 977 794 animo
994 768 1139 803 reliquerit,
1161 768 1233 803 quod
1251 774 1392 795 cruentum
1411 770 1531 805 gladium
1546 771 1678 797 habuerit.

889 807 929 832 44.
954 806 1053 832 Horum
1078 814 1138 840 pars
1161 806 1193 832 ad
1216 806 1359 832 consilium
1382 808 1503 841 pertinet.
1538 807 1680 839 Quaeritur

889 843 968 874 enim,
990 848 1080 869 utrum
1099 843 1221 869 videatur
1238 843 1380 879 diligenter
1399 845 1464 871 ratio
1487 844 1599 871 faciendi
1622 855 1680 871 csse

889 880 977 906 habita
991 885 1016 906 et
1030 881 1184 916 excogitata,
1201 890 1235 907 an
1248 881 1284 907 ita
1299 886 1443 912 temere,ut
1456 891 1508 908 non
1523 883 1577 908 veri
1593 883 1680 909 simile

888 918 930 949 sit,
947 927 1110 953 quemquam
1125 923 1178 944 tam
1193 923 1290 945 temere
1303 919 1336 944 ad
1350 919 1510 945 maleficium
1526 921 1678 945 accessisse.

887 956 916 982 In
938 964 992 990 quo
1014 956 1159 990 quaeritur,
1185 965 1250 982 num
1272 965 1326 991 quo
1349 956 1400 982 alio
1418 957 1496 983 modo
1514 957 1680 983 commodius

887 994 1002 1027 potuerit
1017 994 1072 1019 fieri
1087 992 1128 1019 vel
1143 1002 1156 1018 a
1171 992 1276 1020 fortuna
1290 993 1479 1020 administrari.
1509 995 1576 1020 Nam
1590 1003 1678 1029 saepe,

888 1031 910 1056 si
924 1031 1062 1065 pecuniae,
1079 1031 1101 1056 si
1116 1030 1277 1061 adiumenta,
1299 1032 1320 1057 si
1336 1031 1469 1058 adiutores
1483 1032 1579 1063 desint,
1597 1032 1681 1058 facul-

889 1073 926 1094 tas
949 1067 1033 1094 fuisse
1056 1068 1169 1094 faciendi
1193 1077 1245 1094 non
1269 1068 1382 1094 videtur.
1417 1070 1470 1095 Hoc
1489 1069 1567 1095 modo
1581 1070 1603 1095 si
1618 1069 1681 1095 dili-

887 1110 979 1141 genter
1001 1105 1178 1137 attendamus,
1203 1110 1263 1140 apta
1286 1107 1354 1132 inter
1376 1115 1404 1132 se
1427 1115 1485 1133 esse
1503 1106 1680 1143 intelligimus

888 1143 1037 1178 haec,quae
1056 1143 1176 1179 negotiis,
1199 1148 1224 1169 et
1242 1143 1296 1175 illa,
1313 1152 1381 1178 quae
1396 1145 1516 1179 personis
1531 1149 1594 1170 sunt
1607 1145 1681 1170 attri-

887 1180 960 1206 buta.

942 1218 990 1244 Hic
1006 1227 1092 1253 neque
1107 1218 1182 1244 facile
1194 1223 1234 1244 est
1244 1227 1330 1253 neque
1341 1219 1519 1245 necessarium
1531 1219 1681 1254 distingue-

888 1264 923 1287 re,
950 1260 979 1282 ut
1003 1257 1030 1282 in
1049 1256 1234 1290 superioribus
1248 1256 1379 1290 partibus,
1404 1265 1458 1291 quo
1472 1262 1547 1291 pacto
1560 1257 1681 1292 quidque

888 1298 1067 1320 accusatorem
1082 1293 1246 1328 etquomodo
1256 1293 1422 1320 defensorem
1433 1299 1541 1320 tractare
1552 1300 1679 1329 oporteat.

888 1331 945 1357 Non
960 1331 1294 1366 necessarium,propterea
1309 1332 1390 1366 quod,
1406 1341 1500 1358 caussa
1513 1334 1605 1367 posita,
1615 1333 1680 1368 quid

886 1369 914 1394 in
932 1377 1069 1403 quamque
1087 1369 1235 1399 conveniat,
1253 1377 1294 1394 res
1309 1370 1366 1404 ipsa
1379 1369 1484 1396 docebit
1498 1379 1550 1401 eos,
1567 1371 1613 1405 qui
1629 1380 1680 1396 non

887 1407 974 1432 omnia
993 1406 1036 1432 hic
1055 1415 1084 1432 se
1102 1407 1258 1432 inventuros
1277 1407 1418 1440 putabunt,
1435 1407 1481 1433 sed
1498 1407 1544 1443 [ad
1559 1416 1596 1439 ea,
1613 1417 1681 1443 quae

887 1448 1024 1478 praecepta
1047 1448 1118 1474 sunt,
1143 1444 1347 1478 comparationis
1371 1443 1462 1481 modo]
1486 1446 1630 1480 quamdam
1654 1446 1681 1471 in

886 1489 1028 1507 commune
1051 1481 1210 1507 mediocrem
1234 1481 1437 1517 intelligentiam
1460 1482 1608 1509 conferent:
1638 1485 1679 1509 45,

887 1526 939 1543 non
958 1517 1034 1544 facile
1053 1522 1151 1549 autem,
1172 1518 1244 1553 quod
1263 1523 1287 1544 et
1301 1519 1436 1545 infinitum
1451 1525 1490 1546 est
1505 1525 1540 1546 tot
1554 1521 1586 1546 de
1601 1521 1680 1546 rebus

887 1559 1028 1590 utramque
1046 1555 1073 1581 in
1092 1560 1193 1590 partem
1211 1556 1368 1591 singillatim
1391 1556 1424 1582 de
1443 1566 1494 1583 una
1513 1566 1620 1592 quaque
1635 1567 1680 1584 ex-

886 1592 984 1626 plicare
1003 1597 1028 1618 et
1041 1593 1105 1619 alias
1120 1593 1195 1619 aliter
1214 1593 1277 1619 haec
1293 1595 1319 1619 in
1334 1598 1474 1628 utramque
1489 1599 1588 1629 partem
1603 1604 1681 1621 caus-

886 1638 930 1656 sae
948 1630 1034 1656 solent
1051 1631 1202 1657 convenire.
1234 1631 1304 1657 xlv.
1324 1631 1410 1663 Quare
1424 1632 1590 1658 considerare
1607 1633 1678 1663 baec,

885 1676 955 1702 quae
972 1668 1157 1702 exposuimus,
1179 1669 1319 1702 oportebit.
1355 1669 1470 1695 Facilius
1490 1674 1577 1695 autem
1593 1670 1625 1696 ad
1640 1670 1681 1696 in-

886 1705 1037 1731 ventionem
1052 1706 1158 1731 animus
1172 1705 1284 1736 incedet,
1301 1707 1324 1732 si
1338 1707 1405 1741 gesti
1422 1707 1519 1741 negotii
1533 1712 1558 1733 ct
1568 1716 1643 1733 suam
1656 1712 1681 1734 et

885 1742 1030 1769 adversarii
1045 1743 1221 1769 narrationem
1235 1752 1313 1778 saepe
1325 1749 1350 1769 et
1359 1743 1501 1779 diligenter
1513 1745 1681 1779 pertractabit

885 1784 919 1810 et,
939 1780 1012 1815 quod
1031 1789 1154 1815 quaeque
1173 1789 1234 1815 pars
1252 1781 1414 1815 suspicionis
1433 1782 1550 1813 habebit,
1571 1782 1680 1808 eliciens

884 1817 1071 1849 considerabit,
1087 1826 1178 1852 quare,
1194 1827 1248 1853 quo
1261 1818 1381 1851 consilio,
1397 1828 1450 1854 qua
1465 1828 1512 1854 spe
1527 1820 1680 1854 perficiendi

885 1854 1007 1890 quidque
1023 1855 1120 1882 factum
1135 1856 1183 1888 sit,
1199 1864 1246 1882 cur
1260 1856 1309 1882 boe
1323 1856 1402 1883 modo
1417 1857 1603 1892 potius,quaiu
1619 1857 1678 1889 itlo;

884 1900 932 1918 cur
946 1893 978 1918 ab
993 1892 1042 1919 boc
1056 1894 1154 1927 potiuS,
1170 1902 1252 1928 quam
1267 1894 1299 1919 ab
1315 1893 1373 1926 illo;
1399 1903 1447 1920 cur
1461 1894 1535 1921 nullo
1549 1895 1677 1925 adiutore,

884 1934 930 1956 aut
947 1938 995 1956 cur
1013 1930 1075 1963 hoc3
1103 1939 1151 1956 cur
1170 1939 1247 1957 nemo
1270 1931 1304 1957 sit
1322 1932 1445 1957 conscius
1464 1937 1508 1958 aut
1526 1941 1574 1958 cur
1588 1933 1621 1958 sit
1636 1938 1680 1959 aut

884 1976 932 1993 cur
958 1967 1002 1993 hic
1024 1967 1072 2000 sit,
1101 1976 1149 1994 cur
1163 1968 1212 1994 hoc
1227 1973 1285 1994 ante
1301 1968 1398 1995 factum
1413 1969 1461 1996 sit:
1495 1978 1543 1995 cur
1557 1969 1606 1996 hoc
1620 1975 1679 1996 ante

884 2004 983 2031 factum
999 2013 1049 2031 non
1064 2006 1112 2038 sit;
1128 2014 1175 2031 cur
1189 2006 1239 2032 hoc
1252 2007 1279 2032 in
1293 2007 1352 2040 ipso
1366 2007 1484 2041 negotio,
1500 2016 1548 2033 cur
1562 2007 1610 2033 lioc
1621 2013 1679 2042 post

884 2042 1035 2077 negotium3
1063 2047 1109 2069 aut
1129 2043 1196 2078 quid
1219 2042 1318 2070 factum
1341 2044 1373 2070 de
1396 2044 1527 2070 industria
1550 2049 1594 2071 aut
1613 2045 1678 2080 quid

884 2088 939 2105 rem
954 2080 1040 2114 ipsam
1053 2085 1227 2107 consecutum
1242 2081 1289 2113 sit,
1314 2086 1449 2108 constetne
1463 2083 1544 2108 oratio
1558 2087 1603 2108 aut
1617 2091 1677 2108 cum

884 2125 911 2143 re
933 2121 978 2143 aut
1000 2118 1058 2152 ipsa
1081 2126 1186 2150 secum;
1215 2118 1265 2145 hoc
1284 2118 1400 2145 huiusne
1419 2119 1455 2145 rei
1474 2120 1509 2145 sit
1522 2120 1630 2154 signum
1645 2129 1678 2146 au

883 2154 968 2186 illius,
984 2164 1017 2181 au
1031 2159 1057 2181 et
1070 2155 1152 2181 huius
1167 2160 1192 2182 et
1206 2155 1324 2186 iltius,et
1339 2157 1425 2182 utrius
1437 2157 1540 2191 potius;
1557 2157 1622 2191 quid
1640 2157 1678 2183 fa-

883 2196 956 2218 ctum
976 2193 1018 2223 sit,
1039 2193 1111 2227 quod
1126 2201 1177 2219 non
1192 2194 1346 2228 oportuerit,
1362 2198 1408 2220 aut
1422 2203 1473 2220 non
1489 2194 1596 2225 factum,
1606 2194 1677 2229 quod

883 2230 1037 2264 oportuerit.
1073 2231 1114 2256 46.
1133 2230 1223 2262 Quum
1242 2231 1348 2257 animus
1363 2231 1411 2257 hac
1427 2232 1571 2258 intentione
1585 2240 1677 2257 omues

884 2267 964 2293 totius
978 2268 1076 2303 negotii
1091 2272 1179 2302 partes
1192 2268 1379 2299 considerabit,
1389 2273 1445 2294 tum
1460 2269 1498 2295 illi
1514 2270 1565 2303 ipsi
1581 2270 1606 2295 in
1622 2278 1677 2295 me-

882 2304 958 2331 dium
981 2305 1129 2331 conservati
1154 2305 1203 2331 loci
1227 2305 1377 2340 procedent,
1397 2306 1430 2332 de
1447 2306 1548 2341 quibus
1563 2311 1621 2332 ante
1635 2306 1677 2332 di-

882 2346 954 2368 ctum
973 2347 1026 2375 est,
1054 2347 1080 2368 et
1098 2346 1154 2368 tum
1174 2351 1207 2369 ex
1225 2343 1340 2378 siugulis
1355 2348 1411 2369 tum
1426 2352 1459 2369 cx
1472 2344 1621 2369 coniunctis
1635 2352 1677 2369 ar-

881 2382 1007 2415 gumenta
1030 2384 1099 2406 certa
1127 2385 1279 2412 nascentur;
1316 2389 1431 2414 quorum
1459 2385 1675 2415 argumentorum

882 2425 943 2451 pars
963 2416 1104 2450 probabili,
1126 2425 1186 2451 pars
1202 2418 1350 2443 necessario
1365 2418 1390 2443 in
1404 2426 1500 2451 genere
1515 2418 1674 2444 versabitur.

881 2453 1018 2480 Accedunt
1040 2458 1128 2480 autem
1151 2454 1184 2480 ad
1206 2455 1383 2481 coniecturam
1403 2463 1481 2489 saepe
1495 2456 1674 2489 quaestiones,

883 2491 1040 2521 testimonia,
1059 2499 1192 2524 rumores,
1219 2500 1288 2526 quae
1306 2496 1395 2518 contra
1410 2492 1496 2518 onmia
1512 2497 1624 2527 uterquc
1638 2494 1675 2520 si-

882 2528 937 2554 mili
954 2529 996 2554 via
1011 2532 1211 2563 praeceptorum
1227 2533 1349 2563 torqucro
1363 2529 1395 2555 ad
1406 2538 1469 2555 suae
1483 2538 1592 2556 caussae
1603 2539 1675 2556 com-

882 2565 991 2591 modum
1009 2565 1126 2591 debebit.
1162 2566 1227 2592 Num
1246 2570 1270 2592 ct
1284 2574 1318 2592 ex
1337 2567 1492 2601 quaestione
1506 2568 1675 2602 suspiciones

880 2607 905 2629 et
924 2611 957 2629 cx
976 2603 1126 2629 testimonio
1143 2608 1169 2629 et
1187 2612 1220 2629 ex
1239 2612 1343 2630 rumore
1357 2603 1448 2638 aliquo
1462 2605 1517 2639 pari
1533 2605 1631 2631 rationo
1646 2610 1675 2631 ut

880 2649 913 2666 ex
927 2648 1020 2666 caussa
1035 2644 1060 2666 ct
1073 2649 1106 2666 ex
1121 2649 1232 2675 persona
1247 2645 1272 2667 et
1285 2649 1318 2668 cx
1332 2640 1400 2667 facto
1412 2641 1474 2667 duci
1489 2642 1629 2676 oportebit.

937 2678 977 2704 47.
992 2677 1078 2709 Quare
1094 2678 1170 2704 nobis
1184 2682 1209 2704 et
1224 2678 1241 2704 ii
1257 2678 1382 2705 videntur
1394 2687 1489 2709 errare,
1502 2680 1549 2714 qui
1565 2680 1613 2705 boc
1627 2688 1675 2715 ge-

881 2723 932 2742 nus
955 2715 1140 2750 suspicionum
1163 2715 1265 2742 artificii
1286 2724 1337 2743 non
1352 2721 1445 2751 putant
1459 2716 1587 2752 indigere.
1604 2721 1629 2743 ct
1643 2718 1671 2747 ii,

1452 2766 1467 2787 8
