1941 3052
221 158 266 181 t'h!
789 157 827 181 ⁴3.
864 155 896 180 Μ.

220 228 344 252 *continui
370 225 552 259 procliviorem
575 234 633 250 esse
652 224 683 250 ml
704 224 856 255 libidinem,
886 224 1006 258 propriae

218 268 305 289 antem
326 268 400 288 notm-
419 267 614 295 argumentum,
635 261 706 295 quod
727 269 873 295 nuniquam
889 261 964 286 aliter
979 261 1007 287 fit
1028 265 1029 271 ¹

218 305 374 334 vertuniqut·
397 298 519 328 declarat,
545 304 572 324 nt
592 299 682 324 sumus
701 299 799 330 ignem.
835 298 893 323 veri
909 297 1006 324 similia

220 338 387 371 reperiuntur
401 345 433 362 cx
448 336 567 370 partitum
578 340 602 361 et
612 335 688 369 qnasi
702 335 828 360 memhris
839 335 1004 361 narrationis.

220 375 253 400 1-ἷει
270 379 331 400 sunt
347 374 372 399 in
388 374 515 408 personis,
533 374 558 398 in
575 372 645 402 lovi-1,
660 372 685 397 in
698 372 907 406 tomporihumn
920 371 1004 401 factis,

220 421 244 437 in
259 411 370 441 eventis,
387 412 412 437 in
429 419 514 436 rerum
531 410 647 444 ipsarum
664 409 882 443 negotiorumque
894 409 1004 435 naturis.

220 451 259 473 tir..
277 449 302 474 ln
319 448 438 482 personis
453 451 559 472 naturae
574 446 690 480 primum
701 450 862 480 spectantur,
876 445 1007 472 valetudi-

220 487 268 514 nis,
294 486 401 519 tigni-ae,
428 484 533 513 virium,
561 483 661 513 aetatis,
687 483 810 513 marium,
832 482 1004 514 feminarum,

219 528 297 556 atque
322 522 384 547 lineo
408 521 517 555 quidem
543 521 569 546 in
591 528 712 554 corpore:
745 520 826 546 animi
850 524 937 545 autem
961 524 1006 546 aut

218 558 442 593 quernadmorlum
458 557 540 584 all'ecti
556 558 609 583 sint
624 557 776 587 virtutum,
795 557 876 587 vitiis,
893 557 1004 587 artibus,

219 597 328 626 inertiis,
345 601 390 621 nut
403 595 629 630 quemadmodum
644 594 767 620 commoti
778 594 932 629 cupiditate,
951 602 1007 620 me-

219 638 255 663 tu,
274 632 414 667 voluptate,
432 632 560 658 molestia.
587 632 673 667 Atque
688 631 751 657 haec
764 631 873 667 quidem
889 631 914 657 in
931 635 1007 657 natu-

219 680 244 696 ra
269 674 433 704 spectantur;
466 670 492 696 in
518 669 621 695 fortuna
643 677 739 704 genus,
760 669 900 697 amicitiae.
918 668 1003 699 liberi.
1028 688 1029 696 1

219 708 370 742 propinqui.
387 706 489 738 affines,
505 715 577 742 opeS.
595 706 715 737 bonores,
726 706 1004 741 potestateS,divitiae,

220 745 326 771 libertas
349 749 374 770 et
394 753 432 775 ea,
453 752 521 779 quae
539 748 602 770 sunt
621 744 662 770 his
676 744 813 769 contraria.
841 745 881 769 36.
898 744 925 769 ln
943 743 1006 769 locis

218 787 304 808 nutem
329 786 355 808 et
376 781 421 808 illa
446 781 582 812 naturalia,
603 781 727 807 maritimi
747 790 779 807 an
795 781 885 806 remoti
901 789 914 806 a
930 781 1004 811 mari,

218 819 289 853 plani
304 828 336 845 un
351 819 493 850 montuosi,
503 819 574 845 leves
588 827 619 844 an
634 819 728 853 asperi,
743 817 863 844 salubres
878 826 909 844 an
925 818 1007 852 pesti·
1028 847 1029 852 ¹

220 856 311 887 lentes,
327 857 401 891 opaci
416 865 447 883 an
462 857 553 891 aprici,
570 860 594 882 et
609 855 652 882 illa
668 855 781 884 fortuita,
793 855 857 881 culti
873 864 904 881 an
920 854 1006 881 incul-

219 895 246 924 ti,
267 893 384 920 celebres
402 902 434 920 an
453 893 559 924 deserti,
580 892 740 919 coaedificati
760 902 791 918 an
807 893 883 923 vasti,
899 892 1006 918 obscuri
1028 891 1029 900 ¹

218 939 250 957 an
270 940 357 957 rerum
372 935 505 965 gestarum
521 931 641 965 vestigiis
656 930 795 960 nobilitati,
815 930 959 956 consecrati
974 938 1006 955 an

219 968 331 1003 prol'ani.
358 968 403 994 Xl.
425 969 466 994 37.
487 969 514 994 ln
534 967 699 1002 temporibus
717 971 804 993 autem
820 967 967 1001 praesentia
982 970 1007 992 et

218 1006 355 1040 praeterita
375 1010 400 1032 et
419 1005 505 1032 sutura
523 1010 681 1037 cernuntur,
705 1005 730 1031 in
751 1005 792 1030 bis
811 1005 876 1039 ipsis
891 1008 1004 1034 vetusta,
1028 1009 1029 1022 ³

217 1043 341 1074 recentia,
362 1043 494 1073 instantia,
516 1042 605 1077 paullo
619 1046 677 1077 post
691 1046 735 1068 aut
749 1041 892 1076 aliquando
907 1041 1005 1067 futura.

197 1086 202 1093 ·
218 1081 311 1107 lnsunt
321 1080 400 1106 etiam
415 1080 442 1106 in
456 1080 621 1114 temporibus
635 1079 688 1110 illa,
706 1087 774 1114 quae
789 1079 914 1114 temporis
929 1079 1006 1113 quasi

218 1122 338 1144 naturam
358 1122 456 1149 notant,
478 1122 507 1144 ut
525 1117 620 1147 hiems,
641 1125 694 1147 ver,
715 1121 809 1147 aestas,
829 1121 1004 1142 auctumnus:

217 1159 263 1181 aut
280 1155 342 1181 anni
361 1159 487 1190 tempora,
508 1159 537 1181 ut
555 1155 663 1185 mensis,
684 1158 713 1180 ut
730 1153 796 1184 dies,
813 1158 842 1180 ut
856 1162 916 1184 nox,
933 1153 1004 1183 hora,

217 1196 369 1227 tempestas,
389 1200 459 1227 quae
477 1195 540 1218 sunt
559 1191 700 1223 naturalia3
729 1190 834 1217 fortuita
858 1195 946 1216 autem
965 1199 1007 1216 sa-

216 1229 324 1260 crificia.
340 1229 401 1256 sesti
415 1229 480 1260 dies,
498 1229 614 1264 nuptiae.
648 1230 688 1255 38.
709 1229 762 1254 lam
777 1228 842 1254 facta
857 1232 881 1254 et
895 1232 1006 1254 eventus

217 1271 262 1293 aut
284 1266 388 1293 consilii
412 1271 475 1293 sunt
495 1271 540 1293 aut
560 1265 764 1301 imprudentiae,
784 1273 853 1300 quae
867 1270 907 1291 est
921 1265 1006 1291 autin

217 1313 280 1330 casu
299 1308 344 1330 aut
361 1304 388 1330 in
403 1303 517 1339 quadam
533 1304 613 1330 animi
631 1303 805 1338 permotionc;
832 1311 904 1333 casu,
921 1310 1006 1337 quum

217 1341 292 1367 aliter
305 1341 408 1372 cecidit,
425 1349 455 1367 ac
469 1345 591 1376 putatum
605 1341 652 1373 sit;
675 1341 846 1375 permotione,
862 1348 947 1374 quum
962 1343 1008 1365 aut

217 1378 318 1405 oblivio
341 1383 386 1404 aut
410 1387 481 1404 error
504 1382 549 1404 aut
571 1382 658 1404 metus
677 1382 722 1403 aut
744 1377 833 1412 aliqua
851 1376 1006 1411 cupiditatis

216 1424 311 1442 caussa
325 1416 464 1451 permovit.
498 1415 546 1442 Est
563 1416 641 1441 etiam
656 1415 683 1441 in
696 1414 877 1449 imprudentia
891 1413 1008 1440 necessi-

215 1458 255 1479 tas
277 1453 409 1488 ponenda.
445 1453 543 1479 Rerum
566 1456 654 1478 autem
677 1452 806 1478 bonarum
830 1455 855 1477 et
877 1450 1007 1477 malarum

215 1491 265 1516 tria
283 1494 346 1516 sunt
363 1498 474 1525 genera;
502 1498 563 1516 nam
582 1494 627 1515 aut
640 1490 667 1515 in
681 1489 778 1515 animis
792 1493 837 1515 aut
850 1489 877 1514 in
891 1488 1009 1523 corpori-

215 1527 267 1554 bus
290 1532 336 1553 aut
353 1531 425 1553 extra
447 1535 506 1553 esse
529 1531 650 1561 possunt.
684 1526 770 1552 Huius
787 1526 871 1561 igitur
884 1525 1008 1551 materiae

215 1564 249 1591 ad
262 1569 450 1600 argumentum
464 1564 598 1590 subiectae
612 1563 812 1598 perlustrandae
822 1563 911 1589 animo
920 1566 1007 1597 partes

217 1606 294 1628 erunt
307 1610 400 1628 omnes
414 1606 440 1628 et
453 1601 486 1628 ad
498 1601 616 1636 id‚quod
629 1605 730 1636 agetur,
743 1609 777 1627 ex
790 1600 906 1636 singulis
919 1600 1008 1626 conie-

215 1644 289 1665 ctura
303 1638 442 1674 capienda.
476 1640 517 1665 39.
538 1638 586 1664 Est
604 1639 675 1664 enim
689 1646 774 1673 genus
789 1641 1007 1673 argumentorum

216 1676 298 1707 aliud,
314 1675 386 1711 quod
400 1684 434 1702 ex
447 1675 508 1702 facti
522 1675 644 1711 vestigiis
657 1675 782 1706 sumitur,
798 1679 828 1701 ut
842 1673 934 1705 telum,
947 1682 1008 1700 cru-

215 1722 253 1744 or,
262 1713 369 1744 clamor,
377 1712 502 1744 eiulatus,
510 1712 641 1743 titubatio,
649 1712 808 1747 permutatio
814 1711 918 1742 coloris,
927 1711 1008 1737 oratio

216 1751 377 1781 inconstans,
385 1755 491 1781 tremor,
500 1754 621 1776 eteorum
629 1749 740 1784 aliquid,
749 1749 821 1784 quod
827 1757 908 1775 sensu
923 1749 1008 1783 perci-

216 1787 243 1822 pi
253 1788 350 1822 possit;
366 1788 444 1814 etiam
454 1788 477 1813 si
484 1786 785 1822 praeparatumaliquid,
794 1786 817 1812 si
827 1786 1009 1812 communica—

217 1829 274 1851 tum
291 1833 354 1851 cum
371 1823 470 1859 aliquo,
490 1825 513 1850 si
531 1828 621 1859 postea
639 1824 738 1855 visum,
758 1823 889 1854 auditum,
906 1822 1008 1849 indica-

217 1866 284 1888 tum.
320 1863 361 1888 40.
377 1861 438 1889 Veri
452 1861 550 1888 similia
564 1866 653 1887 autem
667 1861 763 1896 partim
777 1860 886 1896 singula
900 1864 1007 1886 movent

216 1907 266 1925 suo
278 1898 403 1934 pondere,
419 1899 524 1933 partim,
533 1899 636 1925 etiamsi
650 1898 776 1924 videntur
785 1906 844 1924 esse
854 1898 950 1933 exigua
961 1905 1008 1932 per

215 1944 252 1966 se,
268 1935 384 1962 multum
399 1940 589 1970 tamen,quum
602 1940 665 1962 sunt
678 1939 837 1966 coacervata,
853 1935 1004 1970 proliciunt.

216 1973 302 2008 Atque
319 1973 347 1999 in
366 1972 408 1999 his
423 1973 478 1999 veri
492 1972 628 1999 similibus
645 1973 738 1999 insunt
752 1980 953 2007 nonnumquam
968 1976 1007 1997 et-

216 2011 268 2036 iam
282 2014 367 2036 certae
381 2018 470 2036 rerum
484 2014 509 2036 et
523 2010 644 2045 propriae
655 2014 739 2036 notae.
760 2010 902 2036 Maximam
917 2014 1005 2035 autem

217 2047 278 2073 facit
291 2047 370 2074 fldem
385 2047 418 2074 ad
431 2047 635 2073 similitudinem
646 2047 700 2073 veri
711 2047 829 2082 primum
840 2045 1003 2081 exemplum,

215 2084 312 2111 deinde
329 2084 478 2111 introducta
497 2084 535 2111 rei
553 2084 714 2117 similitud03
741 2083 832 2110 fabula
846 2084 925 2110 etiam
940 2091 1006 2110 non—

216 2130 373 2157 numquam,
389 2122 439 2148 etsi
453 2126 493 2148 est
506 2121 680 2152 incredibilis,
696 2126 784 2148 tamen
798 2121 920 2148 homines
933 2129 1007 2147 com—

215 2164 312 2185 movet.

270 2196 328 2222 XII.
343 2197 385 2222 Η.
401 2195 430 2223 C.
446 2196 475 2222 F.
491 2195 580 2228 Quid‘?
599 2195 762 2222 definitionis
775 2203 844 2231 quae
857 2196 922 2222 ratio
931 2199 972 2222 est
981 2199 1007 2222 et

214 2241 283 2267 quae
297 2232 358 2259 via?
377 2232 406 2260 C.
421 2233 450 2259 P.
466 2233 523 2259 Non
538 2232 652 2259 dubium
666 2237 706 2259 est
718 2233 746 2259 id
755 2233 949 2268 quidem,quin
960 2232 1007 2259 de·

216 2270 300 2296 linitio
320 2278 417 2306 genere
438 2269 587 2296 declaretur
608 2275 633 2296 et
651 2270 809 2305 proprietate
827 2271 943 2306 quadam
961 2274 1007 2296 aut

215 2307 294 2333 etiam
312 2308 497 2334 communium
516 2307 673 2342 frequentia,
694 2316 727 2334 ex
740 2307 851 2342 quibus,
867 2307 1005 2342 proprium

213 2344 281 2379 quid
305 2345 347 2375 sit,
373 2344 484 2371 eluceat.
523 2344 575 2371 Sed
593 2345 720 2380 quoniam
739 2344 772 2370 de
790 2345 905 2379 propriis
923 2345 1007 2371 oritur

215 2381 374 2416 plerumque
392 2390 487 2418 magna
510 2381 651 2413 dissensio,
671 2381 852 2408 definiendum
871 2386 912 2408 est
928 2390 1007 2417 saepe

215 2427 248 2444 ex
265 2419 413 2450 contrariis,
434 2427 514 2454 saepe
531 2419 611 2445 etiam
629 2427 663 2445 ex
675 2418 866 2450 dissimilibus,
881 2427 960 2454 saepe
973 2427 1007 2445 ex

215 2455 334 2489 paribus.
368 2455 546 2488 Quamobrem
568 2456 759 2491 descriptiones
777 2464 885 2491 quoque
902 2457 1006 2482 suntin

216 2492 264 2518 hoc
277 2500 373 2527 genere
387 2501 465 2528 saepe
479 2497 555 2528 aptae
568 2498 594 2519 et
603 2493 1003 2528 enumeratioconsequentium,

214 2529 250 2570 in·
265 2529 413 2570 primisque
434 2535 583 2557 commovet
605 2530 746 2566 explicatio
763 2530 887 2557 vocabuli
909 2539 940 2557 ac
958 2538 1007 2557 no-

216 2574 306 2591 minis.

271 2604 311 2629 42.
328 2603 357 2629 C.
373 2603 402 2629 F.
423 2603 492 2629 Sunt
508 2605 628 2639 exposita
645 2605 698 2630 iam
716 2604 770 2630 fere
783 2612 822 2635 ea,
838 2612 907 2639 quae
920 2603 953 2630 de
966 2603 1007 2630 fa-

1027 419 1036 428 <i

932 155 961 180 T.
996 153 1271 181 mentiosus

1058 232 1162 253 nomen,
1178 223 1267 258 qualis
1282 224 1343 254 sint,
1360 227 1468 251 vocatur
1481 226 1507 251 in
1521 224 1645 251 dubium.
1661 225 1690 252 C.
1702 225 1731 252 P.
1744 226 1844 257 Estita,

1059 266 1087 286 ut
1100 261 1177 286 dicis.
1200 261 1228 286 C.
1246 261 1274 287 F.
1289 260 1362 292 Quae
1376 266 1440 287 sunt
1453 262 1460 288 i
1483 263 1535 288 'tur
1548 262 1574 288 in
1588 270 1620 288 eo
1650 271 1728 289 encre
1742 263 1847 298 partes?

1058 299 1086 324 (ἶ.
1104 298 1131 323 l’.
1148 298 1200 324 Aut
1215 298 1271 323 iure
1285 297 1383 324 factum
1397 298 1465 333 depe
1479 299 1548 325 leudi
1561 304 1605 325 sut
1617 271 1762 326 ulciscendi
1772 300 1847 326 dolo-

1059 335 1182 368 risgrntia
1190 339 1235 360 aut
1242 336 1395 369 pietatisaut
1403 335 1596 370 pudicitiseaut
1606 336 1743 371 religionis
1749 342 1794 363 aut
1801 346 1848 372 pa-

1034 383 1035 389 *
1059 372 1124 398 triac
1139 372 1246 398 nomino
1260 376 1304 397 aut
1315 372 1431 407 denique
1442 374 1845 404 necessitate,inscientin,casu.

1060 410 1099 435 ⁴3.
1117 409 1181 434 Nam
1196 417 1264 443 quae
1279 413 1351 435 motu
1366 410 1447 436 animi
1461 415 1486 436 et
1500 411 1696 445 perturbatione
1710 411 1776 437 [acta
1790 412 1848 438 sine

1034 466 1036 484 ἶ
1058 446 1156 472 ratione
1170 450 1241 476 sunt,
1257 454 1286 471 ea
1300 446 1481 473 defensionem
1499 452 1588 473 contra
1605 449 1705 475 crimen
1720 449 1746 475 in
1762 448 1848 483 legiti-

1028 485 1036 515 ,1
1058 483 1109 509 mis
1133 482 1241 509 iudiciis
1263 491 1314 509 non
1339 483 1449 514 liabent,
1481 485 1508 510 in
1537 484 1626 511 liberis
1649 485 1848 520 disceptationi-

1028 517 1036 544 ’ἰ
1058 520 1109 546 bus
1132 519 1228 546 habere
1252 525 1373 555 possunt.
1408 521 1461 547 ttoc
1479 522 1505 547 in
1523 530 1628 557 genere.
1649 524 1675 549 in
1693 531 1748 558 quo
1769 523 1848 558 quale

1057 558 1092 583 sit
1109 558 1255 592 quaeritur,
1276 566 1309 584 ex
1327 559 1512 588 controversia,
1533 559 1591 584 iure
1604 563 1629 585 et
1643 564 1746 586 rectene
1759 564 1846 587 sctum

1057 595 1100 625 sit,
1120 595 1212 629 quaeri
1231 594 1310 626 solen
1336 603 1451 630 quorum
1465 595 1610 630 disputatio
1623 605 1656 622 ex
1672 596 1788 623 locorum
1801 597 1849 623 de-

1058 632 1200 667 scriptione
1214 632 1343 658 sumenda
1358 637 1406 658 est.
1439 633 1479 659 u.
1495 633 1524 659 C.
1541 633 1570 659 F.
1586 633 1680 667 Agesis
1694 641 1707 659 e
1741 642 1765 664 o,
1780 642 1847 669 quo-

1059 669 1128 695 niam
1148 670 1174 695 in
1193 669 1418 696 confirmationem
1432 674 1458 696 et
1471 670 1703 705 reprehensionem
1737 671 1848 698 ivisem

1028 706 1036 746 ,ᾗ
1057 706 1182 732 orationis
1197 706 1285 737 tidem,
1301 712 1327 733 et
1339 707 1440 733 dictum
1455 707 1487 733 de
1501 707 1583 734 altero
1596 712 1644 737 est.
1661 716 1763 743 expone
1777 717 1849 735 nunc

1035 752 1036 761 ¹
1058 743 1090 769 de
1103 743 1328 778 reprehendendo.
1362 745 1391 770 C.
1412 745 1439 770 P.
1459 745 1512 771 Aut
1530 749 1612 771 totum
1631 750 1671 771 est
1685 745 1846 781 negandum,

1057 780 1130 815 quod
1145 781 1171 807 in
1185 782 1412 814 argumentatione
1426 782 1594 808 adversarius
1608 783 1762 817 sumpserit,
1778 783 1801 809 si
1816 782 1848 809 ῆ-

1057 823 1129 844 ctum
1144 823 1189 844 nut
1204 818 1300 845 salsum
1314 827 1373 845 csse
1387 820 1474 854 possis
1487 819 1594 849 docere,
1610 824 1655 846 aut
1665 819 1847 855 redarguenda

1057 864 1095 886 ea,
1121 864 1190 890 quae
1212 863 1259 890 pro
1278 856 1332 882 veri
1346 856 1482 882 similibus
1501 861 1607 891 sumpta
1621 862 1697 883 sunt:
1730 857 1847 891 primum

1057 892 1139 918 dubia
1162 897 1268 927 sumpta
1284 901 1342 919 esse
1360 902 1408 928 pro
1424 894 1515 926 certis,
1545 893 1641 920 deinde
1654 895 1732 920 ctiam
1746 895 1773 920 in
1789 902 1848 929 per-

1058 930 1151 964 spicue
1173 929 1248 956 salsis
1270 930 1362 956 eadem
1386 939 1464 965 posse
1487 930 1553 961 dici;
1580 935 1636 957 tum
1661 939 1695 958 ex
1716 931 1759 962 iis,
1778 940 1848 966 quae

1058 967 1212 1001 sumpserit,
1237 975 1288 993 non
1312 967 1390 998 effici,
1417 967 1489 1002 quod
1504 967 1577 994 velit.
1611 968 1736 995 Accidere
1758 973 1847 995 autem

1058 1009 1160 1039 oportet
1177 1004 1298 1040 singula:
1329 1005 1367 1031 sic
1385 1006 1510 1031 universa
1528 1004 1692 1040 frangentur.
1726 1005 1849 1032 Comme-

1035 1042 1037 1060 ἕ
1059 1041 1184 1068 moranda
1203 1046 1266 1068 sunt
1288 1042 1367 1068 etiam
1386 1042 1521 1077 exempla,
1542 1041 1643 1077 quibus
1661 1041 1743 1069 simili
1761 1043 1789 1069 in
1807 1042 1834 1069 di

1034 1137 1037 1169 l

1035 1174 1037 1196 l

1028 1080 1037 1118 g}
1059 1079 1210 1113 sputatione
1232 1078 1363 1105 creditum
1383 1088 1433 1106 non
1453 1081 1500 1106 sit:
1534 1079 1720 1114 conquerenda
1733 1079 1849 1106 conditio

1028 1124 1036 1133 ‘¹
1057 1116 1208 1142 communis
1227 1116 1348 1151 periculi,
1368 1117 1390 1143 si
1409 1117 1525 1152 ingeniis
1539 1117 1678 1143 hominum
1692 1117 1847 1143 criminoso-

1058 1161 1117 1179 rum
1132 1153 1167 1179 sit
1180 1154 1298 1188 exposita
1313 1154 1365 1180 vita
1378 1154 1569 1180 innocentium.

1112 1190 1182 1216 Xlll.
1200 1192 1241 1217 45.
1257 1190 1286 1217 C.
1303 1191 1332 1217 F.
1351 1190 1491 1223 Quoniam,
1508 1191 1578 1217 unde
1592 1191 1767 1218 inveniuntur
1779 1199 1849 1226 quae

1034 1225 1037 1258 ζ
1058 1227 1090 1254 ad
1105 1227 1184 1254 fidem
1203 1228 1344 1263 pertinent,
1365 1228 1457 1259 habeo,
1474 1227 1701 1263 quemadmodum
1717 1229 1743 1254 in
1757 1228 1849 1254 dicen-

1035 1262 1037 1293 }
1058 1264 1091 1291 do
1105 1264 1212 1300 singula
1228 1269 1379 1296 tractentur,
1395 1270 1529 1300 exspecto.
1544 1265 1574 1292 C.
1590 1266 1619 1291 P.
1634 1265 1850 1301 Argumentatio-

1034 2437 1037 2450 l

215 2645 264 2670 eto,
280 2648 402 2675 quaeque
416 2640 449 2666 de
463 2640 522 2667 faeti
537 2641 713 2676 appellatione
726 2645 902 2676 quaeruntur·
925 2641 1008 2667 Nem·
1034 2661 1037 2692 ἓ
1056 2682 1128 2703 metu
1158 2678 1181 2703 si
1199 2676 1335 2703 iracundia
1365 2676 1388 2702 si
1402 2676 1581 2702 misericordia
1594 2675 1706 2710 impulsi
1731 2676 1755 2702 si
1768 2683 1845 2711 pra&

1034 2693 1037 2699 ¹
1132 2698 1138 2707 y
1339 2697 1344 2707 1
1709 2696 1716 2707 Ἰ

216 2685 247 2710 pe
261 2677 343 2711 igitur
356 2685 384 2704 ea
399 2682 505 2708 restant,
521 2687 598 2713 quae,
615 2687 699 2713 quum
713 2683 738 2705 et
753 2677 851 2704 sactum
866 2682 968 2704 constat
981 2682 1006 2704 et

1059 1310 1118 1328 nem
1133 1311 1259 1337 quaerere
1274 1302 1381 1334 videris,
1393 1311 1462 1338 quae
1475 1307 1515 1329 est
1529 1303 1677 1338 argumenti
1692 1301 1846 1337 explieatim

1035 1362 1037 1371 ,
1058 1347 1126 1373 quae
1140 1344 1247 1374 sumpta
1261 1348 1294 1366 ex
1307 1340 1340 1366 iis
1356 1339 1428 1371 locis,
1440 1340 1488 1374 qui
1501 1345 1565 1366 sunt
1578 1339 1849 1374 expositi,oonficien-

1035 1381 1037 1409 ξ
1058 1376 1091 1402 da
1114 1381 1139 1402 et
1161 1376 1350 1412 distinguenda
1371 1376 1489 1403 dilucide
1509 1381 1558 1403 est.
1593 1377 1622 1403 C.
1638 1377 1667 1403 F.
1686 1376 1766 1403 Plane
1778 1377 1849 1403 istuc

1035 1430 1037 1437 ¹
1059 1413 1148 1448 ipsum
1162 1413 1293 1440 desidero.
1317 1415 1358 1440 46.
1374 1414 1403 1441 C.
1419 1414 1447 1440 P.
1462 1414 1510 1440 Est
1523 1422 1593 1450 ergo,
1609 1418 1733 1449 utsupra
1746 1413 1850 1440 dictum

1035 1446 1037 1479 l
1058 1455 1106 1481 est,
1122 1450 1264 1486 explicatio
1281 1452 1429 1487 argumenti
1444 1452 1644 1487 argumentatio,
1664 1450 1710 1477 sed
1724 1459 1753 1477 ea
1767 1450 1850 1478 eonfi-

1058 1488 1135 1519 citur,
1150 1496 1235 1523 quum
1249 1489 1398 1523 sumpseris
1412 1493 1458 1515 aut
1471 1497 1522 1515 non
1535 1488 1618 1515 dubia
1631 1493 1677 1515 aut
1690 1488 1846 1523 probabilis,

1058 1533 1092 1552 ex
1113 1526 1214 1560 quibus
1236 1525 1264 1552 id
1282 1525 1391 1557 efficias,
1411 1525 1484 1561 quod
1501 1530 1547 1552 aut
1563 1525 1677 1552 dubium
1696 1530 1742 1552 aut
1758 1526 1849 1552 minus

1036 1581 1037 1584 η
1059 1562 1196 1597 probabile
1211 1571 1258 1597 per
1270 1571 1299 1589 se
1313 1563 1428 1589 videtur.
1461 1562 1671 1599 Argumentandi
1689 1567 1777 1589 autem
1794 1562 1848 1589 duo

1059 1604 1122 1626 sunt
1139 1608 1244 1635 genera,
1264 1608 1380 1635 quorum
1399 1599 1511 1626 alterum
1530 1599 1563 1626 ad
1581 1599 1660 1626 fidem
1674 1599 1775 1626 directo
1786 1608 1849 1635 spe-

1058 1641 1119 1667 ctat,
1135 1636 1247 1663 alterum
1261 1645 1290 1663 se
1304 1636 1411 1663 inssectit
1425 1637 1458 1663 ad
1472 1641 1583 1663 motum.
1617 1637 1754 1673 Dirigitur,
1761 1645 1848 1672 quum

1059 1674 1198 1708 proposuit
1220 1673 1336 1709 aliquid,
1360 1673 1434 1709 quod
1455 1674 1590 1709 probaret,
1615 1675 1786 1709 sumpsitque
1807 1682 1846 1705 ea,

1058 1711 1159 1746 quibus
1174 1711 1309 1742 niteretur,
1322 1716 1401 1746 atque
1416 1711 1457 1737 his
1467 1711 1629 1738 confirmatis
1639 1711 1672 1737 ad
1682 1711 1847 1746 propositum

1058 1756 1087 1774 se
1099 1748 1190 1774 retulit
1203 1752 1283 1783 atque
1296 1749 1435 1775 conclusit.
1451 1748 1496 1775 Illa
1511 1753 1598 1775 autem
1612 1748 1692 1774 altera
1706 1756 1849 1784 argumen-

1059 1785 1122 1812 tatio
1142 1786 1219 1820 quasi
1242 1790 1310 1812 retro
1331 1790 1357 1812 et
1373 1790 1472 1817 contra,
1492 1786 1567 1821 prius
1585 1786 1676 1817 sumit,
1696 1793 1765 1820 quae
1778 1785 1846 1816 vult,

1058 1831 1142 1857 eaque
1155 1822 1305 1855 confirniat3
1327 1822 1423 1849 deinde
1436 1822 1472 1853 id,
1485 1822 1557 1858 quod
1571 1823 1773 1857 proponendum
1787 1821 1846 1853 fuit.

1059 1860 1186 1895 permotis
1199 1860 1296 1886 animis
1309 1860 1371 1887 iacit
1384 1860 1417 1886 ad
1430 1864 1589 1886 extremum.
1606 1861 1647 1886 47.
1657 1859 1704 1886 Est
1714 1860 1792 1886 etiam
1802 1859 1848 1886 illa

1058 1898 1170 1923 varietas
1184 1897 1212 1923 in
1225 1897 1436 1932 argumentando
1448 1901 1473 1923 et
1483 1905 1534 1923 non
1546 1896 1690 1923 iniucunda
1701 1896 1846 1928 distinctio,

1058 1939 1095 1965 ut,
1115 1943 1201 1969 quum
1219 1935 1415 1970 interrogamus
1434 1938 1537 1960 nosmet
1555 1934 1628 1969 ipsos
1648 1938 1694 1960 aut
1711 1938 1849 1969 perconta-

1058 1980 1118 1998 mur
1141 1975 1186 1997 aut
1204 1972 1368 2006 imperamus
1391 1976 1436 1998 aut
1458 1975 1590 2006 optamus,
1611 1979 1679 2006 quae
1701 1975 1765 1998 sunt
1785 1979 1848 1998 cum

1057 2008 1117 2035 aliis
1139 2008 1324 2043 compluribus
1347 2009 1539 2035 sententiarum
1566 2012 1728 2035 ornamenta.
1762 2008 1848 2035 Vitare

1057 2051 1145 2072 autem
1163 2045 1368 2072 similitudinem
1388 2046 1542 2080 poterimus,
1564 2054 1616 2072 non
1633 2053 1739 2081 semper
1755 2053 1770 2072 a
1787 2054 1848 2081 pro-

1058 2084 1144 2118 posito
1156 2083 1303 2115 ordientes,
1328 2088 1354 2109 et
1367 2084 1390 2109 si
1409 2091 1459 2109 non
1473 2083 1562 2109 omnia
1579 2082 1741 2118 disputando
1753 2083 1849 2110 confir-

1057 2121 1192 2147 mabimus
1218 2120 1387 2155 breviterque
1412 2120 1561 2151 interdum,
1589 2128 1658 2155 quae
1682 2124 1760 2146 erunt
1783 2120 1848 2146 satis

1057 2162 1154 2193 aperta,
1175 2165 1320 2192 ponemus;
1351 2157 1478 2192 quodque
1499 2165 1534 2184 ex
1555 2157 1597 2184 his
1615 2156 1753 2188 efficietur,
1777 2157 1800 2183 si
1819 2157 1848 2183 id

1057 2199 1177 2230 apertum
1191 2195 1235 2225 sit,
1251 2203 1304 2221 non
1318 2195 1478 2221 habebimus
1491 2202 1600 2221 necesse
1616 2202 1722 2229 semper
1739 2193 1848 2221 conclu-

1057 2232 1128 2259 dere.

1112 2269 1182 2295 XIV.
1199 2270 1239 2295 48.
1255 2269 1284 2295 C.
1300 2269 1329 2295 F.
1349 2268 1438 2301 Quid‘?
1456 2268 1511 2299 illa,
1530 2276 1600 2304 quae
1615 2268 1674 2294 sine
1687 2272 1742 2294 arte
1755 2267 1848 2303 appel-

1058 2306 1153 2337 lantur,
1173 2315 1242 2341 quae
1259 2306 1418 2333 iamdudum
1432 2310 1568 2340 assumpta
1581 2305 1684 2335 dixisti,
1699 2313 1846 2340 ecquonam

1057 2343 1144 2374 modo,
1160 2352 1307 2378 ecquonam
1322 2343 1379 2370 loco
1391 2344 1455 2370 artis
1469 2341 1606 2378 indigent?
1629 2341 1658 2368 C.
1674 2342 1703 2368 P.
1724 2342 1771 2368 llla
1785 2350 1847 2369 vero

1056 2381 1185 2416 indigent,
1210 2389 1258 2407 nec
1280 2389 1310 2407 eo
1332 2381 1459 2407 dicuntur
1480 2380 1538 2406 sine
1555 2383 1618 2410 arte.
1638 2379 1710 2413 quod
1723 2379 1760 2405 ita
1772 2384 1844 2409 sunt,

1056 2418 1103 2444 sed
1117 2418 1190 2453 quod
1203 2426 1233 2444 ea
1247 2426 1299 2444 non
1313 2418 1382 2452 parit
1394 2417 1503 2444 oratoris
1516 2425 1567 2446 ars,
1580 2415 1628 2442 sed
1642 2415 1706 2442 soris
1719 2415 1753 2442 ad
1761 2424 1791 2442 se
1799 2415 1847 2442 d&

1057 2455 1107 2481 lata
1122 2459 1209 2481 tamen
1220 2460 1274 2481 arte
1284 2459 1384 2486 tractat,
1395 2459 1421 2480 et
1431 2453 1547 2480 maxime
1556 2454 1583 2479 in
1595 2453 1719 2479 testibus.
1730 2453 1846 2480 49.Nam

1057 2497 1082 2519 et
1095 2492 1128 2518 de
1142 2497 1194 2518 toto
1207 2500 1304 2528 genere
1315 2492 1521 2525 testium,quam
1530 2490 1558 2516 id
1568 2491 1603 2516 sit
1613 2489 1847 2525 infirmum,saepe

1056 2528 1200 2556 dicendum
1214 2533 1262 2560 est,
1270 2533 1297 2555 et
1309 2532 1464 2564 argumenta
1477 2535 1566 2553 rerum
1580 2535 1639 2553 esse
1649 2527 1847 2562 propria‚testi-

1056 2567 1144 2593 monia
1162 2566 1344 2598 voluntatum;
1371 2564 1555 2599 utendumque
1572 2569 1613 2590 est
1628 2563 1768 2599 exemplis,
1784 2565 1847 2599 qui-

1056 2604 1108 2630 bus
1121 2603 1235 2630 testibus
1248 2603 1378 2629 creditum
1393 2610 1444 2628 non
1454 2602 1501 2633 sitg
1517 2606 1542 2628 et
1553 2601 1585 2628 de
1594 2601 1710 2637 singulis
1720 2601 1843 2631 testibus,

1056 2641 1079 2667 si
1099 2645 1191 2666 natura
1206 2641 1276 2671 vani,
1296 2640 1319 2666 si
1333 2639 1414 2670 leves,
1429 2639 1454 2664 si
1467 2646 1529 2664 cum
1542 2638 1696 2674 ignominia,
1712 2639 1736 2665 si
1749 2646 1806 2673 spe,
1821 2639 1845 2664 si
