1941 3052
232 120 280 143 013ss
816 117 869 140 ¹08.
903 115 936 140 M.

233 187 362 222 (Iupitulio
381 188 456 220 signa
478 191 554 215 mint,
579 187 603 211 in
622 185 690 211 Urbe
715 185 814 211 milites
831 189 973 218 vagantur,
997 185 1023 210 in

233 227 332 259 Campo
352 229 436 249 castra
454 227 602 256 ponuntur,
624 227 649 248 et
666 221 738 247 ltalia
753 226 804 248 tota
822 221 975 254 legionibus
991 221 1023 246 ad

234 262 382 288 litu-runnu·
405 265 520 286 nostrum
535 260 708 293 conscriptis,
725 259 757 285 nd
769 259 926 285 servitutem
938 258 1025 285 addu-

232 301 295 328 vus,
323 298 497 332 equitatuque
519 301 669 322 exterarum
692 297 828 322 nationum
855 295 1024 330 distineturz)

232 336 324 361 coslam
348 335 396 360 tibi
414 335 438 359 in
457 335 604 368 praesentia
621 333 689 365 foro,
710 334 783 359 curia
805 338 829 359 et
844 333 1024 359 sanctissimis

232 374 342 398 ili-orum
355 370 545 397 immortalium
559 370 678 405 templis,
703 371 846 405 inquibtm,
860 371 1025 396 reviviscen-

233 416 256 436 ts·
274 410 324 434 iam
342 408 471 438 libertate,
488 407 586 434 deinde
603 416 696 434 rursus
707 417 844 442 oppressa,
862 413 971 434 senatus
983 408 1025 433 ni-

233 446 269 472 liil
285 445 443 476 consulitur,
458 445 533 471 timet
544 445 636 475 multa,
650 446 794 471 assentitur
804 446 904 471 omnia.
926 447 951 471 2.
965 446 1025 470 l’ost
1046 475 1047 478 Ἴ

232 484 310 509 (etiam
328 482 431 517 paullo,
455 482 620 517 temporibus
643 483 676 508 ita
694 482 905 517 postulantibus.
931 482 1024 508 cedam
1046 493 1054 519 ’ἰ

233 520 315 550 Urbe,
338 529 420 554 quam
437 528 484 554 per
495 529 535 546 me
547 524 729 546 conservatam
739 541 744 550 ,
763 525 790 546 ut
800 525 870 546 esset
883 519 964 546 libera
974 540 979 549 ,
997 520 1023 545 in

231 558 360 583 servitute
374 557 464 582 videre
475 566 525 583 non
539 562 637 591 potero.
663 557 760 583 (ledam
774 557 836 587 vita,
849 566 917 592 quae
929 565 1025 591 quam·
1045 584 1047 592 Α

232 603 312 629 quani
334 594 447 620 sollicita
464 599 517 624 est,
536 599 622 620 tamen
632 615 637 624 ‚
656 595 679 620 si
692 594 829 629 profutura
841 599 881 620 est
893 593 1025 628 reipubli-

232 641 291 662 cae,
311 631 378 658 bona
393 640 440 666 spe
453 632 615 666 posteritatis
627 640 668 657 me
679 631 844 663 consolatur,
868 640 920 666 qua
932 631 1025 657 subla-

233 675 270 699 ta,
293 677 344 695 non
356 668 510 695 dubitanter
520 668 638 695 occidam
648 689 653 698 .
670 674 748 703 atque
761 669 795 695 ita
807 669 899 695 cedam
909 690 914 699 ,
933 673 961 695 ut
973 668 1026 694 for·
1053 665 1054 695 Ῐ

233 712 295 732 tuna
312 705 413 732 iudicio
429 714 500 736 meo,
524 715 575 732 non
591 707 698 732 animus
716 706 782 732 mibi
799 706 918 732 defuisse
933 706 1026 732 videa—

233 748 285 770 tur.
324 742 394 769 Illud
411 751 486 773 vero,
504 743 576 777 quod
591 748 616 769 et
631 744 779 777 praesentis
793 748 834 770 est
843 743 942 769 doloris
955 743 1026 769 indi-

232 781 306 807 cium
326 785 352 806 et
373 781 528 814 praeteritae
550 780 664 807 iniuriae
686 781 868 807 testimonium
889 785 914 807 et
929 780 1026 806 absen-

232 819 300 844 tium
323 826 420 843 sensus
438 818 612 853 significatio,
636 827 687 844 non
709 819 929 852 praetermittam,
947 818 1023 852 quin,

232 855 361 889 quoniam
376 863 464 881 coram
482 855 508 880 id
524 854 608 881 facere
621 855 776 889 prohibeor,
800 855 897 881 absens
909 856 1023 890 prosim:

233 892 370 927 siquidem
391 901 450 918 mea
471 892 545 917 salus
568 898 613 918 aut
629 892 703 919 utilis
722 892 886 926 reipublicae
905 897 958 923 est,
981 896 1027 918 aut

233 930 373 955 coniuncta
388 934 458 956 certe
471 929 595 964 publicae
607 929 698 956 saluti.
731 930 807 960 Nam,
821 938 868 964 per
881 929 961 956 deum
975 930 1026 955 im-

231 966 386 993 mortalium
399 966 492 997 iidem,
515 967 577 1001 (nisi
590 966 654 993 forte
667 966 763 993 frttstra
775 976 819 993 eos
831 967 944 1001 appello,
958 976 1027 1002 quo-

233 1012 293 1030 rum
315 1013 393 1030 aures
408 1008 487 1038 atque
504 1004 611 1030 animus
627 1013 640 1030 a
652 1004 729 1031 nobis
741 1004 909 1039 abhorrent,)
925 1012 1026 1039 perque

234 1041 366 1067 fortunam
387 1040 480 1075 populi
501 1042 626 1073 Romani,
648 1041 740 1076 (quae,
763 1050 928 1077 quamquam
949 1042 1027 1068 nobis

233 1078 329 1105 infesta
340 1082 388 1109 est,
403 1078 453 1104 fuit
464 1078 609 1113 aliquando
620 1079 734 1113 propitia
749 1084 783 1109 et,
797 1084 826 1105 ut
836 1088 924 1114 spero,
938 1078 1026 1105 futura

232 1115 294 1150 est,)
313 1116 376 1150 quis
392 1120 444 1142 tam
461 1124 558 1150 expers
575 1116 762 1148 humanitatis,
779 1117 842 1151 quis
857 1117 939 1143 huius
951 1116 1027 1142 urbis

234 1153 337 1179 nomini
352 1161 381 1178 ac
401 1152 512 1179 sedibus
528 1162 615 1188 usque
631 1153 696 1180 adeo
711 1158 751 1180 est
768 1154 910 1184 inimicus,
934 1158 963 1180 ut
978 1155 1026 1180 ista

233 1195 278 1216 aut
298 1189 470 1216 dissimulare
486 1191 572 1224 possit
595 1195 640 1217 aut
655 1199 706 1217 non
720 1190 819 1222 dolere,
838 1196 895 1221 aut,
913 1191 936 1217 si
953 1191 1026 1217 nulla

233 1228 333 1253 ratione
344 1227 462 1261 publicis
475 1227 651 1254 incommodis
663 1228 765 1254 mederi
776 1233 865 1263 queat,
879 1236 931 1255 non
944 1233 1026 1254 morte

234 1265 372 1299 proprium
392 1263 544 1298 periculum
556 1264 638 1291 vitet?
667 1267 691 1291 3.
709 1266 786 1296 Nam,
800 1270 829 1291 ut
839 1265 929 1292 ordiar
939 1265 973 1292 ab
986 1266 1028 1292 in-

234 1302 293 1332 itio,
316 1306 342 1327 et
356 1301 503 1336 perducam
514 1301 547 1328 ad
558 1306 723 1333 extremum,
740 1307 766 1329 et
777 1303 925 1329 novissima
936 1302 1028 1329 confe-

234 1348 289 1364 ram
300 1339 396 1373 primis
404 1359 410 1370 ,
432 1347 501 1373 quae
513 1348 565 1366 non
580 1340 711 1374 posterior
721 1340 780 1366 dies
791 1340 911 1366 acerbior
922 1339 1028 1375 priore‘?

232 1381 258 1402 et
277 1384 346 1410 quae
362 1384 414 1402 non
430 1376 576 1410 insequens
592 1377 655 1403 hora
666 1377 837 1404 antecedente
847 1377 1028 1404 calamitosior

232 1413 332 1447 populo
348 1413 465 1440 Romano
479 1413 587 1440 illuxit?
615 1415 650 1440 M.
668 1415 809 1446 Antonius,
823 1416 865 1441 vir
875 1415 958 1441 animi
969 1423 1028 1441 ma·-

233 1451 308 1480 ximi,
321 1450 434 1486 (utinam
446 1451 526 1477 etiam
537 1452 668 1486 sapientis
677 1452 785 1478 consilii
797 1451 948 1488 fuisset!)C.
961 1452 1027 1479 Cae-

233 1496 291 1514 sare
303 1486 457 1519 fortissime,
471 1488 518 1515 sed
530 1497 626 1523 parum
641 1488 762 1520 feliciter,
775 1498 789 1515 a
801 1489 967 1524 reipublicae
978 1490 1028 1516 do-

233 1525 379 1552 minatione
389 1530 532 1558 summoto,
540 1527 712 1561 concupierat
723 1527 810 1562 magis
821 1528 936 1563 regium,
944 1536 1026 1562 quam

234 1562 317 1588 libera
337 1563 433 1589 civitas
453 1564 508 1597 pati
523 1568 626 1598 posset,
649 1565 842 1599 principatum.
887 1564 1027 1591 Publicam

233 1598 400 1634 dilapidabat
410 1601 564 1634 pecuniam,
577 1602 710 1627 aerarium
721 1601 906 1633 exhauriebat,
920 1602 1028 1628 minue-

233 1637 278 1663 bat
299 1636 453 1672 vectigalia,
480 1637 597 1664 donabat
616 1639 752 1665 civitates:
783 1647 817 1665 ex
836 1640 1027 1665 commentario

233 1673 392 1700 dictaturam
412 1674 534 1710 gerebat,
573 1675 646 1711 leges
667 1676 834 1710 imponebat,
866 1676 1028 1711 prohibebat

233 1711 389 1737 dictatorem
404 1712 488 1738 creari
503 1711 658 1747 plebiscito,
682 1713 740 1747 ipse
752 1714 880 1748 regnabat
892 1714 918 1740 in
929 1722 1028 1740 consu-

234 1747 300 1780 latu;
325 1749 476 1782 provincias
491 1758 562 1775 unus
572 1758 666 1776 omnes
679 1750 866 1784 concupiebat.
906 1750 956 1777 Cui
970 1759 1028 1776 sor-

233 1785 313 1811 debat
323 1785 476 1812 Macedonia
488 1787 636 1821 provincia,
648 1795 731 1821 quam
743 1788 827 1814 victor
837 1788 891 1813 sibi
902 1796 1028 1822 sumpse-

233 1827 273 1849 rat
291 1822 400 1854 Caesar,
423 1823 490 1858 quid
512 1823 545 1850 de
562 1823 611 1850 hoc
626 1832 734 1858 sperare
748 1829 794 1850 aut
808 1829 964 1859 exspectare
978 1833 1026 1850 nos

233 1859 388 1893 oportebat?
425 1861 449 1886 4.
470 1860 605 1886 Exstitisti
617 1865 644 1887 tu
656 1860 757 1887 vindex
768 1866 872 1888 nostrae
884 1861 1024 1892 libertatis,

233 1901 263 1922 ut
274 1901 336 1922 tunc
347 1896 467 1931 quidem,
487 1898 614 1932 optimus,
632 1897 714 1932 (quod
725 1898 828 1924 utinam
839 1907 927 1933 neque
938 1903 1026 1925 nostra

234 1942 281 1959 nos
305 1933 409 1967 opinio,
436 1942 523 1969 neque
548 1939 592 1960 tua
618 1934 684 1960 fides
709 1934 875 1971 fefellissetl)
904 1940 930 1962 et
953 1940 1027 1962 vete-

233 1970 305 1996 ranis
321 1971 348 1996 in
359 1979 444 1996 unum
455 1971 604 2002 conductis,
622 1976 647 1998 et
657 1971 764 1998 duabus
776 1971 929 2008 legionibus
940 1982 954 1999 a
965 1981 1027 2007 per-

234 2007 303 2033 nicie
322 2008 422 2041 patriae
437 2007 471 2034 ad
486 2007 601 2034 salutem
619 2009 750 2039 avocatiS,
771 2009 861 2036 subito
876 2018 958 2044 prope
973 2011 1025 2036 iam

233 2044 353 2070 affectam
372 2053 402 2070 ac
416 2050 575 2079 prostratam
591 2045 787 2080 rempublicam
801 2047 855 2073 tuis
865 2047 964 2081 opibus
978 2056 1027 2073 ex-

233 2081 330 2108 tulisti.
370 2081 442 2114 Quae
459 2082 509 2108 tibi
525 2091 577 2109 non
588 2087 661 2114 ante.
679 2091 761 2118 quam
777 2083 941 2118 postulares3
969 2093 1027 2110 ma-

233 2119 297 2149 iora,
311 2127 392 2153 quam
405 2119 501 2145 velles:
524 2119 616 2154 plura,
634 2128 715 2155 quam
727 2129 858 2155 sperares,
876 2121 973 2148 detulit
983 2130 1027 2148 se-

233 2155 329 2181 natus?
358 2155 435 2182 Dedit
454 2155 553 2187 fasces,
575 2161 605 2183 ut
618 2166 680 2183 cum
692 2159 846 2184 auctoritate
857 2158 1025 2186 defensorem

233 2192 355 2224 haberet,
379 2201 430 2219 non
446 2198 475 2220 ut
486 2194 599 2228 imperio
610 2203 638 2220 se
650 2194 793 2221 adversum
807 2200 930 2222 armaret.
969 2196 1026 2230 Ap-

232 2230 344 2264 pellavit
364 2231 564 2265 imperatorem,
588 2231 706 2257 hostium
727 2233 846 2259 exercitu
861 2233 953 2267 pulso,
977 2234 1025 2259 tri—

233 2267 318 2293 buens
335 2267 476 2299 honorem,
498 2276 550 2294 non
567 2273 595 2294 ut
605 2277 654 2294 sua
663 2269 744 2295 caede
755 2278 849 2296 caesus
860 2269 905 2296 ille
916 2269 1024 2305 fugiens

231 2305 365 2330 exercitus
389 2309 414 2331 te
438 2306 587 2332 nominaret
607 2306 804 2340 imperatorem.
853 2308 976 2334 Decrevit
997 2308 1024 2334 in

229 2340 288 2368 foro
307 2345 431 2373 statuam,
455 2341 542 2369 locum
563 2343 590 2368 in
610 2348 714 2374 senatu,
736 2352 875 2370 summum
896 2344 1023 2371 honorem

229 2383 291 2405 ante
307 2383 423 2413 tempus.
454 2381 479 2406 5.
502 2379 532 2405 Si
542 2379 609 2414 quid
620 2379 694 2406 aliud
703 2385 756 2411 est,
773 2381 846 2415 quod
857 2381 916 2407 dari
926 2382 1021 2416 possit,

229 2415 320 2442 addat.
360 2415 432 2448 Quid
452 2416 526 2442 aliud
549 2421 589 2442 est
604 2417 705 2448 maius,
722 2418 795 2452 quod
811 2417 879 2444 velis
898 2418 1024 2445 sumere‘?

229 2451 277 2479 Sin
295 2457 384 2479 autem
400 2462 481 2488 supra
492 2458 618 2485 aetatem,
635 2463 717 2489 supra
727 2455 962 2487 consuetudinem,
975 2464 1023 2482 su-

230 2497 277 2523 pra
299 2490 379 2516 etiam
394 2490 581 2518 mortalitatem
596 2495 670 2517 tuam
686 2491 736 2518 tibi
752 2497 815 2519 sunt
829 2493 919 2519 omnia
934 2493 1024 2519 tribu-

230 2529 267 2551 ta:
301 2534 349 2552 cur
363 2532 409 2554 aut
423 2528 544 2563 ingratus
558 2528 715 2559 crudeliter,
733 2533 778 2555 aut
789 2529 930 2556 immemor
939 2530 1023 2556 bene-

230 2562 284 2588 ficii
301 2563 427 2590 scelerate
442 2565 644 2592 circumscribis
661 2565 802 2592 senatum?
839 2566 898 2598 Quo
909 2571 934 2593 te
945 2568 1024 2593 misi·

230 2598 308 2640 mus?
335 2608 349 2626 a
364 2601 466 2635 quibus
481 2602 640 2629 reverteris?
659 2607 749 2629 contra
759 2611 828 2638 quos
839 2603 1023 2631 armavimus?

229 2636 334 2670 quibus
345 2645 416 2664 arma
428 2639 529 2675 cogitas
541 2637 657 2667 inferre?
676 2648 690 2666 a
701 2640 803 2675 quibus
813 2641 962 2668 exercitum
973 2641 1023 2668 ab·

1053 602 1055 608 ’
1078 600 1182 629 partum
1204 603 1314 620 aureum
1336 604 1394 620 esse
1405 595 1473 621 dixi.

969 115 997 140 T.
1029 115 1279 141 cttltilttixts'

1050 195 1053 219 1
1075 185 1171 210 alm-is?
1190 190 1214 210 et
1225 194 1293 220 quos
1305 186 1434 212 advenum
1445 187 1529 212 aciem
1543 188 1642 213 struis?
1661 187 1714 212 Cur
1729 187 1812 213 hostis
1824 196 1864 214 re-

1052 223 1053 260 l
1077 222 1225 256 linquitur‘!
1253 224 1321 248 rivis
1338 223 1420 249 hostin
1435 223 1491 249 loc-0
1502 226 1627 258 militur?
1654 230 1796 250 curi-antra
1809 233 1864 251 me·

1052 268 1053 297 i
1075 259 1120 284 din
1142 260 1235 285 itinere
1252 259 1358 291 longius
1368 260 1581 287 adversariorum
1595 262 1702 290 castris,
1720 267 1744 286 et
1755 262 1866 296 propius

1077 296 1173 322 Urbem
1187 297 1345 322 moventur?
1373 299 1398 323 6.
1420 298 1442 322 t)
1457 306 1499 323 me
1515 307 1661 333 numquam
1677 304 1824 333 sapie-ntem
1841 303 1867 325 et

1052 350 1054 366 ,
1076 333 1221 368 aliquando
1238 334 1277 364 id,
1299 334 1371 368 qumi
1387 343 1438 360 non
1450 343 1536 365 eram,
1559 334 1654 361 frustra
1666 336 1864 361 existimatum!

1052 373 1054 401 ζ
1076 372 1210 402 Quantum
1228 376 1265 400 te,
1285 371 1382 405 popule
1401 372 1530 400 llomane,
1548 372 1581 397 de
1598 381 1640 398 me
1655 372 1748 398 fefellit
1758 373 1864 407 opinio!

1076 410 1098 433 t)
1120 417 1204 434 meant
1216 408 1396 434 calamitosam
1409 418 1438 434 ae
1450 410 1622 443 praecipitent
1639 411 1816 435 senectutem!
1845 410 1867 435 0

1077 450 1181 479 turpem
1193 451 1284 471 exacta
1296 445 1468 480 dementique
1481 451 1563 472 aetate
1574 447 1712 472 canitiem}
1750 447 1805 478 Ego
1819 455 1867 481 pa-

1077 488 1129 508 tres
1143 483 1308 517 conscriptos
1324 483 1356 508 ad
1373 483 1546 517 parricidium
1565 483 1672 509 induxi:
1698 492 1748 519 ego
1759 492 1867 518 rempu-

1078 520 1174 546 blicam
1197 520 1293 546 fefelli:
1326 529 1376 553 ego
1398 521 1454 555 ipse
1466 526 1587 546 senatum
1603 520 1655 546 sibi
1669 529 1764 546 manus
1775 521 1867 546 atra-m·

1076 558 1165 591 coc-gi,
1192 566 1276 592 quum
1303 563 1326 583 te
1352 559 1493 583 tunonium
1515 566 1628 592 puerum
1650 563 1675 583 et
1695 558 1787 583 matri»
1807 563 1867 584 tuae

1518 596 1551 621 At
1572 600 1595 620 te
1612 594 1661 620 fata
1679 595 1778 629 patriae
1793 595 1867 621 Pari-

1077 632 1137 657 dem
1156 632 1274 658 futurum
1292 632 1493 666 praedicebant,
1512 632 1559 666 qui
1577 637 1693 658 vastares
1710 632 1807 658 Urbem
1826 632 1868 657 in-

1077 670 1185 697 cendio.
1205 669 1304 695 ltaliam
1322 669 1404 699 bello,
1427 670 1474 704 qui
1490 674 1575 695 castra
1591 670 1617 695 in
1633 669 1740 703 templis
1755 669 1866 695 deorum

1078 706 1283 737 immortalium,
1310 711 1432 732 senatum
1459 707 1485 732 in
1505 707 1600 732 castris
1621 706 1762 732 habiturus
1782 714 1866 731 esses.

1077 745 1101 770 7.
1117 745 1139 770 (J
1155 745 1294 774 miseram,
1312 749 1337 770 et
1349 744 1374 770 in
1388 743 1463 769 brevi
1476 748 1527 769 tarn
1539 743 1652 769 celerem
1665 748 1753 770 ettam
1766 744 1867 769 variam

1077 781 1242 816 reipublicae
1253 782 1501 807 commutationem!
1524 781 1653 813 Quisnam
1661 780 1706 807 tali
1715 780 1867 807 futurusin-

1077 819 1158 853 genio
1168 823 1221 849 est,
1238 819 1286 853 qui
1301 819 1384 853 possit
1397 818 1461 844 haec
1479 819 1512 844 ita
1524 818 1649 844 mandare
1663 818 1771 847 litteris,
1789 821 1817 843 ut
1829 816 1868 842 fa-

1077 861 1128 886 cta,
1142 864 1192 882 non
1210 856 1268 882 ficta
1285 856 1428 881 videantur
1442 855 1520 881 esse‘?
1550 855 1617 887 Quis
1633 856 1682 881 erit
1698 860 1768 881 tanta
1784 854 1866 880 animi

1079 893 1216 922 facilitate,
1239 894 1300 928 qui,
1324 901 1392 927 quae
1415 893 1555 918 verissime
1577 893 1703 918 memoria
1724 896 1867 926 propagata

1079 930 1190 960 fuerint,
1209 938 1260 956 non
1282 930 1388 956 fabulae
1404 931 1504 956 similia
1522 931 1556 956 sit
1571 928 1794 956 existimaturus‘?
1817 929 1868 955 Co-

1077 969 1131 1003 gita
1143 968 1214 994 enim
1227 968 1372 993 Antonium
1385 967 1486 993 hostem
1499 967 1656 996 iudicatum,
1670 966 1704 992 ab
1714 967 1868 992 eocircum-

1078 1014 1183 1031 sessum
1195 1005 1333 1031 consulem
1345 1004 1530 1039 designatum,
1543 1004 1724 1038 eumdemque
1736 1003 1868 1037 reipubli-

1078 1051 1123 1068 cae
1144 1047 1295 1077 parentem:
1329 1047 1353 1068 te
1374 1041 1521 1076 profectum
1542 1041 1575 1067 ad
1591 1041 1729 1067 consulem
1752 1040 1868 1066 liberan-

1078 1080 1143 1105 dum
1159 1084 1184 1106 et
1201 1079 1302 1105 hostem
1317 1079 1540 1113 opprimendum.
1559 1078 1718 1113 hostemque
1729 1087 1742 1103 a
1755 1083 1779 1103 te
1791 1076 1869 1113 fuga-

1079 1121 1145 1147 tum,
1159 1122 1184 1143 et
1195 1116 1332 1142 consulem
1344 1116 1484 1142 obsidione
1498 1116 1654 1142 liberatum:
1677 1115 1775 1141 deinde
1790 1113 1869 1149 paul-

1079 1153 1104 1179 lo
1120 1158 1179 1188 post
1195 1153 1316 1189 fugatum
1333 1153 1410 1179 illum
1427 1153 1531 1179 bostem
1545 1154 1716 1182 arcessitum,
1731 1157 1869 1187 tamquam

1079 1190 1238 1217 coheredem
1255 1195 1358 1217 mortua
1374 1190 1512 1225 republica
1524 1190 1557 1216 ad
1569 1190 1636 1216 bona
1649 1188 1743 1225 populi
1757 1189 1868 1215 Romani

1078 1228 1219 1263 rapienda;
1251 1228 1389 1254 consulem
1411 1227 1581 1263 designatum
1603 1235 1710 1253 rursum
1731 1226 1867 1252 inclusum

1078 1275 1121 1297 eo,
1140 1265 1187 1292 ubi
1198 1273 1227 1291 se
1239 1274 1290 1292 non
1303 1265 1454 1295 moenibus,
1467 1265 1514 1291 sed
1526 1264 1685 1291 fluminibus
1695 1268 1721 1290 et
1731 1263 1869 1290 montibus

1078 1308 1206 1330 tueretur.
1247 1303 1316 1329 llaec
1330 1303 1393 1337 quis
1408 1302 1548 1329 conabitur
1558 1300 1710 1337 exponere?
1737 1302 1800 1336 quis
1811 1308 1870 1327 cre-

1077 1341 1140 1367 dere
1156 1339 1284 1367 audebit‘?
1309 1339 1387 1366 liceat
1401 1339 1484 1366 semel
1500 1340 1611 1374 impune
1623 1347 1760 1374 peccasse3
1782 1339 1816 1364 sit
1827 1346 1870 1364 er-

1079 1378 1146 1405 ranti
1168 1377 1302 1404 medicina
1321 1377 1464 1404 confessio.
1505 1379 1529 1403 8.
1550 1377 1650 1403 Verum
1671 1376 1742 1402 enim
1763 1375 1866 1401 dicam:

1078 1416 1182 1442 utinam
1198 1420 1222 1442 te
1237 1416 1340 1450 potius,
1358 1415 1469 1445 Antoni,
1486 1414 1626 1440 dominum
1646 1422 1698 1440 non
1716 1413 1870 1448 expulisse-

1079 1462 1148 1483 mus,
1157 1461 1238 1488 quam
1251 1452 1323 1478 hunc
1335 1452 1528 1487 reciperemus!
1542 1460 1594 1478 non
1605 1459 1658 1486 quo
1665 1451 1719 1477 ulla
1731 1451 1765 1476 sit
1775 1455 1870 1484 optan-

1078 1491 1111 1517 da
1127 1491 1257 1521 servitus,
1275 1490 1322 1516 sed
1337 1490 1402 1525 quia
1417 1489 1546 1525 dignitate
1562 1488 1665 1515 domini
1681 1489 1771 1514 minus
1783 1487 1869 1521 turpis

1078 1533 1118 1554 est
1134 1527 1239 1554 fortuna
1255 1528 1337 1553 servi.
1377 1528 1406 1553 In
1422 1526 1529 1553 duobus
1539 1531 1628 1553 autem
1640 1525 1718 1552 malis
1729 1533 1813 1560 quum
1827 1524 1870 1550 fu-

1078 1564 1208 1601 giendum
1224 1565 1312 1591 maius
1322 1565 1370 1595 sit,
1385 1564 1473 1590 levius
1483 1569 1524 1590 est
1534 1563 1700 1599 eligendum.
1722 1562 1770 1588 llle
1781 1567 1868 1588 tamen

1078 1611 1107 1629 ea
1121 1602 1256 1633 exorabat,
1270 1610 1339 1636 quae
1351 1601 1456 1628 volebat
1467 1601 1586 1628 auferre:
1608 1606 1636 1627 tu
1647 1605 1800 1634 extorques.
1822 1598 1869 1625 tlte

1078 1639 1172 1666 consul
1191 1640 1358 1674 provinciam
1378 1639 1497 1673 petebat:
1529 1644 1557 1665 tu
1573 1638 1695 1673 privatus
1705 1636 1866 1670 concupisti.

1078 1677 1125 1703 llle
1147 1676 1180 1703 ad
1200 1675 1332 1702 malorum
1347 1676 1462 1702 salutem
1479 1675 1579 1702 iudicia
1595 1673 1773 1703 constituebat
1789 1678 1814 1699 et
1831 1672 1868 1699 le-

1077 1722 1125 1749 ges
1138 1713 1250 1739 ferebat:
1273 1718 1301 1740 tu
1313 1713 1345 1739 ad
1360 1714 1507 1747 perniciem
1519 1713 1692 1747 optimorum.
1723 1710 1769 1737 Ille
1781 1719 1795 1736 a
1805 1719 1868 1737 san-

1078 1751 1161 1786 guine
1172 1755 1198 1777 et
1213 1750 1337 1777 incendio
1350 1758 1490 1776 servorum
1501 1749 1664 1784 Capitolium
1676 1748 1813 1774 tuebatur:
1840 1753 1867 1774 tu

1078 1796 1172 1814 cruore
1192 1792 1218 1814 et
1232 1786 1338 1813 flamma
1353 1792 1447 1813 cuncta
1466 1786 1555 1813 delere
1571 1787 1624 1812 vis.
1664 1785 1707 1815 Si,
1724 1785 1772 1820 qui
1788 1784 1867 1811 dabat

1078 1825 1232 1860 provincias
1247 1824 1340 1851 Cassio
1355 1829 1381 1851 et
1394 1825 1483 1850 Brutis
1499 1829 1525 1850 et
1540 1823 1595 1849 illis
1610 1822 1769 1849 custodibus
1781 1823 1868 1848 nomi-

1078 1863 1121 1888 nis
1136 1863 1233 1893 nostri,
1251 1861 1393 1897 regnabat:
1410 1861 1478 1896 quid
1494 1860 1585 1891 faciet,
1603 1861 1652 1895 qui
1662 1861 1744 1886 vitam
1756 1858 1868 1886 adimit?

1077 1899 1114 1930 si,
1128 1899 1177 1934 qui
1187 1908 1221 1925 ex
1234 1899 1304 1925 Urbe
1315 1898 1453 1929 eliciebat,
1469 1903 1598 1934 tyrannus
1609 1901 1677 1928 erat,
1702 1905 1783 1931 quem
1796 1896 1867 1923 hunc

1079 1945 1214 1966 vocemus,
1227 1937 1276 1971 qui
1287 1945 1319 1962 ne
1331 1935 1419 1962 locum
1425 1935 1537 1970 quidem
1544 1933 1774 1969 reliquitexsilio‘?
1784 1934 1868 1960 9.1ta-

1077 1982 1130 2008 que
1142 1973 1306 2008 siquidillae
1313 1974 1445 1999 maiorum
1451 1977 1603 1999 nostrorum
1609 1971 1730 2006 sepultae
1736 1970 1866 2006 reliquiae

1077 2012 1200 2045 sapiunt,
1220 2011 1244 2036 si
1260 2019 1312 2037 non
1323 2018 1376 2036 una
1391 2019 1455 2037 cum
1470 2018 1579 2044 corpore
1595 2017 1692 2035 sensus
1706 2009 1794 2034 omnis
1813 2016 1867 2035 uno

1077 2053 1156 2083 atque
1172 2047 1267 2074 eodem
1280 2052 1456 2082 consumptus
1467 2051 1508 2073 est
1518 2047 1588 2082 igni:
1611 2045 1678 2080 quid
1690 2045 1744 2071 illis
1755 2046 1867 2072 interro-

1076 2085 1218 2121 gantibus,
1235 2085 1302 2120 quid
1314 2090 1375 2121 agat
1384 2093 1457 2111 nunc
1469 2083 1588 2119 populus
1599 2083 1742 2113 Romanus,
1755 2090 1867 2117 respon—

1076 2122 1152 2148 debit
1171 2122 1270 2157 aliquis
1286 2127 1420 2152 nostrum,
1438 2122 1487 2156 qui
1505 2120 1646 2155 proximus
1657 2121 1685 2146 in
1697 2119 1770 2145 illam
1781 2123 1866 2145 aeter-

1077 2168 1139 2186 nam
1154 2159 1265 2186 domum
1276 2158 1449 2186 discesserit?
1471 2163 1516 2184 aut
1526 2166 1608 2192 quem
1619 2157 1751 2191 accipient
1763 2155 1796 2182 de
1807 2157 1865 2182 suis

1076 2197 1190 2231 posteris
1205 2197 1330 2223 nuntium
1342 2196 1383 2223 illi
1399 2200 1501 2223 veteres
1512 2195 1639 2225 Africani,
1653 2194 1772 2224 Maximi,
1786 2192 1867 2219 Paul-

1077 2234 1109 2265 li,
1123 2233 1282 2269 Scipiones?
1302 2234 1369 2269 quid
1379 2234 1412 2260 de
1423 2241 1472 2260 sua
1481 2233 1568 2267 patria
1578 2231 1697 2261 audient,
1710 2238 1791 2264 quam
1802 2238 1865 2265 spo—

1077 2271 1120 2298 liis
1132 2271 1333 2306 triumphisque
1343 2269 1520 2298 decorarunt?
1538 2269 1580 2296 An
1591 2276 1650 2294 esse
1660 2266 1805 2302 quemdam
1816 2275 1865 2294 an-

1075 2317 1124 2335 nos
1160 2317 1218 2335 xvu
1247 2313 1353 2340 natum,
1383 2310 1462 2335 cuius
1487 2317 1555 2334 avus
1578 2305 1659 2334 fuerit
1682 2305 1861 2339 argentarius,

1075 2345 1233 2380 astipulator
1247 2350 1334 2380 pater;
1358 2350 1470 2381 uterque
1484 2353 1548 2372 vero
1558 2342 1709 2379 precarium
1720 2347 1863 2375 quaestum

1076 2382 1180 2414 fecerit,
1197 2382 1246 2409 sed
1260 2383 1326 2409 alter
1340 2391 1428 2418 usque
1442 2382 1476 2409 ad
1486 2386 1663 2411 senectutem,
1678 2385 1770 2407 utnon
1782 2387 1862 2417 nega·

1074 2425 1127 2446 ret:
1161 2419 1228 2446 alter
1252 2428 1267 2446 a
1286 2420 1415 2454 pueritia,
1435 2424 1466 2446 ut
1485 2428 1538 2446 non
1553 2422 1643 2453 posset
1658 2425 1710 2443 non
1726 2417 1860 2444 confiteri:

1074 2465 1136 2483 eum
1148 2465 1235 2492 agere,
1248 2456 1549 2492 rapererempublicam,
1561 2453 1787 2486 cuinullavirtus,
1800 2454 1864 2481 nul—

1075 2493 1114 2520 lae
1131 2494 1200 2520 bello
1215 2494 1341 2520 subactae
1359 2499 1386 2520 et
1399 2493 1432 2520 ad
1444 2493 1588 2528 imperium
1599 2491 1740 2518 adiunctae
1751 2492 1863 2527 provin-

1073 2532 1129 2557 ciae
1137 2551 1143 2562 ,
1163 2530 1238 2557 nulla
1249 2531 1366 2567 dignitas
1377 2532 1509 2557 maiorum
1519 2528 1688 2555 conciliasset
1697 2537 1756 2555 eam
1768 2533 1862 2564 poten-

1073 2569 1147 2599 tiam,
1167 2567 1214 2594 sed
1230 2567 1314 2594 forma
1324 2576 1373 2602 per
1382 2567 1500 2594 dedecus
1515 2567 1658 2601 pecuniam
1670 2571 1695 2592 et
1705 2575 1802 2592 nomen
1813 2574 1862 2592 no—

1072 2605 1127 2631 bile
1151 2604 1362 2632 consceleratum
1391 2604 1561 2638 impudicitia
1585 2603 1718 2629 dedisset:
1757 2608 1861 2629 veteres

1072 2641 1232 2669 vulneribus
1251 2646 1278 2668 et
1299 2645 1383 2668 aetate
1401 2641 1534 2668 confectos
1553 2640 1670 2667 Iulianos
1689 2639 1859 2676 gladiatores,
