1941 3052
228 133 276 156 ¹020
794 128 850 153 ⁴02.
885 127 919 152 M.

229 206 269 219 nm·
283 202 340 219 xxi,
356 201 435 218 xxiii.
450 200 514 218 xxv.
527 197 553 216 ιΙι·
564 195 628 216 libri·
639 195 664 215 ιιΙ
675 195 794 216 Varronem
806 199 825 215 et
834 195 923 215 lli-ntum
935 194 1021 215 mtnm-
1043 197 1054 213 ¹¹.

228 234 263 254 di·
279 238 292 254 Χ
301 237 356 254 Mtt.
369 234 394 252 ilr-
407 232 471 252 lit-rin
481 233 507 251 ut·-
519 231 612 251 Fiuihun
624 231 732 251 Itu-mmm
743 234 763 250 rt
775 230 882 251 nrt-tntum
890 229 1022 250 nun-tumdt-
1051 225 1053 231 ⁴

229 268 345 292 »unlunmlin
359 271 416 288 ΧλιΔ
429 274 460 292 ¹¹1<
473 264 1024 286 ilc-lihruDulflhelln·inurit-‘ruloKale-untione
1044 263 1053 299 ll
1077 269 1209 305 intenjgo'
1233 269 1319 304 „mgis
1337 274 1360 295 lt:
1377 269 1403 295 'd
1421 269 1505 295 favere
1521 269 1675 305 dj'ige'nifl'
1692 279 1744 305 qua
1761 278 1868 304 semper

231 303 350 327 [lu-rinn-
371 305 418 322 ΧΙΙ.
438 305 495 321 xlx>
512 304 532 320 tt
547 301 574 320 tle
589 300 636 320 loro
653 299 675 320 ln
686 300 760 320 eedem
770 299 900 323 conluunt«,
912 299 1024 320 λι,1ν.ιίε
1044 290 1045 319 l

229 337 345 358 ficei-«mia
357 340 377 355 νι
389 335 452 356 uniti
463 336 547 354 (mione
560 338 633 355 xht't.

652 422 656 426 .
668 416 682 426 ι.
693 410 734 426 null.
748 410 802 428 70¹1.)
1044 359 1046 432 l

1044 434 1045 442 t

283 410 297 429 l.
322 411 351 427 ιΙιι
362 410 478 428 ‘suunt-uu,
490 410 563 426 (jn-»nn
577 409 607 426 IV.
619 416 649 425 ιω

412 452 580 478 CICERO
610 451 776 477 ATTICO
806 451 834 477 S.

288 492 309 515 l.
333 485 376 515 2¹le
389 490 543 515 Ciceronem
557 490 589 514 ita
602 489 748 523 scripsisti,
764 493 791 514 ut
804 497 890 522 neque
902 489 1023 513 severius

231 536 317 562 neque
330 527 503 561 temperatius
516 526 597 552 scribi
613 526 739 560 potuerit:
773 534 820 551 nec
833 526 928 558 magis,
941 533 1022 559 quum

229 564 458 599 ‹pienuidmodum
473 573 522 598 ego
535 564 651 589 maxime
664 563 770 588 vellem.
812 562 1023 588 prudentissime

230 603 309 628 etiam
327 601 359 627 ad
376 601 488 627 Tullios.
529 603 616 632 Quare
627 605 671 626 aut
684 601 732 626 ista
745 600 883 634 pronon-nt
894 604 938 625 aut
950 598 1022 625 aliud

230 647 352 672 agamus
393 639 417 664 ἓξ.
443 639 477 664 lte
495 639 606 672 pecunia
625 646 686 663 vero
703 637 780 662 video
796 646 808 662 a
822 642 845 663 te
859 645 965 662 onmem
981 636 1024 662 di-

232 672 369 708 ligentiam
386 675 508 701 adhiberi
527 675 567 700 vol
585 675 674 709 potius
691 675 742 700 iam
758 674 920 700 adhibitam:
951 673 1022 708 quod

230 710 366 743 sicilicis,
380 722 392 738 u
406 718 429 738 te
446 712 533 738 hortos
547 712 659 738 habebo.

232 750 410 784 possessionis
431 754 484 780 est,
507 749 578 784 quod
601 749 706 778 malim,
731 750 846 774 maxime
867 748 970 774 seilicet
989 748 1024 773 ob
1046 758 1047 766 ι

230 797 288 813 eam
301 796 432 817 caussam,
447 795 515 821 quae
527 791 650 820 suscepta
662 791 713 813 est:
737 787 816 812 cuius
828 786 1023 812 festinationem
1046 795 1047 815 l

233 825 300 851 mibi
317 824 401 853 tollis,
419 825 546 858 quoniam
559 823 591 849 (le
603 828 701 850 aestate
713 823 861 857 polliceris,
881 822 922 849 vel
935 824 1024 857 potius

233 863 344 896 recipis:
377 861 475 887 deiude
491 862 571 887 etiam
588 861 620 886 ad
636 862 792 894 mrnfli'nnnr
809 861 1024 894 maestitiamque

233 898 408 925 minuendam
425 898 492 924 nibil
509 898 576 924 milii
593 898 702 932 reperiri
716 903 800 932 potest
811 899 914 932 aptius:
946 898 1024 923 cuius
1046 915 1047 921 ,

233 937 271 963 rei
287 936 421 971 cupiditas
438 935 551 970 impellit
569 944 610 961 uic
626 935 773 962 interdum.
792 940 821 960 ut
833 941 855 960 te
869 935 966 961 hortari
979 943 1025 960 ve·
1046 940 1048 979 Ι

227 973 294 1000 ¹lim:
327 973 374 999 sed
392 981 434 999 me
450 973 507 1007 ipse
525 981 628 998 revoco.
670 973 726 998 Non
739 973 810 998 enim
826 972 932 999 dubito.
946 972 1022 1006 quin,
1047 982 1049 1000 γ

231 1010 304 1045 quod
317 1019 358 1036 me
371 1010 448 1036 valde
462 1009 530 1035 velle
543 1015 629 1044 putes.
645 1010 670 1035 in
682 1018 712 1035 co
725 1015 751 1035 tu
768 1018 809 1034 me
823 1008 1026 1043 ipsumcupidi-

233 1053 283 1074 tate
297 1048 398 1074 vincas
430 1048 520 1081 Itaque
534 1048 602 1073 istuc
617 1048 668 1072 iam
682 1055 728 1081 pro
741 1046 808 1072 sacto
820 1046 914 1072 habeo.
938 1046 1026 1072 3.1·1x-

232 1089 336 1119 specto,
359 1084 426 1119 quid
448 1085 506 1110 istis
528 1084 630 1118 placeat
645 1084 678 1109 (le
697 1083 808 1118 epistula
825 1084 857 1109 ad
873 1084 1023 1109 Caesarem.

233 1123 323 1148 Nicias
335 1127 368 1151 te,
383 1126 411 1148 ut
421 1121 509 1151 debet,
524 1126 602 1151 amat,
621 1121 847 1155 vehementerque
860 1125 902 1147 tua
915 1121 957 1147 sui
970 1129 1026 1146 me-

234 1160 316 1185 moria
341 1158 496 1185 delectatur.
537 1159 594 1193 Ego
622 1167 684 1183 vero
714 1158 881 1183 Peducaeum
905 1163 1025 1184 nostrum

233 1197 407 1222 vehementer
422 1196 516 1230 diligo.
559 1196 624 1221 Nam
641 1200 666 1221 et
682 1196 775 1230 quanti
790 1200 891 1229 patrem
905 1195 969 1222 feci.
988 1200 1027 1221 to-

233 1239 289 1259 tum
303 1234 328 1259 in
343 1234 426 1259 bunc:
450 1238 475 1259 et
486 1233 576 1267 ipsum
589 1242 635 1267 per
646 1241 674 1258 se
685 1241 769 1266 aeque
781 1241 848 1263 amo,
863 1232 1026 1267 atqueillum

233 1271 336 1297 amavi:
370 1275 394 1296 te
410 1278 473 1296 vero
490 1269 653 1304 plurimum,
671 1270 718 1304 qui
737 1269 785 1295 boc
800 1270 834 1296 ab
851 1275 963 1305 utroque
980 1278 1028 1295 no-

233 1313 319 1334 strum
337 1308 393 1333 lieri
410 1307 488 1333 velis.
530 1307 557 1333 Si
576 1307 665 1333 hortos
682 1307 834 1341 inspexeris
850 1312 875 1333 et
890 1307 957 1333 side
969 1308 1028 1341 epi-

233 1345 298 1371 stola
314 1345 454 1371 certiorem
470 1353 512 1370 me
529 1343 638 1375 ἱερεῖ-ις,
655 1344 763 1370 dederis
775 1344 857 1375 mibi,
875 1344 947 1379 quod
959 1344 991 1370 ad
1004 1349 1028 1370 te

233 1382 364 1408 scribam:
389 1383 430 1408 sin
444 1382 544 1412 minus,
558 1382 675 1408 scribam
688 1386 776 1408 tamen
788 1381 902 1417 aliquid.
943 1383 1029 1408 Num-

233 1428 315 1454 quam
330 1420 403 1446 enim
417 1419 512 1446 deerit.

287 1489 314 1509 ll.
344 1491 372 1513 (Iu
383 1491 499 1512 'tu-wintano,
509 1490 587 1508 caesar-.-
597 1491 629 1507 lv.
641 1496 677 1507 cns.
689 1497 704 1509 s.
716 1490 760 1508 coll.
771 1491 827 1513 709.)

420 1533 588 1560 CICERO
617 1532 783 1560 ATTICO
811 1533 838 1559 S.

290 1574 313 1597 t.
327 1569 436 1597 (iratior
446 1571 513 1596 mihi
525 1570 647 1597 celeritas
659 1576 712 1601 tua,
725 1579 807 1606 quam
818 1571 877 1605 ipsa
889 1579 941 1597 res.
957 1569 1029 1603 Quid

234 1609 307 1635 enim
319 1608 479 1644 indignius?
498 1608 549 1634 Sed
562 1608 613 1634 iam
626 1608 659 1634 ad
672 1609 720 1634 ista
732 1608 927 1639 obduruimus,
941 1612 967 1634 et
978 1607 1030 1633 hu-

235 1646 389 1672 manitatem
401 1654 508 1671 omnem
518 1646 655 1671 exuimus.
696 1646 767 1671 Tuas
780 1645 880 1672 litteras
892 1645 971 1671 hodie
982 1653 1030 1671 ex-

234 1683 403 1717 spectabam,
416 1682 485 1709 nihil
497 1683 624 1717 equidem
637 1687 666 1709 ut
676 1690 709 1708 ex
721 1683 754 1708 iis
767 1683 843 1708 novi:
861 1682 928 1717 quid
940 1681 1031 1708 enim?

235 1721 435 1747 Verumtamen.
475 1720 562 1754 Oppio
572 1724 598 1746 et
609 1719 689 1746 Balbo
701 1719 827 1754 epistolas
839 1719 937 1746 deferri
952 1719 1030 1745 iube-

235 1757 291 1787 bis,
308 1763 333 1783 et
349 1762 436 1783 tamen
452 1757 577 1783 Pisonem
593 1757 682 1783 sicubi
698 1757 731 1783 de
747 1765 820 1783 auro.
862 1757 991 1783 Faberius
1006 1756 1030 1782 si

235 1795 351 1825 venerit,
365 1794 482 1825 videbis,
495 1798 525 1820 ut
535 1799 637 1820 tantum
649 1794 818 1825 attribuatur,
831 1795 854 1819 si
867 1793 945 1820 modo
956 1793 1031 1820 attri-

236 1832 343 1862 buetur,
357 1836 488 1866 quantum
500 1831 623 1858 debetur.
642 1831 765 1865 Accipies
777 1831 904 1857 abErote.
920 1830 1031 1857 &Aria-

236 1869 333 1899 rathes,
350 1869 524 1894 Ariobarzani
539 1868 624 1899 filius,
639 1868 749 1894 Romam
764 1869 846 1894 venit.
887 1867 958 1898 Vult,
971 1868 1031 1902 opi-

235 1914 296 1935 nor,
319 1914 432 1941 regnum
453 1905 562 1940 aliquod
579 1913 667 1931 emere
683 1914 696 1931 a
711 1904 832 1931 Caesare.
874 1905 954 1935 Nam,
977 1913 1031 1939 quo

236 1942 315 1969 modo
327 1951 398 1968 nunc
409 1947 462 1973 est,
481 1942 577 1976 pedem
593 1942 641 1968 ubi
657 1947 737 1976 ponat
753 1943 779 1968 in
791 1950 853 1972 suo,
871 1951 923 1968 non
940 1942 1028 1968 habet.

234 1980 351 2007 Omnino
368 1988 430 2005 eum
441 1979 545 2005 Sestius
561 1984 649 2006 noster
664 1979 797 2014 parochus
812 1979 940 2014 publicus
951 1988 1032 2005 occu-

235 2018 323 2052 pavit:
337 2016 409 2051 quod
421 2016 532 2051 quidem
545 2015 621 2043 facile
633 2017 727 2051 patior.
745 2016 945 2046 Verumtamen,
958 2016 1030 2051 quod

235 2054 314 2085 mihi,
330 2062 437 2080 summo
449 2053 578 2080 beneficio
590 2062 662 2085 meo,
679 2062 775 2089 magna
786 2062 848 2079 cum
861 2053 988 2080 fratribus
999 2053 1033 2080 il-

236 2091 290 2118 lius
302 2090 472 2118 necessitudo
487 2095 540 2121 est,
556 2091 642 2117 invito
652 2100 714 2117 eum
726 2099 773 2125 per
784 2090 898 2121 litteras,
915 2096 944 2117 ut
959 2091 1031 2126 apud

236 2137 278 2155 me
290 2128 457 2155 deversetur.
483 2128 523 2154 Ad
534 2137 592 2154 eam
605 2137 661 2155 rem
671 2136 757 2163 quum
769 2129 901 2154 mitterem
915 2128 1033 2155 Alexan-

235 2166 330 2196 drum,
349 2165 396 2191 bas
407 2166 432 2191 ei
442 2165 505 2191 (ledi
518 2165 627 2192 litteras.
668 2167 692 2191 3.
715 2166 778 2192 Cras
790 2166 874 2200 igitur
884 2166 972 2192 auctio
983 2166 1033 2192 Pe-

236 2203 342 2229 ducaei.
381 2202 472 2234 Quum
492 2203 592 2237 poteris
607 2210 683 2238 ergo:
705 2203 756 2228 etsi
776 2202 906 2237 impediet
922 2202 1032 2229 sortasse

237 2240 381 2267 Faberius:
399 2239 446 2266 sed
462 2244 563 2271 tamen,
580 2248 666 2275 quum
682 2239 783 2266 licebit.
822 2240 969 2276 Dionysius
985 2249 1033 2267 no—

236 2282 291 2304 ster
300 2278 418 2313 graviter
429 2278 563 2312 queritur.
577 2282 602 2303 et
614 2282 702 2303 tamen
712 2277 770 2303 iure
778 2297 784 2307 ,
800 2285 814 2302 a
825 2277 971 2312 discipulis
984 2277 1033 2303 ab-

236 2323 296 2341 esse
316 2319 370 2341 tam
390 2313 448 2340 diu.
487 2314 580 2340 Multis
600 2314 692 2340 verbis
707 2314 816 2349 scripsit
831 2313 864 2340 ad
880 2323 936 2345 me,
954 2314 1033 2341 credo

237 2352 301 2378 item
317 2351 350 2378 ad
366 2356 401 2378 te.
442 2351 509 2377 Mihi
524 2351 636 2386 quidem
653 2351 761 2377 videtur
775 2351 856 2378 etiam
870 2351 974 2378 diutius
985 2352 1034 2379 ab-

239 2388 358 2416 luturus:
372 2397 403 2415 ac
414 2387 526 2415 nollem:
540 2388 618 2415 valde
629 2389 701 2415 enim
713 2388 850 2415 hominem
860 2388 994 2415 desidero.

293 2458 332 2478 ΙΙΙ.
361 2460 390 2481 (ln
400 2460 516 2480 Tusculano,
527 2459 606 2477 Caesare
616 2459 647 2476 lY.
659 2466 697 2477 cus.
708 2466 723 2477 s.
735 2460 779 2477 coll.
791 2461 847 2481 709.)

424 2502 592 2529 CICERO
622 2501 790 2529 ATTICO
817 2502 846 2528 S.

296 2540 318 2563 t.
343 2534 371 2563 A
392 2543 415 2565 te
437 2539 537 2566 litteras
557 2539 760 2574 exspectabam;
784 2539 904 2566 nondum
919 2539 1032 2566 scilicet.

241 2575 307 2600 Nam
324 2574 372 2600 has
387 2584 464 2602 mane
480 2576 672 2603 rescribebam.
711 2576 769 2611 Ego
783 2585 847 2603 vero
861 2577 911 2603 ista
925 2578 1034 2604 nomina

239 2612 279 2637 sic
290 2611 387 2645 probo,
400 2617 430 2638 ιιι
440 2613 509 2639 nihil
521 2613 649 2647 aliudme
660 2617 778 2643 moveat,
793 2613 855 2645 nisi,
869 2614 941 2648 quod
952 2619 980 2640 tu
992 2615 1036 2640 vi-
1056 2608 1057 2634 l

1044 335 1045 342 ἵ
1076 307 1171 337 uterisv
1189 315 1270 369 quam
1282 306 1353 341 quod
1365 306 1474 332 dubites
1484 306 1517 332 dc
1529 307 1684 333 nominibus
1697 308 1764 333 istis.

1052 574 1053 599 1
1077 567 1122 592 lim
1138 567 1220 595 scire,
1238 574 1306 601 quae
1322 567 1356 592 sit
1372 575 1433 601 pars
1449 566 1575 592 duorum.

701 712 754 737 Nee
767 720 829 737 vero
841 711 926 737 ullum
938 719 1024 745 genus
1052 731 1054 738 ,

1046 883 1047 898 ι
1078 883 1150 900 rum:
1164 879 1189 900 et
1199 874 1309 909 quidem
1322 879 1395 908 puto.

1046 928 1047 935 ι
1078 911 1140 941 suit,
1159 920 1240 946 quam
1255 911 1349 937 consul
1362 911 1521 938 Mummius.

1048 1003 1049 1007 .
1078 986 1126 1011 tibi
1141 986 1249 1020 saepius
1261 985 1417 1020 respondeo,
1431 985 1545 1020 placere.

240 2647 312 2674 deris
323 2648 456 2675 dubitare.
483 2650 552 2676 Illud
563 2650 635 2677 enim
647 2659 700 2678 non
711 2650 813 2685 accipio
824 2651 853 2677 in
864 2650 961 2678 bonam
972 2659 1035 2686 par-
1056 2653 1058 2677 ἰ

950 126 980 152 T.
1011 124 1287 152 CICERONIS

1075 201 1141 225 tem.
1159 195 1230 230 quod
1243 194 1274 221 ad
1289 204 1329 221 rne
1342 194 1437 227 retem,
1455 196 1503 230 qui
1519 196 1541 222 si
1558 196 1615 231 ipse
1626 196 1763 230 negotium
1776 203 1865 222 meum

1074 242 1204 267 gererem,
1219 232 1286 259 nihil
1297 241 1426 266 gererem,
1441 233 1492 259 nini
1502 233 1615 259 consilio
1626 238 1680 259 tuo.
1715 233 1766 258 Sed
1779 238 1866 259 tamen

1806 307 1867 333 Ete-

1076 344 1131 370 nim
1145 344 1196 369 Cae
1211 344 1265 369 ium
1279 352 1330 369 non
1342 344 1451 378 probam
1470 343 1546 378 plura
1563 353 1614 370 non
1627 345 1678 370 vis.
1719 344 1867 379 Utrumque

1077 381 1164 406 laudo.
1206 381 1252 406 llis
1277 381 1359 415 igitur
1380 380 1509 406 utendum
1530 386 1579 407 eut.
1625 381 1702 407 I’rnes
1722 381 1868 416 aliquando

1077 418 1161 443 lat-tus
1176 426 1263 447 esses.
1281 423 1306 443 et
1323 418 1348 443 in
1366 418 1408 443 his
1423 417 1534 452 quidem
1549 417 1658 444 tabulis.
1699 418 1718 444 A
1731 427 1773 444 me
1786 419 1868 452 igitur

1074 455 1174 481 omnia.
1204 454 1281 486 Quod
1292 454 1351 480 dies
1363 454 1465 490 longior
1475 460 1524 485 est,
1536 455 1684 488 (teneamus
1695 455 1781 483 modo,
1795 454 1867 490 quod

1077 491 1294 526 v‹›lurniis,)puto
1307 491 1360 517 lore
1373 492 1450 518 istam
1462 492 1542 518 etiam
1554 501 1567 517 a
1580 500 1708 526 praecone
1719 492 1801 521 diem.
1810 501 1867 518 cer-

1076 535 1099 555 te
1111 529 1144 555 ab
1157 529 1312 555 heredibus.
1340 529 1375 554 De
1386 530 1480 563 Crispo
1490 534 1517 555 et
1527 529 1638 555 Mustela
1652 528 1771 555 videbis:
1785 535 1810 555 et
1823 538 1868 554 ve-

1616 566 1650 592 ue
1663 566 1735 592 Bruti
1751 566 1867 592 adventu

1075 613 1146 629 eram
1161 603 1245 629 tactus
1256 603 1361 629 certior.
1394 605 1417 629 Ξ.
1439 603 1567 629 Attulerat
1578 603 1650 629 enim
1662 603 1738 629 abeo
1749 604 1868 638 Aegypta

1077 640 1189 666 libertus
1202 640 1311 667 litteras.
1338 640 1398 666 ,uisi
1411 640 1443 666 ad
1455 645 1479 667 te
1490 640 1640 675 epistolam,
1656 641 1719 675 quia
1731 640 1868 666 commode

1075 679 1173 712 scripta
1185 682 1249 704 erat.

1129 748 1166 767 μ’,
1195 750 1223 770 Ιι..
1235 750 1341 766 ‘lumnam-1
1360 749 1390 765 c.-
1449 749 1480 765 ιν,
1541 757 1554 764 ..
1565 752 1608 766 ..ur
1621 750 1677 769 τινι,

1276 790 1443 817 CICERO
1472 790 1640 818 ATTICO
1669 790 1697 817 S.

1133 839 1156 863 t.
1178 832 1276 863 Habeo
1291 845 1390 863 munus
1406 846 1419 862 a
1436 842 1460 863 te
1481 837 1646 863 elaboratum
1661 836 1754 863 decem
1772 835 1871 872 legato-

1435 875 1500 900 Nam
1513 874 1584 900 [ilius
1596 883 1665 901 anno
1677 878 1735 908 post
1746 878 1871 908 quaestor

1562 913 1586 937 2.
1608 911 1661 937 Sed
1672 911 1800 946 quoniam
1811 918 1871 936 sae-

1077 949 1139 983 pius
1151 948 1183 974 de
1196 948 1352 974 nominibus
1363 949 1481 983 quaeris,
1494 948 1561 983 quid
1573 948 1688 983 placeat:
1703 956 1752 983 ego
1762 956 1870 982 quoque

1581 985 1608 1012 Si
1620 985 1687 1020 quid
1699 986 1797 1019 poteris
1808 994 1870 1011 cum

1078 1023 1186 1053 Pisone,
1203 1023 1342 1055 conficies3
1360 1022 1446 1049 Avius
1456 1024 1529 1049 enim
1542 1022 1649 1049 videtur
1660 1023 1686 1049 in
1697 1022 1786 1048 officio
1798 1021 1871 1048 sutu—

1078 1068 1133 1086 rus.
1175 1060 1261 1086 Velim
1273 1065 1332 1086 ante
1348 1061 1448 1094 possis:
1466 1061 1489 1086 si
1506 1061 1609 1089 minus,
1627 1060 1721 1094 utique
1736 1058 1817 1085 simul
1834 1061 1872 1085 si-

1079 1105 1152 1127 mus,
1175 1106 1260 1132 quum
1276 1097 1373 1123 Brutus
1394 1098 1484 1124 veniet
1504 1098 1531 1123 in
1547 1096 1740 1123 Tusculanum.
1782 1096 1870 1132 Magni

1079 1135 1187 1160 interest
1200 1143 1267 1164 mea,
1284 1142 1336 1160 una
1349 1142 1397 1160 nos
1408 1143 1477 1160 esse.
1517 1134 1591 1160 Scies
1602 1139 1704 1163 autem.
1720 1134 1767 1168 qui
1779 1133 1836 1160 dies
1850 1135 1872 1160 is

1079 1171 1186 1198 futurus
1197 1172 1240 1202 sit,
1253 1171 1276 1197 si
1288 1180 1372 1206 puero
1383 1172 1521 1207 negotium
1532 1171 1648 1201 dederis,
1663 1175 1692 1197 ut
1702 1176 1821 1205 quaerat.

1133 1250 1159 1269 Y.
1189 1251 1217 1273 (Iu
1228 1251 1344 1271 ‘rme-unm,
1355 1250 1434 1268 cature
1444 1250 1477 1269 lv.
1489 1257 1526 1268 cm.
1536 1257 1551 1267 ι.
1562 1251 1608 1268 eull.
1620 1252 1675 1271 709.)

1188 1326 1193 1327 .
1266 1293 1434 1321 CICERO
1462 1293 1631 1320 ATTICO
1660 1292 1689 1319 S.

1138 1333 1160 1356 t.
1183 1327 1235 1366 Sp.
1249 1332 1410 1357 Mummium
1422 1336 1543 1366 putaram
1555 1332 1582 1357 in
1594 1331 1687 1357 decem
1700 1330 1794 1365 legatis
1805 1328 1875 1355 suis—

1080 1377 1121 1394 se:
1135 1368 1183 1394 sed
1195 1368 1330 1395 videlicet.
1370 1368 1476 1395 Etenim
1487 1369 1597 1404 εὔλογον
1609 1367 1682 1394 fratri
1694 1367 1788 1394 fuisse.
1813 1366 1875 1393 Fuit

1080 1406 1153 1432 enim
1167 1405 1201 1432 ad
1215 1405 1385 1433 Corinthum.
1426 1406 1488 1432 Misi
1507 1405 1557 1432 tibi
1573 1405 1746 1440 Torquatum.
1786 1403 1875 1430 Collo—

1080 1451 1163 1477 quere
1175 1448 1202 1469 tu
1213 1442 1324 1478 quidem
1336 1451 1398 1469 cum
1409 1442 1482 1473 Silio,
1496 1447 1527 1469 ut
1537 1442 1643 1472 scribis,
1657 1447 1682 1468 et
1693 1449 1767 1477 urge.
1799 1440 1874 1467 Illam

1080 1480 1153 1506 diem
1169 1480 1283 1516 negabat
1298 1488 1357 1507 esse
1374 1488 1465 1506 mense
1484 1481 1566 1510 Maio,
1584 1480 1662 1506 istam
1681 1487 1732 1505 non
1749 1477 1872 1514 negabat.

1080 1517 1131 1543 Sed
1144 1522 1185 1548 tu,
1203 1522 1233 1544 ut
1243 1518 1346 1548 omnia,
1363 1518 1433 1544 istnc
1447 1525 1556 1552 quoque
1571 1525 1635 1553 ages
1646 1516 1799 1551 diligenter.
1839 1515 1875 1541 De

1080 1554 1175 1589 Crispo
1185 1560 1211 1581 et
1221 1554 1342 1585 Mustela,
1351 1554 1462 1585 scilicet,
1475 1563 1561 1590 quum
1572 1553 1638 1589 quid
1650 1554 1747 1589 egeris.
1767 1554 1791 1579 2.
1803 1551 1875 1585 Quo-

1081 1593 1153 1618 niam
1169 1591 1203 1618 ad
1214 1592 1288 1618 Bruti
1303 1592 1450 1618 adventum
1465 1591 1520 1618 sore
1535 1596 1560 1618 te
1572 1591 1714 1617 nobiscum
1728 1589 1872 1625 polliceris,

1080 1630 1146 1655 satis
1162 1634 1214 1661 est3
1232 1630 1388 1664 praesertim
1404 1637 1490 1664 quum
1507 1629 1535 1654 hi
1551 1628 1600 1655 tibi
1611 1628 1670 1654 dies
1681 1628 1708 1654 in
1720 1635 1817 1662 magno
1828 1635 1875 1653 no-

1081 1671 1135 1693 stro
1146 1667 1252 1702 negotio
1261 1670 1463 1693 consumantur.

1135 1743 1172 1764 ῩΙ.
1199 1746 1228 1767 (lu
1238 1745 1354 1765 'siut-ulmo,
1365 1745 1444 1762 Cae-ur:
1454 1745 1486 1763 IV.
1498 1751 1535 1761 cos.
1545 1751 1560 1761 ι.
1571 1745 1615 1762 coll.
1627 1745 1682 1765 709.)

1263 1786 1430 1815 CICERO
1462 1786 1631 1814 ATTICO
1659 1786 1687 1813 S.

1140 1835 1162 1859 t.
1181 1828 1225 1859 De
1241 1833 1410 1868 aquaeductu
1425 1833 1508 1868 probe
1524 1832 1621 1859 fecisti.
1661 1832 1873 1862 Columnarium,

1082 1870 1154 1900 vide,
1167 1879 1200 1896 ne
1210 1870 1316 1897 nullum
1327 1870 1485 1897 debeamus.
1523 1869 1692 1905 Quamquam
1704 1869 1771 1895 mihi
1784 1868 1877 1895 videor

1082 1907 1191 1934 audisse
1203 1915 1217 1934 a
1228 1907 1354 1937 Camillo,
1372 1912 1562 1934 commutatam
1577 1915 1636 1933 esse
1648 1906 1744 1942 legem.
1784 1908 1810 1932 2.
1831 1906 1877 1932 Pi-

1082 1945 1140 1971 soni
1149 1965 1155 1975 ,
1173 1945 1239 1979 quid
1251 1950 1304 1974 est,
1321 1944 1394 1980 quod
1405 1944 1545 1971 honestius
1555 1943 1717 1979 respondere
1727 1944 1873 1978 possimus,

1082 1990 1164 2016 quam
1185 1982 1360 2008 solitudinem
1376 1981 1501 2008 Catonis?
1521 1990 1569 2008 nec
1589 1980 1768 2008 coheredibus
1787 1979 1875 2007 solum

1083 2020 1269 2050 Herennianis,
1282 2019 1330 2046 sed
1342 2019 1432 2050 etiam,
1444 2023 1475 2045 ut
1484 2019 1552 2049 scis,
1565 2018 1603 2053 (tu
1616 2019 1689 2045 enim
1700 2026 1806 2044 mecum
1817 2018 1877 2053 egi-

1082 2057 1138 2090 sti,)
1149 2056 1182 2082 de
1193 2065 1276 2091 puero
1283 2056 1408 2083 Lucullo:
1420 2064 1503 2091 quam
1514 2056 1657 2091 pecuniam
1669 2055 1815 2089 tutor(nam
1825 2054 1877 2081 hoc

1083 2102 1191 2128 quoque
1206 2093 1239 2119 ad
1255 2102 1311 2119 rem
1327 2094 1452 2128 pertinet)
1467 2094 1494 2119 in
1505 2093 1604 2119 Achaia
1620 2097 1782 2127 sumpserat.
1822 2091 1876 2118 Sed

1083 2131 1139 2166 agit
1150 2130 1305 2161 liberaliter,
1313 2131 1441 2165 quoniam
1452 2135 1532 2166 negat
1541 2138 1570 2156 se
1581 2129 1732 2164 quidquam
1743 2128 1876 2155 facturum

1083 2172 1174 2194 contra
1184 2172 1301 2194 nostram
1313 2167 1488 2195 voluntatem.
1518 2167 1612 2194 Coram
1624 2167 1716 2202 igitur,
1727 2171 1757 2193 ut
1766 2165 1873 2195 scribis,

1082 2206 1287 2236 constituemus,
1295 2204 1525 2240 quemadmodum
1535 2213 1591 2230 rem
1602 2203 1780 2238 explicemus.
1798 2202 1876 2234 Quod

1084 2242 1204 2276 reliquos
1219 2242 1364 2268 coheredes
1382 2242 1546 2269 convenisti.
1569 2241 1648 2276 plane
1667 2240 1736 2267 bene
1757 2238 1875 2276 [fecisti]

1084 2281 1109 2306 3.
1130 2279 1207 2311 Quod
1222 2279 1363 2314 epistolam
1378 2287 1466 2306 meam
1478 2278 1512 2305 ad
1522 2279 1632 2305 Brutum
1644 2278 1745 2312 poscis.
1764 2285 1816 2303 non
1829 2276 1877 2302 ha-

1084 2316 1133 2342 beo
1144 2317 1204 2342 eius
1215 2316 1380 2351 exemplum,
1393 2316 1440 2342 sed
1452 2321 1540 2342 tamen
1551 2315 1657 2341 salvum
1668 2319 1716 2345 est,
1725 2318 1751 2340 et
1762 2314 1798 2340 ait
1804 2313 1874 2343 Tiro,

1084 2358 1109 2380 te
1122 2353 1219 2380 habere
1230 2359 1365 2388 oportere:
1378 2359 1413 2384 et,
1425 2357 1455 2380 ut
1466 2352 1597 2382 recordor,
1605 2359 1658 2378 una
1668 2359 1731 2377 cum
1742 2350 1817 2377 illius
1827 2351 1877 2377 ob-

1084 2391 1228 2426 iurgatoria
1241 2391 1290 2417 tibi
1302 2399 1388 2417 meam
1398 2397 1604 2426 quoque,quam
1615 2387 1649 2414 ad
1658 2396 1720 2414 eum
1732 2388 1878 2422 rescripse-

1085 2436 1155 2458 ram,
1175 2428 1249 2454 misi.
1289 2427 1413 2454 Iudiciali
1434 2427 1554 2454 molestia
1571 2430 1601 2452 ut
1615 2433 1734 2454 caream,
1757 2425 1875 2451 videbis.

1085 2466 1109 2491 4.
1118 2464 1281 2491 Tuditanum
1289 2466 1381 2496 istum,
1394 2472 1524 2500 proavum
1529 2463 1672 2492 Hortensii,
1684 2462 1763 2497 plane
1770 2471 1822 2488 non
1829 2470 1878 2488 no-

1085 2511 1154 2534 ram;
1177 2507 1203 2529 et
1222 2501 1322 2533 filium,
1345 2503 1393 2537 qui
1408 2506 1465 2528 tum
1480 2509 1532 2527 non
1547 2504 1669 2534 potuerat
1683 2507 1742 2525 esse
1761 2499 1874 2535 legatus,

1085 2538 1170 2565 fuisse
1190 2544 1322 2574 putaram.
1362 2538 1524 2565 Mummium
1549 2536 1633 2563 fuisse
1657 2536 1691 2562 ad
1715 2536 1876 2563 Corinthum

1085 2585 1132 2610 pro
1143 2581 1214 2602 certo
1225 2576 1320 2603 habeo.
1360 2575 1445 2610 Saepe
1455 2574 1529 2601 enim
1539 2573 1584 2600 hic
1594 2573 1717 2608 Spurius,
1730 2574 1779 2608 qui
1790 2581 1876 2608 nuper

1085 2618 1125 2639 est
1139 2618 1274 2643 mortuus,
1296 2612 1422 2648 epistolas
1443 2611 1512 2637 mihi
1527 2610 1717 2645 pronuntiabat
1732 2609 1876 2637 versiculis

1085 2649 1192 2681 facetis,
1213 2650 1247 2677 ad
1268 2649 1414 2677 familiares
1429 2649 1527 2675 missas
1547 2657 1561 2674 a
1577 2647 1714 2675 Corintho.
1754 2647 1808 2674 Sed
1822 2655 1876 2674 non
