1941 3052
244 109 292 134 70t
812 106 855 130 75.
891 105 925 130 M.
960 104 990 130 T.

243 178 322 204 aienti
336 178 480 203 nerninem
499 175 576 210 Apud
587 183 667 209 quem
679 173 814 209 quidquid
830 173 924 200 valebo
935 173 976 199 vel
988 182 1036 199 au·
1064 177 1066 206 ξ
1089 183 1157 203 rum,
1172 174 1220 199 boc
1233 179 1280 203 ent,
1294 174 1318 199 si
1330 178 1412 200 totum
1424 173 1507 200 alium
1519 173 1628 200 facerem.

242 215 362 241 ctoritate
375 214 415 240 vcl
428 214 520 247 gratia,
537 212 629 238 valebo
642 211 701 237 tibi.
723 211 761 236 'l‘n
773 219 845 240 cura,
855 216 882 236 ut
893 219 978 245 quum
991 211 1036 237 lir-

244 252 376 278 mitudine
389 256 411 276 te
422 251 514 279 animi,
529 254 584 275 turn
597 249 676 274 etiam
689 256 736 282 spe
746 248 846 282 optima
858 252 1002 274 sustentes.

298 327 346 348 Vll.
366 327 382 346 A
392 327 442 346 RH.
460 327 563 349 Harant,
579 325 635 351 qun-t
647 325 738 345 alienun
750 323 828 344 librum
839 323 900 343 sillu-
910 331 952 344 non
964 323 1036 343 reddi-

1025 103 1300 130 CICERONIS

1669 175 1694 200 5.
1716 174 1751 200 De
1763 174 1879 202 Asiatico

1089 212 1196 239 itinere,
1213 219 1378 245 quamquam
1394 220 1499 237 nummu
1515 212 1660 238 nec-essitas
1678 211 1828 246 premebat:
1851 216 1881 239 ut

1089 249 1240 282 inqu-rasti,
1259 247 1319 273 feci.
1353 248 1389 273 Te
1405 257 1452 282 pro
1468 257 1509 274 me
1520 248 1586 283 quid
1599 249 1705 275 borter‘?
1721 248 1801 274 Vides
1812 254 1880 274 tem-

1064 282 1065 308 ]
1088 294 1139 320 pus
1151 285 1266 314 venisse,
1279 293 1333 319 quo
1345 293 1452 311 necesse
1464 286 1498 311 sit
1508 286 1541 311 de
1553 286 1631 312 nobis
1641 287 1778 312 constitui.
1805 285 1878 312 Nihil

243 362 307 382 ult-rit,
333 361 438 385 wit-ritur
449 361 475 380 ‹te
485 362 587 380 (In-ure>
613 360 675 380 Ηιιιιι·
685 366 711 379 ne
721 359 896 382 &fundannum
907 366 930 378 n
940 358 1037 379 seribere
1058 358 1065 380 ζ’

243 397 282 416 nit,
312 395 413 421 Denique
433 399 506 419 rugat,
525 399 549 415 ιιι
564 394 657 415 reditum
672 393 716 414 -ibi
733 393 847 420 impetret,
867 400 906 414 nee
919 393 1036 420 quidquam

243 430 349 453 tnunrnitti
361 430 466 457 patiatur,
477 437 504 450 ex
515 437 557 456 ιμιιι
568 430 668 449 ι1ιιιιιιιιιιι
679 428 781 455 nceipint.

421 468 500 485 (ttmnm-
508 480 512 486 .
524 467 600 483 Cuuw-
611 467 643 483 Hl⁴
664 466 736 488 Lepid·-
746 472 791 481 run.
804 466 859 484 7¹1⁵«)

336 510 368 536 Λ.
391 509 562 537 CAECINA
583 509 611 535 S.
633 509 663 535 D.
689 509 724 534 M.
745 507 943 535 CICERONI.

301 553 323 578 l.
347 548 430 583 Quod
447 551 496 577 tibi
513 560 564 577 non
577 555 629 577 tam
641 549 763 576 celeriter
775 549 843 575 liber
854 554 894 575 est
904 548 1035 581 redditus,

243 590 351 623 ignosce
367 589 456 615 timori
472 593 561 614 nostro
576 593 602 614 et
617 589 744 614 miserere
760 587 899 621 temporis.
940 586 1035 619 Filius,

243 631 272 653 nt
282 626 376 656 audin,
395 626 546 660 pertimuit,
569 634 655 660 neque
669 625 780 655 iniuria,
801 625 825 650 si
843 623 911 650 liber
921 624 1035 658 exisset3

241 663 360 698 (quando
371 672 423 689 non
435 668 488 689 tam
500 663 622 693 interest,
635 670 689 697 quo
700 662 790 688 animo
800 661 941 692 scribatur,
955 670 1037 696 quam

242 710 296 736 quo
306 700 479 735 accipiatum)
495 708 528 726 ne
539 708 568 726 ea
581 708 622 725 res
635 700 723 734 inepte
736 699 803 725 mibi
816 703 933 728 noceret,
951 707 1036 733 quum

243 738 400 773 praesertim
419 737 508 763 adbuc
523 737 579 763 stili
595 745 694 772 poenas
705 736 777 762 dem.
817 736 874 768 Qua
886 735 997 771 quidem
1011 738 1037 763 in

243 783 270 802 re
281 774 413 810 singulari
428 783 489 801 sum
502 774 564 801 fato.
605 775 671 800 Nam
683 782 768 808 quum
781 773 909 800 mendum
920 774 1038 808 scriptu-

243 821 286 839 rae
302 812 380 838 litura
393 811 508 842 tollatur,
525 811 638 838 stultitia
651 811 719 837 fama
731 810 886 842 mulctetur,
908 820 984 837 meus
996 820 1038 837 er-

243 858 285 876 ror
304 849 400 875 exsilio
420 849 572 884 corrigitur.
612 849 697 875 Cuius
717 857 823 874 summa
843 849 967 875 criminis
987 853 1035 878 est,

242 887 315 922 quod
327 891 444 912 armatus
455 886 608 912 adversario
622 885 761 912 maledixi.
783 887 808 912 2.
822 886 905 912 Nemo
917 890 1037 912 nostrum

242 929 292 955 est,
306 924 451 958 utopinor,
465 924 532 958 quin
544 928 603 950 vota
616 923 742 950 victoriae
753 931 817 948 suae
830 922 934 949 fecerit:
949 932 1036 954 nemo.
1060 933 1061 940 ¹

211 962 215 969 ¹
243 961 319 996 quin,
333 962 413 987 etiam
424 969 510 996 quum
521 960 553 986 de
565 960 616 986 alia
628 969 655 986 re
667 959 825 989 immolaret,
835 965 923 986 tamen
934 969 964 987 eo
975 961 1039 996 qui—

243 999 305 1025 dem
318 999 376 1033 ipso
387 1003 514 1033 tempore,
528 1003 648 1033 utquam
660 998 778 1032 primum
790 997 887 1024 Cacsar
897 1006 1039 1033 superare-

244 1041 295 1067 tur,
308 1036 414 1070 optarit.
456 1036 508 1061 lloc
520 1035 543 1061 si
555 1044 606 1061 non
618 1035 724 1070 cogitat,
741 1034 869 1061 omnibus
881 1035 961 1061 rebus
974 1035 1040 1062 felix

243 1078 296 1099 cst:
310 1073 333 1099 si
345 1073 396 1099 scit
406 1077 431 1099 et
442 1081 589 1107 persuasus
601 1077 653 1103 est,
667 1072 733 1106 quid
745 1072 871 1098 irascitur
881 1073 915 1103 ei,
929 1073 977 1107 qui
989 1072 1040 1098 ali—

243 1110 310 1145 quid
326 1110 435 1145 scripsit
450 1114 539 1136 contra
550 1118 627 1136 sunm
639 1109 816 1139 voluntatem,
839 1118 924 1144 quum
941 1110 1040 1145 ignorit

243 1147 384 1178 omnibus,
397 1147 445 1182 qui
457 1147 540 1173 multa
551 1147 616 1173 deos
627 1147 745 1173 venerati
759 1147 814 1172 sint
824 1151 914 1173 contra
926 1147 984 1173 eius
996 1155 1040 1173 sa-

245 1184 346 1211 lutem?
375 1186 400 1211 3.
422 1184 488 1215 Sed,
507 1189 536 1210 ut
550 1184 643 1210 eodem
656 1188 786 1214 revertar,
804 1192 899 1210 caussa
912 1184 977 1210 baec
989 1184 1040 1210 fuit

243 1222 358 1248 timoris.
399 1221 500 1256 Scripsi
511 1221 544 1247 de
556 1226 580 1247 te
592 1230 684 1256 parce,
698 1220 805 1247 medius
817 1220 911 1252 fidius,
929 1226 955 1248 et
966 1222 1040 1248 timi-

243 1259 286 1290 de,
300 1267 352 1285 non
364 1267 491 1285 revocans
503 1267 545 1284 me
557 1259 628 1293 ipse,
642 1258 690 1284 sed
702 1266 785 1292 paene
797 1257 945 1294 refugiens.
986 1259 1040 1285 Ge-

243 1305 295 1323 nus
307 1301 396 1322 autem
409 1296 458 1322 boc
469 1296 617 1330 scripturae
629 1304 680 1321 non
697 1295 775 1322 modo
791 1295 919 1327 liberum,
938 1295 986 1322 sed
998 1296 1040 1322 in-

243 1334 354 1360 citatum
370 1338 450 1368 atquo
461 1332 560 1359 elatum
571 1341 629 1359 esse
641 1332 752 1363 debere,
770 1333 832 1367 quis
845 1332 966 1369 ignorat?
991 1333 1041 1360 So-

244 1370 331 1397 lutum
343 1371 514 1396 existimatur
524 1378 592 1401 esse,
606 1369 682 1396 alteri
693 1369 867 1403 maledicet-<33
885 1371 983 1405 (tamen
995 1379 1040 1397 ca-

244 1407 363 1434 vendum
378 1412 430 1439 est,
447 1416 480 1434 ne
495 1407 523 1434 in
534 1407 709 1443 petulantiam
720 1407 850 1442 incidasz)
865 1407 1037 1443 impeditum,

243 1453 272 1471 se
285 1446 375 1480 ipsunt
386 1445 503 1476 laudare,
512 1454 545 1472 ne
556 1446 654 1472 vitium
666 1445 832 1481 arrogantiae
841 1445 1038 1482 subsequatur:

244 1482 332 1509 solum
344 1491 407 1509 vero
418 1482 534 1509 liberum
545 1482 658 1509 alterum
670 1483 787 1514 laudare,
796 1483 829 1510 de
839 1493 893 1519 quo
904 1483 1040 1519 quidquid

244 1519 378 1551 detrahas,
393 1528 502 1546 necesse
513 1525 553 1546 est
564 1525 610 1547 aut
621 1520 771 1547 infirmitati
783 1525 828 1547 aut
839 1521 959 1548 invidiae
971 1521 1041 1547 assi-

244 1562 351 1593 gnetur.
391 1557 428 1583 Ac
443 1558 546 1588 nescio,
569 1566 602 1584 an
618 1557 668 1584 tibi
683 1558 786 1593 gratius
806 1559 1041 1593 opportuniusque

243 1594 384 1621 acciderit:
408 1603 470 1620 nam
490 1594 563 1629 quod
583 1594 717 1629 praeclare
739 1594 825 1621 facere
841 1604 893 1622 non
908 1600 1037 1630 poteram,

244 1632 364 1666 primum
379 1636 447 1662 erat,
466 1640 518 1658 non
534 1632 679 1667 attingere:
697 1631 849 1658 secundum
864 1632 1036 1663 beneficium,

244 1677 327 1703 quam
336 1669 501 1703 ,parcissime
513 1668 609 1695 facere.
649 1668 701 1695 Sed
712 1673 800 1695 tamen
812 1677 861 1705 ego
872 1669 984 1704 quidem
997 1677 1039 1696 me

243 1706 374 1732 sustinui.
407 1705 490 1732 Multa
505 1706 606 1732 minui:
625 1705 709 1732 multa
723 1705 836 1732 sustuli:
856 1706 995 1741 complura
1007 1715 1040 1733 ne

244 1743 324 1777 posui
335 1741 456 1777 quidem.
497 1742 730 1775 Quemadmodum
742 1743 968 1779 igitur,scalarum
978 1752 1041 1779 gra-

244 1779 296 1806 dus
308 1779 331 1805 si
341 1778 408 1805 alios
419 1779 509 1810 tollas,
527 1779 593 1806 alios
605 1779 722 1810 incidas,
740 1780 884 1807 nonnullos
895 1780 964 1807 male
976 1780 1041 1807 hae-

245 1821 333 1843 rentes
345 1816 490 1851 relinquas,
505 1818 598 1843 ruinae
609 1816 761 1851 periculum
772 1822 868 1849 struas,
883 1826 935 1844 non
946 1826 1041 1844 ascen-

245 1862 307 1880 sum
318 1862 409 1888 pares:
423 1854 462 1879 sic
474 1858 510 1880 tot
521 1854 598 1880 malis
610 1862 695 1888 quum
707 1854 829 1880 vinctum
856 1859 913 1881 tum
927 1854 1040 1881 fractum

245 1891 368 1917 studium
383 1890 520 1917 scribendi
551 1891 618 1926 qnid
633 1890 748 1926 dignum
764 1892 876 1918 auribus
887 1897 932 1918 aut
943 1892 1041 1927 proba-

246 1927 300 1954 bile
312 1932 398 1962 potest
408 1927 518 1954 afferre?
555 1929 578 1954 4.
600 1928 690 1960 Quum
703 1936 765 1955 vero
775 1928 809 1954 ad
820 1930 907 1964 ipsius
919 1929 1040 1956 Caesaris

246 1973 343 1991 nomen
359 1965 434 1995 veni,
458 1969 510 1991 toto
525 1973 634 2000 corpore
654 1967 844 1997 contremisco,
866 1975 918 1993 non
939 1975 1040 2001 poenae

246 2007 332 2033 metu,
355 2001 403 2028 sed
420 2001 495 2028 illius
511 2002 621 2028 iudicii:
644 2007 728 2029 totum
744 2003 817 2030 enim
833 2004 973 2031 Caesarem
988 2012 1040 2030 non

246 2040 318 2066 novi.
359 2039 444 2071 Quem
460 2044 537 2074 putas
553 2040 674 2066 animum
690 2048 763 2071 esse,
782 2041 830 2068 ubi
846 2049 939 2067 secum
952 2040 1042 2076 loqui-

245 2076 306 2103 tur‘?
330 2076 382 2103 Hoc
407 2076 544 2111 probabit:
572 2077 622 2103 hoc
647 2077 760 2103 verbum
785 2079 969 2113 suspiciosum
989 2082 1039 2104 est.

244 2113 330 2146 Quid,
348 2114 372 2139 si
387 2113 437 2139 boc
453 2113 544 2140 muto?
563 2114 597 2140 At
610 2122 715 2145 vereor,
734 2123 767 2141 ne
779 2116 857 2150 peius
871 2116 916 2142 sit.
928 2131 965 2135 —
984 2115 1041 2151 Age

246 2159 317 2181 vero,
332 2150 410 2177 laudo
421 2150 550 2185 aliquem.
589 2152 660 2177 Num
671 2151 793 2178 offendo?
812 2152 901 2185 Quum
913 2161 990 2187 porro
1001 2152 1042 2179 of-

246 2187 368 2218 rendam,
385 2187 471 2222 quid‘?
490 2189 514 2214 si
525 2197 577 2215 non
588 2188 664 2215 vult‘?
683 2189 786 2216 Armati
796 2189 889 2216 stilum
900 2190 1042 2224 persequi-

245 2230 302 2252 tur:
316 2225 382 2251 victi
392 2229 419 2251 et
429 2225 549 2252 nondum
561 2226 751 2261 restitutiquid
758 2226 854 2253 faciet?
863 2227 954 2263 Auges
961 2228 1041 2253 etiam

246 2267 275 2288 tu
296 2262 365 2288 mihi
385 2262 522 2294 timorem,
545 2263 594 2298 qui
604 2263 633 2289 in
649 2263 759 2290 Oratore
773 2269 819 2290 tuo
834 2273 914 2290 caves
929 2264 980 2291 tibi
994 2272 1042 2299 per

246 2300 372 2330 Brutum,
395 2304 420 2326 et
435 2299 468 2326 ad
484 2300 685 2327 excusationem
705 2301 810 2327 socium
828 2302 947 2336 quaeris.
989 2301 1042 2328 Ubi

248 2337 297 2363 boc
307 2337 430 2363 omnium
441 2342 569 2371 patronus
581 2337 660 2364 facis:
674 2338 742 2372 quid
754 2347 809 2369 me,
823 2343 942 2365 veterem
953 2343 1039 2369 tuum,

249 2382 319 2399 nunc
330 2374 452 2400 omnium
463 2374 598 2406 clientem,
613 2374 733 2411 [sentire]
748 2375 868 2410 oportet?
887 2376 916 2402 In
928 2375 978 2402 bac
989 2376 1043 2411 igi-

249 2416 291 2436 tur
308 2410 443 2437 calumnia
463 2412 568 2438 timoris
583 2417 609 2438 et
623 2420 716 2438 caecae
731 2413 897 2447 suspicionis
912 2417 1042 2439 tormento

248 2454 333 2481 quum
344 2447 461 2481 plurima
472 2449 505 2474 ad
520 2448 602 2475 alieni
617 2457 713 2475 sensus
728 2450 922 2480 coniecturam,
941 2458 993 2476 non
1009 2448 1043 2475 ad

249 2492 330 2509 suum
341 2484 474 2511 iudicium
485 2486 647 2516 scribantur,
655 2494 737 2521 quam
748 2485 860 2513 difficile
871 2487 906 2513 sit
916 2486 1040 2517 evadere,

250 2520 274 2545 si
286 2521 377 2546 minus
388 2528 514 2555 expertus
525 2531 567 2553 es,
584 2523 657 2557 quod
673 2528 697 2549 te
709 2523 742 2549 ad
752 2524 841 2549 omnia
853 2532 992 2550 summum
1003 2528 1043 2549 at-

251 2564 303 2590 que
314 2557 449 2583 excellens
461 2559 602 2594 ingenium
614 2561 736 2587 armavit.
750 2568 798 2586 nos
809 2561 952 2586 sentimus.
989 2559 1042 2586 Sed

252 2598 339 2619 tamen
351 2602 399 2628 ego
411 2594 466 2621 filio
476 2596 611 2627 dixeram,
630 2596 730 2623 librum
746 2596 796 2623 tibi
809 2596 908 2632 legeret
918 2602 944 2623 et
953 2596 1043 2623 aufer-

268 2682 282 2695 θ

1058 336 1065 356 ,;
1087 327 1135 351 est,
1151 323 1187 348 mi
1199 322 1300 350 Cicero,
1316 321 1388 356 qum!
1401 322 1486 348 tilium
1500 331 1589 348 meum
1600 328 1749 357 exspectes.
1782 322 1880 349 Adole-

1087 368 1166 385 scens
1181 364 1233 385 est:
1250 359 1340 384 omnia
1355 360 1506 394 excogitare
1522 359 1563 385 vel
1579 359 1669 386 studio
1685 360 1726 386 vel
1742 365 1825 386 aetate
1837 359 1879 386 vel

1089 401 1160 422 metu
1173 405 1223 422 non
1236 400 1331 430 potest.
1362 396 1457 422 Tutum
1469 397 1606 431 negotium
1616 401 1642 422 tu
1655 398 1788 423 sustineas
1801 406 1880 431 opor-

1089 438 1136 459 tet:
1152 434 1178 459 in
1190 438 1214 459 te
1225 433 1293 459 mihi
1304 434 1392 459 omnis
1402 442 1465 468 spes
1476 438 1525 459 est.
1561 434 1600 459 Tu
1613 442 1660 468 pro
1671 439 1715 459 tua
1726 434 1878 468 prudentia.

1065 483 1066 491 κ
1087 470 1190 505 quibus
1202 470 1282 496 rebus
1293 471 1417 505 gaudeat.
1430 471 1532 505 quibus
1542 471 1663 505 capiatur
1672 471 1776 501 Caesar.
1791 477 1877 497 tenes:

1068 1394 1069 1400 ,
1092 1373 1139 1405 lia,
1153 1373 1242 1409 quoad
1254 1373 1399 1405 vellemus,
1417 1382 1476 1400 esse
1487 1374 1526 1400 uti
1538 1373 1638 1399 liceret.

1068 1410 1069 1443 ζ
1092 1416 1216 1438 suessent
1232 1416 1277 1437 aut
1294 1411 1408 1437 libenter
1418 1410 1554 1446 polliceri,
1572 1411 1595 1436 si
1606 1409 1674 1445 quid
1685 1415 1754 1436 esset
1765 1410 1885 1435 eiusmo-

1068 1477 1069 1483 ,
1091 1449 1132 1480 di,
1149 1449 1222 1485 quod
1233 1457 1325 1476 eorum
1336 1449 1440 1475 animos
1451 1457 1503 1475 non
1514 1447 1671 1478 offenderet,
1688 1447 1823 1473 autetiam
1837 1454 1885 1473 ne-

1088 516 1102 533 a
1117 512 1141 534 te
1152 508 1241 534 omnia
1254 508 1469 542 proficiscantur,
1493 513 1518 534 et
1529 517 1576 542 per
1587 513 1610 534 te
1621 507 1654 533 ad
1666 508 1769 534 exitum
1781 508 1881 542 perdu-

1087 550 1182 571 cantur
1193 554 1302 571 necesse
1313 549 1362 571 est.
1403 544 1481 579 Apud
1495 546 1583 579 ipsum
1596 544 1725 575 multum,
1738 545 1810 580 apud
1821 546 1881 571 eius

1088 591 1181 608 omnes
1198 582 1346 617 plurimum
1363 587 1447 616 potes.
1487 584 1512 608 6.
1535 582 1622 608 Unum
1639 582 1689 608 tibi
1704 582 1727 608 si
1740 591 1881 616 persuase-

1090 620 1139 647 ris.
1154 628 1204 646 non
1218 619 1266 645 boc
1277 628 1336 645 esse
1348 620 1386 645 tui
1401 620 1534 649 muneris,
1551 620 1574 645 si
1586 619 1652 654 quid
1665 624 1771 653 rogatus
1786 619 1879 649 fueris,

1090 661 1118 683 ut
1130 656 1220 686 facias,
1228 657 1403 691 (quamquam
1417 656 1443 682 id
1456 665 1585 692 magnum
1595 661 1621 683 et
1632 655 1752 691 amplum
1762 657 1823 691 est.)
1833 655 1881 682 sed

1089 698 1173 720 totum
1190 699 1266 720 tuum
1281 702 1340 719 esse
1355 702 1438 724 onus,
1461 694 1593 728 perficies.
1634 694 1693 720 Nisi
1714 693 1779 720 forte
1794 698 1839 720 aut
1854 694 1881 720 in

1090 731 1198 757 miseria
1209 731 1291 757 nimis
1302 730 1396 761 stulte,
1419 732 1502 757 autin
1514 731 1631 757 amicitia
1644 731 1725 757 nimis
1738 730 1882 765 impuden-

1090 773 1128 795 ter
1143 768 1192 794 tibi
1207 777 1276 794 onus
1287 769 1405 803 impono.
1447 768 1500 794 Sed
1513 769 1619 803 utrique
1632 769 1669 794 rei
1680 768 1881 794 excusationem

1090 810 1149 832 tuae
1165 806 1235 832 vitae
1250 805 1416 832 consuetudo
1430 805 1484 832 dat.
1525 806 1592 832 Nam
1607 805 1679 840 quod
1697 806 1730 831 ita
1745 805 1882 832 consuesti

1090 851 1137 877 pro
1152 843 1247 869 amicis
1264 842 1395 872 laborare,
1419 851 1470 869 non
1487 844 1539 868 iam
1554 843 1594 869 sic
1605 847 1713 877 sperant
1727 842 1775 868 abs
1787 848 1821 872 te,
1833 841 1882 868 sed

1089 881 1169 906 etiam
1185 881 1225 906 sic
1240 880 1372 914 imperant
1387 880 1436 906 tibi
1453 879 1608 906 familiares.
1649 879 1724 911 Quod
1736 879 1768 905 ad
1782 879 1881 905 librum

1089 918 1191 948 attinet,
1204 925 1285 952 quem
1298 917 1347 944 tibi
1360 917 1432 943 filius
1446 917 1533 946 dabit,
1548 922 1608 952 peto
1618 925 1632 943 a
1643 922 1681 945 tev
1695 925 1727 943 ue
1739 922 1823 946 exeat,
1837 921 1882 943 aut

1090 955 1125 981 ita
1136 955 1262 990 corrigas,
1276 963 1309 981 ne
1321 954 1389 980 mibi
1401 959 1501 981 noceat.

1145 1033 1205 1053 vm.
1221 1033 1238 1052 ‚t
1247 1032 1298 1052 RG.
1315 1031 1363 1052 sibi
1374 1032 1414 1052 tw:
1424 1031 1472 1051 dari
1483 1038 1495 1051 ι
1506 1031 1574 1051 Balbo
1584 1034 1606 1051 et
1616 1030 1687 1057 Oppio
1697 1030 1783 1054 utimr,
1795 1035 1817 1050 ιιι
1828 1032 1881 1050 [ιι-ν

1091 1067 1154 1088 tinae
1164 1066 1230 1087 licent
1240 1066 1263 1086 in
1274 1066 1355 1087 sicili-
1365 1073 1421 1091 eut,
1433 1066 1508 1093 ibique
1518 1070 1541 1086 ιιι
1552 1070 1703 1089 commoretur,
1714 1065 1799 1085 nna-let⁴

1267 1104 1354 1123 utum-c,
1365 1104 1442 1121 (tn-..n
1453 1103 1487 1121 ιιι.
1503 1103 1576 1124 tama„
1586 1110 1633 1119 m...
1645 1104 1699 1121 mn.)

1250 1147 1286 1172 M.
1308 1146 1337 1173 C.
1359 1146 1387 1172 S.
1407 1147 1437 1172 D.
1460 1146 1491 1172 A.
1513 1145 1723 1172 CAECINAE.

1149 1189 1171 1214 l.
1194 1182 1290 1219 Quum
1306 1192 1377 1214 esset
1388 1196 1494 1213 mecum
1506 1187 1621 1223 LarguS,
1640 1187 1719 1213 bomo
1730 1186 1768 1212 tui
1780 1185 1884 1212 studio-

1091 1234 1147 1255 sus,
1162 1224 1275 1255 locutuS,
1290 1224 1422 1251 Kalendas
1433 1225 1488 1251 Ian.
1501 1224 1551 1251 tibi
1562 1224 1716 1259 praefinitas
1726 1232 1798 1249 esse:
1811 1223 1883 1258 quod

1090 1262 1218 1289 omnibus
1231 1262 1312 1288 rebus
1323 1270 1526 1297 perspexeram,
1543 1270 1612 1296 quae
1623 1261 1722 1287 Balbus
1733 1266 1758 1287 et
1768 1261 1882 1295 Oppius.

1091 1299 1201 1325 absente
1212 1299 1337 1330 Caesare,
1351 1300 1482 1335 egissent,
1500 1307 1529 1325 ea
1541 1298 1626 1325 solere
1639 1298 1678 1324 illi
1689 1303 1743 1324 rata
1754 1306 1827 1323 esse:
1840 1298 1883 1333 egi

1092 1336 1265 1363 vehementer
1275 1345 1337 1362 cum
1349 1336 1401 1368 his,
1414 1341 1443 1363 ut
1455 1336 1504 1363 hoc
1515 1336 1583 1362 mihi
1594 1335 1699 1365 darent,
1713 1335 1762 1361 tibi
1775 1336 1801 1361 in
1814 1334 1884 1361 Sici-

1677 1372 1729 1404 Qui
1741 1372 1809 1398 mihi
1820 1380 1884 1398 con-

1091 1495 1154 1522 gare
1165 1491 1191 1513 et
1201 1486 1293 1513 afferre
1305 1487 1434 1513 rationem
1442 1507 1448 1517 ,
1465 1495 1514 1512 cur
1524 1490 1664 1521 negarent,
1683 1484 1746 1510 huic
1758 1492 1832 1510 meae
1843 1492 1886 1510 ro-

1068 1536 1069 1545 *
1091 1525 1193 1560 gationi
1207 1524 1233 1544 ⁸?
1249 1524 1338 1558 potius
1357 1532 1409 1550 non
1424 1524 1551 1550 continuo
1565 1521 1773 1557 responderunt,
1790 1520 1885 1547 eodem

1091 1561 1135 1587 die
1148 1566 1236 1587 tamen
1248 1561 1280 1587 ad
1293 1569 1335 1587 me
1348 1565 1527 1592 reverterunt;
1545 1560 1613 1586 mihi
1630 1559 1679 1586 boc
1694 1558 1838 1587 dederunt,
1857 1563 1887 1584 ut

1091 1607 1165 1624 esses
1178 1599 1205 1624 in
1217 1597 1323 1628 Sicilia,
1340 1597 1429 1632 quoad
1447 1597 1544 1624 velles:
1561 1605 1590 1623 se
1606 1601 1797 1631 praestaturos,
1816 1594 1884 1621 nibil

1091 1644 1125 1662 ex
1140 1644 1171 1662 eo
1187 1640 1210 1661 te
1226 1635 1381 1661 offensionis
1397 1635 1564 1661 habiturum.
1604 1632 1730 1665 Quando,
1752 1632 1819 1667 quid
1835 1632 1885 1658 tibi

1091 1673 1268 1707 permittatur,
1282 1672 1417 1707 cognosti:
1429 1671 1496 1706 quid
1508 1671 1575 1697 mibi
1586 1670 1697 1705 placeat,
1706 1674 1770 1705 puto
1782 1675 1806 1695 te
1817 1670 1886 1695 scire

1091 1714 1222 1744 oportere.
1262 1711 1288 1735 2.
1310 1709 1384 1735 Actis
1399 1709 1442 1735 his
1456 1708 1551 1739 rebus,
1570 1707 1672 1734 litterae
1683 1712 1732 1733 ate
1745 1707 1813 1732 mibi
1824 1706 1886 1732 red-

1092 1746 1162 1772 ditae
1171 1751 1243 1777 sunt,
1257 1746 1359 1780 quibus
1369 1754 1383 1772 a
1393 1754 1436 1772 me
1447 1745 1592 1772 consilium
1603 1745 1681 1779 petis,
1694 1743 1760 1779 quid
1772 1744 1824 1769 sim
1836 1743 1885 1770 tibi

1091 1789 1194 1810 auctor:
1219 1784 1245 1809 in
1258 1783 1386 1809 Siciliane
1400 1782 1540 1813 subsidas,
1558 1790 1591 1808 an
1602 1781 1635 1808 ad
1646 1781 1776 1816 reliquias
1787 1782 1886 1807 Asiati-

1091 1829 1137 1847 cae
1153 1821 1342 1856 negotiationis
1356 1820 1535 1855 proficiscare,
1575 1819 1645 1845 Haec
1663 1823 1708 1845 tua
1727 1818 1886 1844 deliberatio

1092 1866 1144 1884 non
1156 1858 1224 1883 mibi
1235 1857 1380 1883 convenire
1390 1858 1449 1883 visa
1460 1862 1500 1883 est
1510 1865 1572 1883 curn
1583 1857 1700 1882 oratione
1712 1855 1801 1890 Largi.
1838 1854 1887 1881 llle

1092 1895 1164 1921 enim
1180 1903 1301 1925 mecum,
1319 1895 1398 1929 quasi
1409 1894 1460 1920 tibi
1474 1903 1526 1920 non
1538 1893 1629 1919 liceret
1639 1893 1667 1919 in
1677 1891 1770 1919 Sicilia
1781 1891 1886 1918 diutius

1091 1932 1263 1962 commorari,
1282 1932 1317 1957 ita
1330 1931 1434 1958 loeutus
1445 1936 1514 1958 erat:
1532 1935 1561 1957 tu
1572 1935 1674 1961 autem,
1687 1930 1765 1964 quasi
1776 1937 1887 1955 conces-

1092 1977 1153 1995 sum
1168 1969 1216 1999 sit,
1235 1969 1270 1995 ita
1285 1968 1430 1995 deliberas.
1469 1967 1522 1995 Sed
1535 1976 1596 2003 ego,
1613 1967 1672 1993 sive
1687 1966 1738 1993 hoc
1748 1967 1806 1992 sive
1817 1965 1887 1992 illud

1092 2011 1144 2037 est,
1167 2007 1195 2032 in
1207 2005 1300 2032 Sicilia
1315 2014 1412 2032 censeo
1426 2004 1657 2032 commorandum.
1697 2004 1886 2038 Propinquitas

1093 2043 1211 2070 locorum
1223 2042 1266 2069 vel
1276 2043 1310 2069 ad
1321 2042 1521 2078 impetrandum
1531 2041 1671 2069 adiuvabit
1681 2040 1784 2067 crebris
1791 2040 1886 2067 litteris

1093 2085 1118 2107 et
1129 2080 1246 2111 nuntiis,
1259 2079 1302 2106 vel
1314 2079 1348 2106 ad
1358 2080 1461 2106 reditus
1471 2079 1634 2106 celeritatem
1642 2099 1648 2109 ,
1665 2086 1693 2104 re
1703 2083 1748 2104 aut
1759 2078 1887 2112 impetra-

1092 2123 1131 2149 ta,
1149 2117 1222 2152 quod
1237 2125 1329 2152 spero,
1347 2122 1393 2144 aut
1401 2117 1492 2152 aliqua
1503 2117 1603 2143 ratione
1617 2114 1746 2142 confecta.
1785 2114 1887 2147 Quam-

1093 2155 1186 2181 obrem
1206 2163 1302 2181 censeo
1321 2163 1419 2190 magno
1438 2162 1518 2189 opere
1537 2152 1767 2180 commorandum.
1807 2153 1832 2178 3.
1854 2152 1884 2177 T.

1093 2191 1221 2218 Furfanio
1240 2192 1378 2223 Postumo,
1401 2191 1528 2218 familiari
1548 2199 1620 2220 meo,
1648 2189 1796 2225 legatisque
1815 2189 1884 2219 eius,

1094 2229 1158 2255 item
1174 2229 1243 2255 meis
1257 2228 1438 2255 familiaribus
1453 2228 1662 2264 diligentissime
1676 2231 1701 2252 te
1715 2225 1888 2252 commenda·

1092 2266 1136 2296 bo,
1149 2274 1235 2301 quum
1247 2267 1379 2292 venerint.
1400 2267 1482 2292 Erant
1493 2266 1565 2292 enim
1576 2273 1669 2291 omnes
1681 2263 1808 2289 Mutinae.
1828 2263 1887 2289 Viri

1093 2308 1157 2329 sunt
1166 2303 1275 2338 optimi,
1289 2308 1314 2329 et
1325 2304 1363 2329 tui
1374 2303 1508 2329 similium
1518 2301 1646 2332 studiosi,
1662 2305 1687 2327 et
1698 2300 1752 2326 mei
1763 2308 1888 2326 necessa-

1093 2340 1137 2366 rii.
1177 2340 1251 2372 Quae
1263 2340 1332 2366 mihi
1342 2341 1452 2367 venient
1462 2341 1489 2366 in
1500 2343 1630 2369 mentem,
1644 2346 1713 2372 quae
1724 2337 1757 2363 ad
1768 2342 1792 2363 te
1803 2337 1888 2371 perti-

1093 2385 1156 2403 nere
1166 2377 1324 2408 arbitrabor,
1338 2385 1368 2403 ea
1379 2385 1438 2404 mea
1448 2381 1542 2411 sponte
1553 2375 1660 2401 faciam.
1691 2374 1720 2401 Si
1731 2373 1799 2409 quid
1809 2374 1888 2409 igno-

1093 2414 1170 2445 rabo,
1189 2414 1222 2440 de
1233 2422 1264 2440 eo
1274 2413 1428 2441 admonitus
1437 2413 1559 2440 omnium
1569 2411 1658 2438 studia
1672 2412 1790 2437 vincam.
1829 2411 1888 2446 Ego

1093 2452 1143 2478 etsi
1154 2459 1243 2477 coram
1254 2451 1288 2477 de
1298 2456 1323 2478 te
1333 2459 1396 2478 cum
1407 2450 1534 2478 Furfanio
1545 2450 1579 2475 ita
1591 2448 1696 2483 loquar,
1714 2453 1744 2474 ut
1754 2447 1805 2474 tibi
1815 2447 1888 2475 litte-

1093 2489 1131 2514 ris
1142 2489 1210 2514 meis
1222 2488 1255 2514 ad
1265 2496 1328 2514 eum
1339 2487 1409 2514 nihil
1422 2496 1491 2522 opus
1505 2487 1553 2512 sit:
1570 2491 1671 2515 tamen,
1688 2485 1816 2520 quoniam
1830 2485 1886 2512 tuis

1092 2525 1203 2560 placuit,
1217 2530 1241 2551 te
1253 2525 1352 2552 habere
1363 2533 1436 2551 meas
1448 2524 1556 2553 litteras,
1569 2531 1637 2558 quas
1648 2523 1673 2548 ei
1684 2521 1818 2553 redderes,
1827 2530 1887 2548 mo-

1093 2570 1150 2588 rem
1169 2562 1212 2588 his
1231 2563 1314 2597 gessi.
1353 2562 1453 2588 Earum
1473 2560 1620 2587 litterarum
1639 2558 1796 2594 exemplum
1816 2558 1886 2586 infra

1093 2599 1146 2625 seri
1168 2604 1225 2625 tum
1235 2603 1285 2625 est.

253 2635 290 2656 ret
304 2634 348 2656 aut
363 2638 393 2656 ea
407 2631 559 2660 conditione
575 2633 660 2664 daret,
682 2634 706 2660 si
722 2634 854 2669 reciperes
869 2639 893 2660 te
908 2639 1044 2661 correctu-
1064 2624 1073 2656 ¹·
1148 2607 1166 2634 p
