1941 3052
392 148 578 176 ORATIO
611 149 653 176 IV.
687 149 735 175 IN
768 149 797 175 L.
832 147 1126 175 CATILINAM.

79 219 258 256 periculorum
269 221 384 247 rationes
396 220 497 246 utilitas
509 219 673 255 reipublicae
684 220 783 246 vincat.
823 219 875 245 Ha-

79 260 173 285 bemus
185 258 257 284 enim
269 266 282 283 a
295 258 323 284 C.
337 257 457 287 Caesare,
473 258 544 283 sieut
555 257 642 292 ipsius
653 257 771 292 dignitas
783 261 808 283 et
818 266 875 283 ma-

77 298 165 323 iorum
181 295 239 322 eius
255 294 404 330 amplitudo
424 294 589 329 postulabat,
612 295 784 325 sententiam,
808 298 875 320 tam-

77 343 159 369 quam
174 332 297 360 obsidem
313 336 456 367 perpetuae
471 333 500 358 in
510 332 706 367 rempublicam
718 331 872 358 voluntatis.

78 371 245 398 Intellectum
257 374 306 401 est,
314 370 382 405 quid
392 370 498 396 intersit
509 370 578 396 inter
590 369 723 396 levitatem
735 369 875 395 conciona-

78 414 164 436 torum
176 412 202 435 et
212 408 333 435 animum
345 416 406 434 vere
423 407 592 442 popularem,
610 406 691 433 saluti
708 406 800 441 populi
812 415 875 432 con-

77 446 221 473 sulentem.
255 447 295 471 lO.
307 445 391 472 Video
402 445 435 471 de
446 445 515 476 istis,
528 445 576 480 qui
587 453 616 470 se
628 444 770 479 populares
783 443 875 469 haberi

78 484 180 514 volunt,
194 483 288 509 abesse
300 492 352 509 non
364 483 508 513 neminem,
518 491 550 508 ne
561 481 594 508 de
604 482 691 516 capite
702 481 826 507 videlicet
837 481 876 507 ci-

78 522 154 548 vium
165 522 345 547 Romanorum
361 520 520 546 sententiam
533 519 607 546 ferat.
648 520 672 545 Is
684 523 709 545 et
721 518 876 544 nudiuster-

78 559 132 586 tius
148 559 175 585 in
191 558 341 585 custodiam
357 558 430 584 cives
451 558 583 583 Romanos
600 556 682 587 dedit,
697 561 722 582 et
738 555 876 590 supplica-

78 597 177 623 tionem
189 595 256 622 mihi
268 595 393 626 decrevit,
407 599 433 621 et
443 595 546 621 indices
558 594 681 620 hesterno
692 593 736 619 die
747 593 874 619 maximis

78 634 205 669 praemiis
216 632 310 659 affecit.
345 633 399 659 Iam
411 633 461 658 hoc
472 632 572 658 nemini
583 631 698 657 dubium
710 635 758 661 est,
771 631 819 665 qui
832 638 875 656 reo

77 670 235 702 custodiam,
248 670 393 705 quaesitori
404 669 617 705 gratulationem,
630 668 713 694 indici
725 668 874 703 praemium

78 709 209 739 decrevit,
231 707 297 743 quid
308 707 340 734 de
352 711 402 734 tota
415 716 441 733 re
452 711 478 733 et
488 714 582 732 caussa
594 705 727 732 iudicarit.
768 705 801 731 At
813 713 875 731 vero

78 746 107 773 C.
121 746 216 773 Caesar
230 744 369 780 intelligit,
388 744 473 780 legem
484 743 670 778 Semproniam
685 751 744 769 esse
760 742 792 768 de
807 742 875 768 civi-

78 784 129 810 bus
140 783 266 810 Romanis
282 783 467 808 constitutam:
490 781 538 816 qui
554 785 642 807 autem
659 780 823 815 reipublicae
839 780 875 805 sit

78 821 176 852 hostis,
199 828 261 846 eum
276 820 363 846 civem
379 828 438 845 esse
454 818 528 845 nullo
544 818 622 844 modo
643 826 734 853 posse:
757 817 875 852 denique

76 860 167 894 ipsum
180 857 289 884 latorem
305 857 372 892 legis
384 856 557 891 Semproniae
572 856 650 882 iussu
666 855 759 890 populi
776 864 874 890 poenas

77 894 241 930 reipublicae
251 894 422 929 dependisset
444 894 516 920 Idem
528 894 618 928 ipsum
626 893 780 924 Lentulum,
795 892 875 928 largi-

77 938 160 960 torem
172 936 197 959 et
208 931 364 968 prodigum,
383 941 435 958 non
449 935 538 966 putat,
556 940 642 966 quum
653 930 686 956 de
698 931 816 965 pernicie
828 939 876 965 po-

78 970 136 1006 puli
150 970 262 997 Romani
283 974 308 996 et
328 969 409 996 exitio
430 969 512 996 huius
533 968 609 995 urbis
626 972 678 994 tam
694 968 787 994 acerbe
808 972 876 994 tam-

77 1016 130 1044 que
145 1006 289 1034 crudeliter
303 1007 438 1043 cogitarit,
460 1005 589 1041 appellari
610 1014 689 1040 posse
705 1005 873 1041 popularem.

76 1047 169 1080 ltaque
180 1045 260 1072 homo
271 1044 432 1071 mitissimus
444 1049 523 1079 atque
536 1043 692 1070 lenissimus
704 1052 756 1070 non
770 1043 875 1070 dubitat

76 1083 106 1110 P.
124 1083 267 1109 Lentulum
283 1083 397 1109 aeternis
413 1082 529 1108 tenebris
546 1080 717 1116 vinculisque
737 1081 872 1112 mandare,

77 1125 103 1148 et
113 1121 199 1147 sancit
209 1121 236 1147 in
247 1124 395 1155 posterum,
404 1128 436 1146 ne
446 1119 510 1154 quis
522 1119 604 1145 huius
616 1118 750 1153 supplicio
763 1118 875 1145 levando

77 1167 106 1185 se
121 1158 218 1185 iactare
233 1158 297 1184 etin
308 1157 427 1193 pernicie
437 1156 531 1192 populi
543 1157 653 1183 Romani
666 1156 777 1191 posthac
788 1165 875 1191 popu-

78 1195 140 1223 laris
151 1204 211 1222 esse
222 1195 319 1230 possit:
342 1195 466 1231 adiungit
476 1194 555 1221 etiam
567 1193 776 1229 publicationem
791 1194 876 1221 bono-

77 1242 137 1260 rum
145 1254 151 1265 ,
168 1237 199 1260 ut
213 1241 306 1260 omnes
317 1233 400 1259 animi
411 1232 544 1259 cruciatus
556 1236 581 1258 et
591 1231 709 1266 corporis
721 1232 801 1258 etiam
812 1240 875 1268 ege-

77 1275 131 1298 stas
142 1279 172 1297 ac
183 1270 340 1297 mendicitas
351 1274 539 1305 consequatur.

133 1308 177 1335 Vt.
193 1309 231 1334 ll.
244 1307 433 1340 Quamobrem,
447 1307 504 1334 sive
516 1307 565 1334 hoc
576 1307 733 1338 statueritis,
746 1307 874 1333 dederitis

77 1345 145 1372 mihi
156 1345 280 1372 comitem
292 1345 324 1371 ad
335 1345 504 1376 concionem,
522 1344 622 1379 populo
637 1353 729 1371 carum
741 1349 821 1380 atque
832 1345 875 1371 iu-

76 1382 211 1416 cundum;
224 1383 282 1409 sive
289 1382 373 1409 Silani
383 1382 543 1409 sententiam
555 1382 633 1417 sequi
644 1382 801 1413 malueritis,
811 1382 875 1409 faci-

78 1420 102 1448 le
117 1429 160 1447 me
175 1425 254 1455 atque
270 1429 318 1447 vos
333 1429 347 1446 a
362 1419 529 1446 crudelitatis
541 1420 735 1454 vituperatione
747 1419 874 1446 defende-

76 1458 125 1491 tis;
160 1462 241 1493 atque
268 1457 407 1489 obtinebo,
437 1466 495 1484 eam
519 1456 604 1483 multo
628 1457 755 1484 leniorem
780 1457 872 1484 fuisse.

75 1495 256 1530 Quamquam,
269 1499 357 1530 patres
368 1495 521 1530 conscripti,
530 1503 598 1530 quae
611 1499 697 1529 potest
707 1503 766 1521 esse
778 1496 805 1522 in
818 1500 875 1522 tan-

78 1533 96 1560 ti
107 1532 216 1559 sceleris
227 1533 392 1559 immanitate
404 1532 539 1568 punienda
551 1532 715 1559 crudelitas?
734 1533 791 1568 Ego
802 1533 873 1559 enim

76 1571 109 1598 de
122 1579 180 1597 meo
190 1579 273 1597 sensu
289 1570 388 1597 iudico.
429 1571 496 1596 Nam
513 1570 548 1596 ita
563 1569 630 1596 mihi
646 1570 721 1596 salva
736 1570 873 1605 republica

77 1608 217 1635 vobiscum
233 1607 335 1643 perfrui
351 1607 441 1639 liceat,
464 1612 494 1634 ut
508 1615 571 1643 ego,
593 1607 667 1642 quod
680 1608 707 1634 in
720 1607 769 1634 hac
779 1617 873 1635 caussa

78 1645 259 1672 vehementior
269 1654 330 1672 sum
338 1665 344 1677 ‚
363 1654 415 1672 non
426 1645 560 1672 atrocitate
571 1645 654 1671 animi
667 1654 788 1676 moveor,
801 1646 873 1682 (quis

76 1683 147 1710 enim
159 1687 199 1710 est
210 1691 252 1709 me
264 1682 380 1718 mitior?)
390 1682 438 1709 sed
449 1681 580 1718 singulari
592 1682 709 1717 quadam
720 1683 875 1710 humanita-

76 1725 101 1748 te
112 1724 137 1747 et
148 1720 340 1747 misericordia.
376 1720 473 1748 Videor
483 1720 555 1747 enim
567 1720 635 1746 mihi
647 1720 714 1747 hanc
726 1721 820 1747 urbem
833 1722 874 1748 vi-

75 1757 147 1790 dere,
161 1757 248 1785 lucem
259 1758 332 1785 orbis
344 1761 473 1785 terrarum
485 1762 565 1793 atque
576 1766 663 1784 arcem
674 1759 795 1785 omnium
807 1768 874 1795 gen-

77 1795 157 1827 tium,
175 1795 265 1822 subito
276 1804 330 1822 uno
340 1795 464 1822 incendio
474 1795 672 1823 concidentem:
695 1804 774 1823 cerno
785 1797 874 1823 animo

75 1832 209 1868 sepultam
230 1833 352 1868 patriam,
375 1833 487 1860 miseros
503 1837 583 1868 atque
598 1833 748 1868 insepultos
764 1843 873 1861 acervos

75 1870 191 1897 civium:
204 1875 326 1898 versatur
337 1871 404 1898 mihi
415 1875 476 1897 ante
486 1871 578 1898 oculos
589 1875 714 1906 aspectus
727 1871 837 1907 Cethegi
849 1876 874 1899 et

76 1906 149 1935 furor
159 1908 188 1935 in
199 1912 286 1935 vestra
297 1908 377 1935 caede
389 1908 552 1935 bacchantis.
578 1910 617 1936 ⁴2.
630 1908 720 1941 Quum
732 1918 795 1936 vero
806 1910 873 1936 mihi

75 1945 203 1980 proposui
215 1950 372 1981 regnantem
384 1945 543 1978 Lentulum,
565 1946 636 1973 sicut
650 1947 709 1981 ipse
723 1955 752 1974 se
767 1955 801 1974 ex
812 1947 873 1974 fatis

75 1991 198 2017 sperasse
208 1982 348 2010 consessus
360 1987 413 2016 est;
437 1987 616 2018 purpuratum
632 1992 691 2011 esse
707 1984 779 2011 hunc
790 1985 874 2012 Gabi-

76 2020 166 2053 nium3
179 2028 241 2046 curn
253 2020 371 2047 exercitu
382 2021 489 2047 venisse
501 2020 656 2048 Catilinam:
676 2026 732 2048 tum
745 2022 874 2049 lamenta-

75 2057 175 2084 tionem
187 2057 436 2089 matrumfamilias,
459 2062 516 2085 tum
533 2057 624 2094 fugam
641 2059 682 2086 vir
703 2060 777 2086 'num
793 2065 874 2095 atque

75 2103 230 2130 puerorum,
244 2103 273 2121 ac
284 2095 451 2122 vexationem
461 2096 598 2131 virginum
605 2068 752 2123 Vestali'um
764 2097 875 2132 perhor—

76 2140 164 2159 resco:
180 2137 214 2164 et,
227 2133 291 2168 quia
303 2133 368 2159 mihi
381 2133 553 2160 vehementer
564 2133 628 2160 haec
639 2134 765 2161 videntur
777 2135 873 2161 misera

76 2174 156 2205 atque
167 2169 332 2202 miseranda,
350 2169 448 2197 idcirco
459 2171 486 2197 in
498 2179 557 2202 eos,
574 2171 622 2206 qui
638 2180 666 2198 ea
685 2172 810 2207 perlicere
828 2181 874 2199 vo-

77 2206 196 2239 luerunt,
215 2216 258 2234 me
273 2216 398 2234 severum
410 2207 651 2244 vehementemque
663 2210 786 2244 praebeo.
827 2210 874 2236 Et-

76 2245 148 2272 enim
159 2253 272 2280 quaero,
290 2245 313 2271 si
324 2245 387 2280 quis
399 2245 604 2280 paterfamilias,
619 2246 710 2273 liberis
721 2247 780 2274 suis
791 2256 805 2273 a
817 2256 874 2274 ser-

78 2290 110 2309 vo
121 2281 275 2314 interfectis,
290 2291 372 2309 uxore
382 2283 478 2314 occisa,
490 2283 598 2310 incensa
609 2283 697 2315 domo,
705 2284 872 2320 supplicium

76 2318 109 2346 de
119 2320 205 2346 servis
217 2329 269 2347 non
280 2328 362 2355 quam
374 2320 579 2347 acerbissimum
596 2322 757 2356 sumpserit:
781 2327 872 2348 utrum

76 2356 100 2383 is
111 2356 229 2384 clemens
240 2366 270 2384 ac
281 2358 447 2389 misericors,
465 2366 498 2384 an
514 2358 760 2385 inhumanissimus
775 2364 801 2386 et
811 2368 874 2386 cru-

76 2393 232 2422 delissimus
252 2403 311 2422 esse
332 2395 472 2422 videatur?
492 2395 557 2421 Mihi
574 2403 636 2422 vero
651 2396 823 2431 importunus
843 2406 873 2423 ac

77 2430 178 2459 ferreus
186 2452 192 2464 ,
204 2432 252 2467 qui
265 2441 316 2460 non
328 2432 418 2459 dolore
429 2441 459 2458 ac
469 2433 589 2459 cruciatu
602 2434 721 2460 nocentis
732 2442 813 2460 suum
825 2434 873 2461 do—

78 2467 159 2495 lorem
170 2469 373 2505 cruciatumque
386 2470 499 2496 lenierit.
541 2470 585 2496 Sic
602 2479 650 2497 nos
662 2471 688 2497 in
702 2471 743 2497 his
756 2471 873 2498 homini-

77 2504 137 2538 buS,
154 2507 202 2542 qui
214 2515 271 2539 nos,
289 2509 336 2543 qui
347 2508 488 2543 coniuges,
506 2508 553 2542 qui
567 2507 664 2534 liberos
676 2513 779 2535 nostros
791 2509 873 2535 truci-

76 2542 138 2569 dare
150 2543 306 2576 voluerunt,
318 2546 366 2580 qui
378 2544 500 2581 singulas
513 2545 594 2571 tinius
605 2545 739 2580 cuiusque
751 2550 871 2572 nostrum

75 2579 169 2608 domos
179 2585 205 2608 et
216 2581 265 2609 hoc
276 2583 433 2609 universum
446 2582 609 2617 reipublicae
620 2582 787 2609 domicilium
799 2583 872 2610 ‹lole-

76 2625 104 2644 το
113 2619 200 2645 conati
211 2623 288 2651 sunt,
301 2620 349 2655 qui
360 2620 387 2646 id
399 2624 524 2656 egerunt,
539 2624 567 2646 ut
577 2624 684 2655 gentem
697 2620 871 2656 Allobrogum

75 2654 102 2681 in
115 2656 181 2682 vesti
204 2656 237 2683 iis
249 2656 330 2684 huius
342 2657 417 2684 urbis
429 2661 509 2692 atque
521 2657 547 2684 in
563 2658 652 2684 cinero
667 2657 803 2693 deflagrati
820 2659 872 2684 im-

77 2692 143 2727 perii
153 2701 184 2721 co
197 2693 325 2728 locarent,
343 2695 366 2722 si
379 2695 610 2722 vehementissimi
625 2695 771 2729 fuerimus,
790 2696 872 2722 mise-

1162 148 1181 175 C
1194 148 1216 175 Α
1230 149 1258 175 Ρ.
1294 150 1309 176 2
1330 164 1366 168 -
1385 150 1411 175 8.
1671 150 1719 176 429

926 219 1042 246 ricordes
1054 219 1227 251 habebimur:
1241 220 1283 246 sin
1295 220 1461 246 remissiores
1473 227 1532 246 esse
1543 219 1719 251 voluerimus,

927 266 1049 283 summae
1066 257 1142 283 nobis
1158 257 1323 283 crudelitatis
1340 257 1367 283 in
1382 258 1482 292 patriae
1493 257 1650 292 civiumque
1662 266 1722 292 per-

927 295 995 321 nicie
1011 294 1080 320 sarna
1095 294 1236 320 subeunda
1248 299 1297 321 est.
1342 297 1380 321 (3.
1404 295 1461 321 Nisi
1478 303 1541 321 vero
1555 295 1674 329 cuipiam
1691 295 1720 321 L.

927 332 1036 363 Caesar,
1054 332 1096 358 vir
1112 331 1275 358 fortissimus
1291 336 1317 358 et
1331 333 1535 358 amantissimus
1546 332 1720 367 reipublicae,

926 369 1060 396 crudelior
1071 369 1268 395 nudiustertius
1280 370 1355 395 visus
1371 374 1424 401 est,
1441 378 1527 404 quum
1538 370 1636 396 sororis
1647 378 1720 400 suae,

928 406 1041 433 feminae
1054 406 1223 437 lectissimae,
1237 407 1334 438 virum,
1343 412 1510 441 praesentem
1523 412 1548 433 et
1558 406 1721 437 audientem,

928 445 980 470 vita
993 444 1153 478 privandum
1165 452 1224 470 esse
1235 444 1312 475 dixit,
1324 453 1410 479 quum
1423 454 1503 471 avum
1514 445 1593 471 iussu
1604 444 1723 471 consulis

927 481 1097 507 interfectum
1119 481 1260 516 filiumque
1283 482 1341 508 eius
1362 483 1545 517 impuberem,
1570 482 1688 518 legatum
1709 490 1722 507 a

927 524 1000 553 patre
1016 519 1130 545 missum
1140 540 1145 549 ,
1168 519 1195 545 in
1210 527 1312 545 carcere
1328 525 1450 546 necatum
1465 529 1523 546 esse
1533 520 1611 546 dixit.
1652 519 1725 552 Quo-

928 566 987 582 rum
1006 556 1079 591 quod
1095 555 1183 582 simile
1201 555 1318 582 factum?
1338 557 1410 591 quod
1422 558 1519 583 initum
1531 557 1660 584 delendae
1672 557 1724 583 rei-

928 593 1051 628 publicae
1062 593 1227 620 consilium‘?
1237 594 1397 629 Largitionis
1410 594 1533 621 voluntas
1545 595 1724 629 tumim-epu—

928 632 997 657 blica
1011 636 1111 657 versata
1124 635 1199 656 estet
1211 632 1327 665 partium
1339 632 1470 666 quaedam
1481 633 1622 659 contentio.
1636 632 1724 667 Atque

928 668 974 695 illo
986 673 1104 702 tempore
1116 668 1197 694 huius
1209 677 1276 694 avus
1288 669 1408 699 Lentuli,
1426 670 1594 696 clarissimus
1610 670 1663 700 vir,
1683 678 1724 696 ar-

927 710 1015 732 matus
1028 706 1179 732 Gracchum
1191 710 1232 731 est
1242 711 1412 740 persecutus:
1427 706 1471 732 ille
1483 708 1562 733 etiam
1573 716 1654 743 grave
1667 712 1723 733 tum

927 743 1027 769 vulnus
1039 744 1148 778 accepit,
1158 752 1190 769 ne
1201 743 1268 778 quid
1279 743 1311 769 de
1323 752 1429 769 summa
1441 744 1577 778 republica
1589 746 1725 771 minuere-

926 786 982 807 tur:
1006 781 1050 807 hic
1065 780 1097 806 ad
1114 781 1255 807 evertenda
1272 780 1445 807 fundamenta
1458 781 1620 816 reipublicae
1632 782 1723 808 Gallos

926 819 1046 849 arcessit,
1069 819 1176 844 servitia
1192 819 1314 849 concitat,
1338 818 1479 845 Catilinam
1496 823 1579 849 vocat,
1603 820 1725 846 attribuit

927 865 974 882 nos
991 855 1163 882 trucidandos
1175 856 1304 891 Cethego,
1322 861 1422 882 ceteros
1438 856 1510 882 cives
1526 856 1724 883 interficiendos

926 894 1054 925 Gabinio,
1068 893 1166 920 Urbem
1177 893 1394 920 inflammandam
1407 894 1511 924 Cassio,
1529 898 1610 920 totam
1621 894 1723 920 ltaliam

926 931 1082 958 vastandam
1094 931 1329 966 diripiendamque
1341 931 1477 957 Catilinae.
1504 932 1648 963 Veremini,
1661 940 1725 958 cen-

926 978 984 1000 seo,
1003 978 1035 995 ne
1047 969 1074 995 in
1092 969 1140 995 hoc
1156 969 1255 995 scelere
1272 974 1324 995 tam
1340 969 1452 995 immani
1467 978 1497 995 ac
1513 969 1628 996 nefando
1643 970 1724 996 nimis

926 1006 1030 1042 aliquid
1041 1015 1133 1033 severe
1145 1007 1272 1033 statuisse
1284 1006 1442 1039 videamini;
1466 1015 1552 1042 quum
1568 1007 1653 1034 multo
1668 1016 1725 1033 ma-

925 1045 968 1080 gis
989 1045 1024 1070 sit
1040 1044 1200 1075 verendum,
1224 1053 1256 1070 ne
1272 1044 1429 1071 remissione
1445 1053 1545 1079 poenae
1560 1044 1682 1071 crudeles
1697 1046 1724 1071 in

927 1083 1052 1117 patriam,
1075 1090 1157 1117 quam
1178 1090 1210 1108 ne
1231 1082 1371 1108 severitate
1386 1082 1627 1108 animadversionis
1644 1083 1724 1108 nimis

927 1120 1098 1146 vehementes
1110 1120 1137 1146 in
1149 1119 1335 1146 acerbissimos
1348 1119 1437 1146 hostes
1449 1119 1534 1146 fuisse
1545 1120 1694 1146 videamur,

981 1158 1037 1184 VII.
1056 1158 1096 1184 14.
1120 1157 1172 1184 Sed
1184 1166 1226 1189 ea,
1244 1166 1313 1193 quae
1325 1157 1452 1189 exaudio,
1471 1162 1559 1192 patres
1569 1158 1722 1192 conscripti,

926 1194 1098 1221 dissimulare
1110 1204 1161 1222 non
1173 1204 1294 1230 possum.
1326 1195 1461 1222 laciuntur
1472 1196 1543 1222 enim
1555 1204 1642 1227 voces,
1656 1204 1725 1230 quae

926 1234 1087 1268 perveniunt
1098 1233 1130 1259 ad
1142 1241 1219 1259 aures
1236 1242 1322 1264 meas,
1341 1242 1446 1264 eorum,
1464 1233 1512 1268 qui
1529 1233 1614 1259 vereri
1630 1233 1725 1259 viden-

926 1276 981 1301 tur,
999 1275 1028 1297 ut
1041 1270 1152 1297 habeam
1167 1271 1231 1297 satis
1242 1270 1368 1306 praesidii
1381 1271 1413 1297 ad
1424 1279 1467 1302 ea,
1485 1279 1554 1306 quae
1566 1279 1613 1297 vos
1624 1275 1726 1297 statue-

926 1309 984 1335 ritis
997 1308 1124 1334 hodierno
1138 1308 1194 1340 die,
1213 1308 1397 1344 transigunda.
1438 1308 1534 1335 Omnia
1546 1312 1571 1335 et
1582 1308 1688 1343 provisa
1700 1313 1726 1335 et

926 1350 1015 1381 parata
1026 1350 1052 1372 et
1062 1346 1205 1372 constituta
1217 1351 1289 1377 sunt,
1304 1350 1391 1381 patres
1403 1346 1555 1380 conscripti,
1568 1354 1654 1381 quum
1666 1354 1725 1372 mea

925 1392 1031 1410 summa
1043 1392 1105 1410 cura
1117 1388 1197 1419 atque
1207 1383 1355 1419 diligentia,
1370 1388 1427 1410 tum
1440 1383 1524 1410 multo
1535 1384 1613 1410 etiam
1626 1384 1725 1409 maiore

926 1421 1019 1456 populi
1031 1421 1142 1448 Romani
1158 1420 1191 1447 ad
1207 1430 1345 1447 summum
1362 1422 1506 1456 imperium
1519 1421 1687 1447 retinendum
1700 1426 1725 1447 et

925 1459 958 1485 ad
967 1467 1123 1485 communes
1135 1458 1254 1485 fortunas
1264 1458 1459 1485 conservandas
1466 1458 1612 1485 voluntate.
1625 1458 1725 1485 Omnes

925 1496 1024 1523 adsunt
1038 1497 1160 1523 omnium
1175 1496 1300 1522 ordinum
1317 1496 1452 1527 homines,
1471 1497 1592 1522 omnium
1608 1495 1724 1531 denique

925 1538 1055 1560 aetatum:
1070 1533 1179 1569 plenum
1191 1538 1232 1560 est
1244 1533 1339 1564 forum,
1348 1533 1425 1568 plena
1438 1533 1534 1568 templa
1544 1534 1613 1560 circa
1627 1533 1722 1564 forum,

925 1571 999 1607 pleni
1014 1580 1108 1598 omnes
1124 1571 1212 1598 aditus
1230 1571 1312 1597 huius
1325 1571 1373 1597 loci
1385 1580 1414 1598 ac
1427 1571 1530 1606 templi.
1572 1571 1672 1598 Caussa
1684 1576 1726 1597 est

925 1609 997 1636 enim
1010 1613 1070 1644 post
1080 1609 1178 1636 Urbem
1191 1609 1324 1635 conditam
1337 1609 1400 1635 hacc
1417 1610 1525 1635 inventa
1540 1608 1609 1639 sola,
1628 1609 1655 1635 in
1671 1617 1724 1644 qua

924 1655 1018 1674 omnes
1029 1647 1159 1673 sentirent
1171 1655 1255 1673 unum
1270 1651 1350 1681 atque
1366 1646 1451 1677 idem,
1470 1650 1573 1681 praeter
1588 1655 1647 1676 eos,
1665 1647 1722 1681 qui,

924 1693 1010 1720 quum
1027 1684 1079 1711 sibi
1096 1684 1217 1710 viderent
1231 1692 1290 1710 esse
1311 1684 1491 1719 pereundum,
1515 1692 1577 1710 curn
1598 1684 1725 1710 omnibus

925 1723 1024 1757 potius,
1037 1730 1119 1757 quam
1131 1721 1181 1748 soli
1194 1722 1280 1756 perire
1292 1721 1443 1748 voluerunt.
1469 1723 1509 1748 ⁴5.
1522 1722 1606 1748 Hosce
1617 1730 1666 1756 ego
1677 1721 1725 1748 ho-

925 1760 1012 1786 mines
1024 1760 1129 1794 excipio
1140 1764 1165 1786 et
1176 1768 1286 1786 secerno
1299 1759 1425 1786 libenter:
1450 1768 1536 1794 neque
1551 1759 1622 1785 enim
1635 1759 1661 1785 in
1673 1759 1726 1784 im-

926 1797 1070 1833 proborum
1081 1797 1191 1827 civium,
1200 1797 1247 1823 sed
1259 1797 1285 1823 in
1297 1797 1531 1823 acerbissimorum
1544 1796 1662 1823 hostium
1674 1804 1726 1822 nu-

925 1844 998 1862 mero
1013 1835 1150 1861 habendos
1167 1839 1240 1870 puto.
1282 1834 1367 1861 Ceteri
1389 1843 1465 1865 vero,
1487 1834 1524 1860 dii
1545 1833 1722 1860 immortales!

924 1882 978 1908 qua
990 1873 1148 1908 frequentia,
1161 1881 1216 1907 quo
1226 1872 1324 1903 studio,
1337 1881 1390 1907 qua
1402 1873 1499 1898 virtute
1510 1871 1543 1898 ad
1554 1880 1725 1898 communem

924 1911 1082 1947 dignitatem
1104 1910 1274 1945 salutemque
1294 1910 1478 1936 consentiunt!
1510 1908 1580 1941 Quid
1607 1917 1657 1945 ego
1682 1909 1725 1935 hic

924 1949 1029 1983 equites
1046 1948 1178 1974 Romanos
1199 1946 1425 1974 commemorem?
1444 1947 1491 1982 qui
1509 1947 1585 1973 vobis
1601 1947 1636 1973 ita
1650 1955 1724 1972 sum-

925 1995 996 2013 mam
1012 1985 1114 2012 ordinis
1129 1985 1290 2020 consiliique
1305 1984 1468 2016 concedunt,
1490 1989 1519 2010 ut
1536 1984 1675 2010 vobiscum
1692 1983 1725 2010 dc

925 2032 1014 2050 amoro
1026 2022 1191 2058 reipublicae
1202 2027 1315 2049 certent:
1338 2031 1416 2058 quos,
1435 2031 1468 2049 ex
1480 2021 1626 2048 multorum
1643 2030 1725 2048 anno·

925 2069 985 2088 rum
1000 2060 1169 2087 dissensione
1185 2060 1217 2086 ad
1236 2060 1317 2086 huius
1332 2060 1434 2087 ordinis
1451 2060 1604 2086 societatem
1616 2067 1725 2086 concor-

925 2098 1053 2134 diamque
1068 2102 1217 2129 revocatos,
1242 2097 1388 2124 hodiernus
1403 2097 1462 2124 dies
1483 2097 1623 2123 vobiscum
1645 2101 1724 2131 atquo

926 2136 991 2162 haec
1010 2145 1105 2162 caussa
1125 2135 1277 2171 coniungit:
1300 2144 1382 2170 quum
1402 2135 1617 2161 coniunctionem
1638 2134 1674 2163 si,
1699 2134 1725 2160 iu

925 2173 1066 2200 consulatu
1082 2173 1264 2199 confirmatam
1281 2181 1352 2202 mco,
1369 2176 1526 2207 perpetuam
1543 2172 1570 2198 in
1587 2170 1724 2206 republica

925 2211 1105 2241 tenuerimus,
1122 2210 1250 2236 conlirmo
1266 2210 1356 2241 vobis,
1375 2209 1480 2236 nullum
1497 2209 1607 2243 posthac
1622 2208 1723 2234 malum

925 2247 1005 2274 civile
1021 2256 1050 2274 ac
1064 2247 1242 2274 domesticum
1254 2247 1286 2273 ad
1299 2247 1381 2273 ullam
1395 2246 1558 2281 reipublicae
1570 2250 1670 2280 partem
1682 2254 1725 2271 es-

925 2294 954 2311 se
975 2290 1128 2311 vcnturum.
1169 2285 1228 2310 Pari
1248 2283 1338 2310 studio
1358 2283 1541 2310 defendendae
1562 2282 1724 2317 reipublicae

925 2323 1084 2348 convenisse
1096 2322 1174 2348 video
1186 2322 1308 2348 trilmnos
1319 2322 1446 2351 aerarios,
1465 2320 1624 2346 fortissimos
1637 2320 1721 2346 viros:

925 2359 1027 2386 scribas
1043 2360 1106 2385 item
1122 2359 1278 2390 universos;
1300 2367 1369 2393 (pios
1384 2367 1470 2393 quum
1486 2366 1550 2384 casu
1567 2357 1610 2383 hic
1621 2357 1679 2383 dics
1691 2357 1722 2383 ad

925 2397 1056 2423 aerarium
1074 2396 1283 2431 frequentasset,
1302 2395 1380 2421 video
1391 2396 1424 2421 ab
1435 2395 1632 2429 exspectatione
1644 2395 1723 2420 sortis

925 2434 957 2460 ad
969 2442 1140 2460 communem
1152 2433 1266 2459 salutem
1279 2442 1337 2459 esse
1348 2441 1502 2459 conversos.
1529 2432 1669 2458 momnis
1682 2432 1723 2458 in-

925 2479 1076 2506 genuorum
1097 2471 1173 2497 adest
1193 2470 1351 2501 multitudo,
1384 2471 1463 2496 etiam
1491 2469 1721 2496 tenuissimorum.

924 2505 991 2541 Quis
1002 2512 1043 2534 est
1053 2509 1138 2540 enim,
1156 2509 1200 2534 cui
1216 2516 1267 2534 non
1285 2508 1349 2534 haec
1365 2507 1476 2542 templu,
1495 2511 1620 2541 aspectus
1632 2506 1720 2536 Urbis,

925 2546 1060 2581 possessio
1072 2545 1212 2577 libertatis,
1221 2545 1268 2572 lux
1279 2545 1396 2580 denique
1408 2545 1472 2571 hacc
1484 2545 1541 2579 ipsa
1552 2549 1577 2571 et
1589 2545 1638 2571 hoe
1649 2553 1722 2571 com-

925 2592 1007 2609 mune
1019 2584 1118 2618 patrino
1129 2583 1217 2609 solum
1229 2591 1314 2617 quum
1329 2584 1363 2609 sit
1377 2591 1483 2612 carum,
1502 2587 1558 2608 tum
1571 2591 1633 2609 vero
1644 2581 1722 2608 dulco

924 2625 1004 2655 atque
1026 2620 1194 2647 iucundum‘?
1215 2621 1281 2647 vtu.
1303 2620 1404 2655 Operae
1426 2620 1540 2655 pretium
1562 2625 1611 2651 est,
1635 2625 1722 2654 patres

923 2659 1081 2693 conscripti,
1099 2657 1283 2684 libertinorum
1296 2658 1435 2684 hominum
1447 2657 1536 2684 studia
1547 2665 1705 2692 cognoscere
1715 2666 1719 2683 ;

924 2696 981 2731 qui,
990 2696 1087 2723 virtute¹
1098 2704 1146 2723 suu
1159 2695 1291 2722 fortunam
1304 2695 1419 2722 civitatis
1431 2695 1576 2724 consecuti,
1586 2695 1652 2721 hanc
1661 2703 1721 2720 vcro
