1941 3052
787 146 827 170 ³37.

219 148 268 173 002

221 219 246 244 ln
259 225 313 252 quo
327 220 442 251 quantus
454 219 493 241 cst
504 224 586 245 error,
599 215 635 240 dii
650 214 824 245 immortales,
847 222 947 244 corum,
960 215 1006 249 qui
1028 236 1037 254 ,Α

220 256 297 280 inam
316 254 397 286 Ιομοιη
414 253 642 284 excogitaverunt!
666 252 698 278 Ut
713 252 783 277 enim
794 252 911 286 quisque
922 252 1008 277 sordi-

863 144 897 170 M.
932 145 960 170 T.
995 144 1268 172 ‹jtcssnoxls

1060 224 1172 245 innoc:
1193 224 1260 242 ιυιιι
1282 224 1387 242 scivit.
1408 215 1605 252 Quipopulus‘?
1620 217 1847 252 numquit-xem-

1060 261 1106 278 ,ωε
1117 252 1175 278 est‘?
1193 261 1247 287 quo
1258 252 1334 279 iure?
1351 261 1383 279 an
1396 262 1434 284 co,
1447 254 1517 289 quod
1531 255 1555 279 vi
1567 259 1590 280 et
1603 256 1683 280 armis
1694 263 1771 281 omne
1783 255 1848 281 aub-

219 293 348 318 «tissimus
371 290 514 318 videbitur,
542 290 574 314 ita
592 288 767 314 libentissime
783 289 922 314 severitate
938 289 1008 314 iudi·
1035 292 1037 323 j
1061 289 1141 315 latum
1157 289 1216 315 est?
1234 290 1321 325 Atque
1340 298 1390 325 ego
1404 290 1452 316 hoc
1467 290 1527 317 dico
1541 291 1574 317 de
1590 291 1699 323 futuris,
1720 291 1792 327 quod
1808 296 1849 318 est

219 329 295 354 randi
312 327 400 353 sordes
417 335 478 352 snas
494 325 563 351 eluct
580 325 774 360 laborabitque,
793 329 822 352 ut
833 325 950 351 honestis
962 326 1008 352 de·
1035 326 1037 358 i
1060 327 1204 352 amicorum
1220 331 1280 353 ante
1291 327 1378 353 ‹lit-ere
1388 335 1427 358 ca,
1440 336 1509 362 quae
1520 329 1594 354 vitari
1607 329 1723 363 possint:
1744 337 1813 364 quae
1825 330 1848 355 si

219 367 299 391 curii-⁴
322 365 408 398 potius
424 363 522 396 dignus
540 362 672 393 videatur,
690 370 770 397 quam
787 363 813 389 in
830 367 934 397 turpem
951 363 1007 389 lure

218 403 362 428 conii-ctus.
390 400 435 426 tx.
454 402 494 425 Ἡ.
509 399 594 425 Altera
606 399 771 435 promulgata
786 399 827 426 lex
838 404 886 430 cst.
900 404 927 426 ut
939 400 1007 426 etde

220 441 243 465 xi
259 444 283 464 ct
298 438 330 464 dc
346 439 481 463 maiestate
497 436 612 462 damnati
629 436 661 462 ad
674 437 803 471 populum
815 442 970 472 provocent,
984 438 1006 463 si

220 475 309 502 velint.
332 474 399 500 llaec
411 478 500 500 utrum
513 474 618 500 tandem
631 473 672 500 lcx
684 478 772 505 cst,an
786 474 874 510 legum
887 475 1006 500 omnium

217 511 375 539 dissolutio?
393 510 459 543 Quis
475 515 514 537 est
530 511 600 537 enim
616 510 708 541 hodie,
722 512 800 538 cuius
816 511 919 538 intersit
930 512 1006 538 istam

219 550 302 584 legen»
319 548 442 574 manere?
467 548 549 574 Nemo
564 557 625 575 reus
641 552 682 574 est
696 549 755 575 istis
772 548 892 584 legibus:
919 557 1005 579 nemo,

216 584 296 622 quem
309 585 428 612 futurum
436 589 571 619 putemus.
594 585 681 612 Armis
693 586 763 612 enim
773 590 847 622 gesta
859 594 923 612 num
946 594 1006 612 uam

217 623 332 658 profecto
349 624 375 649 in
393 623 522 649 iudicium
540 623 714 649 vocabuntur.
754 622 787 649 At
803 631 843 649 res
859 631 929 658 popu
943 624 1005 649 aris.

217 661 321 687 Utinam
333 660 442 694 quidem
453 659 556 695 aliquid
568 660 672 686 velletis
684 668 742 686 esse
754 660 894 695 populare!
908 660 1007 687 Omnes

216 698 286 724 enim
304 698 354 723 iam
370 697 442 723 cives
456 697 489 723 de
506 697 667 732 reipublicae
683 696 768 724 salute
784 705 835 724 una
846 702 871 724 et
885 702 972 724 mente
983 702 1008 724 ct

218 743 280 761 voce
295 735 474 761 consentiunt.
509 733 582 766 Quae
598 739 638 761 est
652 735 734 769 igitur
744 735 793 761 ista
805 735 938 770 cupiditas
949 736 1007 761 cius

218 772 284 808 legis
306 771 440 803 ferendae,
456 779 525 806 quae
543 771 736 806 turpitudinem
752 780 885 799 summam
902 772 1005 803 babeat.

215 809 326 845 gratiam
340 808 461 835 nullam‘?
471 808 540 841 Quid
552 809 623 835 cnim
636 809 750 844 turpius,
763 818 853 844 quam,
866 810 913 845 qui
926 810 1008 836 maie·

216 850 310 873 statem
324 845 414 880 populi
426 846 536 872 Romani
552 854 598 881 per
609 846 663 872 vim
676 847 1008 878 minuerit,eum,damna-

217 888 273 910 tum
285 883 398 913 iudicio,
412 882 443 909 ad
460 891 516 909 cam
529 884 614 918 ipsam
625 884 679 910 vim
692 884 796 914 reverti,
811 889 916 919 propter
926 892 1006 920 quam

216 921 252 947 sit
261 921 319 947 iuro
330 919 490 946 damnatus?
509 922 549 947 22.
565 920 616 946 Scd
627 920 692 956 quid
700 920 814 955 plurade
822 920 1009 957 lcgedisputo‘?

211 958 293 993 quasi
306 957 405 984 veroid
416 962 517 993 agatur,
526 962 555 984 ut
565 959 709 993 quisquam
717 963 848 993 provocet.
872 959 898 985 ld
910 959 1006 995 agitur,

215 995 243 1021 id
258 994 354 1025 fertur,
373 1003 404 1021 ne
420 996 481 1029 quis
496 995 603 1021 omnino
618 1004 746 1030 umquam
758 996 818 1022 istis
831 996 935 1032 legibus
948 1004 1008 1022 reus

217 1032 269 1058 fiat.
309 1031 376 1064 Quis
394 1033 465 1058 enim
481 1037 525 1058 aut
539 1037 674 1059 accusator
686 1037 736 1059 tam
748 1041 840 1059 amens
852 1034 1006 1068 reperietur,

216 1070 261 1104 qui
280 1077 323 1096 reo
336 1069 509 1096 condemnato
523 1069 636 1096 obiicere
647 1079 675 1096 se
687 1070 852 1097 multitudini
863 1070 1008 1098 conductae

217 1106 299 1133 velit‘?
318 1111 363 1133 aut
378 1107 472 1137 iudex,
490 1107 536 1142 qui
553 1115 627 1133 rcum
643 1107 768 1134 damnare
783 1108 892 1139 audeat,
911 1113 939 1135 ut
950 1109 1008 1143 ipse

215 1144 247 1170 ad
259 1152 352 1179 operas
364 1145 540 1170 mercenarias
551 1145 639 1171 statim
652 1144 838 1179 protrahatur?
857 1146 914 1172 Non
926 1146 1009 1181 igitur

216 1182 366 1216 provocatio
378 1182 426 1207 ista
439 1181 496 1217 lege
506 1181 597 1208 datur:
615 1182 662 1208 sed
673 1182 741 1208 duae
753 1182 868 1209 maxime
879 1182 1008 1209 salutares

217 1219 288 1254 leges
299 1219 524 1254 quaestionesque
535 1218 674 1245 tolluntur.
696 1219 766 1251 Quid
778 1224 818 1246 est
828 1219 901 1246 aliud
912 1220 1008 1247 adhor-

216 1256 264 1282 tari
275 1255 464 1286 adolescentes.
478 1260 507 1282 ut
518 1256 679 1287 turbulenti,
693 1261 722 1283 ut
731 1257 865 1288 seditiosi,
879 1262 908 1284 ut
919 1258 1008 1292 perni-

215 1293 280 1319 ciosi
296 1293 368 1320 cives
384 1293 467 1319 velint
481 1293 560 1319 esse?
581 1293 666 1326 Quam
677 1298 764 1320 autem
777 1294 810 1320 ad
821 1298 923 1329 pestem
935 1294 1008 1321 furor

216 1330 376 1356 tribunicius
391 1329 494 1364 impelli
511 1339 561 1356 non
578 1331 686 1365 poterit,
703 1331 745 1357 his
757 1331 862 1358 duabus
872 1333 1008 1367 quaestio-

216 1367 295 1393 nibus
306 1367 339 1393 de
351 1367 376 1393 vi
387 1371 414 1393 et
424 1367 457 1394 de
470 1368 606 1394 maiestate
617 1367 750 1394 sublatis‘?
769 1370 810 1395 23.
832 1368 917 1401 Quid,
934 1369 1007 1404 quod

215 1404 357 1440 obrogatur
369 1404 475 1441 legibus
487 1405 615 1436 Caesaris,
627 1413 696 1439 quae
707 1406 800 1432 iubent
814 1407 851 1437 ei,
864 1406 956 1441 quide
969 1407 1004 1437 vi,

215 1442 333 1476 itemque
348 1442 385 1472 ei.
402 1441 450 1476 qui
466 1442 612 1468 maiestatis
628 1442 769 1469 damnatus
780 1443 823 1474 sit,
837 1451 905 1478 aqua
915 1448 940 1470 et
950 1444 1007 1480 igni

214 1478 355 1505 interdici?
373 1478 477 1511 Quibus
493 1487 578 1514 quum
590 1480 740 1514 provocatio
750 1480 840 1511 datur,
853 1489 941 1507 nonne
951 1486 1007 1508 acta

213 1516 335 1542 Caesaris
346 1516 552 1543 rescinduntur?
569 1516 642 1549 Quae
652 1517 763 1552 quidem
775 1525 832 1553 ego,
846 1522 933 1553 patres
944 1527 1008 1545 con-

214 1554 319 1588 scripti,
337 1554 385 1588 qui
400 1553 446 1579 illa
462 1561 610 1589 numquam
623 1554 742 1588 probavi,
756 1558 844 1581 tamen
855 1556 889 1582 ita
900 1564 1008 1582 conser-

214 1590 299 1616 vanda
310 1590 463 1617 concordiae
477 1599 572 1617 caussa
582 1591 724 1618 arbitratus
735 1600 805 1624 sum,
814 1596 844 1618 ut
854 1600 906 1619 non
917 1593 1005 1624 modo,

214 1636 281 1662 quas
293 1627 372 1654 vivus
383 1627 479 1655 Caesar
489 1627 562 1664 leges
573 1627 687 1659 tulisset,
699 1628 873 1656 infirmandas
879 1629 929 1656 hoc
939 1634 1008 1656 tem-

214 1672 277 1699 pore
300 1673 351 1691 non
373 1669 509 1700 putarem,
533 1665 581 1691 sed
601 1673 634 1692 ne
649 1665 709 1692 illas
723 1666 847 1700 quidem,
864 1675 932 1702 quas
946 1670 1008 1702 post

215 1706 325 1728 mortem
337 1702 457 1728 Caesaris
468 1701 583 1737 prolatas
593 1711 652 1729 esse
663 1707 688 1729 et
699 1702 766 1729 fixas
777 1703 884 1730 videtis.

270 1738 305 1764 X.
327 1740 368 1765 24.
390 1739 426 1765 De
441 1739 536 1766 exsilio
551 1739 654 1766 reducti
669 1748 683 1766 a
699 1744 817 1767 mortuo:
837 1741 931 1767 civitas
945 1740 1006 1767 data

215 1783 267 1802 non
281 1775 368 1802 solum
380 1776 509 1812 singulis,
527 1776 575 1802 sed
588 1777 741 1803 nationibus
753 1781 778 1803 et
789 1777 934 1812 provinciis
945 1779 1006 1804 uni-

214 1813 299 1839 versis
309 1821 323 1839 a
335 1817 451 1840 mortuo:
464 1813 680 1840 immunitatibus
690 1813 802 1840 infinitis
809 1814 912 1841 sublata
924 1815 1007 1841 vecti-

213 1848 284 1886 galia
295 1859 308 1876 a
320 1854 432 1876 mortuo.
454 1850 523 1886 Ergo
534 1850 599 1877 baec
610 1859 671 1882 uno,
681 1859 773 1877 verum
784 1851 893 1886 optimo,
901 1857 1006 1878 auctore

214 1887 294 1913 domo
308 1887 421 1922 prolata,
439 1887 623 1914 defendimus:
645 1896 690 1914 eas
702 1887 788 1924 leges,
801 1897 868 1923 quas
879 1889 945 1923 ipse,
959 1897 1006 1916 no-

214 1924 256 1951 bis
267 1924 494 1959 inspectantibuS,
506 1925 638 1955 recitavit,
651 1926 847 1960 pronuntiavit,
861 1926 930 1957 tulit,
943 1927 1006 1961 qui-

215 1961 265 1988 bus
278 1961 336 1988 latis
346 1961 516 1997 gloriabatur,
529 1961 729 1997 iisquelegibus
741 1962 933 1998 rempublicam
943 1972 1007 1990 con-

214 1998 292 2025 tineri
303 1999 421 2033 putabat,
433 1998 466 2025 de
478 1999 632 2033 provinciis,
645 1999 679 2025 de
690 1999 807 2031 iudiciis,
821 2008 874 2031 eas,
882 2001 1003 2036 inquam,

214 2035 334 2063 Caesaris
355 2035 442 2071 leges,
464 2044 527 2067 nos,
549 2037 598 2071 qui
613 2036 783 2063 defendimus
799 2041 855 2063 acta
873 2037 1003 2069 Caesaris,

214 2073 370 2100 evertendas
383 2072 557 2108 putabimus?
585 2075 628 2100 25.
644 2073 682 2100 Ac
696 2073 728 2100 de
744 2075 777 2100 iis
788 2079 876 2101 tamen
889 2074 1003 2111 legibus,

213 2119 282 2145 quae
297 2110 479 2147 promulgatae
495 2114 571 2140 sunt.
589 2110 682 2137 saltem
698 2112 774 2146 queri
790 2120 950 2146 possumus:
972 2112 1005 2139 de

213 2148 261 2178 iis,
278 2156 347 2183 quae
361 2148 413 2174 iam
431 2147 496 2174 latae
511 2147 649 2179 dicuntur,
667 2156 700 2174 ne
714 2148 782 2175 illud
797 2149 907 2184 quidem
919 2149 1003 2176 licuit.

214 2184 276 2211 lllae
291 2185 362 2211 enim
379 2184 451 2211 nulla
462 2184 674 2220 promulgatione
689 2185 754 2212 latae
767 2190 831 2212 sunt
841 2191 910 2218 ante,
923 2195 1005 2222 quam

214 2222 338 2257 scriptae.
369 2221 471 2254 Quaero
491 2226 589 2253 autem,
611 2222 677 2257 quid
698 2223 745 2253 sit,
770 2231 819 2249 cur
833 2227 879 2250 aut
893 2232 942 2259 ego
960 2228 1006 2250 aut

213 2259 359 2294 quisquam
374 2263 507 2290 vestrum,
525 2263 611 2294 patres
626 2261 782 2295 conscripti,
801 2261 878 2287 bonis
889 2261 1005 2287 tribunis

213 2295 310 2331 plebis,
323 2295 394 2332 leges
407 2296 489 2323 malas
501 2300 609 2322 metuat.
635 2297 741 2324 Paratos
752 2297 892 2329 hahemus,
905 2299 952 2333 qui
964 2299 1006 2324 in·-

213 2332 360 2360 tercedant:
383 2338 486 2368 paratos
494 2355 500 2365 ,
512 2334 559 2368 qui
571 2334 763 2368 rempublicam
774 2335 903 2371 religione
913 2335 1006 2362 defen-

213 2370 288 2396 dant:
325 2370 402 2397 vacui
427 2375 499 2397 metu
525 2379 583 2397 esse
603 2371 743 2398 debemus.
784 2371 856 2404 Quas
876 2377 906 2399 tu
926 2373 1003 2404 mihi,

213 2407 314 2442 inquit,
332 2408 549 2439 intercessiones,
567 2416 634 2443 quas
649 2408 812 2444 religiones?
830 2409 882 2436 Eas
892 2409 1003 2440 scilieet,

213 2444 313 2478 quibus
325 2444 487 2479 reipublicae
497 2445 570 2471 salus
581 2446 738 2472 continetur.
763 2446 932 2482 Negligimus
942 2447 1003 2478 ista,

213 2484 240 2506 et
255 2481 335 2507 nimis
350 2482 458 2516 antiqua
469 2486 495 2509 et
505 2482 585 2509 stulta
596 2482 732 2509 ducimus.
762 2483 860 2509 Forum
871 2484 1003 2519 sepietur:

214 2525 306 2543 omnes
321 2517 478 2545 claudentur
492 2519 593 2546 aditus:
615 2520 709 2546 armati
721 2520 748 2546 in
759 2520 900 2554 praesidiis
911 2520 1004 2547 multis

215 2552 279 2580 locis
298 2554 506 2583 collocabuntur.
547 2559 588 2584 26.
609 2556 680 2589 Quid
700 2556 778 2583 tum?
805 2557 881 2589 Quod
900 2559 949 2584 erit
968 2558 1005 2584 ita

214 2595 329 2626 gestum,
342 2591 370 2618 id
381 2591 424 2618 lex
434 2594 496 2625 erit,
509 2598 535 2620 et
544 2594 572 2621 in
583 2602 627 2620 aes
636 2594 719 2620 incidi
730 2593 858 2620 iubebitis
869 2594 948 2622 credo
957 2594 1004 2621 illa

215 2627 346 2663 legitima:
377 2638 524 2657 consutas
551 2640 684 2658 »ornum
713 2639 780 2658 tuna
810 2640 1005 2659 nooavenuar

215 2663 334 2699 (hoccine
350 2673 363 2691 a
378 2666 523 2694 maioribus
539 2668 690 2704 accepimus
705 2669 749 2695 ius
764 2668 902 2704 rogandw)
919 2678 1004 2696 roru-

1029 933 1031 942 l

1028 945 1030 957 l

1029 990 1031 1003 l

1034 368 1037 402 Ι
1060 363 1125 390 facta
1133 372 1183 390 non
1191 364 1577 394 erunt,refelleturoratiomca.
1595 366 1849 401 Loquordelegibus

1035 408 1037 431 ι
1060 400 1248 436 promulgatis:
1274 401 1418 437 dequibus
1429 406 1468 428 est
1480 402 1611 438 integrum
1624 403 1710 429 vobis.
1736 404 1849 430 nemon-

1035 443 1037 446 “
1059 443 1114 464 stro
1125 439 1202 464 vitia:
1225 438 1318 465 tollite.
1350 439 1481 465 Denuntio
1492 440 1556 469 vim,
1569 448 1655 466 arma:
1677 445 1819 466 removete.

1115 475 1161 501 XI.
1178 476 1220 502 27.
1237 476 1315 502 Irasci
1326 485 1374 502 vos
1384 476 1494 511 quidem
1507 476 1582 506 milii,
1596 476 1737 506 Dolabella.
1751 486 1798 512 pro
1808 485 1849 503 re-

1034 531 1036 543 ,
1060 512 1166 546 publica
1182 512 1280 539 (licenti
1297 522 1347 539 non
1363 513 1504 548 oportebit.
1524 514 1691 548 Quamquam
1704 514 1848 549 tequidem

1059 549 1085 575 id
1098 549 1227 576 facturum
1241 559 1291 576 non
1303 551 1424 577 arbitror.
1446 551 1512 577 Novi
1524 552 1594 577 enim
1607 551 1758 577 facilitatem
1765 556 1848 577 tuam.

1059 586 1192 622 Collegam
1214 592 1289 613 tuum
1311 588 1385 614 aiunt
1400 588 1427 614 in
1446 587 1494 614 hac
1509 596 1557 614 sua
1573 587 1685 618 fortuna,
1702 596 1771 623 quaa
1782 587 1850 614 bona

1059 624 1111 658 ipsi
1127 624 1240 655 videtur,
1259 625 1335 655 mibi,
1353 633 1385 651 nc
1400 625 1508 659 gravius
1524 626 1662 660 quippiam
1679 625 1773 655 dicam,
1787 633 1850 651 avo-

1059 669 1117 687 rum
1139 665 1163 687 et
1183 661 1309 688 avunculi
1331 663 1373 688 sui
1393 662 1560 688 consulatum
1576 663 1599 689 si
1620 663 1781 693 imitaretur,
1798 662 1851 688 for·

1059 699 1174 725 tunatior
1194 699 1339 725 videretur:
1369 699 1416 725 sed
1440 708 1501 726 eum
1523 699 1680 726 iracundum
1699 699 1779 726 audio
1791 707 1851 726 esse

1059 734 1168 762 factum.
1180 736 1263 762 Video
1273 741 1370 767 autem,
1378 745 1458 772 quam
1471 738 1505 763 sit
1516 737 1638 763 odiosum
1646 737 1743 763 habere
1754 737 1849 763 iratum

1059 773 1183 799 eumdem
1199 778 1224 799 et
1239 778 1380 803 armatum.
1397 782 1481 808 quum
1498 778 1567 800 tanta
1583 774 1736 809 praesertim
1748 773 1851 810 gladio-

1060 818 1119 836 rum
1135 811 1170 836 sit
1185 811 1342 845 impunitas.
1368 810 1419 837 Sed
1432 819 1576 846 proponam
1588 812 1640 841 ius,
1653 812 1794 846 utopinor,
1807 819 1850 837 ae-

1060 855 1159 882 quum:
1191 848 1263 883 quod
1284 848 1319 874 M.
1341 848 1485 875 Antonium
1502 857 1553 875 non
1569 849 1681 875 arbitror
1696 847 1851 883 repudiatu-

1060 893 1130 911 rum.
1161 885 1226 920 Ego,
1248 886 1271 911 si
1287 885 1353 920 quid
1368 886 1394 912 in
1410 887 1491 912 vitam
1507 886 1566 912 eius
1582 890 1627 911 aut
1643 886 1669 911 in
1687 893 1772 912 mores
1787 893 1849 911 cum

1060 922 1218 948 contumelia
1229 921 1330 951 dixero.
1343 931 1397 958 quo
1407 923 1496 949 minus
1508 923 1574 949 mibi
1587 923 1791 949 inimicissimus
1805 923 1848 952 sit.

1061 967 1111 985 non
1127 959 1264 986 recusabo.
1300 959 1346 986 Sin
1367 960 1587 986 consuetudinem
1609 968 1704 991 meam,
1726 967 1806 995 quam
1822 960 1849 986 in

1060 996 1196 1031 republica
1216 1005 1322 1032 semper
1342 997 1432 1027 babui.
1456 1002 1572 1027 tenuero,
1596 997 1622 1023 id
1642 1002 1690 1027 est.
1713 998 1734 1023 si
1758 997 1848 1027 libere,

1059 1042 1128 1068 quae
1139 1034 1261 1065 sentiam,
1274 1034 1306 1060 de
1317 1034 1452 1068 republica
1464 1034 1569 1061 dixero:
1591 1033 1848 1069 primumdeprecor,

1060 1079 1092 1097 ne
1107 1071 1249 1098 irascatur:
1275 1071 1380 1102 deinde,
1398 1072 1420 1098 si
1433 1071 1482 1098 hoc
1493 1080 1544 1098 non
1555 1072 1676 1106 impetro.
1691 1076 1759 1106 peto,
1774 1075 1802 1097 ut
1812 1072 1851 1097 sic

1059 1108 1196 1139 irascatur,
1218 1113 1248 1134 ut
1267 1109 1329 1135 civi.
1361 1109 1448 1135 Armis
1470 1113 1568 1138 utatur.
1586 1109 1608 1135 si
1625 1109 1658 1135 ita
1675 1116 1783 1135 necesse
1799 1112 1849 1140 est,

1060 1149 1089 1172 ut
1103 1145 1175 1177 dicit,
1192 1146 1235 1172 sui
1250 1145 1410 1172 defendendi
1428 1154 1537 1172 caussa:
1559 1146 1602 1176 iis,
1615 1146 1661 1180 qui
1674 1153 1721 1180 pro
1732 1145 1851 1181 republi-

1059 1191 1097 1213 ca,
1115 1191 1183 1218 quae
1193 1183 1261 1218 ipsis
1281 1183 1338 1209 visa
1349 1187 1435 1213 erunt,
1448 1183 1573 1213 dixerint,
1586 1183 1635 1210 ista
1647 1191 1718 1209 arma
1730 1191 1762 1209 ne
1773 1191 1851 1209 noce-

1060 1224 1114 1246 ant.
1154 1219 1225 1252 Quid
1254 1220 1304 1246 bac
1333 1220 1510 1255 postulatione
1534 1220 1586 1246 dici
1611 1224 1697 1255 potest
1721 1219 1853 1255 aequius?

1059 1258 1102 1283 28.
1123 1256 1199 1290 Quod
1215 1258 1247 1288 si,
1265 1262 1294 1284 ut
1309 1265 1323 1284 a
1337 1257 1502 1292 quibusdam
1517 1257 1584 1284 mihi
1599 1258 1657 1284 eius
1673 1257 1851 1283 familiaribus

1059 1294 1160 1321 dictum
1176 1299 1225 1326 est,
1238 1295 1326 1321 omnis
1339 1303 1410 1325 eum,
1423 1303 1492 1330 quae
1505 1295 1619 1321 habetur
1628 1299 1717 1321 contra
1728 1294 1852 1321 volunta-

1059 1336 1112 1358 tem
1127 1332 1195 1362 eius,
1212 1332 1304 1363 oratio,
1321 1333 1438 1368 graviter
1448 1332 1565 1362 offendit,
1580 1332 1685 1358 etiamsi
1696 1331 1769 1358 nulla
1781 1332 1851 1358 inest

1058 1368 1232 1396 contumelia:
1259 1368 1375 1396 feremus
1390 1370 1468 1396 amici
1483 1374 1614 1396 naturam.
1645 1368 1698 1396 Sed
1714 1369 1794 1395 iidem
1810 1368 1851 1396 illi

1058 1406 1094 1432 ita
1106 1414 1212 1433 mecum
1225 1406 1386 1442 loquuntur:
1402 1407 1460 1434 Non
1470 1407 1541 1434 idem
1554 1407 1611 1438 tibi,
1625 1406 1776 1433 adversario
1785 1405 1851 1433 Cae-

1059 1443 1136 1474 saris,
1154 1443 1252 1474 licebit,
1269 1443 1342 1479 quod
1352 1444 1442 1471 Pisoni
1452 1452 1555 1471 socero:
1577 1448 1603 1470 et
1615 1443 1697 1470 simul
1709 1443 1851 1470 admonent

1058 1480 1197 1516 quiddam,
1218 1481 1291 1516 quod
1310 1481 1479 1515 cavebimus;
1511 1489 1560 1508 nec
1579 1481 1629 1507 erit
1642 1481 1745 1512 iustior,
1762 1485 1850 1516 patrea

1058 1518 1210 1553 conscripti.
1232 1518 1259 1545 in
1279 1523 1401 1545 senatum
1422 1527 1472 1546 non
1493 1518 1618 1545 veniendi
1638 1518 1725 1545 morbi
1744 1525 1850 1549 caussa,

1058 1563 1140 1590 quam
1155 1556 1258 1582 mortis.
1293 1555 1353 1582 ΧΠ,
1370 1557 1412 1582 29.
1430 1555 1483 1582 Sed
1494 1564 1542 1591 per
1551 1555 1615 1582 deos
1626 1554 1802 1582 immortales!
1824 1559 1852 1582 te

1058 1592 1130 1618 enim
1144 1592 1260 1623 intuens,
1277 1592 1420 1624 Dolabella,
1437 1593 1484 1628 qui
1499 1601 1528 1619 es
1543 1593 1610 1619 mihi
1621 1593 1784 1622 carissimus,
1797 1600 1849 1619 non

1058 1637 1168 1664 possum
1183 1629 1217 1656 de
1231 1630 1373 1665 utriusque
1390 1635 1511 1657 vestrum
1526 1637 1612 1656 errore
1627 1630 1745 1656 reticere.
1766 1628 1852 1656 Credo

1058 1667 1130 1693 enim
1145 1675 1201 1698 vos,
1218 1666 1340 1693 homines
1354 1667 1466 1697 nobiles,
1479 1675 1574 1703 magna
1585 1666 1716 1702 quaedam
1727 1669 1851 1701 spectan-

1058 1708 1105 1734 tes,
1131 1712 1182 1730 non
1201 1704 1352 1738 pecuniam,
1369 1708 1399 1731 ut
1416 1703 1527 1739 quidam
1543 1704 1624 1730 nimis
1641 1702 1743 1730 creduli
1758 1703 1850 1738 suspi-

1057 1744 1159 1771 cantur,
1171 1741 1390 1776 quaesemperab
1397 1740 1677 1776 amplissimoquoque
1687 1739 1851 1767 clarissimo-

1057 1785 1110 1812 que
1125 1782 1274 1812 contempta
1290 1783 1339 1809 est,
1357 1786 1409 1804 non
1426 1786 1490 1813 opes
1501 1777 1640 1808 violentas,
1652 1782 1679 1804 et
1688 1777 1788 1812 populo
1798 1777 1850 1804 Ro-

1058 1823 1136 1841 mano
1152 1815 1262 1841 minime
1278 1814 1412 1842 ferendam
1428 1816 1582 1850 potentiam,
1598 1814 1646 1841 sed
1660 1815 1795 1841 caritatem
1810 1814 1850 1841 ci-

1057 1852 1133 1878 vium
1143 1856 1168 1878 et
1178 1851 1290 1887 gloriam
1301 1853 1467 1887 concupisse.
1487 1853 1523 1879 Ea
1535 1857 1575 1879 est
1585 1856 1674 1878 autem
1684 1851 1777 1887 gloria,
1791 1850 1850 1878 laus

1057 1893 1126 1916 recte
1145 1888 1274 1915 factorum
1294 1897 1506 1925 magnorumque
1524 1890 1553 1916 in
1571 1889 1764 1924 rempublicam
1779 1887 1850 1915 fama

1056 1927 1225 1957 meritorum,
1241 1935 1311 1962 quae
1324 1935 1411 1962 quum
1425 1927 1519 1962 optimi
1534 1927 1680 1961 cuiusque,
1697 1930 1754 1952 tum
1769 1926 1849 1952 etiam

1057 1963 1238 1990 multitudinis
1259 1964 1412 1991 testimonio
1429 1964 1626 1999 comprobatur.
1657 1965 1698 1990 30.
1717 1963 1848 1995 Dicerem,

1056 2000 1203 2031 Dolabella,
1225 2001 1273 2036 qui
1293 2006 1362 2028 recte
1383 2001 1511 2028 factorum
1531 2001 1635 2028 fructus
1654 2004 1738 2031 esset,
1755 2000 1807 2026 nisi
1824 2004 1850 2027 te

1057 2042 1160 2072 praeter
1183 2042 1284 2065 ceteros
1307 2038 1456 2074 paullisper
1474 2046 1534 2065 esse
1553 2042 1693 2073 expertum
1717 2037 1846 2064 viderem.

1056 2074 1141 2107 Quem
1153 2079 1228 2110 potes
1238 2075 1369 2102 recordari
1380 2076 1408 2102 in
1418 2076 1471 2102 vita
1480 2075 1604 2102 illuxisse
1615 2074 1663 2101 tibi
1674 2074 1746 2101 diem
1758 2074 1850 2101 laetio-

1056 2120 1125 2143 rem,
1147 2121 1229 2147 quam
1249 2121 1348 2148 quum,
1365 2113 1471 2148 expiato
1486 2112 1554 2144 foro,
1571 2112 1701 2147 dissipato
1715 2119 1849 2138 concursu

1055 2149 1213 2184 impiorum,
1236 2150 1405 2185 principibus
1425 2149 1532 2176 sceleris
1552 2157 1636 2185 poena
1650 2148 1762 2179 affectiS,
1778 2148 1850 2175 Urbe

1056 2186 1192 2213 incendii*
1210 2191 1237 2213 et
1246 2187 1335 2213 caedis
1347 2191 1420 2214 metu
1431 2187 1540 2214 liberata
1551 2191 1576 2213 te
1585 2186 1696 2213 domum
1707 2184 1849 2220 recepisti?

1057 2223 1140 2250 Cuius
1155 2223 1256 2250 ordinis
1264 2245 1270 2255 ,
1287 2224 1366 2251 cuius
1380 2225 1499 2260 generis,
1510 2224 1590 2251 cuius
1601 2223 1717 2258 denique
1728 2222 1848 2249 fortunae

1056 2260 1144 2287 studia
1155 2265 1212 2287 tum
1225 2261 1297 2288 laudi
1308 2261 1508 2297 etgratulationi
1515 2265 1574 2288 tuae
1584 2269 1613 2287 se
1620 2258 1850 2287 nonobtulerunt?

1056 2297 1126 2330 Quin
1141 2298 1208 2324 mibi
1224 2299 1316 2329 etiam,
1333 2306 1388 2334 quo
1402 2303 1507 2325 auctora
1518 2303 1543 2325 te
1552 2299 1581 2325 in
1590 2298 1625 2324 iis
1635 2297 1716 2323 rebus
1726 2297 1765 2323 uti
1776 2296 1849 2323 arbi-

1056 2335 1205 2367 trabantur,
1221 2339 1248 2362 et
1261 2336 1360 2372 gratias
1374 2336 1438 2362 boni
1448 2336 1500 2362 viri
1510 2335 1634 2371 agebant,
1647 2338 1674 2360 et
1683 2338 1730 2360 tuo
1741 2334 1849 2360 nomine

1055 2372 1266 2408 gratulabantur.
1290 2372 1445 2405 Recordare,
1458 2381 1566 2408 quaeso,
1579 2370 1722 2401 Dolabella.
1735 2378 1848 2397 consen-

1056 2418 1116 2436 sum
1131 2409 1209 2436 illum
1224 2410 1332 2441 theatri,
1349 2418 1435 2445 quum
1449 2418 1542 2437 omnae
1556 2417 1648 2435 earum
1659 2416 1748 2434 rerum
1759 2407 1844 2440 obliti,

1055 2451 1164 2482 propter
1177 2455 1246 2482 quas
1261 2447 1311 2473 tibi
1326 2447 1431 2474 fuerant
1444 2446 1550 2476 offensi,
1567 2445 1799 2481 significaverunt,
1815 2451 1848 2471 so

1056 2492 1126 2511 novo
1144 2484 1273 2511 beneficio
1293 2485 1448 2511 memoriam
1468 2483 1565 2510 veteris
1585 2482 1684 2508 doloris
1705 2481 1844 2508 abiecisse.

1056 2523 1098 2547 3⁴.
1119 2521 1191 2548 Hanc
1204 2526 1248 2552 tu,
1265 2521 1412 2553 Dolabella,
1428 2521 1535 2556 (magno
1551 2519 1644 2555 loquor
1658 2527 1720 2545 cum
1734 2518 1846 2554 dolore,)

1055 2557 1124 2585 hanc
1138 2563 1167 2585 tu
1175 2579 1181 2589 ,
1193 2559 1314 2593 inquam,
1326 2559 1415 2585 animo
1425 2565 1510 2593 aequo
1519 2557 1631 2592 potuisti
1641 2560 1740 2582 tantam
1755 2555 1846 2591 digni-

1055 2599 1135 2622 tatem
1150 2595 1300 2630 deponere?
1327 2595 1398 2621 xm.
1409 2595 1450 2621 Tu
1460 2599 1559 2625 autem,
1572 2594 1608 2620 M.
1619 2593 1726 2624 Antoni,
1737 2592 1847 2627 (absen-

1055 2636 1108 2658 tem
1127 2633 1198 2659 enim
1217 2631 1348 2667 appello,)
1365 2640 1449 2658 unum
1469 2631 1547 2658 illum
1566 2631 1651 2661 diem,
1667 2638 1723 2665 quo
1736 2630 1765 2656 in
1779 2628 1845 2655 aede

1055 2668 1169 2696 Telluris
1183 2673 1291 2696 senatus
1303 2669 1366 2700 fuit,
1379 2677 1431 2696 non
1441 2668 1567 2696 omnibus
1576 2669 1610 2695 iis
1621 2667 1770 2699 mensibus,
1781 2666 1844 2702 qui-
