1941 3052
229 120 277 145 982
797 116 851 140 llO.
883 113 917 139 M.
949 113 978 139 Τ.

232 191 287 223 ipsa
304 188 421 222 eripiunt
439 185 478 211 vel
497 186 684 214 instrumenta.
709 183 748 209 vel
763 188 916 210 ornamenta
935 183 1016 208 vitae:

232 226 271 252 vel
281 226 452 260 potiusctuuu
462 228 539 248 totam
549 222 628 247 vitam
641 225 763 246 evertunt
775 220 906 249 funditus,
916 220 1019 254 ipsum-

229 272 282 297 quo.¹
294 261 391 288 eiiimnl
404 260 497 286 orbant
508 259 610 284 animo:
626 262 653 283 ut
663 257 773 283 diflicile
783 258 818 283 sit
829 257 862 283 de
874 257 1019 284 temeritate

229 308 331 329 eorum,
346 297 456 332 ,minue
468 301 495 322 ut
505 304 598 321 caussa
611 294 734 329 postulat,
748 294 848 320 dicere.

286 339 326 362 ³2.
350 336 402 360 Nec
420 343 481 359 vcro
497 333 561 358 sutis
575 332 735 358 constituere
752 340 877 366 possum.
898 330 970 365 quod
986 330 1021 356 sit

230 382 320 400 eorum
337 371 494 400 consilium,
517 374 562 395 aut
577 368 642 403 quid
660 368 751 395 velint.
798 368 932 394 interdum
948 367 1020 394 enim

230 418 314 445 quum
327 408 489 434 adhibemus
500 406 532 433 ad
544 415 589 432 eos
599 406 743 432 orationem
756 404 925 432 huiusmodi:
939 404 968 431 Si
980 412 1018 434 ea.

230 455 298 482 quae
309 446 494 480 disputentur,
513 452 573 469 vera
587 443 653 473 sint,
671 447 727 469 tum
738 443 827 469 omnia
840 442 894 469 sore
907 442 1019 468 incerta:

231 483 404 518 respondent:
427 481 497 513 Quid
508 489 571 515 ergo
583 480 653 506 istud
666 479 698 506 nd
710 479 775 506 nos?
788 488 852 505 num
865 483 952 505 nostra
963 478 1022 504 cul-

231 530 263 555 pa
275 519 332 547 est‘?
351 524 472 546 naturam
484 526 592 548 accusa,
609 525 678 551 quae
691 517 716 543 in
729 516 861 551 profundo
873 517 1020 546 veritatem,

231 563 260 585 ut
275 559 311 584 nit
327 557 505 586 Democritus,
529 555 636 589 penitus
653 554 820 580 abstruserit.
861 553 913 579 Alii
934 557 1022 579 autem

231 595 394 630 elegantius,
411 594 458 628 qui
471 593 550 619 etiam
561 596 725 626 queruntur,
741 590 813 626 quod
824 599 869 617 eos
882 589 1023 616 insimule-

233 641 292 658 mus
307 632 396 657 onmia
413 631 510 657 incerta
522 629 624 661 dicere,
643 633 828 663 quantumque
840 627 944 654 intersit
956 627 1023 653 inter

234 670 363 696 incertum
375 673 400 694 et
412 666 529 702 id,quod
541 666 641 701 percipi
655 674 706 692 non
717 666 810 700 possit,
819 664 914 691 doecre
925 672 1024 691 conan-

232 712 283 736 tur.
297 714 380 740 eaque
391 705 568 739 distinguere.
607 704 674 729 Cum
687 703 730 729 his
742 703 824 738 igitur
835 710 959 737 agamus,
975 701 1023 735 qui

233 744 297 770 haec
312 743 497 778 distinguunt:
516 741 584 771 illos,
597 741 644 775 qui
655 740 744 766 omnia
759 741 798 766 sic
811 740 908 766 incerta
920 739 1021 768 dicunt,

233 786 269 811 ιιι,
284 780 420 807 stellarum
433 787 560 806 numerus
572 786 627 812 par,
641 786 673 803 an
686 778 772 811 impar
783 777 826 807 sit,
839 777 916 811 quasi
927 776 1024 810 despe-

233 823 302 845 ratos
313 817 418 852 aliquos
430 816 624 850 relinquamus.
654 814 751 841 Volunt
761 815 843 844 enim,
856 813 891 848 (et
903 813 951 839 lioc
962 813 1025 847 qui-

232 855 293 881 dem
308 854 348 880 vel
362 855 477 880 maxime
489 852 734 879 animadvertebam
742 850 917 885 vosmoveri,)
928 850 1024 885 proba-

234 892 287 918 bile
300 891 402 926 aliquid
414 900 472 917 esse
482 895 507 916 et
518 890 595 924 quasi
608 888 754 915 verisimile
764 909 769 919 ,
784 897 868 923 eaque
884 896 912 913 se
929 887 966 913 uti
984 896 1025 912 re-

232 929 296 963 gula
312 934 337 955 et
353 930 379 955 in
395 928 496 963 agend-’i
512 928 564 953 vita
575 927 638 952 etin
650 925 802 961 quaerendo
816 934 846 951 ac
856 924 1023 951 disserendo.

231 967 280 993 xl.
302 968 343 992 33.
365 966 438 998 Quae
451 967 498 992 ista
511 963 601 999 regula
612 968 652 990 est
664 964 755 989 veriet
767 962 840 994 salsi,
856 962 879 988 si
891 962 1024 988 notionem

234 1004 322 1030 veriet
333 1003 402 1033 falsi,
411 1007 547 1037 propterea
559 1000 632 1036 quod
643 1010 672 1026 ea
684 1009 735 1027 non
747 1004 858 1035 possunt
871 998 1022 1028 internosci,

234 1040 335 1067 nullam
348 1039 496 1066 liabemus‘?
507 1040 582 1069 Nam,
591 1039 614 1064 si
626 1038 765 1068 habemus,
774 1038 902 1063 interesse
912 1040 1023 1070 oportet,

234 1083 263 1104 ut
274 1079 342 1104 inter
353 1083 453 1104 rectum
465 1082 490 1103 et
502 1084 629 1111 pravum,
645 1076 684 1101 sic
696 1075 764 1101 inter
775 1082 868 1100 verum
879 1078 905 1099 et
916 1073 1023 1100 salsum.

233 1115 260 1141 si
277 1114 345 1141 niliil
363 1116 484 1144 interest,
502 1113 574 1139 nulla
592 1112 683 1147 regula
699 1116 751 1138 est:
769 1120 816 1137 nec
830 1115 916 1146 potest
929 1112 963 1141 is,
981 1111 1025 1136 eui
1047 1119 1048 1124 ¹

233 1157 274 1178 est
285 1153 354 1178 visio
369 1152 424 1177 veri
438 1151 552 1185 falsique
563 1149 728 1179 communis‘,
745 1148 831 1174 ullum
844 1148 941 1174 habere
955 1147 1027 1174 iudi-

233 1190 306 1216 cium
317 1193 362 1215 aut
374 1188 455 1215 ullam
466 1188 575 1215 omnino
586 1187 704 1213 veritatis
715 1191 812 1213 notam.
853 1186 928 1215 Nam,
940 1193 1026 1219 quum

234 1227 341 1256 dicunt.
361 1226 409 1252 lioc
424 1235 453 1252 se
470 1234 553 1252 unum
570 1225 674 1255 tollere,
692 1229 720 1250 ut
734 1223 884 1258 quidquam
896 1222 980 1257 possit
992 1222 1026 1247 ita

235 1263 330 1294 videri,
338 1268 368 1289 ut
378 1272 429 1289 non
439 1262 532 1289 eodem
544 1261 622 1288 modo
634 1260 731 1288 falsum
743 1261 823 1287 etiam
834 1261 919 1295 possit
929 1259 1024 1289 videri,

234 1306 319 1327 cetera
331 1305 420 1326 autem
431 1299 585 1330 concedere,
599 1299 699 1325 faciunt
710 1297 859 1333 pueriliter.
885 1296 943 1329 Quo
954 1297 1026 1322 enim

233 1338 323 1364 omnia
336 1337 502 1367 iudicantur,
519 1336 638 1366 sublato,
657 1335 760 1370 reliqua
775 1343 804 1361 se
815 1339 913 1370 negant
924 1333 1026 1360 tollere.

235 1376 275 1406 Ut,
289 1375 312 1401 si
323 1375 385 1409 quis
396 1383 477 1409 quem
487 1374 574 1401 oeulis
585 1373 740 1408 privaverit,
754 1372 834 1403 dicat,
843 1380 882 1403 ea,
890 1380 959 1406 quae
970 1379 1028 1396 cer-

236 1413 262 1438 ni
280 1416 400 1447 possent,
419 1420 470 1438 non
487 1420 514 1437 se
529 1412 554 1437 ei
570 1411 713 1437 ademisse.
754 1410 787 1436 Ut
801 1409 872 1436 enim
887 1409 930 1435 illa
941 1407 1027 1434 oculis

235 1449 313 1476 modo
324 1454 530 1484 cognoscuntur,
543 1449 582 1474 sic
596 1448 699 1482 reliqua
711 1447 791 1479 visis3
805 1446 852 1472 sed
863 1446 969 1481 propria
982 1453 1028 1471 ve-

235 1488 266 1517 ri,
279 1495 332 1513 non
343 1487 481 1513 communi
493 1486 549 1512 veri
560 1490 585 1512 et
596 1485 656 1511 falsi
669 1489 738 1511 nota.
764 1484 953 1516 Quamobrem,
970 1483 1028 1508 sive

236 1529 263 1551 tu
276 1523 444 1558 probabilem
455 1523 597 1553 visionem,
611 1523 669 1549 sive
681 1521 848 1556 probabilem
860 1525 885 1547 et
895 1528 964 1555 quae
976 1527 1028 1545 non

236 1560 411 1595 impediatur,
434 1564 463 1586 ut
481 1559 630 1587 Carneades
649 1559 767 1589 volebat,
789 1559 847 1584 sive
868 1557 942 1584 aliud
961 1555 1028 1591 quid

236 1597 368 1633 proferes,
386 1597 459 1632 quod
470 1606 596 1632 sequare:
614 1597 646 1623 ad
659 1597 749 1622 visum
761 1595 842 1626 illud,
860 1595 893 1621 de
906 1602 960 1629 quo
971 1594 1029 1629 agi—

236 1644 310 1666 mus,
325 1635 374 1662 tibi
385 1635 435 1662 erit
448 1634 646 1661 revertendum.
686 1634 727 1659 34.
749 1634 777 1659 In
789 1641 819 1659 eo
830 1636 932 1662 autem,
946 1631 969 1658 si
980 1631 1030 1657 erit

235 1673 414 1699 communitas
429 1680 492 1698 cum
508 1670 586 1702 salso,
610 1669 717 1697 nullum
732 1670 783 1696 erit
798 1669 944 1699 iudicium,
964 1668 1027 1703 quia

237 1710 375 1745 proprium
392 1710 419 1735 in
434 1710 571 1735 communi
587 1709 664 1744 signo
680 1708 764 1734 notari
779 1715 831 1733 non
847 1711 942 1741 potest.
981 1704 1029 1731 Sin

236 1752 326 1773 autem
337 1754 479 1773 commune
489 1745 559 1772 nihil
570 1746 633 1777 erit;
650 1743 904 1779 habeo,quodvolo:
918 1742 946 1769 id
957 1742 1029 1768 enim

236 1792 350 1819 quaero,
367 1783 439 1818 quod
455 1784 490 1809 ita
501 1783 568 1809 mihi
581 1782 703 1809 videatur
714 1790 822 1811 verum,
843 1785 872 1807 ut
883 1789 935 1806 non
946 1779 1030 1814 possit

237 1821 309 1847 idem
321 1820 418 1847 salsum
431 1820 526 1846 videri.
547 1819 636 1846 Simili
647 1820 674 1846 in
685 1827 772 1845 errore
783 1822 930 1848 versantur,
944 1824 1029 1851 quum

237 1858 358 1884 convicio
372 1857 383 1870 *
399 1857 518 1884 veritatis
533 1857 630 1887 coac-ti,
647 1857 787 1891 perspicua
805 1864 818 1881 a
834 1854 967 1889 perceptis
982 1861 1030 1879 vo-

239 1895 296 1921 lunt
307 1894 486 1929 distinguere,
503 1899 529 1920 et
539 1898 668 1920 conantur
681 1892 834 1923 ostendere,
851 1900 911 1918 esse
926 1890 1029 1925 aliquid

239 1932 388 1966 perspicui,
409 1939 500 1957 verum
518 1930 586 1956 illud
600 1930 711 1965 quidem
727 1930 889 1964 impressum
902 1929 929 1955 in
940 1928 1030 1954 animo

238 1974 318 2003 atque
329 1972 416 1994 mente
425 1988 431 1999 ,
448 1976 534 2002 neque
546 1972 634 1993 tamen
646 1967 672 1993 id
685 1967 787 2001 percipi
799 1975 828 1992 ae
839 1964 1030 2000 comprehendi

238 2014 326 2040 posse.
364 2006 422 2036 Quo
432 2005 504 2030 enim
515 2004 594 2030 modo
605 2005 746 2039 perspicue
756 2004 858 2030 dixeris
869 2003 961 2029 album
971 2010 1030 2028 esse

238 2042 356 2078 aliquid,
374 2050 458 2076 quum
475 2042 560 2076 possit
575 2041 707 2071 accidere,
730 2046 758 2067 ut
775 2041 816 2072 id,
833 2040 906 2076 quod
921 2040 1029 2075 nigrum

238 2081 287 2110 sit,
304 2079 396 2106 album
412 2087 471 2105 esse
484 2078 624 2105 videatur?
643 2083 688 2105 aut
697 2086 752 2113 quo
762 2078 841 2104 modo
852 2079 902 2104 ista
913 2082 959 2104 aut
968 2085 1030 2111 per-

238 2118 332 2152 spicua
343 2117 474 2146 dicemus,
488 2121 533 2142 aut
544 2116 626 2142 menti
637 2116 767 2150 impressa
781 2115 925 2145 subtiliter,
944 2122 1030 2149 quum

237 2155 274 2181 sit
284 2154 426 2184 incertum,
440 2162 501 2179 vere
512 2153 660 2179 inaniterve
672 2152 827 2179 moveatur?
839 2153 876 2179 Ita
888 2159 975 2187 neque
985 2159 1031 2178 co-

240 2191 292 2221 lor,
305 2199 392 2225 neque
403 2199 512 2225 corpus,
526 2199 574 2216 nec
585 2191 696 2221 veritas,
711 2198 758 2216 nec
769 2194 968 2225 argumentum,
981 2196 1030 2214 nec

238 2237 344 2258 sensus,
358 2236 445 2262 neque
456 2228 629 2262 perspicuum
641 2227 727 2253 ullum
740 2227 911 2262 relinquitur.
933 2227 974 2253 35.
989 2226 1031 2252 Ex

240 2266 289 2292 lioc
300 2265 368 2292 illud
380 2265 423 2291 his
434 2273 485 2291 usu
500 2265 591 2291 venire
602 2264 682 2294 solet,
696 2269 738 2296 ut,
754 2264 889 2299 quidquid
900 2263 1028 2293 dixerint,

238 2312 253 2329 a
263 2302 429 2338 quibusdam
444 2303 652 2337 interrogentur:
675 2302 745 2337 Ergo
762 2302 831 2328 istuc
846 2301 958 2336 quidem
968 2308 1031 2335 per-

238 2339 326 2375 cipis?
344 2339 396 2366 Sed
406 2340 455 2374 qui
466 2340 501 2366 ita
512 2340 684 2374 interrogant,
697 2339 730 2365 ab
742 2339 785 2365 bis
796 2339 951 2365 irridentur.
972 2338 1030 2363 Non

238 2377 312 2403 enim
322 2382 432 2412 urgent,
445 2381 474 2403 ut
484 2381 642 2412 coarguant,
655 2377 791 2402 neminem
802 2375 857 2402 ulla
868 2375 901 2401 de
912 2384 940 2401 re
950 2382 1031 2410 posse

238 2414 411 2444 contendere,
433 2422 520 2448 neque
539 2421 704 2444 asseverare,
728 2414 786 2439 sine
800 2412 891 2448 aliqua
906 2413 965 2439 eius
980 2412 1028 2442 rei,

238 2459 320 2484 quam
331 2451 386 2477 sibi
397 2451 514 2486 quisque
525 2450 629 2485 placere
640 2450 715 2481 dicit,
723 2455 793 2476 certa
804 2455 829 2477 et
839 2451 947 2485 propria
957 2453 1027 2476 nota.

238 2487 316 2518 Quod
327 2492 367 2514 est
377 2489 460 2524 igitur
470 2489 539 2514 istuc
550 2492 669 2514 vestrum
676 2487 833 2522 probabile?
843 2488 949 2518 Namsi,
957 2485 1030 2522 quod

239 2525 338 2558 cuique
353 2525 468 2551 occurrit
482 2530 508 2552 et
522 2525 610 2560 primo
624 2525 702 2559 quasi
718 2529 827 2559 aspectu
838 2524 977 2559 probabile
988 2524 1031 2550 vi-

239 2560 326 2591 detur,
340 2561 366 2587 id
377 2562 557 2592 confirmatur,
569 2561 636 2597 quid
647 2570 678 2588 eo
688 2561 794 2588 levius?
811 2561 858 2588 Sin
869 2570 904 2588 ex
913 2562 1031 2588 circum-

239 2598 376 2632 spectione
386 2598 476 2633 aliqua
487 2605 513 2626 et
522 2604 644 2626 accurata
658 2598 868 2625 consideratione
876 2619 882 2630 ‚
899 2598 972 2634 quod
988 2598 1030 2624 vi-

241 2642 302 2660 sum
313 2635 361 2665 sit,
379 2635 406 2661 id
417 2644 446 2662 se
456 2636 547 2663 dicent
556 2636 648 2671 seqth'3
665 2640 754 2663 tamen
769 2637 872 2662 exitum
883 2644 935 2662 non
946 2635 1030 2663 habe-

1009 112 1282 138 ‹ltttssttuxls

1071 182 1147 208 bunt.
1187 184 1229 208 ³11.
1252 183 1369 208 Primum
1385 183 1448 217 quia
1465 182 1507 209 bis
1525 183 1603 213 vinis,
1622 184 1689 210 inter
1705 191 1775 218 quae
1789 182 1858 210 nibil

1072 220 1188 249 interest,
1205 219 1350 253 aequaliter
1363 219 1489 245 omnibus
1503 220 1646 255 abrogatur
1657 220 1736 247 tides:
1749 220 1858 251 deiude.

1070 264 1155 290 quum
1166 255 1256 282 dicant
1268 264 1345 290 poss«.-
1357 255 1475 282 accidere
1487 258 1610 291 sapienti,
1624 263 1660 287 ut,
1674 266 1758 292 quum
1769 259 1859 284 omnia

1072 293 1164 319 fecerit
1174 293 1222 319 dili
1243 294 1435 327 entissime-que
1446 294 1677 328 circumspexerit.
1689 296 1800 321 exsistat
1810 294 1861 321 ali-

1071 329 1148 365 quid,
1161 302 1269 364 quofffi
1281 329 1427 356 verisimile
1440 330 1574 360 videatur.
1587 337 1612 357 et
1622 332 1692 358 obsit
1705 331 1746 358 lon
1769 332 1862 358 int-ime

1073 376 1085 393 a
1099 375 1173 392 vero:
1197 376 1229 393 ne
1245 367 1267 392 si
1282 368 1290 378 '
1304 376 1427 402 magnam
1438 372 1539 401 partem
1551 368 1660 402 quidem
1672 370 1711 402 (ut
1724 378 1753 395 so
1765 374 1809 395 ent
1819 368 1862 395 di-

1072 404 1141 438 cere)
1156 403 1188 430 ud
1206 412 1298 430 verum
1315 405 1418 438 ipsum,
1435 409 1481 430 aut
1494 413 1575 439 quam
1591 406 1712 440 proxime
1725 405 1860 434 accedant.

1073 440 1205 467 confidere
1216 441 1269 467 sibi
1281 440 1422 475 poterunt?
1437 441 1469 468 Ut
1481 442 1553 468 euim
1565 441 1711 472 cousulant.
1725 448 1815 469 notum
1830 443 1862 469 iia

1073 486 1132 504 esse
1143 477 1252 504 debebit
1264 479 1369 513 insigne
1384 478 1453 504 veri:
1474 487 1529 513 quo
1537 478 1679 506 obscurato
1689 484 1715 506 et
1723 488 1861 515 oppresso.

1073 514 1145 550 quod
1162 514 1267 541 tandem
1285 524 1377 541 verum
1391 514 1444 541 sibi
1457 515 1621 542 videbuntur
1631 516 1778 552 attingere?
1791 516 1863 549 Quid

1074 556 1163 578 autem
1180 556 1231 578 tam
1248 551 1363 578 absurde
1378 551 1432 578 dici
1448 557 1546 586 potest.
1568 561 1649 588 quam
1669 562 1754 588 quum
1774 554 1809 581 ita
1826 553 1864 580 lo-

1074 588 1212 624 quuntur?
1232 589 1295 615 »Est
1309 589 1358 616 hoc
1373 589 1484 624 quidem
1502 589 1575 616 illius
1589 591 1626 616 rei
1641 591 1751 625 signum
1765 596 1864 618 autar-

1073 631 1246 662 gumentum,
1263 631 1289 652 et
1298 635 1327 652 ea
1340 635 1367 652 re
1380 626 1406 652 id
1417 635 1528 661 sequor,
1540 626 1587 653 sed
1599 626 1656 654 [ieri
1671 633 1769 662 potest.
1783 632 1812 654 ut
1826 627 1862 657 ιιι,

1074 663 1146 698 quod
1158 664 1338 698 significatur,
1355 668 1401 689 aut
1412 663 1509 690 falsum
1520 665 1568 695 sit,
1585 669 1630 691 aut
1645 664 1713 691 nihil
1729 665 1764 691 sit
1776 665 1865 692 omni-

1076 710 1136 727 no.u
1167 700 1220 726 Sed
1231 700 1264 726 de
1276 701 1445 735 perceptione
1458 701 1596 728 hactenus.
1627 701 1656 728 Si
1667 702 1729 736 quis
1739 702 1812 729 enim
1823 710 1863 732 en.

1074 746 1143 772 quae
1154 737 1223 764 dicta
1235 742 1307 768 sunt,
1322 737 1479 764 labefactare
1490 738 1568 769 volet.
1583 738 1668 769 facile.
1676 739 1756 766 etiam
1767 739 1865 766 absen-

1076 775 1148 801 tibus
1160 775 1246 804 nobis.
1261 776 1357 801 veritas
1367 783 1395 801 se
1408 776 1465 811 ipsa
1475 774 1610 803 desendet.

1132 812 1189 838 xu.
1211 813 1252 838 37.
1275 812 1321 838 llis
1340 813 1405 838 satis
1425 813 1553 848 cognitis.
1575 821 1645 848 quae
1665 814 1718 840 iam
1733 811 1864 848 explicata

1075 854 1151 879 sunt.
1174 858 1244 875 nunc
1260 849 1292 875 de
1307 850 1461 876 assensione
1472 854 1551 884 atque
1563 850 1766 885 approbatione.
1783 858 1865 885 quam

1075 886 1170 913 Graeci
1183 886 1380 922 συγκατάθεσιν
1393 892 1494 916 vocant,
1504 896 1586 921 pauca
1597 887 1733 914 dicemus:
1750 896 1802 914 non
1812 895 1866 922 quo

1077 932 1128 950 non
1145 923 1213 950 latus
1229 923 1303 949 locus
1318 924 1366 955 εἰη
1383 923 1429 950 sed
1441 924 1532 958 paullo
1545 930 1604 951 ante
1620 925 1685 951 iacta
1696 930 1759 951 sunt
1770 924 1866 951 sunda-

1077 965 1174 986 menta.
1215 961 1282 986 Nam
1293 969 1377 995 quum
1390 962 1454 991 vim,
1467 969 1536 996 quae
1547 967 1617 988 esset
1629 962 1655 988 in
1666 961 1807 991 sensibus,
1819 969 1866 987 ex-

1077 997 1258 1033 plicabamus,
1280 997 1362 1024 simul
1383 997 1451 1024 illud
1471 999 1653 1033 aperiebatur.
1675 998 1866 1034 comprehendi

1078 1034 1169 1065 multa,
1185 1040 1210 1061 et
1222 1035 1323 1069 percipi
1335 1035 1475 1067 sensibus,
1491 1036 1564 1070 quod
1575 1036 1632 1062 steri
1643 1036 1701 1062 sine
1712 1036 1867 1063 assensione

1077 1081 1128 1098 non
1141 1076 1236 1106 potest.
1277 1071 1376 1098 Deinde
1391 1080 1477 1107 quum
1493 1073 1561 1099 inter
1572 1074 1721 1100 inanimum
1732 1078 1757 1099 et
1768 1071 1867 1100 animal

1078 1109 1126 1136 boc
1139 1110 1255 1135 maxime
1267 1109 1380 1139 intersit.
1393 1109 1465 1143 quod
1473 1108 1634 1146 [inanimum
1645 1110 1714 1137 nihil
1725 1108 1801 1146 agit]
1809 1110 1867 1136 ani-

1078 1146 1129 1172 mal
1141 1148 1196 1182 agit
1207 1145 1320 1181 aliquid,
1328 1146 1407 1181 (nibil
1417 1147 1490 1173 enim
1500 1156 1582 1183 agens
1593 1156 1626 1174 ne
1635 1148 1746 1183 cogitari
1756 1146 1866 1182 quidem

1078 1188 1163 1219 potest
1177 1183 1257 1218 quale
1271 1184 1316 1218 sit)
1331 1188 1376 1210 aut
1386 1184 1411 1210 ei
1422 1192 1518 1211 sensus
1530 1184 1690 1211 adimendus
1700 1189 1753 1215 est.
1770 1189 1866 1214 autea,

1077 1229 1147 1256 quae
1162 1226 1202 1248 est
1218 1221 1244 1247 in
1259 1225 1347 1247 nostra
1363 1225 1490 1255 potestate
1505 1223 1570 1252 sita,
1587 1221 1722 1248 reddenda
1737 1221 1866 1248 assensio.

1078 1260 1119 1285 38.
1141 1258 1174 1284 At
1189 1266 1252 1284 vero
1266 1259 1373 1284 animus
1387 1258 1503 1293 quodam
1516 1259 1594 1286 modo
1603 1260 1717 1294 eripitur
1728 1258 1784 1288 his.
1800 1266 1869 1294 quos

1078 1304 1166 1330 neque
1181 1296 1293 1326 sentire,
1311 1303 1398 1330 neque
1413 1297 1537 1323 assentiri
1553 1295 1656 1323 volunt.
1696 1296 1728 1323 Ut
1738 1296 1810 1322 enirn
1821 1303 1870 1322 ne-

1078 1341 1152 1359 cesse
1163 1337 1216 1364 est,
1230 1332 1333 1359 lancem
1344 1332 1372 1358 in
1383 1332 1464 1363 libra.
1482 1333 1648 1367 ponderibus
1660 1334 1808 1368 impositis,
1821 1332 1870 1359 de-

1079 1370 1173 1405 primi,
1186 1370 1226 1396 sic
1237 1370 1357 1396 animum
1369 1371 1520 1405 perspicuis
1530 1370 1634 1398 cedere.
1667 1371 1744 1401 Nam,
1757 1378 1870 1405 quomo-

1078 1407 1112 1434 do
1124 1415 1175 1433 non
1186 1411 1273 1442 potest
1282 1406 1380 1433 animal
1392 1407 1479 1434 ullum
1491 1417 1543 1434 non
1553 1413 1678 1443 appetere
1689 1407 1726 1439 id,
1741 1407 1814 1442 quod
1825 1415 1870 1433 ac-

1079 1444 1276 1471 commodatum
1292 1443 1326 1470 ad
1340 1449 1463 1471 naturam
1477 1450 1604 1480 appareat
1614 1445 1720 1481 (Graeci
1735 1444 1764 1472 id
1774 1443 1870 1472 οἰκεῖον

1079 1481 1238 1516 appellant):
1261 1482 1300 1508 sic
1315 1489 1367 1508 non
1383 1487 1469 1516 potest
1483 1483 1615 1509 obiectam
1631 1491 1687 1509 rem
1698 1483 1869 1517 perspicuam

1080 1528 1131 1545 non
1138 1519 1296 1553 approbare.
1310 1518 1490 1554 Quamquam,
1498 1521 1522 1546 si
1529 1519 1585 1551 illa,
1593 1519 1627 1547 de
1636 1519 1738 1555 quibus
1747 1519 1871 1554 disputa-

1079 1561 1136 1582 tum
1148 1561 1196 1586 est,
1211 1564 1272 1582 vera
1282 1560 1358 1586 sunt,
1371 1556 1440 1583 nihil
1451 1557 1544 1584 attinet
1551 1556 1586 1584 de
1595 1557 1750 1584 assensione
1761 1556 1871 1584 omnino

1080 1593 1164 1628 loqui.
1205 1592 1257 1625 Qui
1279 1593 1352 1619 enim
1371 1593 1439 1628 quid
1456 1595 1584 1629 percipit,
1605 1595 1749 1622 assentitur
1769 1594 1868 1621 statim.

1080 1630 1132 1657 Sed
1144 1630 1209 1657 haec
1220 1630 1300 1657 etiam
1311 1635 1469 1664 sequuntur,
1483 1639 1532 1658 nee
1542 1632 1699 1659 memoriam
1708 1632 1767 1658 sine
1777 1639 1871 1658 assen-

1079 1668 1154 1694 sione
1164 1675 1243 1702 posse
1253 1672 1382 1697 constare,
1390 1676 1439 1694 nee
1449 1669 1556 1695 notitias
1567 1676 1666 1698 rerum,
1674 1676 1722 1694 nec
1732 1673 1815 1696 artes:
1828 1667 1871 1694 id-

1080 1713 1146 1739 que,
1163 1704 1235 1739 quod
1251 1705 1400 1730 maximum
1411 1709 1464 1733 est,
1480 1710 1509 1732 ut
1523 1705 1672 1740 sitaliquid
1684 1705 1712 1731 in
1723 1710 1811 1732 nostra
1822 1713 1871 1740 po-

1080 1746 1182 1771 testate,
1197 1742 1222 1767 in
1236 1750 1276 1771 eo,
1289 1741 1336 1775 qui
1348 1742 1386 1767 rei
1397 1741 1465 1768 nulli
1476 1743 1649 1772 assentietur,
1665 1750 1717 1769 non
1728 1743 1788 1769 erit.
1827 1743 1869 1768 39.

1080 1778 1131 1806 Ubi
1142 1779 1225 1814 igitur
1231 1779 1325 1808 virtus,
1333 1778 1357 1804 si
1368 1779 1436 1805 nihil
1447 1779 1530 1806 situm
1541 1780 1619 1806 estin
1630 1779 1697 1814 ipsis
1707 1778 1804 1807 nobis?
1815 1779 1871 1805 Ma-

1081 1816 1153 1842 xime
1165 1820 1254 1842 autem
1265 1815 1413 1842 absurdum
1421 1836 1427 1847 ,
1440 1817 1505 1843 vitia
1517 1817 1544 1844 in
1555 1818 1675 1851 ipsorum
1686 1825 1745 1844 esse
1756 1821 1873 1852 potesta·

1081 1858 1118 1883 te,
1136 1861 1224 1887 neque
1241 1860 1351 1887 peccare
1365 1861 1544 1888 quemquam,
1566 1854 1620 1881 nisi
1635 1855 1803 1881 assensione:
1822 1853 1872 1880 hoc

1081 1890 1152 1916 idem
1171 1892 1197 1916 in
1214 1890 1311 1916 virtute
1327 1898 1379 1917 non
1395 1898 1468 1917 esse:
1490 1892 1570 1918 cuius
1583 1891 1672 1918 onmis
1686 1891 1832 1918 constantia
1846 1894 1873 1916 et

1081 1928 1192 1953 firmitas
1207 1936 1241 1953 ex
1256 1927 1290 1952 iis
1305 1927 1387 1954 rebus
1401 1932 1517 1958 constat,
1534 1928 1636 1964 quibus
1651 1937 1759 1955 assensa
1775 1932 1829 1958 est,
1845 1932 1872 1954 et

1081 1973 1148 1999 quas
1172 1963 1343 1998 approbavit:
1374 1966 1539 2000 omninoque
1562 1970 1622 1992 ante
1646 1965 1733 1992 videri
1756 1963 1869 2000 aliquid.

1081 2010 1162 2036 quam
1173 2009 1295 2037 agamus,
1308 2009 1417 2028 necesse
1426 2007 1476 2033 est,
1488 2003 1576 2037 eique,
1588 2002 1661 2037 quod
1673 2003 1762 2029 visum
1773 2003 1817 2032 sit,
1827 2010 1872 2028 as-

1081 2040 1239 2065 sentiamur.
1278 2037 1366 2070 Quare
1381 2040 1428 2074 qui
1442 2045 1488 2066 aut
1501 2041 1591 2066 visum
1605 2044 1651 2066 aut
1667 2047 1807 2067 assensum
1822 2038 1871 2066 tol-

1081 2076 1120 2107 lit,
1134 2077 1157 2102 is
1167 2083 1274 2102 omnem
1285 2076 1415 2103 actionem
1426 2076 1495 2104 tollit
1504 2085 1518 2103 e
1529 2077 1594 2103 vita.

1135 2113 1206 2140 xm.
1228 2114 1268 2139 to.
1290 2113 1368 2140 Nunc
1383 2122 1412 2140 ea
1428 2114 1584 2145 videamus,
1601 2122 1670 2149 quae
1682 2117 1772 2141 contra
1783 2112 1817 2140 ab
1828 2112 1871 2139 his

1081 2150 1214 2185 disputari
1227 2149 1323 2177 solent.
1362 2150 1414 2177 Sed
1426 2151 1501 2186 prius
1513 2152 1624 2186 potestis
1636 2152 1716 2178 totius
1726 2158 1818 2178 eorum
1830 2157 1872 2175 ra-

1081 2188 1162 2214 tionis
1172 2188 1250 2222 quasi
1262 2186 1436 2215 fundamenta
1445 2196 1614 2224 cognoscere.
1639 2188 1809 2222 Componunt
1818 2187 1872 2222 igi-

1082 2230 1124 2251 tur
1138 2225 1257 2260 primum
1272 2230 1356 2251 artem
1370 2225 1516 2260 quamdam
1530 2225 1564 2253 de
1578 2226 1627 2256 iis,
1646 2233 1715 2260 quae
1730 2225 1788 2251 visa
1802 2223 1872 2250 dici—

1081 2270 1156 2292 mus,
1178 2269 1326 2295 eorumque
1341 2267 1367 2289 et
1380 2263 1438 2289 vim
1452 2267 1478 2289 et
1491 2270 1588 2298 genera
1605 2262 1749 2294 definiunt,
1770 2261 1799 2287 in
1817 2260 1868 2290 his.

1081 2298 1161 2334 quale
1172 2299 1208 2326 sit
1217 2299 1245 2325 id
1253 2319 1260 2330 ‚
1279 2299 1352 2334 quod
1366 2300 1470 2335 percipi
1479 2305 1506 2326 et
1514 2298 1705 2334 comprehendi
1715 2298 1800 2333 possit
1811 2298 1872 2324 toti·

1081 2336 1143 2362 dem
1157 2336 1261 2367 verbis,
1278 2341 1344 2371 quot
1353 2336 1445 2363 Stoici.
1484 2336 1584 2363 Deinde
1597 2336 1644 2363 illa
1657 2339 1796 2370 exponunt
1805 2334 1869 2366 duo,

1081 2382 1150 2408 quae
1161 2374 1240 2409 quasi
1248 2374 1513 2402 contineantomnem
1519 2373 1587 2400 hanc
1592 2373 1789 2408 quaestionem:
1801 2379 1871 2407 quae

1081 2412 1116 2437 ita
1124 2411 1274 2443 videantur,
1282 2411 1455 2438 utetiamalia
1466 2410 1560 2437 eodem
1571 2409 1649 2437 modo
1660 2409 1746 2436 videri
1755 2409 1868 2444 possint.

1082 2457 1131 2475 nec
1145 2449 1173 2475 in
1188 2448 1231 2475 his
1246 2448 1397 2484 quidquam
1412 2448 1529 2479 intersit,
1551 2455 1603 2473 non
1617 2454 1695 2481 posse
1711 2454 1803 2472 eorum
1818 2445 1871 2473 alia

1081 2486 1198 2521 percipi,
1213 2485 1264 2512 alia
1278 2494 1330 2512 non
1341 2485 1458 2520 percipi:
1479 2483 1548 2512 nihil
1560 2484 1688 2511 interesse
1699 2488 1802 2514 autem,
1817 2491 1870 2510 non

1081 2523 1160 2550 modo
1173 2524 1197 2549 si
1207 2524 1281 2550 omni
1291 2532 1326 2550 ex
1341 2528 1414 2557 parte
1428 2521 1549 2548 eiusdem
1563 2520 1636 2547 modi
1645 2521 1713 2551 sint,
1731 2520 1780 2547 sed
1789 2520 1870 2547 etiam

1080 2562 1105 2588 si
1115 2560 1232 2587 discerni
1243 2569 1295 2587 non
1306 2560 1419 2595 possint.
1457 2558 1563 2590 Quibus
1573 2558 1681 2593 positis,
1697 2557 1779 2584 unius
1790 2565 1872 2593 argu-

1081 2598 1165 2625 menti
1178 2597 1349 2624 conclusione
1358 2601 1410 2624 tota
1420 2595 1454 2622 ab
1465 2595 1509 2622 his
1517 2603 1612 2622 caussa
1622 2594 1868 2629 comprehenditur.

1080 2635 1232 2671 Composita
1243 2643 1273 2662 ea
1283 2633 1420 2662 conclusio
1429 2633 1469 2659 sic
1478 2636 1531 2660 est:
1554 2632 1680 2663 nEorum,
1694 2639 1764 2666 quae
1774 2630 1871 2658 viden-
