1941 3052
253 201 284 225 22
791 201 813 227 6.

637 270 658 296 i.

432 355 583 385 LIBER
623 357 873 391 QUARTUS.

281 459 298 478 A
306 458 355 478 RG.
373 458 419 478 Hoc
430 458 486 479 litu-o
497 463 573 480 auctor
582 459 684 486 quoniam
694 459 721 478 ile
733 457 859 479 elocutione
868 462 957 479 κων-ιιι
965 463 987 479 et
999 458 1046 479 ιυὶι

254 500 352 519 qunque
366 493 565 516 delinitione-,non
576 493 665 513 iliu-ute
676 493 926 520 petitin.il1untnturu=
937 494 1046 521 exempli·

254 532 308 553 ont,
325 533 389 556 atque
404 529 435 549 itu
451 536 463 548 ι
472 532 600 552 ceterorum,
616 528 653 554 qui
665 528 686 548 in
698 528 738 549 hut
748 536 826 553 uenere
837 528 983 553 eluitur-nni,
995 536 1045 549 tou-

254 634 358 657 u-tenilit,
378 634 426 653 illi·
444 633 592 660 reprehensis,
611 633 649 660 qui
665 641 692 654 ex
707 633 833 654 urninritnn
848 633 922 660 potius
937 637 956 653 et
973 633 1045 660 poeti·

254 668 344 695 opii-nin
355 669 477 695 quibu-que
489 668 588 695 exe-nuptu
599 669 702 688 nunu-nula
713 672 789 695 putent
800 675 812 688 u
821 676 838 689 r.
852 671 881 688 ¹-
889 671 907 688 7.
925 668 1010 688 Deinde
1019 668 1046 687 de

254 703 302 730 ipati
317 703 443 723 cluentium:
458 703 489 723 iu·
503 703 602 727 itinn-rii,
619 707 640 724 ut
653 703 722 730 primu
733 707 781 725 natat
792 704 818 723 il·-
829 703 900 723 tribu·
911 702 998 723 :licendi
1010 709 1044 725 ιυ-

254 738 343 758 neribus
353 738 387 758 'vel
398 738 482 762 [lituris.
494 738 561 762 urnii,
574 738 677 758 mediani-ri
689 742 708 757 et
721 741 841 761 attenuata,
853 745 870 758 c.
883 740 913 757 8-
923 740 953 757 Η.
984 737 1044 756 ulcin-

253 774 286 796 ile,
302 780 356 799 quin
371 780 405 793 re·
415 773 491 793 delient
504 773 583 793 liuben-
593 773 703 793 cummmln
717 776 738 792 et
749 773 846 799 persei-tu
855 771 959 795 elocutio,
971 775 1044 791 outen-
1067 775 1075 791 ,Ἃ

253 809 297 828 ilat.
322 809 403 828 Hariim
415 811 460 828 tri-ii
471 808 524 828 facit
535 811 616 834 purten,
627 807 717 834 primuni
729 807 868 831 eleuantiani,
879 813 934 832 «lune
944 806 1044 826 latinii·-

253 847 294 863 tern
306 845 328 863 et
338 843 515 870 explanationem
526 850 543 862 κ,
556 842 734 870 perspicuitatem
745 843 869 862 ‹luido-ret:
887 840 976 861 alteram
988 848 1045 861 cum-

253 878 385 905 positionem
401 885 475 898 oinnes
495 877 603 898 urationi·
620 881 694 905 parte·
711 877 858 903 aequabiliter
873 876 1043 903 perpulit-nterim

253 913 339 933 tertiani
352 913 488 937 iliunitntem,
504 919 558 939 inune
569 913 590 932 in
605 914 719 932 ierlmrum
731 915 751 932 et
762 912 920 933 tententianuu
931 911 1043 932 exornati-

253 955 294 969 une
304 951 413 972 cernatur,
424 955 441 968 c.
455 950 485 968 12.
496 955 566 974 unque
576 948 601 968 nil
613 949 682 968 tinem.

306 1019 326 1044 1.
343 1020 366 1044 l.
383 1012 520 1050 Quoniam
535 1018 562 1044 in
576 1018 626 1044 hoc
640 1017 716 1049 libro,
732 1018 854 1048 Herenni,
871 1018 903 1044 de
918 1016 1045 1044 elocutio-
1065 1042 1067 1049 ,

253 1063 284 1082 ne
298 1055 507 1090 conscripsimus
522 1060 554 1086 et,
571 1055 671 1090 quibus
687 1055 713 1081 in
729 1055 792 1081 locis
807 1064 875 1090 opus
890 1054 940 1081 suit
954 1063 1044 1081 exem—

207 1117 212 1124 ,
251 1092 304 1127 plis
324 1093 370 1124 uti,
392 1093 488 1119 nostris
506 1092 636 1127 exemplis
660 1093 700 1119 usi
719 1101 814 1119 sumus
838 1097 863 1118 et
886 1092 911 1118 id
931 1092 1043 1118 fecimus
1066 1120 1073 1126 Η

253 1134 354 1164 praeter
377 1130 598 1157 consuetudinem
620 1130 790 1161 Graecorum,
816 1130 863 1165 qui
888 1129 921 1156 de
945 1129 994 1156 hac
1017 1138 1043 1156 re

251 1167 429 1202 scripserunt:
458 1167 606 1194 necessario
621 1167 772 1193 faciendum
787 1171 834 1198 est,
852 1171 881 1194 ut
895 1167 988 1202 paucis
1002 1176 1044 1193 ra-

252 1205 350 1231 tionem
368 1204 449 1231 nostri
467 1204 572 1231 consilii
587 1204 691 1231 demus.
725 1205 813 1240 Atque
827 1205 877 1231 hoc
891 1213 938 1231 nos
953 1213 1044 1230 neces—

251 1241 369 1268 situdine
388 1241 481 1272 facere,
502 1250 554 1269 non
573 1242 671 1273 studio,
691 1242 755 1268 satis
770 1242 819 1268 erit
832 1242 912 1278 signi,
929 1241 1001 1277 quod
1016 1242 1042 1267 in

251 1279 435 1314 superioribus
450 1279 525 1305 libris
540 1279 606 1305 nihil
622 1287 708 1314 neque
723 1284 781 1306 ante
792 1288 847 1305 rem
871 1287 957 1314 neque
968 1287 1044 1313 prae-
1065 1278 1073 1310 f

252 1321 290 1342 ter
303 1325 358 1342 rem
374 1316 452 1343 locuti
467 1325 572 1343 sumus.
606 1317 692 1348 Nunc,
713 1317 735 1343 si
750 1325 842 1352 pauca,
858 1325 926 1351 quae
940 1325 982 1342 res
996 1324 1044 1350 po-

251 1353 340 1384 stulat,
365 1353 522 1384 dixerimus,
543 1354 591 1380 tibi
614 1353 641 1380 id
665 1354 737 1388 quod
755 1354 888 1388 reliquum
915 1358 954 1379 est
979 1353 1042 1379 artis
1072 1358 1073 1379 1

251 1391 295 1422 ita,
321 1395 351 1417 ut
373 1391 548 1421 instituimus,
574 1391 768 1425 persolvemus.
802 1391 853 1417 Sed
871 1390 976 1417 facilius
995 1399 1043 1417 no-

251 1433 333 1454 stram
351 1428 479 1454 rationem
498 1428 639 1464 intelliges,
661 1429 684 1454 si
702 1429 787 1464 prius,
807 1428 875 1463 quid
888 1428 927 1454 illi
942 1428 1039 1459 dicant,

251 1465 416 1501 cognoveris.

307 1502 497 1537 Compluribus
520 1501 553 1528 dc
575 1502 678 1529 caussis
701 1507 795 1537 putant
811 1507 939 1537 oportere,
956 1511 1041 1537 quum

251 1539 303 1574 ipsi
317 1539 506 1574 praeceperint,
525 1548 580 1574 quo
593 1544 668 1574 pacto
681 1544 798 1574 oporteat
811 1548 902 1566 ornare
916 1539 1043 1566 elocutio-

251 1585 320 1608 nem,
346 1577 426 1603 unius
449 1576 581 1611 cuiusque
603 1577 708 1612 generis
730 1577 763 1603 ab
785 1581 885 1603 oratore
907 1581 1042 1612 autpoeta

250 1614 359 1649 probato
373 1618 512 1649 sumptum
527 1623 624 1649 ponere
637 1613 801 1649 exemplum.
834 1615 867 1640 Et
881 1614 998 1649 primum
1013 1622 1042 1640 se

251 1651 278 1678 id
296 1651 424 1678 modestia
441 1656 586 1678 commotos
600 1651 684 1678 facere
702 1652 802 1682 dicunt,
819 1656 955 1686 propterea
969 1651 1041 1686 quod

251 1688 372 1715 videatur
390 1697 448 1715 esse
465 1689 604 1715 ostentatio
621 1689 762 1724 quaedam,
782 1697 834 1715 non
853 1689 918 1715 satis
933 1689 1037 1719 habere,

251 1726 402 1761 praecipere
424 1725 457 1752 de
479 1726 598 1757 artificio,
623 1726 670 1752 sed
689 1727 767 1752 etiam
786 1726 859 1761 ipsos
872 1726 957 1752 videri
973 1725 1040 1752 velle

250 1763 390 1790 artificiose
403 1763 512 1799 gignere
530 1763 660 1798 exempla,
677 1763 726 1790 hoc
736 1768 784 1795 est,
801 1763 936 1798 inquiunt,
952 1768 1042 1789 osten-
1062 1784 1064 1792 ,

251 1806 304 1827 tare
317 1809 355 1831 se,
371 1809 423 1827 non
437 1800 573 1827 ostendere
587 1805 678 1827 artem.
705 1803 729 1827 2.
745 1800 831 1833 Quare
845 1800 931 1835 pudor
945 1801 971 1826 in
986 1801 1041 1835 pri·
1062 1822 1063 1836 ,

251 1838 302 1864 mis
321 1842 360 1864 est
377 1837 410 1864 ad
428 1847 485 1864 eam
499 1846 555 1864 rem
572 1838 771 1872 impedimento,
788 1846 820 1864 ne
834 1847 882 1864 nos
895 1837 965 1864 solos
981 1846 1041 1872 pro-

250 1875 320 1906 bare,
342 1884 390 1902 nos
404 1884 499 1906 amare,
516 1875 581 1902 alios
595 1880 762 1902 contemnere
779 1879 804 1901 et
817 1875 936 1901 deridere
950 1875 1041 1901 videa-

250 1921 320 1939 mur.
354 1912 459 1939 Etenim
481 1921 565 1948 quum
588 1913 724 1948 possimus
747 1913 779 1939 ab
798 1912 884 1939 Ennio
901 1917 1039 1947 sumptum

250 1954 296 1976 aut
314 1958 328 1976 a
347 1949 466 1976 Graccho
484 1958 580 1984 ponere
599 1950 761 1985 exemplum,
778 1949 884 1976 videtur
897 1958 956 1976 esse
969 1958 1041 1976 arro-

249 1987 346 2023 gantia,
363 1987 408 2013 illa
422 1987 572 2022 relinquere
585 1992 610 2013 et
624 1987 657 2013 ad
671 1996 719 2013 sua
737 1987 871 2013 devenire.
905 1987 1040 2013 Praeterea

250 2024 371 2059 exempla
394 2025 604 2051 testimoniorum
633 2024 720 2051 locum
742 2024 871 2051 obtinent.
904 2024 934 2050 Id
957 2025 1038 2055 enim,

249 2061 323 2097 quod
340 2061 507 2088 admonuerit
524 2066 549 2088 et
567 2061 659 2088 leviter
672 2061 763 2088 fecerit
776 2061 934 2096 praeceptio,
950 2069 1041 2088 exem-

250 2098 295 2134 plo
320 2099 389 2125 sicut
402 2099 551 2125 testimonio
577 2099 772 2134 comprobatur.
808 2099 866 2125 Non
880 2098 962 2134 igitur
975 2098 1041 2125 ridi-

249 2135 327 2162 culus
341 2136 384 2167 sit,
404 2136 427 2162 si
441 2136 502 2171 quis
521 2136 548 2162 in
563 2135 608 2162 lite
622 2140 667 2162 aut
680 2136 707 2162 in
721 2135 821 2162 iudicio
834 2136 987 2162 domesticis
1001 2141 1041 2162 te-

249 2173 384 2200 stimoniis
403 2177 511 2209 pugnet,
534 2172 568 2209 [et
585 2182 635 2199 suo
648 2173 735 2208 ipsius
750 2173 874 2199 abutatur
887 2172 1039 2210 exemplo]‘?

249 2211 283 2237 Ut
293 2211 364 2237 enim
377 2210 568 2239 testimonium.
584 2211 622 2237 sic
632 2210 785 2245 exemplum
797 2210 834 2236 rei
845 2210 1040 2236 confirmandae

249 2256 344 2274 caussa
357 2247 482 2274 sumitur.
524 2248 583 2274 Non
597 2256 658 2282 ergo
671 2251 772 2282 oportet
785 2247 835 2273 hoc
849 2247 901 2273 nisi
915 2255 929 2273 a
943 2247 1040 2282 proba—

249 2285 354 2312 tissimo
367 2284 446 2316 sumi,
463 2293 504 2316 ne,
520 2285 592 2319 quod
605 2284 678 2311 aliud
692 2284 847 2311 confirmare
859 2284 961 2315 debeat,
978 2293 1039 2320 ege-

249 2327 275 2349 at
291 2323 382 2357 ipsum
399 2321 617 2348 confirmationis.
650 2322 755 2348 Etenim
774 2330 882 2347 necesse
899 2325 938 2347 est
951 2326 997 2347 aut
1010 2330 1039 2347 se

249 2359 374 2386 omnibus
393 2363 553 2394 anteponant
567 2363 593 2385 et
605 2367 654 2385 sua
668 2359 784 2385 maxime
797 2359 917 2393 probent,
934 2362 979 2385 aut
992 2367 1040 2384 ne·

247 2401 311 2432 gent
328 2397 428 2432 optima
442 2405 499 2422 esse
512 2395 642 2430 exempla,
663 2404 731 2431 quae
744 2404 758 2421 a
771 2395 967 2430 probatissimis
980 2404 1039 2422 ora-

249 2434 351 2460 toribus
365 2438 410 2460 aut
423 2433 507 2468 poetis
521 2437 628 2468 sumpta
641 2433 704 2459 sint,
738 2432 767 2459 Si
784 2441 813 2459 se
826 2433 952 2459 omnibus
966 2437 1039 2459 ante»

249 2475 356 2505 ponant,
384 2470 543 2497 intolerabili
569 2470 717 2506 arrogantia
741 2474 818 2502 sunt;
846 2471 870 2496 si
895 2479 963 2505 quos
985 2470 1037 2496 sibi

249 2513 411 2543 praeponant
427 2513 453 2534 et
465 2516 555 2534 eorum
571 2507 692 2542 exempla
705 2507 763 2533 suis
777 2507 907 2542 exemplis
921 2516 973 2534 non
986 2515 1039 2542 pu—

249 2550 304 2572 tent
325 2549 465 2580 praestare,
488 2554 540 2572 non
563 2549 676 2579 possunt
698 2545 794 2576 dicere,
814 2553 897 2580 quare
910 2545 963 2571 sibi
977 2544 1037 2570 illos

248 2586 417 2617 anteponant.
450 2583 482 2608 11.
502 2581 573 2614 Quid
590 2582 674 2617 igitur
687 2582 745 2616 ipsa
759 2582 900 2608 auctoritas
913 2582 1038 2617 antiquo-

249 2619 327 2646 rum‘?
358 2619 417 2646 Non
434 2627 520 2654 quum
538 2627 579 2645 res
596 2619 800 2653 probabiliores,
821 2623 878 2645 tum
897 2619 1037 2645 hominum

248 2656 337 2683 studia
355 2656 388 2682 ad
406 2656 565 2682 imitandum
583 2656 707 2682 alacriora
729 2655 833 2682 reddit?
858 2656 942 2682 Immo
959 2655 1038 2691 erigit

247 2694 368 2720 omnium
387 2693 545 2728 cupiditates
571 2697 596 2718 et
608 2693 679 2719 acuit
692 2692 861 2723 industriam,
876 2701 962 2727 quum
975 2701 1037 2727 spes

248 2731 343 2757 iniecta
361 2735 408 2760 est,
427 2738 504 2765 posse
518 2730 645 2756 imitando
659 2730 770 2757 Gracchi
785 2734 830 2756 aut
843 2729 930 2756 Crassi
943 2738 1038 2756 conse-

849 201 1055 227 mentiti
1090 201 1339 229 AcizTonts

1076 286 1077 289 =
1097 272 1142 306 qui
1159 271 1319 299 facultatem.
1341 274 1365 299 3.
1382 272 1514 300 Postremo
1529 273 1577 300 hoc
1591 274 1679 310 ipsum
1693 283 1830 303 summum
1844 282 1885 304 est

1075 308 1077 328 ι’
1097 310 1248 339 artificium,
1269 319 1311 336 res
1331 310 1415 336 varias
1438 314 1463 336 et
1480 310 1600 346 dispares
1618 311 1645 338 in
1663 316 1700 339 tot
1717 314 1846 348 poeninis
1859 319 1885 342 et

1075 370 1077 389 Ι
1097 347 1261 373 orationibus
1284 356 1389 382 sparsas
1412 351 1437 373 et
1460 357 1524 380 vage
1545 348 1668 375 disiectas
1691 349 1724 376 ita
1743 350 1885 386 diligenter

663 563 668 568 .
806 563 810 568 ,
1075 556 1077 561 ,
1097 533 1206 559 artificio
1229 542 1280 559 non
1305 538 1389 568 potest
1412 534 1477 559 lieri.

254 564 371 584 utic-tudine
382 565 484 584 r‘reilem
495 567 614 587 meretur,
626 570 652 583 ne
663 571 685 584 ιη
696 571 769 584 eurum
781 563 918 590 aliorumque
929 563 1044 590 reprelien-
1075 568 1077 573 ¹

254 598 337 619 aiunt-m
354 599 484 619 ini-urreret:
500 606 538 618 rur
548 599 569 618 iil
580 599 665 623 sei-erit,
681 598 796 626 praefandi
811 598 978 626 opportunitate
992 606 1045 618 unu-
1074 613 1076 619 ⁴

1097 384 1203 417 eligere,
1230 389 1258 410 ut
1281 393 1364 411 unum
1387 384 1513 419 quodque
1531 394 1617 420 genus
1630 387 1813 422 exemplorum
1832 388 1885 415 sub

1097 421 1218 455 singulos
1233 422 1295 448 artis
1311 421 1379 448 locos
1393 422 1524 448 subiicere
1538 423 1634 457 possi».
1650 424 1703 450 ttoc
1716 424 1738 450 si
1754 424 1884 452 industria

1097 458 1184 484 solum
1207 459 1262 485 lieri
1286 464 1382 493 posset,
1408 463 1494 485 tamen
1511 469 1631 487 essemus
1649 460 1783 493 laudandi,
1799 471 1884 497 quum

1098 495 1175 521 talem
1200 495 1314 522 laborem
1339 506 1390 522 non
1415 495 1591 529 fugissemus,
1618 506 1690 524 nunc
1707 499 1765 525 sine
1779 508 1886 527 summo

1518 534 1585 565 Quis
1602 539 1643 561 est
1660 535 1739 566 enim,
1755 536 1812 571 qui,
1833 537 1884 563 nisi

1097 579 1201 596 summe
1225 574 1309 596 teneat
1330 575 1420 600 artem,
1443 571 1524 605 possit
1543 580 1571 597 ea
1599 580 1668 606 quae
1682 572 1771 599 iubeat
1784 582 1826 600 ars
1851 574 1885 601 de

1098 611 1166 633 tanta
1180 612 1204 633 et
1219 612 1270 633 tam
1285 607 1380 633 diffusa
1396 608 1524 642 scriptura
1539 613 1627 635 notare
1640 613 1666 635 et
1678 610 1817 644 separare?
1836 611 1885 638 Ce-

1097 645 1153 674 teri.
1169 653 1254 679 quum
1271 644 1360 680 legunt
1374 646 1503 671 orationes
1522 646 1604 672 bonas
1621 650 1667 672 aut
1681 653 1807 681 poemata,
1824 657 1886 683 pro-

1098 681 1159 707 bant
1182 687 1295 708 oratores
1319 687 1343 708 et
1369 687 1467 717 poetas,
1495 691 1581 718 neque
1605 683 1766 719 intelligunt,
1789 693 1885 720 quare

1068 736 1069 741 ,
1096 719 1218 745 commoti
1242 719 1366 754 prolsent;
1394 719 1465 754 quod
1489 721 1556 746 scire
1575 729 1625 747 non
1642 726 1762 756 possunt,
1779 722 1825 749 ubi
1839 723 1883 754 sit,

1097 765 1143 782 nec
1161 756 1227 791 quid
1250 757 1292 786 sit.
1314 766 1360 782 nec
1377 765 1432 791 quo
1452 757 1530 783 modo
1543 757 1640 784 sactum
1655 758 1689 784 sit
1703 758 1739 789 id,
1755 759 1825 794 quod
1839 768 1885 786 eoa

1097 794 1212 819 maxime
1229 793 1348 819 delectet.
1383 795 1416 820 At
1434 793 1465 824 iS,
1487 795 1570 829 quiet
1583 794 1746 822 haecomnia
1761 796 1886 833 intelligit

1097 835 1121 857 et
1145 830 1237 856 idonea
1261 831 1376 856 maxime
1394 830 1468 865 eligit
1486 835 1510 857 et
1524 832 1621 863 omnia,
1637 832 1664 859 in
1678 838 1732 859 arte
1747 832 1883 871 [maxime]

1096 868 1244 897 scribenda,
1265 868 1361 903 redigit
1376 868 1401 894 in
1416 868 1537 903 singulas
1555 869 1668 896 rationes
1682 871 1883 906 praeceptionis,

1066 912 1068 920 ⁸
1097 913 1203 931 necesse
1221 910 1260 930 est
1278 905 1336 931 cius
1355 905 1391 931 rei
1410 914 1532 932 summus
1550 906 1645 933 artifex
1658 907 1702 933 sit.
1737 908 1789 934 lloc
1804 908 1886 944 igitur

1097 943 1185 976 ipsum
1206 942 1353 968 maximum
1372 942 1512 969 artificium
1532 944 1613 970 estin
1626 949 1680 970 arte
1697 953 1745 971 sua
1764 953 1842 980 posse
1860 950 1886 972 et

1095 980 1188 1006 alienis
1203 979 1333 1014 exemplis
1348 979 1396 1005 uti.

1152 1017 1175 1043 t.
1200 1017 1268 1042 llaec
1286 1016 1324 1042 illi
1343 1025 1427 1052 quum
1446 1016 1547 1048 dicunt,
1567 1018 1652 1054 magis
1671 1027 1719 1045 nos
1733 1019 1885 1046 auctoritate

1094 1059 1270 1085 commovent,
1287 1062 1368 1089 quam
1382 1054 1490 1080 veritate
1503 1054 1700 1090 disputationis.
1731 1055 1799 1082 Illud
1813 1057 1884 1084 enim

1097 1100 1218 1117 veremur
1237 1100 1269 1117 ne
1282 1091 1325 1117 cui
1340 1091 1404 1117 satis
1418 1092 1452 1117 sit
1466 1091 1498 1118 ad
1512 1092 1668 1118 contrariam
1683 1093 1809 1120 rationem
1823 1102 1885 1129 pro-

1095 1128 1218 1159 bandam,
1239 1128 1311 1163 quod
1330 1128 1363 1154 ab
1381 1137 1411 1154 ea
1429 1134 1501 1163 parte
1515 1129 1634 1156 steterint
1648 1130 1675 1161 ii,
1691 1130 1738 1165 qui
1752 1135 1778 1157 et
1791 1131 1885 1158 inven-

1095 1171 1163 1192 tores
1186 1165 1268 1192 huius
1291 1165 1394 1192 artificii
1418 1165 1534 1197 suerunt,
1559 1170 1585 1193 et
1602 1172 1731 1194 vetustate
1750 1168 1802 1194 iam
1819 1169 1884 1195 satis

1065 1201 1066 1204 ’
1094 1203 1221 1229 omnibus
1245 1202 1347 1237 probati
1374 1208 1446 1229 sunt.
1480 1203 1590 1235 Quodsi.
1611 1203 1717 1231 illorum
1731 1206 1885 1232 auctoritate

1095 1244 1202 1271 remota,
1223 1249 1264 1267 res
1282 1248 1374 1266 omnes
1393 1241 1481 1267 volent
1494 1249 1556 1268 cum
1570 1250 1597 1267 re
1610 1250 1770 1276 comparare,
1786 1242 1885 1269 intelli-

1093 1282 1165 1313 gent,
1182 1286 1234 1304 non
1247 1278 1335 1304 omnia
1349 1278 1516 1305 concedenda
1530 1286 1588 1305 esse
1597 1279 1758 1314 antiquitati.
1772 1280 1815 1306 111.
1827 1280 1885 1307 Pri-

1072 1328 1073 1331 =
1095 1324 1168 1341 mum
1188 1315 1277 1350 igitur,
1297 1315 1370 1349 quod
1384 1315 1417 1341 ab
1431 1316 1469 1341 eis
1482 1315 1515 1342 de
1530 1315 1658 1342 modestia
1671 1316 1777 1348 dicitur,
1794 1317 1884 1344 videa-

1095 1361 1164 1383 mus,
1181 1361 1213 1378 ne
1227 1352 1341 1378 nimiunn
1356 1352 1492 1387 pueriliter
1506 1352 1662 1388 proseratur.
1685 1354 1751 1380 Nam
1765 1354 1787 1380 si
1800 1359 1884 1381 tacere

1072 1396 1073 1429 ᾗ
1094 1394 1139 1415 aut
1157 1389 1224 1415 nibil
1243 1390 1358 1415 scribere
1376 1389 1505 1416 modestia
1522 1394 1570 1419 est.
1590 1399 1638 1417 cur
1655 1390 1803 1426 quidquam
1817 1392 1884 1419 scri-

1094 1427 1161 1453 bunt
1175 1431 1220 1452 aut
1235 1426 1398 1461 loquuntur?
1417 1427 1463 1454 Sin
1477 1427 1579 1462 aliquid
1593 1436 1673 1454 suum
1687 1428 1881 1461 scribunt,cur,

1093 1473 1147 1498 quo
1168 1464 1256 1490 secius
1273 1464 1362 1490 omnia
1379 1473 1428 1490 sua
1446 1465 1570 1495 scribant,
1591 1464 1775 1500 impediuntur
1791 1466 1884 1493 modo-

1094 1500 1162 1527 stia‘?
1188 1500 1270 1533 Quasi
1293 1501 1316 1527 si
1339 1502 1402 1535 quis
1424 1501 1457 1528 ad
1475 1501 1661 1538 Olympiacum
1678 1511 1764 1537 quum
1781 1504 1885 1530 venerit

1093 1547 1203 1564 cursum
1229 1543 1254 1565 et
1267 1539 1378 1570 steterit,
1393 1543 1424 1565 ut
1437 1540 1564 1571 mittatur,
1584 1539 1754 1575 impudentes
1766 1540 1828 1567 illos
1841 1540 1884 1568 di-

1093 1580 1134 1602 cat
1156 1584 1223 1608 esse,
1249 1576 1297 1611 qui
1319 1584 1425 1603 currere
1443 1577 1586 1611 coeperint,
1606 1577 1664 1611 ipse
1684 1578 1752 1604 intra
1765 1586 1883 1605 carceres

1093 1617 1145 1639 stet
1178 1618 1204 1639 et
1222 1617 1309 1639 narret
1326 1613 1395 1641 aliis.
1420 1613 1554 1649 quomodo
1570 1614 1655 1641 Ladas
1668 1619 1714 1641 aut
1726 1615 1807 1641 Boius
1819 1624 1883 1642 cum

1093 1650 1226 1685 Sicyoniis
1239 1651 1404 1682 cursianum,
1424 1652 1463 1678 sic
1476 1651 1529 1682 isti,
1545 1659 1630 1686 quum
1644 1652 1671 1678 in
1685 1652 1749 1678 artis
1761 1653 1883 1679 curricu-

1093 1687 1149 1714 lum
1163 1687 1366 1719 descenderunt,
1393 1688 1463 1720 illos,
1482 1689 1530 1724 qui
1544 1689 1571 1715 in
1585 1697 1616 1716 eo
1639 1688 1712 1724 quod
1725 1693 1766 1716 est
1778 1689 1883 1717 artificii

1092 1725 1236 1756 elaborent,
1251 1725 1327 1751 aiunt
1340 1725 1425 1752 facere
1439 1726 1609 1759 immodeste;
1624 1726 1677 1761 ipsi
1686 1726 1804 1762 aliquem
1813 1727 1882 1754 anti-

1092 1771 1178 1797 quum
1196 1767 1324 1789 oratorem
1342 1768 1387 1789 aut
1401 1767 1505 1797 poetam
1520 1763 1628 1790 laudant
1652 1767 1699 1790 aut
1711 1764 1878 1799 scripturam,

1092 1801 1130 1826 sic
1149 1804 1179 1826 ut
1195 1800 1224 1826 in
1242 1799 1358 1826 stadium
1377 1801 1440 1826 artis
1457 1800 1602 1827 rhetoricae
1616 1800 1721 1836 prodire
1734 1809 1786 1828 non
1799 1801 1882 1828 aude-

1092 1841 1145 1863 ant.
1179 1838 1204 1863 5.
1220 1837 1278 1863 Non
1291 1838 1378 1864 ausim
1392 1837 1488 1869 dicere,
1504 1837 1552 1864 sed
1565 1842 1652 1864 tamen
1666 1846 1765 1870 vereor,
1778 1847 1881 1874 ne,qua

1092 1875 1119 1900 in
1138 1882 1165 1900 re
1184 1873 1290 1900 laudem
1308 1875 1453 1901 modestiae
1471 1879 1610 1906 venentur,
1631 1875 1659 1902 in
1671 1884 1701 1902 ea
1715 1876 1774 1910 ipsa
1785 1884 1814 1903 re
1826 1877 1882 1903 sint

1091 1911 1271 1946 impudentes.
1304 1911 1377 1944 Quid
1398 1913 1470 1939 enim
1492 1912 1541 1938 tibi
1563 1911 1623 1939 vis?
1654 1912 1752 1948 aliquis
1766 1913 1879 1948 inquiet.

1091 1949 1182 1975 Artem
1196 1954 1269 1975 tuam
1283 1949 1392 1982 scribis;
1419 1950 1510 1986 gignis
1527 1949 1604 1976 nobis
1621 1958 1704 1976 novas
1717 1951 1881 1985 praeceptio-

1092 1995 1152 2018 nes3
1168 1995 1212 2013 eas
1225 1987 1283 2021 ipse
1297 1986 1451 2013 confirmare
1465 1995 1517 2014 non
1530 1991 1619 2022 potes;
1638 1987 1672 2013 ab
1685 1986 1745 2014 aliis
1757 1987 1881 2023 exempla

1091 2024 1187 2050 sumis.
1221 2023 1296 2055 vide,
1316 2032 1349 2050 ne
1363 2023 1444 2051 facias
1462 2023 1639 2059 impudenter,
1658 2025 1706 2059 qui
1720 2029 1766 2051 tuo
1778 2025 1880 2052 nomini

1091 2061 1159 2087 velis
1173 2069 1206 2087 ex
1219 2060 1332 2087 aliorum
1347 2060 1483 2088 laboribus
1497 2061 1579 2088 libare
1593 2060 1709 2088 laudem.
1723 2062 1791 2088 Nam
1800 2062 1823 2088 si
1835 2070 1881 2089 eo-

1091 2107 1151 2124 rum
1169 2098 1306 2124 volumina
1324 2098 1513 2133 prehenderint
1529 2099 1632 2133 antiqui
1650 2102 1764 2125 oratores
1778 2103 1804 2125 et

1091 2140 1140 2166 tae,
1161 2140 1186 2161 et
1203 2144 1284 2161 suum
1298 2136 1414 2170 quisque
1427 2135 1460 2162 de
1475 2135 1550 2162 libris
1563 2135 1711 2166 sustulerit,
1727 2135 1795 2162 nihil
1808 2136 1877 2168 istis,

1069 2193 1071 2210 :
1090 2172 1163 2208 quod
1176 2181 1257 2198 suum
1272 2172 1363 2203 velint,
1379 2172 1555 2208 relinquetur.
1571 2173 1604 2199 At
1617 2172 1740 2207 exempla
1751 2173 1879 2208 quoniam

1069 2227 1070 2232 ,
1090 2210 1303 2236 testimoniorum
1321 2209 1420 2236 similia
1437 2214 1509 2240 sunt,
1529 2210 1593 2236 item
1610 2210 1742 2242 convenit,
1762 2214 1792 2236 ut
1805 2211 1879 2237 testi-

1090 2247 1186 2278 monia,
1207 2247 1240 2273 ab
1258 2247 1413 2273 hominibus
1431 2246 1626 2281 probatissimis
1643 2247 1725 2274 sumi.
1758 2247 1878 2274 Primum

1089 2284 1210 2310 omnium
1227 2283 1349 2318 exempla
1366 2288 1502 2318 ponuntur
1519 2284 1564 2310 hic
1580 2292 1633 2311 non
1645 2283 1818 2311 confirmandi
1831 2293 1880 2311 ni.b

1089 2329 1142 2356 que
1156 2320 1314 2347 testificandi
1326 2329 1429 2352 caussa,
1445 2321 1494 2347 sed
1503 2321 1711 2348 demonstrandi.
1726 2321 1785 2348 Non
1794 2322 1876 2354 enim.

1088 2366 1174 2393 quum
1192 2357 1307 2384 dicimus
1320 2366 1379 2384 esse
1393 2359 1598 2389 exornationem,
1618 2366 1696 2393 quae,
1712 2359 1787 2385 verbi
1799 2367 1879 2386 caus-

1089 2403 1126 2425 sa,
1142 2399 1245 2421 constet
1257 2403 1292 2421 ex
1308 2395 1432 2421 similiter
1449 2395 1634 2422 desinentibus
1648 2395 1746 2427 verbis.
1761 2400 1788 2422 et
1799 2396 1878 2431 poni-

1088 2441 1150 2458 mus
1168 2432 1218 2458 hoc
1231 2431 1386 2467 exemplum
1399 2441 1413 2458 a
1427 2432 1529 2463 Crasso,
1549 2434 1640 2466 quibus
1651 2441 1784 2465 possumus
1796 2438 1821 2460 el
1832 2435 1877 2460 do-

1089 2471 1180 2500 ὸσιιιυε,
1195 2470 1377 2496 testimonium
1390 2469 1559 2500 collocamus,
1573 2468 1621 2496 sed
1635 2469 1799 2505 exemplum.
1822 2470 1877 2498 Hoc

1088 2506 1170 2542 igitur
1188 2506 1297 2532 interest
1314 2507 1383 2533 inter
1399 2505 1554 2541 exemplum
1570 2510 1596 2532 et
1608 2506 1804 2534 testimonium:
1829 2516 1876 2534 ex-

1087 2543 1176 2578 emplo
1189 2543 1385 2570 demonstratur
1398 2543 1434 2575 id,
1445 2542 1518 2579 quod
1527 2542 1652 2574 dicimus,
1663 2543 1815 2571 cuiusmodi
1825 2545 1874 2577 sit;

1088 2581 1247 2611 testimonio,
1268 2589 1327 2607 esse
1344 2580 1414 2607 illud
1431 2581 1475 2611 ita,
1492 2585 1522 2606 ut
1535 2588 1582 2606 nos
1595 2579 1720 2612 dicimus,
1735 2581 1876 2608 confirma-

1087 2621 1140 2644 tur.
1165 2619 1190 2644 6.
1206 2619 1340 2644 Praeterea
1353 2621 1455 2653 oportet
1467 2617 1650 2644 testimonium
1662 2626 1725 2644 cum
1737 2626 1766 2644 re
1777 2626 1876 2645 conve—

1087 2654 1158 2687 nire;
1186 2655 1262 2681 aliter
1273 2655 1346 2681 enim
1359 2663 1415 2681 rem
1428 2663 1479 2681 non
1493 2659 1580 2689 potest
1593 2654 1756 2682 confirmare.
1788 2655 1824 2682 At
1835 2655 1872 2686 id,

1087 2692 1160 2726 quod
1181 2691 1221 2718 illi
1243 2691 1352 2723 faciunt,
1377 2700 1440 2718 cum
1462 2700 1490 2718 re
1507 2700 1560 2718 non
1572 2692 1704 2718 convenit.
1737 2691 1808 2724 Quid
1821 2691 1875 2719 ita?

1086 2729 1150 2764 quia
1164 2728 1324 2764 pollicentur
1336 2734 1418 2756 artem
1431 2737 1461 2755 se
1473 2728 1598 2760 scribere,
1613 2733 1639 2756 et
1651 2729 1774 2764 exempla
1786 2729 1874 2764 profe-
