1941 3052
498 135 549 162 DE
580 134 782 162 OFFICIIS
811 135 892 162 LIB.
922 134 974 162 III.
1006 134 1097 163 CAP.

74 209 135 234 lent.
175 207 264 240 Itaque
274 208 329 233 heri
339 207 463 237 mirabar,
475 209 537 240 quid
547 209 706 234 accidisset.«
745 208 786 232 60.
808 205 867 232 Sto-

73 244 193 271 machari
208 243 317 270 Canius.
358 243 411 270 Sed
427 244 494 278 quid
515 243 630 270 faceret?
648 243 774 270 Nondum
794 244 865 269 enim

73 281 224 317 Aquillius,
246 280 347 316 collega
364 285 389 307 et
404 280 544 308 familiaris
561 290 650 312 meus,
673 281 818 315 protulerat
833 280 866 306 de

73 318 134 346 dolo
145 317 215 345 malo
227 318 367 345 formulas:
382 318 408 344 in
420 318 521 353 quibus
533 319 600 353 ipsis
612 327 696 353 quum
709 327 741 344 ex
748 326 867 353 eoquae-

73 360 185 386 teretur,
196 355 263 387 Quid
274 361 335 382 esset
346 357 418 382 dotus
429 357 524 387 malus;
539 355 725 390 respondebat,
736 356 817 387 Quum
829 364 868 381 es-

72 398 109 420 set
124 395 196 419 atiud
210 394 370 422 simulatum,
391 394 464 419 atiud
478 398 570 418 actum.
610 393 663 419 Hoc
679 392 788 427 quidem
803 401 867 418 sane

73 429 222 461 luculente,
245 435 275 456 ut
290 430 323 456 ab
339 430 447 456 homine
462 430 547 464 perito
562 429 719 456 definiendi.
759 430 829 465 Ergo
843 434 868 455 et

72 467 186 503 Pythius
197 472 223 494 et
232 475 325 494 omnes
337 466 410 493 aliud
421 472 537 502 agentes,
551 466 625 493 aliud
635 467 793 493 simulantes
808 475 868 501 per-

73 504 130 536 fidi,
143 505 270 540 improbi,
284 504 421 530 malitiosi.
447 503 558 530 Nullum
570 505 653 539 igitur
664 503 763 530 factum
775 512 866 530 eorum

72 547 160 578 potest
170 541 236 568 utile
246 550 314 572 esse,
328 550 412 576 quum
424 542 459 567 sit
471 546 506 567 tot
517 542 590 567 vitiis
602 542 783 576 inquinatum.

128 579 188 606 XV.
209 581 251 605 6l.
273 578 350 611 Quod
361 579 385 604 si
397 578 550 613 Aquilliana
562 578 682 605 definitio
694 587 755 604 vera
767 584 820 604 est:
833 587 867 604 ex

72 617 146 644 omui
158 617 212 643 vita
223 615 359 642 simulatio
370 615 605 650 dissimulatioque
617 615 733 642 tollenda
745 620 794 642 est.
830 616 866 641 Ita

72 663 131 684 nec,
145 659 174 680 ut
185 658 255 680 emat
266 653 378 684 melius,
396 661 444 679 nec
455 658 484 679 ut
496 653 605 684 vendat,
619 653 769 688 quidquam
781 653 868 679 simu—

73 691 140 719 labit
158 696 204 717 aut
223 690 408 717 dissimulabit
427 691 469 716 vir
484 690 581 717 bonus.
621 691 708 725 Atque
724 691 773 717 iste
789 690 866 716 dolus

73 728 161 756 malus
173 733 198 755 et
211 727 318 764 legibus
329 732 385 754 erat
396 727 557 758 vindicatus,
575 732 605 754 ut
615 727 696 754 tutela
707 736 744 753 xu
756 727 865 757 tabulis,

72 766 287 800 circumscriptio
302 765 512 791 adolescentium
528 764 586 801 lege
601 764 743 795 Plaetoria,
766 770 792 791 et
809 765 867 790 sine

73 803 132 839 lege
143 803 262 834 iudiciis,
277 803 303 829 in
315 802 416 837 quibus
428 802 544 833 additur,
561 811 596 828 ex
610 811 679 828 FIDE
698 812 781 828 aon-A.
816 802 868 828 Re-

73 840 209 876 liquorum
221 844 309 866 autem
322 839 484 866 iudiciorum
496 839 561 866 haec
568 840 648 866 verba
655 840 771 866 maxime
778 839 868 865 excel-

73 877 145 904 lunt:
159 878 186 904 in
199 877 308 904 arbitrio
320 877 358 903 rei
370 878 488 908 uxoriae,
501 886 622 908 uentus,
639 886 779 909 Aeoniu53
797 877 824 902 in
837 876 868 902 {i-

631 914 702 947 Quid
723 913 804 949 ergo‘?
823 917 868 940 aut
889 920 898 929 ⁸

72 915 162 946 ducia,
185 924 271 941 INTER
292 924 379 941 nouos
399 923 472 940 aasz
495 923 591 941 Ασιειι.

72 953 101 979 in
112 961 156 983 eo,
174 952 245 987 quod
261 961 370 979 namus
386 961 528 983 Αεουισε,
543 956 629 987 potest
640 951 694 978 ulla
706 961 768 987 pars
779 952 868 977 inesse

72 989 194 1016 fraudis?
223 994 280 1020 aut,
305 997 391 1024 quum
421 989 533 1020 dicitur,
568 998 656 1016 itt-ren
680 998 768 1016 nouos
794 997 866 1014 oeus

71 1036 140 1054 seir:
149 1037 175 1058 a,
188 1026 339 1062 quidquam
351 1027 394 1062 agi
406 1025 496 1052 dolose
507 1031 552 1053 aut
563 1026 695 1053 malitiose
705 1025 808 1061 potest‘?
818 1027 869 1052 Do-

72 1063 116 1091 lus
127 1068 216 1091 autem
227 1063 315 1090 malus
327 1063 527 1090 insimulatione
535 1084 541 1094 ,
554 1069 584 1090 ut
594 1064 630 1090 ait
640 1064 791 1098 Aquillius,
804 1072 868 1089 con-

71 1103 182 1129 tinetur.
221 1101 381 1128 Tollendum
392 1105 432 1127 est
446 1101 529 1136 igitur
541 1109 573 1128 ex
585 1101 666 1127 rebus
677 1100 867 1127 contrahendis

71 1147 150 1166 omne
166 1138 348 1165 mendacium.
383 1139 440 1165 Non
456 1138 634 1165 illicitatorem
650 1138 786 1169 venditor,
803 1147 865 1169 non,

71 1177 120 1212 qui
132 1181 221 1203 eontra
232 1185 260 1202 se
273 1175 397 1207 liceatur,
415 1181 518 1210 emptor
533 1180 656 1211 apponet.
696 1176 825 1211 Uterque,
844 1176 867 1201 si

71 1214 105 1240 ad
117 1213 299 1248 eloquendum
311 1213 427 1244 venerit,
445 1222 496 1239 non
509 1213 584 1248 plus,
601 1222 683 1249 quam
699 1213 795 1244 semel,
813 1212 868 1239 elo-

71 1256 180 1286 quetur.
221 1252 263 1277 62.
285 1250 316 1283 Q.
334 1250 445 1285 quidem
462 1250 603 1281 Scaevola,
621 1251 649 1277 P.
663 1251 703 1282 F„
721 1259 805 1286 quum
820 1259 869 1285 po-

71 1287 208 1319 stulasset,
221 1293 251 1314 ut
261 1288 315 1314 sibi
328 1287 438 1319 fundus,
452 1289 529 1314 euius
540 1293 644 1323 emptor
654 1293 718 1319 erat,
731 1287 814 1314 semel
827 1289 868 1314 in-

71 1325 219 1357 dicaretur,
237 1325 320 1359 idque
335 1325 458 1352 venditor
474 1326 508 1352 ita
524 1325 643 1356 fecisset,
661 1325 731 1352 dixit
745 1334 771 1351 se
785 1327 869 1358 pluris
897 1343 898 1352 1

70 1366 221 1396 aestimare;
233 1362 337 1389 addidit
348 1368 455 1389 centum
467 1362 562 1389 millia.
603 1363 686 1389 Nemo
697 1368 746 1394 est,
759 1364 807 1398 qui
819 1362 868 1388 hoc

70 1400 135 1427 boni
147 1400 199 1427 viri
211 1399 295 1426 fuisse
307 1405 398 1436 neget:
413 1401 543 1435 sapientis
555 1405 660 1436 negant,
669 1405 698 1427 ut
709 1401 731 1427 si
744 1401 865 1430 minoris,

71 1446 154 1473 quam
165 1438 305 1472 potuisset.
320 1437 495 1465 vendidisset.
524 1438 593 1464 Haec
605 1439 688 1474 igitur
699 1443 738 1464 est
750 1438 794 1464 illa
807 1447 868 1473 per-

71 1475 171 1506 nicies,
189 1475 261 1510 quod
278 1475 344 1502 alios
360 1475 456 1506 bonos,
474 1475 540 1502 alios
556 1476 690 1510 sapientes
701 1476 866 1502 existimant.

70 1512 112 1539 Ex
122 1521 176 1548 quo
186 1512 300 1543 Ennius,
313 1513 492 1547 Nequidquam
502 1522 592 1546 supere
602 1515 748 1546 sapientem,
761 1516 805 1546 qui
816 1516 868 1546 ipse

70 1552 120 1576 sibi
128 1552 247 1584 prodesse
257 1559 307 1576 non
318 1553 410 1584 quiret.
451 1550 517 1576 Vere
528 1549 556 1576 id
567 1550 688 1585 quidem,
701 1551 734 1581 si,
747 1550 814 1586 quid
825 1559 868 1576 es-

70 1589 252 1620 setprodesse,
268 1587 335 1613 mihi
347 1596 408 1613 cum
420 1587 507 1614 Ennio
518 1588 682 1614 conveniret.
720 1589 762 1614 63.
785 1588 868 1614 Heca-

70 1629 159 1651 tonem
171 1623 282 1659 quidem
295 1624 444 1655 Rhodium,
462 1624 628 1660 discipulum
641 1626 772 1656 Panaetii,
788 1625 867 1651 video

70 1662 98 1688 in
111 1662 146 1688 iis
158 1661 245 1692 libris,
261 1670 329 1697 quos
340 1662 373 1688 de
384 1661 488 1689 Officiis
499 1663 608 1697 scripsit
618 1662 650 1695 Q.
663 1662 811 1693 Tuberoni.
825 1662 868 1689 di—
896 1687 898 1694 ,

70 1707 130 1726 cere
139 1719 145 1731 ,
166 1699 296 1733 Sapientis
307 1708 370 1729 esse,
383 1701 447 1725 nihil
459 1705 548 1726 contra
560 1709 653 1729 mores,
667 1702 738 1734 teqes,
750 1703 867 1726 instituta

69 1739 212 1770 facientem,
227 1738 319 1763 habere
329 1739 454 1763 rationem
465 1740 503 1763 rei
512 1739 662 1771 familiaris.
705 1738 792 1771 Neque
802 1740 868 1763 enim

70 1775 153 1800 sotum
163 1775 234 1800 nobis
245 1776 336 1800 divites
345 1783 397 1800 esse
407 1776 531 1805 volumus,
543 1777 586 1801 sed
598 1777 692 1805 tiberis,
705 1777 866 1809 propinquis,

70 1813 175 1842 amicis,
192 1813 353 1845 maximeque
366 1813 532 1844 reipublicae.
573 1812 739 1846 Sinyulorum
750 1815 815 1838 enim
825 1816 867 1846 su—

71 1849 179 1875 cultates
192 1853 215 1874 et
231 1851 318 1882 copiae
328 1850 434 1875 divitiae
444 1854 503 1876 sunt
515 1851 634 1876 civitatis.
674 1849 742 1876 Huic
753 1850 867 1876 Scaevo-

71 1884 112 1912 lae
124 1884 232 1916 factum,
246 1885 279 1911 de
289 1894 344 1920 quo
355 1885 446 1920 paullo
457 1891 516 1912 ante
527 1886 594 1917 dixi,
608 1886 713 1921 placere
725 1887 800 1914 nullo
810 1896 868 1914 mo-

70 1921 105 1949 do
117 1926 212 1957 potest.
240 1922 345 1949 Etenim
357 1923 405 1957 qui
417 1924 526 1949 omnino
537 1928 639 1950 tantum
652 1933 680 1950 se
692 1930 770 1960 negat
783 1925 868 1951 factu·
890 1929 891 1960 ξ

70 1968 131 1986 rum
143 1959 297 1995 compendii
309 1960 351 1986 sui
363 1968 470 1991 caussa,
487 1960 559 1995 quod
571 1969 623 1987 non
636 1961 725 1992 liceat,
744 1962 808 1988 huic
819 1970 867 1988 nec

71 1995 131 2024 laus
143 2005 239 2033 magna
251 1996 402 2028 tribuenda,
417 2005 465 2023 nee
476 1997 560 2033 gratia
572 2002 620 2024 est.
652 1999 693 2024 64.
709 1998 762 2024 Sed
773 1999 831 2025 sive
842 2004 868 2026 et

70 2034 208 2061 simulatio
219 2039 244 2061 et
255 2034 436 2061 dissimulatio
448 2034 527 2061 dolus
539 2034 626 2061 malus
642 2039 695 2066 est,
718 2044 867 2070 perpaucae

70 2079 114 2098 res
125 2076 197 2103 sunt,
211 2072 239 2098 in
250 2072 352 2107 quibus
363 2080 415 2098 non
426 2071 505 2098 dolus
517 2071 604 2098 malus
616 2073 665 2098 iste
677 2077 811 2099 versetur:
829 2075 868 2099 si-

70 2117 104 2135 ve
115 2109 158 2135 vir
169 2108 256 2135 bonus
267 2114 307 2136 est
319 2110 354 2139 is,
368 2109 415 2144 qui
428 2109 549 2144 prodest,
562 2109 664 2144 quibus
676 2115 775 2144 potest,
792 2115 868 2137 nocet

70 2146 190 2177 nemini,
205 2151 275 2173 certe
287 2147 368 2173 istum
382 2147 470 2173 virum
482 2146 582 2172 bonum
597 2155 648 2173 non
662 2146 738 2173 facile
750 2148 867 2182 reperie-

70 2191 142 2210 mus.
164 2183 318 2218 Numquam
329 2188 369 2210 est
380 2184 464 2219 igitur
474 2183 539 2210 utile
551 2192 669 2218 peccare,
686 2185 749 2219 quin
761 2193 868 2220 semper

70 2225 111 2248 est
122 2225 212 2256 turpe:
225 2225 259 2252 et,
267 2221 331 2256 quia
342 2229 449 2256 semper
458 2221 655 2253 esthonestum,
665 2222 753 2248 virum
765 2222 866 2249 bonum

70 2266 130 2285 esse
141 2266 248 2293 semper
259 2263 299 2285 est
309 2258 384 2285 utile.

125 2295 194 2322 XVI.
216 2297 258 2321 65.
278 2296 315 2322 Ac
325 2295 358 2322 de
370 2297 428 2322 iure
439 2295 550 2331 quidem
561 2295 730 2330 praediorum
742 2301 865 2323 sanctum

70 2332 143 2368 apud
154 2341 202 2360 nos
213 2337 253 2359 est
264 2333 321 2359 iure
332 2333 417 2364 civili,
430 2334 496 2360 utin
509 2333 542 2359 iis
554 2333 703 2360 vendendis
716 2334 780 2360 vitia
792 2334 866 2361 dice-

69 2375 175 2402 rentur,
193 2378 262 2405 quae
278 2375 337 2397 nota
355 2375 445 2397 essent
456 2370 597 2397 venditori.
638 2371 718 2402 Nam,
734 2380 820 2406 quum
832 2380 865 2398 ex

69 2405 235 2444 xu[tabulis]
244 2408 309 2434 satis
320 2412 390 2434 esset
401 2416 429 2434 ea
442 2408 580 2442 praestari,
592 2416 660 2442 quae
672 2414 761 2435 essent
774 2408 864 2444 lingua
894 2425 897 2435 ι

69 2449 236 2480 nuncupata,
261 2453 330 2480 quae
345 2445 392 2480 qui
409 2445 539 2471 infitiatus
554 2449 637 2475 esset.
659 2445 736 2480 dupli
753 2454 864 2480 poenum

69 2481 186 2508 subiret:
209 2491 223 2508 a
241 2481 432 2509 iureconsultis
446 2483 526 2508 etiam
548 2483 700 2508 reticentiae
721 2491 805 2517 poena
825 2488 865 2510 est

68 2519 222 2546 constituta.
255 2520 385 2553 Quidquid
396 2522 461 2545 enim
472 2524 533 2546 esset
544 2521 571 2545 in
579 2521 687 2552 praedio
698 2522 761 2548 vitii.
775 2522 801 2546 id
811 2526 865 2547 sta·-

69 2560 185 2587 1uerunt,
200 2559 224 2583 si
233 2560 350 2584 venditor
359 2559 449 2586 sciret,
466 2559 517 2583 nisi
527 2558 675 2582 nominatim
687 2559 781 2582 dictum
793 2562 863 2587 esst-t,

67 2595 199 2627 praestari
213 2599 337 2627 oportere.
378 2596 419 2621 66.
442 2594 487 2625 Ut,
503 2602 588 2629 quum
605 2593 631 2619 in
648 2602 707 2620 arce
719 2595 863 2629 augurium

69 2638 186 2667 augures
209 2632 294 2658 acturi
314 2636 417 2663 essent,
443 2631 640 2665 iussissentque
664 2631 694 2657 T.
720 2631 863 2658 Claudium

69 2666 269 2700 Centumalum,
282 2669 330 2704 qui
341 2669 421 2696 aedes
433 2669 460 2696 in
471 2668 561 2696 Caelio
572 2673 661 2695 monto
672 2667 800 2699 habebat,
816 2669 865 2696 de—

896 648 897 689 }
918 658 1040 686 oportere.

896 761 897 768 ¹
919 774 970 791 non
986 770 1055 791 recte
1071 765 1178 791 aedium
1194 765 1375 799 pestilentium
1392 765 1514 791 venditor
1525 766 1616 791 tacuit.

896 828 897 838 ,
919 802 1076 828 huiusmodi
1092 803 1243 828 reticentiae
1258 803 1315 828 iure
1326 802 1401 828 civili
1412 811 1504 828 omnes
1518 802 1710 837 comprehendi

897 1550 898 1556 ¹
919 1555 1025 1584 quente,
1040 1558 1118 1584 saepe
1131 1549 1263 1575 incidunt.

1130 137 1160 164 42
1179 151 1216 156 —
1239 137 1278 163 Π.
1644 140 1708 165 ⁴253

917 206 1006 232 moliri
1022 215 1065 237 ea,
1082 216 1197 242 quorum
1215 206 1326 234 altitudo
1341 206 1458 234 officeret
1469 208 1613 242 auspiciis,
1629 207 1710 235 Clau-

917 244 979 269 dius
995 245 1152 279 proscripsit
1168 244 1298 275 insulam,
1319 245 1452 276 vendidit;
1471 247 1536 271 emit
1552 246 1579 271 Ρ.
1597 245 1710 280 Calpur-

918 282 980 307 nius
992 282 1130 308 Lanarius.
1156 282 1223 308 Huic
1235 282 1267 307 ab
1280 283 1428 317 auguribus
1440 282 1508 308 illud
1523 282 1594 308 idem
1605 282 1711 309 denun-

918 319 1013 344 tiatum
1027 324 1076 345 est.
1102 320 1192 353 ltaque
1205 319 1366 353 Calpurnius
1377 328 1461 354 quum
1473 319 1617 346 demolitus
1628 325 1708 351 esset,

918 361 1112 390 cognossetque
1132 356 1274 382 Claudium
1296 356 1374 382 aedes
1395 362 1484 391 postea
1507 357 1708 391 proscripsisse,

919 401 999 427 quam
1015 398 1086 419 esset
1099 393 1132 419 ab
1148 394 1298 428 auguribus
1312 394 1435 420 demoliri
1452 395 1556 423 iussus,
1579 394 1709 420 arbitrum

919 429 996 455 illum
1009 430 1106 465 adegit,
1115 433 1239 464 quidquid
1249 434 1298 456 sibi
1308 433 1378 457 dare.
1390 434 1474 464 facere
1485 437 1608 464 oporteret
1619 441 1652 457 ea·
1663 434 1711 464 fide

919 469 992 493 bona.
1033 468 1068 493 M.
1085 467 1147 493 Cato
1163 469 1321 494 senteutiam
1337 468 1419 499 dixit,
1437 468 1518 494 huius
1535 469 1617 494 nostri
1633 468 1712 495 Cato-

896 518 897 521 =
919 504 961 530 nis
977 508 1062 538 pater:
1086 509 1115 530 ut
1129 506 1201 531 enim
1217 506 1297 530 ceteri
1312 514 1345 531 ex
1356 505 1490 540 patribus,
1512 507 1564 536 sic,
1581 507 1628 540 qui
1641 505 1710 531 illud

919 541 1009 567 lumen
1022 543 1172 577 progenuit,
1181 551 1214 568 ex
1227 542 1280 568 filio
1291 546 1330 568 est
1341 542 1533 569 nominandus:
1546 544 1616 568 —is
1628 543 1712 578 igitur

896 588 897 609 ς
919 578 1001 604 iudex
1014 579 1046 604 ita
1060 580 1255 613 pronuntiavit:
1273 588 1349 613 quum
1367 583 1391 605 ιἰι
1407 582 1581 605 renumclando
1593 589 1643 605 rem
1655 589 1711 606 eam

917 618 1004 642 scisset
1016 621 1038 642 et
1051 625 1100 642 non
1113 620 1300 649 pronuntiasse!
1312 619 1430 649 emptori,
1452 620 1570 642 damnum
1580 619 1711 650 praestari

1080 654 1121 679 67.
1141 654 1210 689 Ergo
1220 654 1252 680 ad
1265 654 1343 679 tidem
1356 654 1451 680 bonam
1463 655 1554 680 statuit
1566 656 1708 689 pertinere,

918 695 1010 716 notum
1031 699 1089 717 esse
1110 692 1222 725 emptori
1247 692 1352 721 vitium,
1374 691 1446 725 quod
1466 696 1555 717 nosset
1575 691 1708 717 venditor.

918 727 995 759 Quod
1009 729 1032 753 si
1049 732 1117 754 recte
1134 728 1277 758 iudicavit,
1296 737 1346 754 non
1363 733 1432 754 recte
1449 728 1638 754 frumentarius
1653 728 1708 759 ille,

1656 765 1710 791 Sed

919 848 970 866 non
983 844 1108 873 possunt:
1121 848 1188 874 quae
1200 844 1288 865 autem
1299 839 1709 875 possunt,‹liligentertenentur.

919 877 954 903 M.
967 877 1067 902 Marius
1079 876 1265 907 Gratidianus,
1282 877 1450 911 propinquus
1462 882 1561 907 noster,
1575 877 1604 903 C.
1618 876 1711 912 Sergio

919 914 1012 940 Oratae
1025 913 1180 940 vendiderat
1191 914 1270 940 aedes
1281 923 1334 945 eas,
1347 923 1414 948 quas
1426 914 1458 940 ab
1470 914 1562 940 eodem
1577 914 1632 948 ipse
1644 922 1712 948 pau—

919 952 958 977 cis
970 956 1029 977 ante
1041 952 1118 977 annis
1130 956 1239 977 emerat.
1279 952 1331 977 Eae
1348 950 1459 987 [Sergio]
1475 951 1640 977 serviebant:
1663 950 1711 977 sed

920 989 1008 1015 hocin
1021 989 1155 1023 mancipio
1167 989 1266 1014 Marius
1283 997 1334 1014 non
1345 989 1458 1015 dixerat.
1498 988 1618 1014 Adducta
1630 997 1672 1014 res
1683 990 1711 1015 in

919 1026 1052 1052 iudicium
1064 1031 1113 1052 est.
1153 1025 1259 1052 Oratam
1271 1026 1396 1056 Crassus,
1415 1025 1600 1052 Gratidianum
1618 1025 1712 1051 defen-

919 1063 999 1090 debat
1009 1064 1149 1090 Antonius.
1189 1064 1233 1089 Ius
1243 1063 1356 1090 Crassus
1368 1063 1492 1099 urgebat.
1507 1065 1573 1096 quod
1584 1066 1641 1088 vitii
1652 1071 1712 1088 ren-

919 1103 987 1127 ditor
997 1110 1047 1127 non
1058 1104 1166 1127 elisisset
1176 1103 1264 1131 sciens„
1274 1103 1299 1127 id
1310 1106 1424 1134 oportere
1437 1103 1578 1133 praestari.
1593 1100 1713 1134 aequita-

919 1143 972 1165 tem
986 1138 1132 1169 Antonius,
1155 1141 1275 1172 quoniam
1290 1141 1317 1164 id
1331 1140 1420 1164 vitium
1435 1141 1547 1171 iynotum
1559 1137 1648 1170 Serqio
1664 1145 1713 1162 non

918 1179 1014 1210 suisset,
1028 1178 1072 1209 qui
1082 1177 1142 1201 illas
1152 1178 1226 1201 aedes
1238 1177 1395 1204 vendidisset.
1403 1177 1466 1201 nihil
1476 1177 1554 1208 fuisse
1565 1183 1662 1201 necesse
1672 1176 1713 1199 di-

920 1215 951 1244 ci,
964 1222 1008 1239 nec
1019 1222 1074 1239 eum
1084 1221 1136 1239 esse
1146 1215 1282 1245 deceptum.
1295 1215 1339 1246 qui
1350 1215 1384 1242 td,
1397 1215 1463 1246 quod
1474 1217 1580 1239 emerat.
1597 1221 1647 1245 quo
1658 1214 1714 1236 iure

919 1255 989 1278 esset,
1002 1255 1104 1276 teneret.
1144 1251 1185 1276 68.
1207 1250 1327 1282 Quorsus
1341 1249 1424 1275 liaec‘?
1444 1250 1475 1275 Ut
1487 1248 1553 1275 illud
1566 1248 1711 1283 intelligas,

920 1296 970 1314 non
984 1288 1118 1323 placuisse
1130 1288 1277 1314 maioribus
1294 1288 1391 1313 nostris
1406 1292 1515 1313 astutos.
1558 1286 1638 1312 xvu.
1660 1284 1712 1311 Sed

919 1325 996 1351 aliter
1012 1325 1096 1361 leges,
1114 1325 1191 1351 aliter
1205 1325 1359 1360 philosophi
1376 1324 1471 1350 tollunt
1487 1324 1610 1349 astutias:
1629 1322 1710 1358 leges,

919 1367 1051 1398 quatenus
1063 1371 1143 1388 manu
1156 1367 1244 1388 tenere
1256 1366 1381 1397 possunt:
1399 1361 1566 1395 philosophi,
1580 1365 1712 1394 quatenus

920 1401 1020 1426 ratione
1032 1405 1056 1426 et
1068 1400 1255 1435 intelligentia.
1282 1400 1356 1425 llatio
1368 1399 1450 1434 igitur
1463 1397 1587 1432 postulat,
1602 1406 1634 1423 ne
1646 1396 1711 1431 quid

920 1437 1059 1467 insidiose.
1073 1446 1105 1463 ne
1116 1437 1183 1472 quid
1195 1436 1329 1467 simulate,
1344 1445 1376 1462 ne
1388 1435 1453 1470 quid
1466 1435 1603 1461 fallaciter.
1631 1434 1713 1460 Sunt-

920 1484 951 1501 ne
964 1476 1046 1510 igitur
1057 1475 1180 1505 insidiae,
1191 1474 1298 1501 tendere
1310 1473 1500 1508 plagas,etiam
1513 1473 1535 1498 si
1547 1473 1712 1498 excitaturus

919 1521 970 1539 non
983 1513 1021 1538 sis
1033 1512 1101 1538 feras
1113 1520 1160 1538 nec
1175 1510 1341 1547 agitaturus?
1362 1512 1435 1545 lpsae
1451 1511 1536 1537 enim.
1555 1509 1629 1535 nullo
1640 1509 1714 1534 inse-

1304 1548 1348 1574 Sic
1360 1553 1387 1574 tu
1399 1547 1478 1573 aedes
1490 1546 1655 1581 proscribas,
1674 1551 1713 1572 ta-

919 1587 1025 1617 bulam,
1039 1591 1175 1621 tamquam
1188 1586 1308 1622 plagam,
1322 1594 1417 1620 ponas,
1431 1585 1540 1611 domuin
1554 1589 1660 1618 propter
1672 1583 1713 1608 vi-

919 1625 954 1650 tia
971 1624 1085 1656 vendas;
1109 1625 1135 1650 in
1151 1633 1209 1650 eam
1226 1624 1325 1658 aliquis
1341 1624 1457 1648 incurrat
1472 1619 1650 1656 imprudens?
1669 1621 1711 1646 69.

920 1662 972 1688 Hoc
982 1670 1147 1696 quamquam
1162 1661 1249 1691 video,
1259 1660 1586 1695 propterdepravationem
1599 1665 1713 1684 consue-

919 1699 1030 1729 tudinis,
1047 1707 1134 1734 neque
1146 1707 1217 1725 more
1230 1703 1305 1732 turpe
1319 1697 1419 1726 haberi,
1429 1704 1515 1731 neque
1526 1701 1570 1722 aut
1583 1695 1639 1731 lege
1651 1703 1713 1721 san-

918 1737 967 1762 ciri
983 1741 1028 1763 aut
1043 1737 1100 1762 iure
1115 1736 1204 1762 civili:
1228 1741 1314 1762 tamen
1332 1739 1440 1761 naturae
1458 1733 1514 1768 lege
1528 1738 1650 1759 sanctum
1662 1736 1711 1758 est.

918 1774 1035 1800 Societas
1046 1779 1086 1800 est
1097 1775 1178 1804 enim,
1192 1773 1273 1808 (quod
1286 1773 1335 1798 etsi
1347 1780 1426 1806 saepe
1438 1771 1539 1797 dictum
1553 1775 1606 1799 est,
1620 1770 1713 1796 dicen-

918 1811 983 1838 dum
996 1816 1035 1837 est
1047 1817 1133 1838 tamen
1146 1810 1411 1845 saepius,)latissime
1423 1808 1533 1843 quidem
1540 1816 1608 1842 quae
1616 1811 1711 1842 pateat,

918 1850 1040 1875 omnium
1056 1850 1124 1875 inter
1138 1857 1245 1879 omnes:
1269 1847 1379 1873 interior
1394 1854 1500 1875 eorum,
1521 1846 1569 1880 qui
1590 1843 1713 1870 eiusdem

918 1887 1006 1921 gentis
1027 1891 1103 1915 sunt,
1126 1887 1234 1920 propior
1254 1893 1360 1913 eorum,
1383 1884 1430 1918 qui
1446 1882 1567 1909 eiusdem
1584 1881 1711 1907 civitatis.

919 1925 1009 1958 ltaque
1022 1924 1135 1950 maiores
1150 1923 1223 1949 aliud
1236 1920 1497 1957 iusgentiun1‚nlm‹t
1510 1921 1552 1945 ius
1563 1918 1643 1945 civile
1654 1926 1713 1944 esso

897 1973 898 1977 ¹
919 1960 1070 1987 voluerunt.
1101 1960 1177 1993 Quod
1189 1960 1278 1989 civile,
1293 1968 1344 1985 non
1358 1958 1427 1984 idern
1439 1958 1565 1983 contiuuo
1576 1957 1710 1991 gentiuuu

918 1998 991 2033 quod
1007 2003 1096 2025 autem
1111 1998 1247 2034 gentium,
1271 1997 1342 2023 idem
1358 1995 1438 2021 civile
1453 2003 1511 2021 esse
1531 1994 1619 2020 debet.
1660 1992 1713 2019 Sed

919 2044 966 2062 nos
988 2037 1045 2061 veri
1066 2036 1134 2062 iuris
1149 2042 1346 2071 germanaeque
1363 2033 1480 2059 iustitiae
1495 2031 1607 2057 solidani
1627 2035 1652 2056 et
1666 2038 1713 2056 ex-

919 2081 1039 2107 pressam
1051 2072 1168 2108 effigiem
1181 2072 1282 2098 nullam
1295 2076 1429 2098 tenemus:
1445 2069 1538 2095 umbra
1551 2074 1575 2094 et
1587 2068 1713 2103 imagini-

919 2110 970 2136 bus
985 2111 1099 2136 utimur:
1118 2118 1162 2135 eas
1180 2110 1251 2144 ipsas
1268 2109 1371 2135 utinam
1385 2107 1573 2142 sequeremur!
1593 2105 1713 2131 feruntur

918 2147 991 2173 enim
1012 2155 1045 2173 ex
1065 2148 1175 2181 optimis
1191 2151 1300 2172 naturae
1316 2150 1341 2171 et
1357 2145 1477 2170 veritatis
1493 2142 1635 2177 exemplis.
1669 2142 1711 2167 70.

919 2184 985 2210 Nam
997 2185 1090 2219 quanti
1103 2184 1183 2209 verba
1196 2183 1255 2209 illa:
1279 2191 1324 2209 rri
1345 2191 1378 2207 ur:
1401 2190 1528 2207 rnorrnn
1551 2189 1583 2206 n:
1605 2187 1713 2205 rincu-

919 2230 952 2247 vr:
976 2230 1053 2248 τυΛυ
1074 2230 1182 2247 CArrus
1206 2227 1419 2246 rasunnrusvs
1445 2219 1528 2244 stru!
1560 2218 1644 2249 Quam
1667 2214 1710 2241 illa

919 2266 1011 2284 aurea:
1035 2267 1120 2284 rursu
1141 2267 1230 2283 nosos
1249 2265 1322 2282 nexa
1342 2264 1431 2282 Λι-,ιεκ
1451 2264 1579 2280 ornaret
1598 2263 1630 2279 rr
1646 2261 1710 2278 sisu

919 2296 1140 2322 rnnunnioue!
1164 2294 1226 2324 Sed,
1239 2294 1287 2328 qui
1299 2294 1353 2319 sint
1364 2294 1421 2318 boni
1432 2292 1532 2326 etquid
1545 2292 1578 2316 sit
1590 2292 1710 2322 emm-ayt,

918 2341 1013 2368 magua
1029 2333 1152 2368 quiaestio
1167 2336 1216 2358 est.
1256 2332 1288 2363 Q.
1310 2329 1420 2365 quidem
1433 2329 1573 2356 Scaevola.
1592 2326 1711 2362 {munifex

895 2373 897 2376 “
918 2372 1066 2400 maximus,
1084 2378 1206 2396 sttnnnnm
1223 2371 1271 2394 rim
1283 2367 1388 2394 dicebat
1399 2376 1451 2392 esst·
1463 2370 1487 2392 tn
1499 2368 1612 2390 ominbus
1624 2368 1656 2389 iis
1665 2373 1711 2389 ‹ir-

917 2409 1013 2436 bitriis.
1032 2410 1163 2441 inquibus
1178 2408 1330 2431 tutele-retur.-
1355 2413 1389 2430 ax
1411 2412 1478 2429 rins
1499 2412 1585 2429 aust:
1605 2404 1712 2434 ficti-tque

917 2447 995 2470 tmnuo
1006 2454 1093 2470 nornen
1104 2443 1275 2470 existimabat
1287 2450 1392 2467 uunnrrr
1403 2442 1531 2465 tutissime.
1540 2442 1614 2472 idque
1624 2447 1709 2464 «vrsa-

916 2485 940 2508 ri
952 2484 977 2508 in
989 2484 1081 2511 tutelis,
1093 2483 1263 2508 socivtun'tms.
1279 2481 1387 2513 fiduciis.
1395 2480 1530 2503 mandatis.
1539 2478 1612 2502 retius
1623 2478 1712 2508 rur-pus

917 2521 1032 2549 venditis,
1047 2521 1177 2546 conductis
1189 2520 1290 2544 locatis.
1303 2518 1395 2550 quibus
1404 2520 1471 2540 vitm·
1481 2519 1587 2540 societas
1599 2516 1710 2539 rontine-

916 2561 1001 2582 retur:
1026 2559 1052 2582 in
1072 2558 1112 2582 his
1126 2558 1211 2589 rtutyni
1231 2563 1282 2580 esse
1298 2556 1390 2580 indicis
1404 2557 1526 2581 statuere,
1550 2555 1710 2584 ,praesertim

915 2603 992 2628 quum
1004 2596 1029 2619 in
1039 2595 1167 2626 plerisque
1178 2596 1257 2617 essem
1269 2593 1365 2617 iudicio
1377 2590 1531 2616 tonitrui-iu.)
1547 2590 1608 2621 quid
1624 2597 1710 2628 quein-

916 2640 964 2665 qur
975 2633 1064 2664 cuique
1073 2635 1207 2664 praestum·
1217 2633 1352 2661 oporteret.
1391 2627 1434 2652 7«.
1456 2626 1585 2658 Quocum
1597 2630 1709 2651 astutiae

917 2667 1049 2695 tollendae
1059 2672 1136 2698 sunt,
1154 2674 1239 2702 enque
1255 2665 1370 2694 malitia,
1387 2671 1456 2699 quae
1473 2662 1529 2689 vult
1543 2662 1586 2688 illa
1598 2662 1708 2698 quidem
