<?xml version="1.0" encoding="UTF-8"?>
<!DOCTYPE html PUBLIC "-//W3C//DTD XHTML 1.0 Transitional//EN"
    "http://www.w3.org/TR/xhtml1/DTD/xhtml1-transitional.dtd">
<html xmlns="http://www.w3.org/1999/xhtml" xml:lang="en" lang="en">
 <head>
  <title>
</title>
<meta http-equiv="Content-Type" content="text/html;charset=utf-8" />
  <meta name='ocr-system' content='tesseract 3.04.00' />
  <meta name='ocr-capabilities' content='ocr_page ocr_carea ocr_par ocr_line ocrx_word'/>
</head>
<body>
  <div class='ocr_page' id='page_1' title='image "./operaomniaunovol00ciceuoft/operaomniaunovol00ciceuoft_0397.png"; bbox 0 0 1941 3052; ppageno 0'>
   <div class='ocr_carea' id='block_1_1' title="bbox 0 0 22 3052">
    <p class='ocr_par' dir='ltr' id='par_1_1' title="bbox 0 0 22 3052">
     <span class='ocr_line' id='line_1_1' title="bbox 0 0 22 3052; baseline 0 0"><span class='ocrx_word' id='word_1_1' title='bbox 0 0 22 3052; x_wconf 95' lang='lat' dir='ltr'> </span> 
     </span>
    </p>
   </div>
   <div class='ocr_carea' id='block_1_2' title="bbox 844 354 888 380">
    <p class='ocr_par' dir='ltr' id='par_1_2' title="bbox 844 354 888 380">
     <span class='ocr_line' id='line_1_2' title="bbox 844 354 888 380; baseline -0.045 0"><span class='ocrx_word' id='word_1_2' title='bbox 844 354 888 380; x_wconf 75' lang='lat'>28.</span> 
     </span>
    </p>
   </div>
   <div class='ocr_carea' id='block_1_3' title="bbox 506 429 814 459">
    <p class='ocr_par' dir='ltr' id='par_1_3' title="bbox 506 429 814 459">
     <span class='ocr_line' id='line_1_3' title="bbox 506 429 814 459; baseline 0 0"><span class='ocrx_word' id='word_1_3' title='bbox 506 430 540 459; x_wconf 89' lang='grc' dir='ltr'>Μ.</span> <span class='ocrx_word' id='word_1_4' title='bbox 593 429 814 459; x_wconf 89' lang='lat' dir='ltr'>TULLII</span> 
     </span>
    </p>
   </div>
   <div class='ocr_carea' id='block_1_4' title="bbox 867 429 1229 460">
    <p class='ocr_par' dir='ltr' id='par_1_4' title="bbox 867 429 1229 460">
     <span class='ocr_line' id='line_1_4' title="bbox 867 429 1229 460; baseline -0.006 0"><span class='ocrx_word' id='word_1_5' title='bbox 867 429 1229 460; x_wconf 86' lang='lat' dir='ltr'>CICERONIS</span> 
     </span>
    </p>
   </div>
   <div class='ocr_carea' id='block_1_5' title="bbox 828 523 915 543">
    <p class='ocr_par' dir='ltr' id='par_1_5' title="bbox 828 523 915 543">
     <span class='ocr_line' id='line_1_5' title="bbox 828 523 915 543; baseline 0.011 -1"><span class='ocrx_word' id='word_1_6' title='bbox 828 523 915 543; x_wconf 76' lang='lat' dir='ltr'>PRO</span> 
     </span>
    </p>
   </div>
   <div class='ocr_carea' id='block_1_6' title="bbox 302 597 350 646">
    <p class='ocr_par' dir='ltr' id='par_1_6' title="bbox 302 597 350 646">
     <span class='ocr_line' id='line_1_6' title="bbox 302 597 350 646; baseline 0 0"><span class='ocrx_word' id='word_1_7' title='bbox 302 597 350 646; x_wconf 92' lang='lat' dir='ltr'>A.</span> 
     </span>
    </p>
   </div>
   <div class='ocr_carea' id='block_1_7' title="bbox 437 580 1432 646">
    <p class='ocr_par' dir='ltr' id='par_1_7' title="bbox 437 580 1432 646">
     <span class='ocr_line' id='line_1_7' title="bbox 437 580 1432 646; baseline -0.004 0"><span class='ocrx_word' id='word_1_8' title='bbox 437 580 1006 646; x_wconf 75' lang='lat' dir='ltr'>CLUENTIO</span> <span class='ocrx_word' id='word_1_9' title='bbox 1090 595 1432 646; x_wconf 84' lang='lat' dir='ltr'>AVITO</span> 
     </span>
    </p>
   </div>
   <div class='ocr_carea' id='block_1_8' title="bbox 654 702 1084 742">
    <p class='ocr_par' dir='ltr' id='par_1_8' title="bbox 654 702 1084 742">
     <span class='ocr_line' id='line_1_8' title="bbox 654 702 1084 742; baseline 0.002 -2"><span class='ocrx_word' id='word_1_10' title='bbox 654 702 1084 742; x_wconf 88' lang='lat' dir='ltr'>ORATIO.</span> 
     </span>
    </p>
   </div>
   <div class='ocr_carea' id='block_1_9' title="bbox 585 880 1147 908">
    <p class='ocr_par' dir='ltr' id='par_1_9' title="bbox 585 880 1147 908">
     <span class='ocr_line' id='line_1_9' title="bbox 585 880 1147 908; baseline -0.002 0"><span class='ocrx_word' id='word_1_11' title='bbox 585 880 793 908; x_wconf 83' lang='lat' dir='ltr'>NOTITIA</span> <span class='ocrx_word' id='word_1_12' title='bbox 827 881 1147 908; x_wconf 77' lang='lat' dir='ltr'>LITTERARIA.</span> 
     </span>
    </p>
   </div>
   <div class='ocr_carea' id='block_1_10' title="bbox 156 955 1686 986">
    <p class='ocr_par' dir='ltr' id='par_1_10' title="bbox 156 955 1686 986">
     <span class='ocr_line' id='line_1_10' title="bbox 156 955 1686 986; baseline -0.003 -6"><span class='ocrx_word' id='word_1_13' title='bbox 156 959 243 980; x_wconf 80' lang='lat' dir='ltr'>Canna</span> <span class='ocrx_word' id='word_1_14' title='bbox 257 959 355 986; x_wconf 76' lang='lat' dir='ltr'>antiquo</span> <span class='ocrx_word' id='word_1_15' title='bbox 370 965 429 979; x_wconf 75' lang='lat' dir='ltr'>more</span> <span class='ocrx_word' id='word_1_16' title='bbox 439 966 453 979; x_wconf 83' lang='lat' dir='ltr'>a</span> <span class='ocrx_word' id='word_1_17' title='bbox 462 958 508 979; x_wconf 80' lang='lat' dir='ltr'>mlo</span> <span class='ocrx_word' id='word_1_18' title='bbox 518 957 623 979; x_wconf 78' lang='lat' dir='ltr'><strong><em>Cicerone</em></strong></span> <span class='ocrx_word' id='word_1_19' title='bbox 633 957 679 985; x_wconf 83' lang='lat' dir='ltr'>(cf.</span> <span class='ocrx_word' id='word_1_20' title='bbox 690 965 708 978; x_wconf 83' lang='lat' dir='ltr'>c.</span> <span class='ocrx_word' id='word_1_21' title='bbox 721 960 766 984; x_wconf 80' lang='lat'>70.)</span> <span class='ocrx_word' id='word_1_22' title='bbox 776 962 831 979; x_wconf 75' lang='lat' dir='ltr'>acm</span> <span class='ocrx_word' id='word_1_23' title='bbox 845 962 878 979; x_wconf 75' lang='lat' dir='ltr'>nt</span> <span class='ocrx_word' id='word_1_24' title='bbox 887 959 952 986; x_wconf 74' lang='lat' dir='ltr'>apud</span> <span class='ocrx_word' id='word_1_25' title='bbox 963 959 988 982; x_wconf 76' lang='lat' dir='ltr'>Q.</span> <span class='ocrx_word' id='word_1_26' title='bbox 999 957 1123 979; x_wconf 66' lang='lat' dir='ltr'>Voconium</span> <span class='ocrx_word' id='word_1_27' title='bbox 1133 957 1246 978; x_wconf 63' lang='lat' dir='ltr'>Naronem</span> <span class='ocrx_word' id='word_1_28' title='bbox 1255 960 1393 984; x_wconf 74' lang='lat' dir='ltr'><em>praetorem,</em></span> <span class='ocrx_word' id='word_1_29' title='bbox 1405 956 1445 983; x_wconf 77' lang='lat' dir='ltr'>qui</span> <span class='ocrx_word' id='word_1_30' title='bbox 1454 957 1479 976; x_wconf 79' lang='lat' dir='ltr'>de</span> <span class='ocrx_word' id='word_1_31' title='bbox 1491 955 1607 983; x_wconf 75' lang='lat' dir='ltr'>veneficiis</span> <span class='ocrx_word' id='word_1_32' title='bbox 1618 962 1686 982; x_wconf 75' lang='lat' dir='ltr'>quae-</span> 
     </span>
    </p>
   </div>
   <div class='ocr_carea' id='block_1_11' title="bbox 10 990 554 1035">
    <p class='ocr_par' dir='ltr' id='par_1_11' title="bbox 10 990 554 1035">
     <span class='ocr_line' id='line_1_11' title="bbox 10 990 554 1035; baseline -0.004 -19"><span class='ocrx_word' id='word_1_33' title='bbox 10 990 11 1035; x_wconf 29' lang='lat'><em>}</em></span> <span class='ocrx_word' id='word_1_34' title='bbox 49 995 121 1020; x_wconf 69' lang='lat' dir='ltr'>rebat,</span> <span class='ocrx_word' id='word_1_35' title='bbox 132 995 216 1022; x_wconf 76' lang='lat' dir='ltr'>Lepido</span> <span class='ocrx_word' id='word_1_36' title='bbox 225 998 247 1016; x_wconf 74' lang='lat' dir='ltr'>et</span> <span class='ocrx_word' id='word_1_37' title='bbox 258 995 325 1015; x_wconf 79' lang='lat' dir='ltr'>Tullo</span> <span class='ocrx_word' id='word_1_38' title='bbox 336 1001 391 1015; x_wconf 76' lang='lat' dir='ltr'>coss.</span> <span class='ocrx_word' id='word_1_39' title='bbox 403 996 436 1019; x_wconf 78' lang='grc' dir='ltr'><em>(ιι.</em></span> <span class='ocrx_word' id='word_1_40' title='bbox 450 993 475 1014; x_wconf 88' lang='lat' dir='ltr'>U.</span> <span class='ocrx_word' id='word_1_41' title='bbox 489 995 554 1019; x_wconf 54' lang='lat' dir='ltr'>oss).</span> 
     </span>
    </p>
   </div>
   <div class='ocr_carea' id='block_1_12' title="bbox 47 1128 843 1228">
    <p class='ocr_par' dir='ltr' id='par_1_12' title="bbox 47 1128 843 1228">
     <span class='ocr_line' id='line_1_12' title="bbox 103 1128 842 1157; baseline -0.003 -5"><span class='ocrx_word' id='word_1_42' title='bbox 103 1131 120 1152; x_wconf 72' lang='lat' dir='ltr'>A</span> <span class='ocrx_word' id='word_1_43' title='bbox 127 1131 178 1152; x_wconf 78' lang='lat' dir='ltr'>RG.</span> <span class='ocrx_word' id='word_1_44' title='bbox 194 1130 279 1155; x_wconf 64' lang='lat' dir='ltr'>sissia,</span> <span class='ocrx_word' id='word_1_45' title='bbox 291 1130 317 1151; x_wconf 74' lang='lat' dir='ltr'>A.</span> <span class='ocrx_word' id='word_1_46' title='bbox 327 1129 426 1152; x_wconf 76' lang='lat' dir='ltr'>Cluentii</span> <span class='ocrx_word' id='word_1_47' title='bbox 437 1135 512 1155; x_wconf 77' lang='lat' dir='ltr'>mater,</span> <span class='ocrx_word' id='word_1_48' title='bbox 522 1129 623 1157; x_wconf 78' lang='lat' dir='ltr'>improba</span> <span class='ocrx_word' id='word_1_49' title='bbox 633 1132 655 1150; x_wconf 87' lang='lat' dir='ltr'>et</span> <span class='ocrx_word' id='word_1_50' title='bbox 663 1128 787 1150; x_wconf 75' lang='lat' dir='ltr'>libidinosa</span> <span class='ocrx_word' id='word_1_51' title='bbox 796 1136 842 1150; x_wconf 90' lang='lat' dir='ltr'>rnu-</span> 
     </span>
     <span class='ocr_line' id='line_1_13' title="bbox 48 1164 843 1194; baseline -0.001 -8"><span class='ocrx_word' id='word_1_52' title='bbox 48 1165 102 1191; x_wconf 84' lang='lat' dir='ltr'>lier,</span> <span class='ocrx_word' id='word_1_53' title='bbox 118 1168 169 1194; x_wconf 77' lang='lat' dir='ltr'>post</span> <span class='ocrx_word' id='word_1_54' title='bbox 178 1165 242 1186; x_wconf 74' lang='lat' dir='ltr'>binas</span> <span class='ocrx_word' id='word_1_55' title='bbox 253 1165 355 1193; x_wconf 77' lang='lat' dir='ltr'>nuptias,</span> <span class='ocrx_word' id='word_1_56' title='bbox 371 1172 427 1186; x_wconf 75' lang='lat' dir='ltr'>unas</span> <span class='ocrx_word' id='word_1_57' title='bbox 437 1165 507 1193; x_wconf 77' lang='lat' dir='ltr'>patris</span> <span class='ocrx_word' id='word_1_58' title='bbox 519 1165 631 1190; x_wconf 82' lang='lat' dir='ltr'>Cluentii,</span> <span class='ocrx_word' id='word_1_59' title='bbox 647 1165 729 1186; x_wconf 75' lang='lat' dir='ltr'>alteras</span> <span class='ocrx_word' id='word_1_60' title='bbox 739 1165 765 1185; x_wconf 65' lang='lat' dir='ltr'>A.</span> <span class='ocrx_word' id='word_1_61' title='bbox 777 1164 843 1185; x_wconf 72' lang='lat' dir='ltr'>Aurii.</span> 
     </span>
     <span class='ocr_line' id='line_1_14' title="bbox 47 1200 841 1228; baseline -0.003 -6"><span class='ocrx_word' id='word_1_62' title='bbox 47 1201 135 1226; x_wconf 80' lang='lat' dir='ltr'>Melini.</span> <span class='ocrx_word' id='word_1_63' title='bbox 141 1200 217 1227; x_wconf 74' lang='lat' dir='ltr'>generi</span> <span class='ocrx_word' id='word_1_64' title='bbox 227 1200 271 1226; x_wconf 68' lang='lat' dir='ltr'>sui,</span> <span class='ocrx_word' id='word_1_65' title='bbox 283 1208 344 1228; x_wconf 83' lang='lat' dir='ltr'>quem</span> <span class='ocrx_word' id='word_1_66' title='bbox 355 1208 402 1222; x_wconf 85' lang='lat' dir='ltr'>curn</span> <span class='ocrx_word' id='word_1_67' title='bbox 413 1201 460 1221; x_wconf 84' lang='lat' dir='ltr'>filia</span> <span class='ocrx_word' id='word_1_68' title='bbox 469 1200 588 1221; x_wconf 81' lang='lat' dir='ltr'>divortium</span> <span class='ocrx_word' id='word_1_69' title='bbox 600 1201 673 1221; x_wconf 71' lang='lat' dir='ltr'>facere</span> <span class='ocrx_word' id='word_1_70' title='bbox 682 1203 790 1226; x_wconf 77' lang='lat' dir='ltr'>coegerat,</span> <span class='ocrx_word' id='word_1_71' title='bbox 803 1208 841 1227; x_wconf 86' lang='lat' dir='ltr'>po-</span> 
     </span>
    </p>
   </div>
   <div class='ocr_carea' id='block_1_13' title="bbox 10 1235 840 1264">
    <p class='ocr_par' dir='ltr' id='par_1_13' title="bbox 10 1235 840 1264">
     <span class='ocr_line' id='line_1_15' title="bbox 10 1235 840 1264; baseline -0.002 -7"><span class='ocrx_word' id='word_1_72' title='bbox 10 1238 11 1264; x_wconf 76' lang='lat'>]</span> <span class='ocrx_word' id='word_1_73' title='bbox 48 1240 128 1257; x_wconf 75' lang='lat' dir='ltr'>memo</span> <span class='ocrx_word' id='word_1_74' title='bbox 139 1236 216 1264; x_wconf 73' lang='lat' dir='ltr'>nup-it</span> <span class='ocrx_word' id='word_1_75' title='bbox 224 1236 253 1261; x_wconf 79' lang='lat' dir='ltr'>ei,</span> <span class='ocrx_word' id='word_1_76' title='bbox 265 1236 302 1263; x_wconf 87' lang='lat' dir='ltr'>qui</span> <span class='ocrx_word' id='word_1_77' title='bbox 311 1236 418 1257; x_wconf 70' lang='lat' dir='ltr'>Melinum</span> <span class='ocrx_word' id='word_1_78' title='bbox 427 1236 546 1261; x_wconf 80' lang='lat' dir='ltr'>occiderat,</span> <span class='ocrx_word' id='word_1_79' title='bbox 555 1236 627 1257; x_wconf 75' lang='lat' dir='ltr'>Statio</span> <span class='ocrx_word' id='word_1_80' title='bbox 636 1236 702 1257; x_wconf 72' lang='lat' dir='ltr'>Albio</span> <span class='ocrx_word' id='word_1_81' title='bbox 712 1235 840 1262; x_wconf 86' lang='lat' dir='ltr'>Oppianico.</span> 
     </span>
    </p>
   </div>
   <div class='ocr_carea' id='block_1_14' title="bbox 46 1271 842 1404">
    <p class='ocr_par' dir='ltr' id='par_1_14' title="bbox 46 1271 842 1404">
     <span class='ocr_line' id='line_1_16' title="bbox 48 1271 841 1299; baseline -0.003 -7"><span class='ocrx_word' id='word_1_82' title='bbox 48 1271 90 1292; x_wconf 79' lang='lat' dir='ltr'>Hic</span> <span class='ocrx_word' id='word_1_83' title='bbox 100 1279 164 1298; x_wconf 82' lang='lat' dir='ltr'>quum</span> <span class='ocrx_word' id='word_1_84' title='bbox 174 1271 323 1297; x_wconf 75' lang='lat' dir='ltr'>intelligeret,</span> <span class='ocrx_word' id='word_1_85' title='bbox 337 1272 395 1292; x_wconf 77' lang='lat' dir='ltr'>buna</span> <span class='ocrx_word' id='word_1_86' title='bbox 404 1271 515 1296; x_wconf 73' lang='lat' dir='ltr'><strong>Cluentii,</strong></span> <span class='ocrx_word' id='word_1_87' title='bbox 531 1271 569 1299; x_wconf 85' lang='lat' dir='ltr'>qui</span> <span class='ocrx_word' id='word_1_88' title='bbox 583 1272 676 1292; x_wconf 86' lang='lat' dir='ltr'>nondum</span> <span class='ocrx_word' id='word_1_89' title='bbox 688 1273 841 1291; x_wconf 73' lang='lat' dir='ltr'>tentamentum</span> 
     </span>
     <span class='ocr_line' id='line_1_17' title="bbox 48 1306 841 1334; baseline -0.003 -7"><span class='ocrx_word' id='word_1_90' title='bbox 48 1307 151 1332; x_wconf 58' lang='lat' dir='ltr'>fecis-et,</span> <span class='ocrx_word' id='word_1_91' title='bbox 171 1309 223 1334; x_wconf 78' lang='lat' dir='ltr'>post</span> <span class='ocrx_word' id='word_1_92' title='bbox 237 1306 285 1327; x_wconf 73' lang='lat' dir='ltr'>eius</span> <span class='ocrx_word' id='word_1_93' title='bbox 299 1309 389 1327; x_wconf 76' lang='lat' dir='ltr'>mortem</span> <span class='ocrx_word' id='word_1_94' title='bbox 406 1307 432 1327; x_wconf 78' lang='lat' dir='ltr'>ad</span> <span class='ocrx_word' id='word_1_95' title='bbox 447 1310 538 1327; x_wconf 78' lang='lat' dir='ltr'>matrem</span> <span class='ocrx_word' id='word_1_96' title='bbox 552 1313 601 1327; x_wconf 71' lang='lat' dir='ltr'>ene</span> <span class='ocrx_word' id='word_1_97' title='bbox 614 1311 718 1331; x_wconf 79' lang='lat' dir='ltr'>ventura,</span> <span class='ocrx_word' id='word_1_98' title='bbox 737 1306 841 1326; x_wconf 78' lang='lat' dir='ltr'>incensus</span> 
     </span>
     <span class='ocr_line' id='line_1_18' title="bbox 47 1341 841 1366; baseline -0.003 -4"><span class='ocrx_word' id='word_1_99' title='bbox 47 1342 142 1363; x_wconf 73' lang='lat' dir='ltr'>avaritia</span> <span class='ocrx_word' id='word_1_100' title='bbox 149 1358 154 1366; x_wconf 84' lang='lat'>,</span> <span class='ocrx_word' id='word_1_101' title='bbox 165 1348 249 1362; x_wconf 79' lang='lat' dir='ltr'>veneno</span> <span class='ocrx_word' id='word_1_102' title='bbox 260 1348 307 1362; x_wconf 85' lang='lat' dir='ltr'>eum</span> <span class='ocrx_word' id='word_1_103' title='bbox 317 1341 397 1362; x_wconf 78' lang='lat' dir='ltr'>tollere</span> <span class='ocrx_word' id='word_1_104' title='bbox 406 1341 510 1362; x_wconf 80' lang='lat' dir='ltr'>decrevit.</span> <span class='ocrx_word' id='word_1_105' title='bbox 535 1342 580 1363; x_wconf 72' lang='lat' dir='ltr'>lam</span> <span class='ocrx_word' id='word_1_106' title='bbox 589 1342 691 1362; x_wconf 73' lang='lat' dir='ltr'>damnato</span> <span class='ocrx_word' id='word_1_107' title='bbox 701 1341 841 1364; x_wconf 71' lang='lat' dir='ltr'>Scamandro,</span> 
     </span>
     <span class='ocr_line' id='line_1_19' title="bbox 46 1375 842 1404; baseline -0.005 -5"><span class='ocrx_word' id='word_1_108' title='bbox 46 1377 110 1399; x_wconf 74' lang='lat' dir='ltr'>cuim</span> <span class='ocrx_word' id='word_1_109' title='bbox 120 1377 144 1398; x_wconf 87' lang='lat' dir='ltr'>in</span> <span class='ocrx_word' id='word_1_110' title='bbox 155 1376 255 1397; x_wconf 69' lang='lat' dir='ltr'>manilius</span> <span class='ocrx_word' id='word_1_111' title='bbox 265 1383 371 1397; x_wconf 83' lang='lat' dir='ltr'>venenum</span> <span class='ocrx_word' id='word_1_112' title='bbox 382 1377 541 1404; x_wconf 73' lang='lat' dir='ltr'>deprehensum</span> <span class='ocrx_word' id='word_1_113' title='bbox 552 1377 632 1402; x_wconf 81' lang='lat' dir='ltr'>fuerat,</span> <span class='ocrx_word' id='word_1_114' title='bbox 642 1376 721 1397; x_wconf 80' lang='lat' dir='ltr'>deinde</span> <span class='ocrx_word' id='word_1_115' title='bbox 731 1377 756 1397; x_wconf 88' lang='lat' dir='ltr'>C.</span> <span class='ocrx_word' id='word_1_116' title='bbox 765 1375 842 1396; x_wconf 81' lang='lat' dir='ltr'>Fabri-</span> 
     </span>
    </p>
   </div>
   <div class='ocr_carea' id='block_1_15' title="bbox 9 1410 841 1442">
    <p class='ocr_par' dir='ltr' id='par_1_15' title="bbox 9 1410 841 1442">
     <span class='ocr_line' id='line_1_20' title="bbox 9 1410 841 1442; baseline -0.004 -9"><span class='ocrx_word' id='word_1_117' title='bbox 9 1438 11 1442; x_wconf 47' lang='grc' dir='ltr'>Ι</span> <span class='ocrx_word' id='word_1_118' title='bbox 47 1413 94 1438; x_wconf 86' lang='lat' dir='ltr'>cio,</span> <span class='ocrx_word' id='word_1_119' title='bbox 109 1412 147 1440; x_wconf 86' lang='lat' dir='ltr'>qui</span> <span class='ocrx_word' id='word_1_120' title='bbox 157 1412 289 1437; x_wconf 77' lang='lat' dir='ltr'>Diogenem,</span> <span class='ocrx_word' id='word_1_121' title='bbox 305 1419 390 1432; x_wconf 76' lang='lat' dir='ltr'>servum</span> <span class='ocrx_word' id='word_1_122' title='bbox 405 1411 550 1440; x_wconf 76' lang='lat' dir='ltr'>Cleoplnanti,</span> <span class='ocrx_word' id='word_1_123' title='bbox 566 1419 607 1439; x_wconf 87' lang='lat' dir='ltr'>quo</span> <span class='ocrx_word' id='word_1_124' title='bbox 624 1411 741 1433; x_wconf 76' lang='lat' dir='ltr'>Cluentius</span> <span class='ocrx_word' id='word_1_125' title='bbox 757 1410 841 1431; x_wconf 81' lang='lat' dir='ltr'>medico</span> 
     </span>
    </p>
   </div>
   <div class='ocr_carea' id='block_1_16' title="bbox 46 1446 842 1509">
    <p class='ocr_par' dir='ltr' id='par_1_16' title="bbox 46 1446 842 1509">
     <span class='ocr_line' id='line_1_21' title="bbox 46 1446 842 1475; baseline -0.004 -7"><span class='ocrx_word' id='word_1_126' title='bbox 46 1449 161 1472; x_wconf 75' lang='lat' dir='ltr'>utebatur,</span> <span class='ocrx_word' id='word_1_127' title='bbox 181 1447 208 1467; x_wconf 81' lang='lat' dir='ltr'>od</span> <span class='ocrx_word' id='word_1_128' title='bbox 226 1454 332 1468; x_wconf 79' lang='lat' dir='ltr'>venenum</span> <span class='ocrx_word' id='word_1_129' title='bbox 351 1448 445 1468; x_wconf 75' lang='lat' dir='ltr'>dandum</span> <span class='ocrx_word' id='word_1_130' title='bbox 464 1455 502 1475; x_wconf 79' lang='lat' dir='ltr'>spe</span> <span class='ocrx_word' id='word_1_131' title='bbox 519 1451 540 1468; x_wconf 81' lang='lat' dir='ltr'>et</span> <span class='ocrx_word' id='word_1_132' title='bbox 555 1447 652 1475; x_wconf 75' lang='lat' dir='ltr'>praemio</span> <span class='ocrx_word' id='word_1_133' title='bbox 671 1446 842 1470; x_wconf 67' lang='lat' dir='ltr'>sollicitaverat,</span> 
     </span>
     <span class='ocr_line' id='line_1_22' title="bbox 46 1482 841 1509; baseline -0.004 -5"><span class='ocrx_word' id='word_1_134' title='bbox 46 1482 165 1504; x_wconf 71' lang='lat' dir='ltr'>Cluentiun</span> <span class='ocrx_word' id='word_1_135' title='bbox 175 1482 319 1509; x_wconf 70' lang='lat' dir='ltr'>Oppianicum</span> <span class='ocrx_word' id='word_1_136' title='bbox 334 1482 360 1502; x_wconf 84' lang='lat' dir='ltr'>de</span> <span class='ocrx_word' id='word_1_137' title='bbox 374 1483 479 1503; x_wconf 77' lang='lat' dir='ltr'>veneficio</span> <span class='ocrx_word' id='word_1_138' title='bbox 490 1483 608 1503; x_wconf 65' lang='lat' dir='ltr'>accusavit.</span> <span class='ocrx_word' id='word_1_139' title='bbox 640 1484 688 1507; x_wconf 75' lang='lat' dir='ltr'>Quo</span> <span class='ocrx_word' id='word_1_140' title='bbox 699 1482 841 1502; x_wconf 70' lang='lat' dir='ltr'>condemnato</span> 
     </span>
    </p>
   </div>
   <div class='ocr_carea' id='block_1_17' title="bbox 8 1516 841 1580">
    <p class='ocr_par' dir='ltr' id='par_1_17' title="bbox 8 1516 841 1580">
     <span class='ocr_line' id='line_1_23' title="bbox 8 1516 841 1547; baseline -0.002 -9"><span class='ocrx_word' id='word_1_141' title='bbox 8 1523 10 1547; x_wconf 44' lang='grc' dir='ltr'><em>ζ</em></span> <span class='ocrx_word' id='word_1_142' title='bbox 45 1519 151 1539; x_wconf 73' lang='lat' dir='ltr'>‹lel&#39;cusor</span> <span class='ocrx_word' id='word_1_143' title='bbox 160 1517 277 1545; x_wconf 70' lang='lat' dir='ltr'>Oppianici</span> <span class='ocrx_word' id='word_1_144' title='bbox 287 1518 312 1538; x_wconf 86' lang='lat' dir='ltr'>L.</span> <span class='ocrx_word' id='word_1_145' title='bbox 324 1517 442 1542; x_wconf 66' lang='lat' dir='ltr'>Quinctius</span> <span class='ocrx_word' id='word_1_146' title='bbox 453 1517 555 1538; x_wconf 74' lang='lat' dir='ltr'>tribunus</span> <span class='ocrx_word' id='word_1_147' title='bbox 564 1517 594 1545; x_wconf 89' lang='lat' dir='ltr'>pl.</span> <span class='ocrx_word' id='word_1_148' title='bbox 606 1516 743 1545; x_wconf 68' lang='lat' dir='ltr'>quotidianis</span> <span class='ocrx_word' id='word_1_149' title='bbox 754 1516 841 1537; x_wconf 78' lang='lat' dir='ltr'>concio-</span> 
     </span>
     <span class='ocr_line' id='line_1_24' title="bbox 9 1551 840 1580; baseline -0.004 -6"><span class='ocrx_word' id='word_1_150' title='bbox 9 1552 10 1556; x_wconf 50' lang='lat'><em>*</em></span> <span class='ocrx_word' id='word_1_151' title='bbox 46 1553 113 1574; x_wconf 77' lang='lat' dir='ltr'>niluus</span> <span class='ocrx_word' id='word_1_152' title='bbox 128 1559 170 1573; x_wconf 87' lang='lat' dir='ltr'>rem</span> <span class='ocrx_word' id='word_1_153' title='bbox 187 1552 210 1573; x_wconf 86' lang='lat' dir='ltr'>in</span> <span class='ocrx_word' id='word_1_154' title='bbox 225 1551 331 1572; x_wconf 83' lang='lat' dir='ltr'>invidiam</span> <span class='ocrx_word' id='word_1_155' title='bbox 346 1552 451 1577; x_wconf 76' lang='lat' dir='ltr'>adduxit,</span> <span class='ocrx_word' id='word_1_156' title='bbox 467 1553 582 1580; x_wconf 83' lang='lat' dir='ltr'>pecuniam</span> <span class='ocrx_word' id='word_1_157' title='bbox 596 1553 620 1573; x_wconf 93' lang='lat' dir='ltr'>in</span> <span class='ocrx_word' id='word_1_158' title='bbox 634 1552 718 1574; x_wconf 84' lang='lat' dir='ltr'>iudicio</span> <span class='ocrx_word' id='word_1_159' title='bbox 732 1554 840 1572; x_wconf 70' lang='lat' dir='ltr'>venatum</span> 
     </span>
    </p>
   </div>
   <div class='ocr_carea' id='block_1_18' title="bbox 9 1585 841 1932">
    <p class='ocr_par' dir='ltr' id='par_1_18' title="bbox 9 1585 841 1932">
     <span class='ocr_line' id='line_1_25' title="bbox 46 1585 841 1615; baseline -0.003 -6"><span class='ocrx_word' id='word_1_160' title='bbox 46 1588 153 1610; x_wconf 72' lang='lat' dir='ltr'>dictitans</span> <span class='ocrx_word' id='word_1_161' title='bbox 168 1585 227 1608; x_wconf 69' lang='lat' dir='ltr'>esic:</span> <span class='ocrx_word' id='word_1_162' title='bbox 246 1593 308 1613; x_wconf 55' lang='lat' dir='ltr'>riuum</span> <span class='ocrx_word' id='word_1_163' title='bbox 323 1586 418 1614; x_wconf 72' lang='lat' dir='ltr'>pupulus</span> <span class='ocrx_word' id='word_1_164' title='bbox 428 1587 539 1608; x_wconf 74' lang='lat' dir='ltr'>Romanus</span> <span class='ocrx_word' id='word_1_165' title='bbox 555 1595 598 1608; x_wconf 86' lang='lat' dir='ltr'>non</span> <span class='ocrx_word' id='word_1_166' title='bbox 613 1589 639 1608; x_wconf 82' lang='lat' dir='ltr'>nb</span> <span class='ocrx_word' id='word_1_167' title='bbox 655 1587 788 1615; x_wconf 70' lang='lat' dir='ltr'>Oppianico,</span> <span class='ocrx_word' id='word_1_168' title='bbox 804 1587 841 1613; x_wconf 83' lang='lat' dir='ltr'>qui</span> 
     </span>
     <span class='ocr_line' id='line_1_26' title="bbox 46 1622 840 1650; baseline -0.003 -6"><span class='ocrx_word' id='word_1_169' title='bbox 46 1624 162 1644; x_wconf 66' lang='lat' dir='ltr'>damnatus</span> <span class='ocrx_word' id='word_1_170' title='bbox 173 1624 239 1647; x_wconf 69' lang='lat' dir='ltr'>enat,</span> <span class='ocrx_word' id='word_1_171' title='bbox 250 1622 322 1642; x_wconf 75' lang='lat' dir='ltr'>«taum</span> <span class='ocrx_word' id='word_1_172' title='bbox 333 1628 382 1642; x_wconf 76' lang='lat' dir='ltr'>ene</span> <span class='ocrx_word' id='word_1_173' title='bbox 391 1622 494 1648; x_wconf 74' lang='lat' dir='ltr'>credidit,</span> <span class='ocrx_word' id='word_1_174' title='bbox 506 1623 544 1644; x_wconf 78' lang='lat' dir='ltr'>sed</span> <span class='ocrx_word' id='word_1_175' title='bbox 554 1630 566 1644; x_wconf 79' lang='lat' dir='ltr'>a</span> <span class='ocrx_word' id='word_1_176' title='bbox 577 1623 689 1644; x_wconf 79' lang='lat' dir='ltr'>Cluentio.</span> <span class='ocrx_word' id='word_1_177' title='bbox 721 1623 750 1643; x_wconf 69' lang='lat' dir='ltr'>At</span> <span class='ocrx_word' id='word_1_178' title='bbox 759 1622 840 1650; x_wconf 80' lang='lat' dir='ltr'>Oppia-</span> 
     </span>
     <span class='ocr_line' id='line_1_27' title="bbox 46 1656 840 1686; baseline -0.004 -6"><span class='ocrx_word' id='word_1_179' title='bbox 46 1659 109 1680; x_wconf 79' lang='lat' dir='ltr'>nicus</span> <span class='ocrx_word' id='word_1_180' title='bbox 119 1658 210 1678; x_wconf 74' lang='lat' dir='ltr'>dederat</span> <span class='ocrx_word' id='word_1_181' title='bbox 219 1656 346 1684; x_wconf 70' lang='lat' dir='ltr'>pecuniam,</span> <span class='ocrx_word' id='word_1_182' title='bbox 362 1663 404 1684; x_wconf 75' lang='lat' dir='ltr'>qun</span> <span class='ocrx_word' id='word_1_183' title='bbox 417 1657 503 1679; x_wconf 77' lang='lat' dir='ltr'>iudices</span> <span class='ocrx_word' id='word_1_184' title='bbox 518 1663 722 1686; x_wconf 83' lang='lat' dir='ltr'>corrumperentur,</span> <span class='ocrx_word' id='word_1_185' title='bbox 738 1659 762 1679; x_wconf 81' lang='lat' dir='ltr'>C.</span> <span class='ocrx_word' id='word_1_186' title='bbox 775 1657 840 1678; x_wconf 79' lang='lat' dir='ltr'>Aelio</span> 
     </span>
     <span class='ocr_line' id='line_1_28' title="bbox 45 1691 840 1721; baseline -0.004 -6"><span class='ocrx_word' id='word_1_187' title='bbox 45 1693 146 1715; x_wconf 74' lang='lat' dir='ltr'>Staieno.</span> <span class='ocrx_word' id='word_1_188' title='bbox 176 1691 220 1717; x_wconf 79' lang='lat' dir='ltr'>Qui</span> <span class='ocrx_word' id='word_1_189' title='bbox 236 1699 300 1719; x_wconf 81' lang='lat' dir='ltr'>quum</span> <span class='ocrx_word' id='word_1_190' title='bbox 314 1691 426 1713; x_wconf 76' lang='lat' dir='ltr'>iudicibus</span> <span class='ocrx_word' id='word_1_191' title='bbox 441 1692 536 1720; x_wconf 84' lang='lat' dir='ltr'>pretium</span> <span class='ocrx_word' id='word_1_192' title='bbox 551 1696 602 1714; x_wconf 82' lang='lat' dir='ltr'>ante</span> <span class='ocrx_word' id='word_1_193' title='bbox 610 1693 716 1715; x_wconf 84' lang='lat' dir='ltr'>iudicium</span> <span class='ocrx_word' id='word_1_194' title='bbox 727 1692 840 1721; x_wconf 79' lang='lat' dir='ltr'>poscenti-</span> 
     </span>
     <span class='ocr_line' id='line_1_29' title="bbox 46 1726 839 1756; baseline -0.003 -6"><span class='ocrx_word' id='word_1_195' title='bbox 46 1729 86 1750; x_wconf 76' lang='lat' dir='ltr'>laus</span> <span class='ocrx_word' id='word_1_196' title='bbox 101 1730 202 1754; x_wconf 70' lang='lat' dir='ltr'>negatum</span> <span class='ocrx_word' id='word_1_197' title='bbox 217 1726 386 1755; x_wconf 57' lang='lat' dir='ltr'>intercepi-nen</span> <span class='ocrx_word' id='word_1_198' title='bbox 405 1728 541 1756; x_wconf 70' lang='lat' dir='ltr'>Oppianicus</span> <span class='ocrx_word' id='word_1_199' title='bbox 557 1729 583 1749; x_wconf 81' lang='lat' dir='ltr'>ab</span> <span class='ocrx_word' id='word_1_200' title='bbox 597 1729 650 1750; x_wconf 71' lang='lat' dir='ltr'>istiu</span> <span class='ocrx_word' id='word_1_201' title='bbox 664 1729 779 1749; x_wconf 79' lang='lat' dir='ltr'>damnatus</span> <span class='ocrx_word' id='word_1_202' title='bbox 798 1730 839 1748; x_wconf 72' lang='lat' dir='ltr'>cst.</span> 
     </span>
     <span class='ocr_line' id='line_1_30' title="bbox 9 1762 839 1795; baseline -0.002 -10"><span class='ocrx_word' id='word_1_203' title='bbox 9 1790 10 1795; x_wconf 23' lang='grc'>1</span> <span class='ocrx_word' id='word_1_204' title='bbox 45 1764 77 1785; x_wconf 83' lang='lat' dir='ltr'>Eo</span> <span class='ocrx_word' id='word_1_205' title='bbox 87 1766 166 1791; x_wconf 70' lang='lat' dir='ltr'>postea</span> <span class='ocrx_word' id='word_1_206' title='bbox 175 1762 279 1787; x_wconf 78' lang='lat' dir='ltr'>cn‘mine,</span> <span class='ocrx_word' id='word_1_207' title='bbox 296 1765 317 1784; x_wconf 85' lang='lat' dir='ltr'>et</span> <span class='ocrx_word' id='word_1_208' title='bbox 327 1763 431 1784; x_wconf 74' lang='lat' dir='ltr'>Staienus</span> <span class='ocrx_word' id='word_1_209' title='bbox 445 1763 505 1791; x_wconf 77' lang='lat' dir='ltr'>ipse,</span> <span class='ocrx_word' id='word_1_210' title='bbox 521 1766 543 1785; x_wconf 79' lang='lat' dir='ltr'>et</span> <span class='ocrx_word' id='word_1_211' title='bbox 556 1771 602 1785; x_wconf 74' lang='lat' dir='ltr'>curn</span> <span class='ocrx_word' id='word_1_212' title='bbox 614 1771 639 1785; x_wconf 87' lang='lat' dir='ltr'>eo</span> <span class='ocrx_word' id='word_1_213' title='bbox 650 1764 745 1788; x_wconf 78' lang='lat' dir='ltr'>Bulbus,</span> <span class='ocrx_word' id='word_1_214' title='bbox 763 1764 839 1788; x_wconf 86' lang='lat' dir='ltr'>Gutta,</span> 
     </span>
     <span class='ocr_line' id='line_1_31' title="bbox 9 1797 840 1827; baseline -0.002 -6"><span class='ocrx_word' id='word_1_215' title='bbox 9 1808 10 1813; x_wconf 64' lang='lat'>¹</span> <span class='ocrx_word' id='word_1_216' title='bbox 46 1798 171 1827; x_wconf 77' lang='lat' dir='ltr'>Popillius,</span> <span class='ocrx_word' id='word_1_217' title='bbox 192 1797 276 1825; x_wconf 74' lang='lat' dir='ltr'>aliique</span> <span class='ocrx_word' id='word_1_218' title='bbox 292 1797 390 1819; x_wconf 67' lang='lat' dir='ltr'>eiusdem</span> <span class='ocrx_word' id='word_1_219' title='bbox 404 1798 483 1820; x_wconf 79' lang='lat' dir='ltr'>affines</span> <span class='ocrx_word' id='word_1_220' title='bbox 501 1799 580 1827; x_wconf 78' lang='lat' dir='ltr'>culpae</span> <span class='ocrx_word' id='word_1_221' title='bbox 596 1799 682 1821; x_wconf 66' lang='lat' dir='ltr'>iudices</span> <span class='ocrx_word' id='word_1_222' title='bbox 701 1798 840 1820; x_wconf 76' lang='lat' dir='ltr'>condemnati</span> 
     </span>
     <span class='ocr_line' id='line_1_32' title="bbox 46 1833 839 1862; baseline 0 -8"><span class='ocrx_word' id='word_1_223' title='bbox 46 1837 105 1855; x_wconf 76' lang='lat' dir='ltr'>nint.</span> <span class='ocrx_word' id='word_1_224' title='bbox 124 1834 195 1854; x_wconf 78' lang='lat' dir='ltr'>Anni·</span> <span class='ocrx_word' id='word_1_225' title='bbox 205 1836 276 1854; x_wconf 70' lang='lat' dir='ltr'>autom</span> <span class='ocrx_word' id='word_1_226' title='bbox 288 1833 384 1860; x_wconf 87' lang='lat' dir='ltr'>quinque</span> <span class='ocrx_word' id='word_1_227' title='bbox 393 1836 445 1861; x_wconf 70' lang='lat' dir='ltr'>pont</span> <span class='ocrx_word' id='word_1_228' title='bbox 452 1834 574 1862; x_wconf 72' lang='lat' dir='ltr'>Oppianico</span> <span class='ocrx_word' id='word_1_229' title='bbox 583 1835 661 1856; x_wconf 69' lang='lat' dir='ltr'>exsule</span> <span class='ocrx_word' id='word_1_230' title='bbox 670 1837 764 1859; x_wconf 73' lang='lat' dir='ltr'>mortuo,</span> <span class='ocrx_word' id='word_1_231' title='bbox 774 1841 839 1861; x_wconf 87' lang='lat' dir='ltr'>quum</span> 
     </span>
     <span class='ocr_line' id='line_1_33' title="bbox 45 1868 839 1897; baseline -0.003 -6"><span class='ocrx_word' id='word_1_232' title='bbox 45 1869 123 1891; x_wconf 68' lang='lat' dir='ltr'>Sassia</span> <span class='ocrx_word' id='word_1_233' title='bbox 137 1869 179 1889; x_wconf 83' lang='lat' dir='ltr'>filii</span> <span class='ocrx_word' id='word_1_234' title='bbox 193 1868 289 1890; x_wconf 81' lang='lat' dir='ltr'>consilio</span> <span class='ocrx_word' id='word_1_235' title='bbox 303 1875 343 1896; x_wconf 85' lang='lat' dir='ltr'>per</span> <span class='ocrx_word' id='word_1_236' title='bbox 351 1869 381 1890; x_wconf 87' lang='grc' dir='ltr'>Μ.</span> <span class='ocrx_word' id='word_1_237' title='bbox 392 1868 502 1890; x_wconf 72' lang='lat' dir='ltr'>Asellium</span> <span class='ocrx_word' id='word_1_238' title='bbox 513 1870 625 1897; x_wconf 81' lang='lat' dir='ltr'>quomdam</span> <span class='ocrx_word' id='word_1_239' title='bbox 635 1870 713 1891; x_wconf 79' lang='lat' dir='ltr'>marito</span> <span class='ocrx_word' id='word_1_240' title='bbox 725 1877 764 1890; x_wconf 70' lang='lat' dir='ltr'>nuo</span> <span class='ocrx_word' id='word_1_241' title='bbox 774 1876 839 1890; x_wconf 82' lang='lat' dir='ltr'>vene-</span> 
     </span>
     <span class='ocr_line' id='line_1_34' title="bbox 45 1904 841 1932; baseline 0 -8"><span class='ocrx_word' id='word_1_242' title='bbox 45 1910 95 1924; x_wconf 87' lang='lat' dir='ltr'>num</span> <span class='ocrx_word' id='word_1_243' title='bbox 110 1904 135 1924; x_wconf 86' lang='lat' dir='ltr'>in</span> <span class='ocrx_word' id='word_1_244' title='bbox 149 1910 204 1931; x_wconf 79' lang='lat' dir='ltr'>pune</span> <span class='ocrx_word' id='word_1_245' title='bbox 219 1905 291 1925; x_wconf 85' lang='lat' dir='ltr'>dntum</span> <span class='ocrx_word' id='word_1_246' title='bbox 306 1904 401 1929; x_wconf 84' lang='lat' dir='ltr'>diceret,</span> <span class='ocrx_word' id='word_1_247' title='bbox 420 1905 447 1925; x_wconf 83' lang='lat' dir='ltr'>de</span> <span class='ocrx_word' id='word_1_248' title='bbox 461 1905 531 1925; x_wconf 60' lang='lat' dir='ltr'>uersis</span> <span class='ocrx_word' id='word_1_249' title='bbox 542 1907 612 1926; x_wconf 77' lang='lat' dir='ltr'>autern</span> <span class='ocrx_word' id='word_1_250' title='bbox 624 1904 754 1932; x_wconf 73' lang='lat' dir='ltr'>quae-tione</span> <span class='ocrx_word' id='word_1_251' title='bbox 764 1904 841 1925; x_wconf 72' lang='lat' dir='ltr'>hahita</span> 
     </span>
    </p>
   </div>
   <div class='ocr_carea' id='block_1_19' title="bbox 8 1939 839 1968">
    <p class='ocr_par' dir='ltr' id='par_1_19' title="bbox 8 1939 839 1968">
     <span class='ocr_line' id='line_1_35' title="bbox 8 1939 839 1968; baseline 0.001 -9"><span class='ocrx_word' id='word_1_252' title='bbox 8 1963 9 1967; x_wconf 19' lang='grc' dir='ltr'><strong>Ἰ</strong></span> <span class='ocrx_word' id='word_1_253' title='bbox 45 1939 103 1959; x_wconf 87' lang='lat' dir='ltr'>nihil</span> <span class='ocrx_word' id='word_1_254' title='bbox 113 1942 173 1960; x_wconf 73' lang='lat' dir='ltr'>esset</span> <span class='ocrx_word' id='word_1_255' title='bbox 182 1942 303 1966; x_wconf 74' lang='lat' dir='ltr'>repertum:</span> <span class='ocrx_word' id='word_1_256' title='bbox 316 1946 392 1960; x_wconf 73' lang='lat' dir='ltr'>rursu·</span> <span class='ocrx_word' id='word_1_257' title='bbox 403 1940 476 1960; x_wconf 79' lang='lat' dir='ltr'>endem</span> <span class='ocrx_word' id='word_1_258' title='bbox 484 1955 489 1964; x_wconf 85' lang='grc'><strong>,</strong></span> <span class='ocrx_word' id='word_1_259' title='bbox 501 1940 598 1960; x_wconf 78' lang='lat' dir='ltr'>triennio</span> <span class='ocrx_word' id='word_1_260' title='bbox 608 1942 666 1968; x_wconf 73' lang='lat' dir='ltr'>pont.</span> <span class='ocrx_word' id='word_1_261' title='bbox 678 1939 839 1960; x_wconf 67' lang='lat' dir='ltr'>adulescentem</span> 
     </span>
    </p>
   </div>
   <div class='ocr_carea' id='block_1_20' title="bbox 45 1974 840 2003">
    <p class='ocr_par' dir='ltr' id='par_1_20' title="bbox 45 1974 840 2003">
     <span class='ocr_line' id='line_1_36' title="bbox 45 1974 840 2003; baseline 0 -9"><span class='ocrx_word' id='word_1_262' title='bbox 45 1974 202 2002; x_wconf 72' lang='lat' dir='ltr'>Oppianicum.</span> <span class='ocrx_word' id='word_1_263' title='bbox 213 1974 249 1995; x_wconf 85' lang='lat' dir='ltr'>cui</span> <span class='ocrx_word' id='word_1_264' title='bbox 258 1974 325 1995; x_wconf 86' lang='lat' dir='ltr'>filiam</span> <span class='ocrx_word' id='word_1_265' title='bbox 336 1975 491 1999; x_wconf 70' lang='lat' dir='ltr'>collocaverat,</span> <span class='ocrx_word' id='word_1_266' title='bbox 502 1975 599 2003; x_wconf 81' lang='lat' dir='ltr'>impulit,</span> <span class='ocrx_word' id='word_1_267' title='bbox 610 1978 634 1996; x_wconf 75' lang='lat' dir='ltr'>ut</span> <span class='ocrx_word' id='word_1_268' title='bbox 644 1975 712 1995; x_wconf 86' lang='lat' dir='ltr'>filium</span> <span class='ocrx_word' id='word_1_269' title='bbox 723 1975 749 1995; x_wconf 84' lang='lat' dir='ltr'>de</span> <span class='ocrx_word' id='word_1_270' title='bbox 759 1975 840 1995; x_wconf 74' lang='lat' dir='ltr'>venes·-</span> 
     </span>
    </p>
   </div>
   <div class='ocr_carea' id='block_1_21' title="bbox 9 2008 840 2072">
    <p class='ocr_par' dir='ltr' id='par_1_21' title="bbox 9 2008 840 2072">
     <span class='ocr_line' id='line_1_37' title="bbox 9 2008 840 2032; baseline -0.001 -2"><span class='ocrx_word' id='word_1_271' title='bbox 9 2008 10 2015; x_wconf 62' lang='lat'>¹</span> <span class='ocrx_word' id='word_1_272' title='bbox 45 2009 79 2031; x_wconf 76' lang='lat' dir='ltr'>eiu</span> <span class='ocrx_word' id='word_1_273' title='bbox 94 2012 214 2030; x_wconf 69' lang='lat' dir='ltr'>accusaret.</span> <span class='ocrx_word' id='word_1_274' title='bbox 245 2010 265 2030; x_wconf 79' lang='lat' dir='ltr'>ls</span> <span class='ocrx_word' id='word_1_275' title='bbox 279 2012 353 2030; x_wconf 73' lang='lat' dir='ltr'>actore</span> <span class='ocrx_word' id='word_1_276' title='bbox 367 2017 421 2030; x_wconf 70' lang='lat' dir='ltr'>unua</span> <span class='ocrx_word' id='word_1_277' title='bbox 436 2013 470 2031; x_wconf 75' lang='lat' dir='ltr'>cut</span> <span class='ocrx_word' id='word_1_278' title='bbox 485 2011 509 2031; x_wconf 84' lang='lat'>1..</span> <span class='ocrx_word' id='word_1_279' title='bbox 525 2010 588 2031; x_wconf 74' lang='lat' dir='ltr'>Attio</span> <span class='ocrx_word' id='word_1_280' title='bbox 603 2009 745 2032; x_wconf 69' lang='lat' dir='ltr'>Pisaurensi:</span> <span class='ocrx_word' id='word_1_281' title='bbox 764 2012 840 2030; x_wconf 75' lang='lat' dir='ltr'>coutr-</span> 
     </span>
     <span class='ocr_line' id='line_1_38' title="bbox 9 2044 549 2072; baseline 0.002 -8"><span class='ocrx_word' id='word_1_282' title='bbox 9 2048 10 2063; x_wconf 75' lang='lat'>1</span> <span class='ocrx_word' id='word_1_283' title='bbox 46 2052 107 2071; x_wconf 76' lang='lat' dir='ltr'>qun-m</span> <span class='ocrx_word' id='word_1_284' title='bbox 119 2048 207 2072; x_wconf 68' lang='lat' dir='ltr'>praetor</span> <span class='ocrx_word' id='word_1_285' title='bbox 217 2044 294 2065; x_wconf 67' lang='lat' dir='ltr'>einen-o</span> <span class='ocrx_word' id='word_1_286' title='bbox 305 2044 432 2065; x_wconf 81' lang='lat' dir='ltr'>Cluentium</span> <span class='ocrx_word' id='word_1_287' title='bbox 443 2044 549 2065; x_wconf 72' lang='lat' dir='ltr'>defendit.</span> 
     </span>
    </p>
   </div>
   <div class='ocr_carea' id='block_1_22' title="bbox 8 2101 840 2366">
    <p class='ocr_par' dir='ltr' id='par_1_22' title="bbox 8 2101 840 2366">
     <span class='ocr_line' id='line_1_39' title="bbox 8 2101 839 2138; baseline 0.001 -6"><span class='ocrx_word' id='word_1_288' title='bbox 8 2131 9 2137; x_wconf 65' lang='grc'>,</span> <span class='ocrx_word' id='word_1_289' title='bbox 101 2107 120 2133; x_wconf 93' lang='lat'>1.</span> <span class='ocrx_word' id='word_1_290' title='bbox 142 2107 165 2133; x_wconf 88' lang='lat' dir='ltr'>l.</span> <span class='ocrx_word' id='word_1_291' title='bbox 189 2101 390 2138; x_wconf 77' lang='lat' dir='ltr'>Animadverti,</span> <span class='ocrx_word' id='word_1_292' title='bbox 415 2106 531 2138; x_wconf 84' lang='lat' dir='ltr'>iudices,</span> <span class='ocrx_word' id='word_1_293' title='bbox 555 2115 661 2134; x_wconf 88' lang='lat' dir='ltr'>omnem</span> <span class='ocrx_word' id='word_1_294' title='bbox 679 2107 839 2133; x_wconf 83' lang='lat' dir='ltr'>accusatoris</span> 
     </span>
     <span class='ocr_line' id='line_1_40' title="bbox 8 2143 839 2180; baseline 0 -10"><span class='ocrx_word' id='word_1_295' title='bbox 8 2145 9 2164; x_wconf 63' lang='grc' dir='ltr'><strong>ἶ</strong></span> <span class='ocrx_word' id='word_1_296' title='bbox 45 2144 189 2171; x_wconf 87' lang='lat' dir='ltr'>orationem</span> <span class='ocrx_word' id='word_1_297' title='bbox 203 2143 231 2170; x_wconf 86' lang='lat' dir='ltr'>in</span> <span class='ocrx_word' id='word_1_298' title='bbox 245 2143 312 2170; x_wconf 80' lang='lat' dir='ltr'>duas</span> <span class='ocrx_word' id='word_1_299' title='bbox 327 2143 442 2170; x_wconf 82' lang='lat' dir='ltr'>divisam</span> <span class='ocrx_word' id='word_1_300' title='bbox 453 2152 511 2170; x_wconf 86' lang='lat' dir='ltr'>esse</span> <span class='ocrx_word' id='word_1_301' title='bbox 522 2148 617 2179; x_wconf 87' lang='lat' dir='ltr'>partes,</span> <span class='ocrx_word' id='word_1_302' title='bbox 633 2153 747 2180; x_wconf 86' lang='lat' dir='ltr'>quarum</span> <span class='ocrx_word' id='word_1_303' title='bbox 759 2144 839 2171; x_wconf 83' lang='lat' dir='ltr'>ultera</span> 
     </span>
     <span class='ocr_line' id='line_1_41' title="bbox 45 2180 839 2216; baseline 0 -8"><span class='ocrx_word' id='word_1_304' title='bbox 45 2181 112 2208; x_wconf 88' lang='lat' dir='ltr'>mihi</span> <span class='ocrx_word' id='word_1_305' title='bbox 131 2180 178 2208; x_wconf 88' lang='lat' dir='ltr'>niti</span> <span class='ocrx_word' id='word_1_306' title='bbox 197 2185 223 2207; x_wconf 89' lang='lat' dir='ltr'>et</span> <span class='ocrx_word' id='word_1_307' title='bbox 237 2189 333 2216; x_wconf 81' lang='lat' dir='ltr'>magno</span> <span class='ocrx_word' id='word_1_308' title='bbox 346 2189 425 2215; x_wconf 85' lang='lat' dir='ltr'>opere</span> <span class='ocrx_word' id='word_1_309' title='bbox 437 2181 569 2208; x_wconf 85' lang='lat' dir='ltr'>confidere</span> <span class='ocrx_word' id='word_1_310' title='bbox 585 2181 724 2208; x_wconf 79' lang='lat' dir='ltr'>videbatur</span> <span class='ocrx_word' id='word_1_311' title='bbox 738 2181 839 2208; x_wconf 84' lang='lat' dir='ltr'>invidia</span> 
     </span>
     <span class='ocr_line' id='line_1_42' title="bbox 43 2218 840 2250; baseline 0 -4"><span class='ocrx_word' id='word_1_312' title='bbox 43 2219 97 2246; x_wconf 80' lang='lat' dir='ltr'>iam</span> <span class='ocrx_word' id='word_1_313' title='bbox 120 2219 264 2245; x_wconf 80' lang='lat' dir='ltr'>inveterata</span> <span class='ocrx_word' id='word_1_314' title='bbox 288 2218 380 2245; x_wconf 88' lang='lat' dir='ltr'>iudicii</span> <span class='ocrx_word' id='word_1_315' title='bbox 399 2219 516 2250; x_wconf 81' lang='lat' dir='ltr'>Iuniani,</span> <span class='ocrx_word' id='word_1_316' title='bbox 541 2218 620 2245; x_wconf 82' lang='lat' dir='ltr'>altera</span> <span class='ocrx_word' id='word_1_317' title='bbox 639 2223 742 2246; x_wconf 83' lang='lat' dir='ltr'>tantum</span> <span class='ocrx_word' id='word_1_318' title='bbox 762 2219 840 2246; x_wconf 88' lang='lat' dir='ltr'>modo</span> 
     </span>
     <span class='ocr_line' id='line_1_43' title="bbox 44 2255 839 2292; baseline 0.001 -10"><span class='ocrx_word' id='word_1_319' title='bbox 44 2255 246 2283; x_wconf 84' lang='lat' dir='ltr'>consuetudinis</span> <span class='ocrx_word' id='word_1_320' title='bbox 264 2264 359 2282; x_wconf 82' lang='lat' dir='ltr'>caussa</span> <span class='ocrx_word' id='word_1_321' title='bbox 379 2255 471 2282; x_wconf 81' lang='lat' dir='ltr'>timido</span> <span class='ocrx_word' id='word_1_322' title='bbox 490 2261 515 2282; x_wconf 89' lang='lat' dir='ltr'>ct</span> <span class='ocrx_word' id='word_1_323' title='bbox 536 2256 687 2283; x_wconf 76' lang='lat' dir='ltr'>diffidenter</span> <span class='ocrx_word' id='word_1_324' title='bbox 711 2257 839 2292; x_wconf 82' lang='lat' dir='ltr'>attingere</span> 
     </span>
     <span class='ocr_line' id='line_1_44' title="bbox 44 2292 839 2330; baseline 0 -10"><span class='ocrx_word' id='word_1_325' title='bbox 44 2293 172 2320; x_wconf 79' lang='lat' dir='ltr'>rationem</span> <span class='ocrx_word' id='word_1_326' title='bbox 188 2292 310 2320; x_wconf 85' lang='lat' dir='ltr'>veneficii</span> <span class='ocrx_word' id='word_1_327' title='bbox 323 2293 482 2320; x_wconf 88' lang='lat' dir='ltr'>criminum:</span> <span class='ocrx_word' id='word_1_328' title='bbox 497 2302 550 2329; x_wconf 84' lang='lat' dir='ltr'>qua</span> <span class='ocrx_word' id='word_1_329' title='bbox 565 2293 598 2320; x_wconf 87' lang='lat' dir='ltr'>de</span> <span class='ocrx_word' id='word_1_330' title='bbox 612 2302 638 2320; x_wconf 88' lang='lat' dir='ltr'>re</span> <span class='ocrx_word' id='word_1_331' title='bbox 654 2293 710 2330; x_wconf 79' lang='lat' dir='ltr'>lege</span> <span class='ocrx_word' id='word_1_332' title='bbox 724 2298 765 2320; x_wconf 89' lang='lat' dir='ltr'>cst</span> <span class='ocrx_word' id='word_1_333' title='bbox 775 2294 839 2320; x_wconf 85' lang='lat' dir='ltr'>baec</span> 
     </span>
     <span class='ocr_line' id='line_1_45' title="bbox 44 2330 839 2366; baseline 0 -9"><span class='ocrx_word' id='word_1_334' title='bbox 44 2330 165 2366; x_wconf 77' lang='lat' dir='ltr'>quaestio</span> <span class='ocrx_word' id='word_1_335' title='bbox 182 2331 334 2357; x_wconf 84' lang='lat' dir='ltr'>constituta.</span> <span class='ocrx_word' id='word_1_336' title='bbox 375 2331 466 2366; x_wconf 81' lang='lat' dir='ltr'>ltaque</span> <span class='ocrx_word' id='word_1_337' title='bbox 484 2330 550 2357; x_wconf 88' lang='lat' dir='ltr'>mibi</span> <span class='ocrx_word' id='word_1_338' title='bbox 569 2335 670 2357; x_wconf 88' lang='lat' dir='ltr'>certum</span> <span class='ocrx_word' id='word_1_339' title='bbox 694 2335 747 2362; x_wconf 78' lang='lat' dir='ltr'>est,</span> <span class='ocrx_word' id='word_1_340' title='bbox 772 2331 839 2358; x_wconf 81' lang='lat' dir='ltr'>hunc</span> 
     </span>
    </p>
   </div>
   <div class='ocr_carea' id='block_1_23' title="bbox 8 2367 838 2398">
    <p class='ocr_par' dir='ltr' id='par_1_23' title="bbox 8 2367 838 2398">
     <span class='ocr_line' id='line_1_46' title="bbox 8 2367 838 2398; baseline 0 -4"><span class='ocrx_word' id='word_1_341' title='bbox 8 2393 9 2398; x_wconf 67' lang='grc'>,</span> <span class='ocrx_word' id='word_1_342' title='bbox 45 2368 164 2395; x_wconf 83' lang='lat' dir='ltr'>eamdem</span> <span class='ocrx_word' id='word_1_343' title='bbox 183 2367 400 2395; x_wconf 83' lang='lat' dir='ltr'>distributionem</span> <span class='ocrx_word' id='word_1_344' title='bbox 419 2367 536 2395; x_wconf 87' lang='lat' dir='ltr'>invidiae</span> <span class='ocrx_word' id='word_1_345' title='bbox 554 2372 580 2394; x_wconf 89' lang='lat' dir='ltr'>et</span> <span class='ocrx_word' id='word_1_346' title='bbox 597 2369 740 2395; x_wconf 87' lang='lat' dir='ltr'>eriminum</span> <span class='ocrx_word' id='word_1_347' title='bbox 759 2368 838 2395; x_wconf 88' lang='lat' dir='ltr'>sicin</span> 
     </span>
    </p>
   </div>
   <div class='ocr_carea' id='block_1_24' title="bbox 6 2404 839 2740">
    <p class='ocr_par' dir='ltr' id='par_1_24' title="bbox 6 2404 839 2706">
     <span class='ocr_line' id='line_1_47' title="bbox 44 2404 838 2441; baseline -0.001 -9"><span class='ocrx_word' id='word_1_348' title='bbox 44 2404 198 2432; x_wconf 79' lang='lat' dir='ltr'>defensione</span> <span class='ocrx_word' id='word_1_349' title='bbox 215 2414 334 2437; x_wconf 82' lang='lat' dir='ltr'>servare,</span> <span class='ocrx_word' id='word_1_350' title='bbox 359 2409 389 2432; x_wconf 81' lang='lat' dir='ltr'>ut</span> <span class='ocrx_word' id='word_1_351' title='bbox 406 2413 498 2432; x_wconf 77' lang='lat' dir='ltr'>omncs</span> <span class='ocrx_word' id='word_1_352' title='bbox 517 2405 679 2441; x_wconf 80' lang='lat' dir='ltr'>intelligant,</span> <span class='ocrx_word' id='word_1_353' title='bbox 706 2405 772 2432; x_wconf 87' lang='lat' dir='ltr'>nihil</span> <span class='ocrx_word' id='word_1_354' title='bbox 797 2414 838 2432; x_wconf 88' lang='lat' dir='ltr'>mc</span> 
     </span>
     <span class='ocr_line' id='line_1_48' title="bbox 45 2442 838 2478; baseline 0 -9"><span class='ocrx_word' id='word_1_355' title='bbox 45 2451 93 2469; x_wconf 86' lang='lat' dir='ltr'>nec</span> <span class='ocrx_word' id='word_1_356' title='bbox 110 2442 297 2478; x_wconf 71' lang='lat' dir='ltr'>subterfugere</span> <span class='ocrx_word' id='word_1_357' title='bbox 317 2442 434 2470; x_wconf 82' lang='lat' dir='ltr'>voluisse</span> <span class='ocrx_word' id='word_1_358' title='bbox 453 2443 598 2473; x_wconf 77' lang='lat' dir='ltr'>reticendo,</span> <span class='ocrx_word' id='word_1_359' title='bbox 626 2451 674 2469; x_wconf 87' lang='lat' dir='ltr'>nec</span> <span class='ocrx_word' id='word_1_360' title='bbox 696 2443 838 2469; x_wconf 74' lang='lat' dir='ltr'>obscurare</span> 
     </span>
     <span class='ocr_line' id='line_1_49' title="bbox 44 2479 838 2515; baseline 0 -9"><span class='ocrx_word' id='word_1_361' title='bbox 44 2479 166 2507; x_wconf 85' lang='lat' dir='ltr'>dicendo.</span> <span class='ocrx_word' id='word_1_362' title='bbox 206 2481 231 2507; x_wconf 78' lang='lat'>2.</span> <span class='ocrx_word' id='word_1_363' title='bbox 248 2479 300 2507; x_wconf 89' lang='lat' dir='ltr'>Sed</span> <span class='ocrx_word' id='word_1_364' title='bbox 314 2489 398 2515; x_wconf 85' lang='lat' dir='ltr'>quum</span> <span class='ocrx_word' id='word_1_365' title='bbox 413 2480 564 2511; x_wconf 86' lang='lat' dir='ltr'>considero,</span> <span class='ocrx_word' id='word_1_366' title='bbox 580 2479 714 2515; x_wconf 89' lang='lat' dir='ltr'>quomodo</span> <span class='ocrx_word' id='word_1_367' title='bbox 729 2480 795 2506; x_wconf 90' lang='lat' dir='ltr'>mibi</span> <span class='ocrx_word' id='word_1_368' title='bbox 811 2480 838 2506; x_wconf 89' lang='lat' dir='ltr'>in</span> 
     </span>
     <span class='ocr_line' id='line_1_50' title="bbox 44 2516 839 2553; baseline -0.001 -9"><span class='ocrx_word' id='word_1_369' title='bbox 44 2520 156 2553; x_wconf 81' lang='lat' dir='ltr'>utraque</span> <span class='ocrx_word' id='word_1_370' title='bbox 170 2525 197 2544; x_wconf 89' lang='lat' dir='ltr'>rc</span> <span class='ocrx_word' id='word_1_371' title='bbox 211 2517 246 2543; x_wconf 86' lang='lat' dir='ltr'>sit</span> <span class='ocrx_word' id='word_1_372' title='bbox 258 2516 458 2548; x_wconf 81' lang='lat' dir='ltr'>elaborandum,</span> <span class='ocrx_word' id='word_1_373' title='bbox 475 2517 554 2543; x_wconf 82' lang='lat' dir='ltr'>altera</span> <span class='ocrx_word' id='word_1_374' title='bbox 569 2526 638 2552; x_wconf 80' lang='lat' dir='ltr'>pars,</span> <span class='ocrx_word' id='word_1_375' title='bbox 655 2525 684 2543; x_wconf 80' lang='lat' dir='ltr'>ea</span> <span class='ocrx_word' id='word_1_376' title='bbox 698 2525 767 2552; x_wconf 84' lang='lat' dir='ltr'>qune</span> <span class='ocrx_word' id='word_1_377' title='bbox 778 2525 839 2552; x_wconf 89' lang='lat' dir='ltr'>pro—</span> 
     </span>
     <span class='ocr_line' id='line_1_51' title="bbox 44 2554 839 2590; baseline 0 -10"><span class='ocrx_word' id='word_1_378' title='bbox 44 2554 102 2589; x_wconf 86' lang='lat' dir='ltr'>pria</span> <span class='ocrx_word' id='word_1_379' title='bbox 119 2559 159 2582; x_wconf 87' lang='lat' dir='ltr'>est</span> <span class='ocrx_word' id='word_1_380' title='bbox 176 2554 270 2581; x_wconf 91' lang='lat' dir='ltr'>iudicii</span> <span class='ocrx_word' id='word_1_381' title='bbox 285 2555 365 2581; x_wconf 83' lang='lat' dir='ltr'>vestri</span> <span class='ocrx_word' id='word_1_382' title='bbox 380 2559 406 2581; x_wconf 86' lang='lat' dir='ltr'>et</span> <span class='ocrx_word' id='word_1_383' title='bbox 421 2554 553 2590; x_wconf 78' lang='lat' dir='ltr'>legitimae</span> <span class='ocrx_word' id='word_1_384' title='bbox 569 2554 689 2581; x_wconf 82' lang='lat' dir='ltr'>veneficii</span> <span class='ocrx_word' id='word_1_385' title='bbox 703 2555 839 2589; x_wconf 86' lang='lat' dir='ltr'>quaestio-</span> 
     </span>
     <span class='ocr_line' id='line_1_52' title="bbox 44 2591 839 2628; baseline 0 -10"><span class='ocrx_word' id='word_1_386' title='bbox 44 2591 98 2624; x_wconf 79' lang='lat' dir='ltr'>nis.</span> <span class='ocrx_word' id='word_1_387' title='bbox 119 2600 166 2627; x_wconf 86' lang='lat' dir='ltr'>per</span> <span class='ocrx_word' id='word_1_388' title='bbox 183 2591 251 2618; x_wconf 88' lang='lat' dir='ltr'>mihi</span> <span class='ocrx_word' id='word_1_389' title='bbox 269 2591 359 2619; x_wconf 86' lang='lat' dir='ltr'>brevis</span> <span class='ocrx_word' id='word_1_390' title='bbox 377 2597 403 2619; x_wconf 84' lang='lat' dir='ltr'>et</span> <span class='ocrx_word' id='word_1_391' title='bbox 417 2601 468 2619; x_wconf 90' lang='lat' dir='ltr'>non</span> <span class='ocrx_word' id='word_1_392' title='bbox 483 2600 594 2628; x_wconf 74' lang='lat' dir='ltr'>magnae</span> <span class='ocrx_word' id='word_1_393' title='bbox 608 2593 634 2618; x_wconf 93' lang='lat' dir='ltr'>in</span> <span class='ocrx_word' id='word_1_394' title='bbox 649 2591 762 2618; x_wconf 85' lang='lat' dir='ltr'>dicendo</span> <span class='ocrx_word' id='word_1_395' title='bbox 775 2600 839 2618; x_wconf 90' lang='lat' dir='ltr'>con-</span> 
     </span>
     <span class='ocr_line' id='line_1_53' title="bbox 44 2628 838 2665; baseline -0.001 -9"><span class='ocrx_word' id='word_1_396' title='bbox 44 2629 168 2656; x_wconf 79' lang='lat' dir='ltr'>tentionis</span> <span class='ocrx_word' id='word_1_397' title='bbox 183 2628 237 2655; x_wconf 81' lang='lat' dir='ltr'>fore</span> <span class='ocrx_word' id='word_1_398' title='bbox 256 2629 374 2661; x_wconf 86' lang='lat' dir='ltr'>videtur,</span> <span class='ocrx_word' id='word_1_399' title='bbox 395 2629 475 2656; x_wconf 80' lang='lat' dir='ltr'>altera</span> <span class='ocrx_word' id='word_1_400' title='bbox 493 2634 596 2661; x_wconf 80' lang='lat' dir='ltr'>autem,</span> <span class='ocrx_word' id='word_1_401' title='bbox 616 2638 684 2665; x_wconf 80' lang='lat' dir='ltr'>quac</span> <span class='ocrx_word' id='word_1_402' title='bbox 699 2629 790 2664; x_wconf 90' lang='lat' dir='ltr'>procul</span> <span class='ocrx_word' id='word_1_403' title='bbox 805 2629 838 2655; x_wconf 87' lang='lat' dir='ltr'>ab</span> 
     </span>
     <span class='ocr_line' id='line_1_54' title="bbox 6 2664 838 2706; baseline 0 -13"><span class='ocrx_word' id='word_1_404' title='bbox 6 2701 7 2706; x_wconf 19' lang='grc'>1</span> <span class='ocrx_word' id='word_1_405' title='bbox 43 2664 143 2693; x_wconf 84' lang='lat' dir='ltr'>iudicio</span> <span class='ocrx_word' id='word_1_406' title='bbox 156 2670 255 2693; x_wconf 82' lang='lat' dir='ltr'>remota</span> <span class='ocrx_word' id='word_1_407' title='bbox 269 2671 321 2698; x_wconf 87' lang='lat' dir='ltr'>est,</span> <span class='ocrx_word' id='word_1_408' title='bbox 337 2675 407 2702; x_wconf 85' lang='lat' dir='ltr'>quae</span> <span class='ocrx_word' id='word_1_409' title='bbox 420 2666 594 2693; x_wconf 81' lang='lat' dir='ltr'>concionibus</span> <span class='ocrx_word' id='word_1_410' title='bbox 608 2666 734 2693; x_wconf 84' lang='lat' dir='ltr'>seditiose</span> <span class='ocrx_word' id='word_1_411' title='bbox 748 2667 838 2693; x_wconf 79' lang='lat' dir='ltr'>conci-</span> 
     </span>
    </p>

    <p class='ocr_par' dir='ltr' id='par_1_25' title="bbox 44 2702 837 2740">
     <span class='ocr_line' id='line_1_55' title="bbox 44 2702 837 2740; baseline 0.001 -11"><span class='ocrx_word' id='word_1_412' title='bbox 44 2703 104 2730; x_wconf 87' lang='lat' dir='ltr'>tatis</span> <span class='ocrx_word' id='word_1_413' title='bbox 118 2702 339 2731; x_wconf 81' lang='lat' dir='ltr'>accommodatior</span> <span class='ocrx_word' id='word_1_414' title='bbox 352 2708 400 2736; x_wconf 85' lang='lat' dir='ltr'>est,</span> <span class='ocrx_word' id='word_1_415' title='bbox 417 2713 498 2740; x_wconf 84' lang='lat' dir='ltr'>quam</span> <span class='ocrx_word' id='word_1_416' title='bbox 513 2703 665 2740; x_wconf 76' lang='lat' dir='ltr'>tranquillis</span> <span class='ocrx_word' id='word_1_417' title='bbox 680 2703 837 2731; x_wconf 85' lang='lat' dir='ltr'>moderatis-</span> 
     </span>
    </p>
   </div>
   <div class='ocr_carea' id='block_1_25' title="bbox 889 1128 1690 2739">
    <p class='ocr_par' dir='ltr' id='par_1_26' title="bbox 889 1128 1690 2739">
     <span class='ocr_line' id='line_1_56' title="bbox 893 1128 1688 1167; baseline -0.005 -9"><span class='ocrx_word' id='word_1_418' title='bbox 893 1140 947 1167; x_wconf 85' lang='lat' dir='ltr'>que</span> <span class='ocrx_word' id='word_1_419' title='bbox 960 1131 1081 1163; x_wconf 84' lang='lat' dir='ltr'>iudiciis,</span> <span class='ocrx_word' id='word_1_420' title='bbox 1102 1130 1248 1166; x_wconf 81' lang='lat' dir='ltr'>perspicio,</span> <span class='ocrx_word' id='word_1_421' title='bbox 1267 1135 1398 1165; x_wconf 87' lang='lat' dir='ltr'>quantum</span> <span class='ocrx_word' id='word_1_422' title='bbox 1413 1130 1440 1156; x_wconf 92' lang='lat' dir='ltr'>in</span> <span class='ocrx_word' id='word_1_423' title='bbox 1455 1129 1557 1165; x_wconf 80' lang='lat' dir='ltr'>agendo</span> <span class='ocrx_word' id='word_1_424' title='bbox 1570 1128 1688 1155; x_wconf 86' lang='lat' dir='ltr'>difficul-</span> 
     </span>
     <span class='ocr_line' id='line_1_57' title="bbox 894 1166 1688 1204; baseline -0.005 -8"><span class='ocrx_word' id='word_1_425' title='bbox 894 1169 954 1196; x_wconf 84' lang='lat' dir='ltr'>tatis</span> <span class='ocrx_word' id='word_1_426' title='bbox 968 1173 994 1196; x_wconf 83' lang='lat' dir='ltr'>et</span> <span class='ocrx_word' id='word_1_427' title='bbox 1006 1173 1138 1204; x_wconf 88' lang='lat' dir='ltr'>quantum</span> <span class='ocrx_word' id='word_1_428' title='bbox 1154 1168 1251 1195; x_wconf 87' lang='lat' dir='ltr'>laboris</span> <span class='ocrx_word' id='word_1_429' title='bbox 1265 1169 1300 1194; x_wconf 85' lang='lat' dir='ltr'>sit</span> <span class='ocrx_word' id='word_1_430' title='bbox 1314 1168 1445 1194; x_wconf 85' lang='lat' dir='ltr'>habitura.</span> <span class='ocrx_word' id='word_1_431' title='bbox 1486 1169 1510 1193; x_wconf 91' lang='grc'>3.</span> <span class='ocrx_word' id='word_1_432' title='bbox 1530 1166 1583 1193; x_wconf 89' lang='lat' dir='ltr'>Sed</span> <span class='ocrx_word' id='word_1_433' title='bbox 1596 1167 1624 1192; x_wconf 90' lang='lat' dir='ltr'>in</span> <span class='ocrx_word' id='word_1_434' title='bbox 1638 1166 1688 1192; x_wconf 86' lang='lat' dir='ltr'>hac</span> 
     </span>
     <span class='ocr_line' id='line_1_58' title="bbox 893 1202 1690 1236; baseline -0.006 -2"><span class='ocrx_word' id='word_1_435' title='bbox 893 1210 963 1233; x_wconf 79' lang='lat' dir='ltr'>tanta</span> <span class='ocrx_word' id='word_1_436' title='bbox 977 1206 1133 1233; x_wconf 83' lang='lat' dir='ltr'>difficultate</span> <span class='ocrx_word' id='word_1_437' title='bbox 1146 1206 1191 1232; x_wconf 86' lang='lat' dir='ltr'>illa</span> <span class='ocrx_word' id='word_1_438' title='bbox 1206 1214 1249 1232; x_wconf 85' lang='lat' dir='ltr'>me</span> <span class='ocrx_word' id='word_1_439' title='bbox 1262 1214 1304 1231; x_wconf 85' lang='lat' dir='ltr'>res</span> <span class='ocrx_word' id='word_1_440' title='bbox 1318 1210 1418 1236; x_wconf 83' lang='lat' dir='ltr'>tamen,</span> <span class='ocrx_word' id='word_1_441' title='bbox 1435 1204 1552 1235; x_wconf 82' lang='lat' dir='ltr'>iudices,</span> <span class='ocrx_word' id='word_1_442' title='bbox 1568 1202 1690 1230; x_wconf 86' lang='lat' dir='ltr'>consola-</span> 
     </span>
     <span class='ocr_line' id='line_1_59' title="bbox 893 1242 1689 1279; baseline -0.005 -9"><span class='ocrx_word' id='word_1_443' title='bbox 893 1248 944 1275; x_wconf 87' lang='lat' dir='ltr'>tur,</span> <span class='ocrx_word' id='word_1_444' title='bbox 961 1244 1033 1279; x_wconf 91' lang='lat' dir='ltr'>quod</span> <span class='ocrx_word' id='word_1_445' title='bbox 1047 1253 1094 1270; x_wconf 91' lang='lat' dir='ltr'>vos</span> <span class='ocrx_word' id='word_1_446' title='bbox 1108 1244 1141 1270; x_wconf 88' lang='lat' dir='ltr'>de</span> <span class='ocrx_word' id='word_1_447' title='bbox 1154 1243 1313 1270; x_wconf 85' lang='lat' dir='ltr'>criminibus</span> <span class='ocrx_word' id='word_1_448' title='bbox 1328 1243 1366 1269; x_wconf 87' lang='lat' dir='ltr'>sic</span> <span class='ocrx_word' id='word_1_449' title='bbox 1380 1242 1471 1268; x_wconf 88' lang='lat' dir='ltr'>audire</span> <span class='ocrx_word' id='word_1_450' title='bbox 1482 1242 1642 1271; x_wconf 72' lang='lat' dir='ltr'>consuestis,</span> <span class='ocrx_word' id='word_1_451' title='bbox 1660 1245 1689 1266; x_wconf 93' lang='lat' dir='ltr'>ut</span> 
     </span>
     <span class='ocr_line' id='line_1_60' title="bbox 892 1278 1686 1314; baseline -0.005 -6"><span class='ocrx_word' id='word_1_452' title='bbox 892 1289 985 1308; x_wconf 87' lang='lat' dir='ltr'>eorum</span> <span class='ocrx_word' id='word_1_453' title='bbox 1003 1282 1124 1308; x_wconf 88' lang='lat' dir='ltr'>omnium</span> <span class='ocrx_word' id='word_1_454' title='bbox 1142 1280 1346 1307; x_wconf 89' lang='lat' dir='ltr'>dissolutionem</span> <span class='ocrx_word' id='word_1_455' title='bbox 1365 1280 1397 1306; x_wconf 88' lang='lat' dir='ltr'>ab</span> <span class='ocrx_word' id='word_1_456' title='bbox 1420 1284 1521 1306; x_wconf 84' lang='lat' dir='ltr'>oratore</span> <span class='ocrx_word' id='word_1_457' title='bbox 1543 1278 1686 1314; x_wconf 77' lang='lat' dir='ltr'>quaeratiS.</span> 
     </span>
     <span class='ocr_line' id='line_1_61' title="bbox 893 1316 1687 1353; baseline -0.006 -7"><span class='ocrx_word' id='word_1_458' title='bbox 893 1323 923 1345; x_wconf 88' lang='lat' dir='ltr'>ut</span> <span class='ocrx_word' id='word_1_459' title='bbox 941 1328 993 1346; x_wconf 89' lang='lat' dir='ltr'>non</span> <span class='ocrx_word' id='word_1_460' title='bbox 1011 1319 1183 1350; x_wconf 85' lang='lat' dir='ltr'>existimetis,</span> <span class='ocrx_word' id='word_1_461' title='bbox 1205 1318 1267 1353; x_wconf 88' lang='lat' dir='ltr'>plus</span> <span class='ocrx_word' id='word_1_462' title='bbox 1286 1327 1333 1344; x_wconf 82' lang='lat' dir='ltr'>vos</span> <span class='ocrx_word' id='word_1_463' title='bbox 1352 1317 1384 1344; x_wconf 91' lang='lat' dir='ltr'>ad</span> <span class='ocrx_word' id='word_1_464' title='bbox 1402 1317 1516 1343; x_wconf 83' lang='lat' dir='ltr'>salutem</span> <span class='ocrx_word' id='word_1_465' title='bbox 1535 1325 1579 1342; x_wconf 83' lang='lat' dir='ltr'>reo</span> <span class='ocrx_word' id='word_1_466' title='bbox 1599 1316 1687 1351; x_wconf 72' lang='lat' dir='ltr'>largiri</span> 
     </span>
     <span class='ocr_line' id='line_1_62' title="bbox 893 1353 1688 1391; baseline -0.006 -8"><span class='ocrx_word' id='word_1_467' title='bbox 893 1361 1021 1391; x_wconf 84' lang='lat' dir='ltr'>oportere,</span> <span class='ocrx_word' id='word_1_468' title='bbox 1036 1365 1118 1391; x_wconf 88' lang='lat' dir='ltr'>quam</span> <span class='ocrx_word' id='word_1_469' title='bbox 1131 1360 1262 1391; x_wconf 82' lang='lat' dir='ltr'>quantum</span> <span class='ocrx_word' id='word_1_470' title='bbox 1276 1355 1400 1381; x_wconf 88' lang='lat' dir='ltr'>defensor</span> <span class='ocrx_word' id='word_1_471' title='bbox 1409 1353 1556 1390; x_wconf 84' lang='lat' dir='ltr'>purgandis</span> <span class='ocrx_word' id='word_1_472' title='bbox 1568 1353 1688 1379; x_wconf 89' lang='lat' dir='ltr'>crimini-</span> 
     </span>
     <span class='ocr_line' id='line_1_63' title="bbox 893 1390 1687 1429; baseline -0.005 -9"><span class='ocrx_word' id='word_1_473' title='bbox 893 1394 944 1420; x_wconf 90' lang='lat' dir='ltr'>bus</span> <span class='ocrx_word' id='word_1_474' title='bbox 958 1394 1085 1429; x_wconf 89' lang='lat' dir='ltr'>consequi</span> <span class='ocrx_word' id='word_1_475' title='bbox 1101 1398 1125 1420; x_wconf 88' lang='lat' dir='ltr'>et</span> <span class='ocrx_word' id='word_1_476' title='bbox 1139 1392 1251 1419; x_wconf 87' lang='lat' dir='ltr'>dicendo</span> <span class='ocrx_word' id='word_1_477' title='bbox 1266 1393 1375 1427; x_wconf 85' lang='lat' dir='ltr'>probare</span> <span class='ocrx_word' id='word_1_478' title='bbox 1390 1392 1516 1426; x_wconf 85' lang='lat' dir='ltr'>potuerit:</span> <span class='ocrx_word' id='word_1_479' title='bbox 1539 1391 1572 1417; x_wconf 90' lang='lat' dir='ltr'>de</span> <span class='ocrx_word' id='word_1_480' title='bbox 1586 1390 1687 1416; x_wconf 85' lang='lat' dir='ltr'>invidia</span> 
     </span>
     <span class='ocr_line' id='line_1_64' title="bbox 893 1427 1688 1465; baseline -0.006 -7"><span class='ocrx_word' id='word_1_481' title='bbox 893 1436 982 1458; x_wconf 83' lang='lat' dir='ltr'>autem</span> <span class='ocrx_word' id='word_1_482' title='bbox 997 1432 1036 1457; x_wconf 89' lang='lat' dir='ltr'>sic</span> <span class='ocrx_word' id='word_1_483' title='bbox 1050 1432 1118 1457; x_wconf 85' lang='lat' dir='ltr'>inter</span> <span class='ocrx_word' id='word_1_484' title='bbox 1132 1439 1179 1457; x_wconf 89' lang='lat' dir='ltr'>nos</span> <span class='ocrx_word' id='word_1_485' title='bbox 1193 1430 1341 1465; x_wconf 85' lang='lat' dir='ltr'>disceptare</span> <span class='ocrx_word' id='word_1_486' title='bbox 1355 1429 1472 1461; x_wconf 84' lang='lat' dir='ltr'>debetis,</span> <span class='ocrx_word' id='word_1_487' title='bbox 1492 1433 1522 1455; x_wconf 90' lang='lat' dir='ltr'>ut</span> <span class='ocrx_word' id='word_1_488' title='bbox 1536 1437 1600 1458; x_wconf 85' lang='lat' dir='ltr'>non,</span> <span class='ocrx_word' id='word_1_489' title='bbox 1621 1427 1688 1462; x_wconf 81' lang='lat' dir='ltr'>quid</span> 
     </span>
     <span class='ocr_line' id='line_1_65' title="bbox 893 1465 1686 1503; baseline -0.005 -8"><span class='ocrx_word' id='word_1_490' title='bbox 893 1469 997 1495; x_wconf 85' lang='lat' dir='ltr'>dicatur</span> <span class='ocrx_word' id='word_1_491' title='bbox 1011 1478 1024 1495; x_wconf 87' lang='lat' dir='ltr'>a</span> <span class='ocrx_word' id='word_1_492' title='bbox 1038 1469 1127 1499; x_wconf 80' lang='lat' dir='ltr'>nobis,</span> <span class='ocrx_word' id='word_1_493' title='bbox 1149 1467 1196 1494; x_wconf 87' lang='lat' dir='ltr'>sed</span> <span class='ocrx_word' id='word_1_494' title='bbox 1211 1467 1277 1503; x_wconf 89' lang='lat' dir='ltr'>quid</span> <span class='ocrx_word' id='word_1_495' title='bbox 1291 1472 1407 1502; x_wconf 84' lang='lat' dir='ltr'>oporteat</span> <span class='ocrx_word' id='word_1_496' title='bbox 1421 1467 1487 1498; x_wconf 81' lang='lat' dir='ltr'>dici,</span> <span class='ocrx_word' id='word_1_497' title='bbox 1503 1465 1686 1492; x_wconf 74' lang='lat' dir='ltr'>consideretis.</span> 
     </span>
     <span class='ocr_line' id='line_1_66' title="bbox 893 1503 1688 1542; baseline -0.006 -9"><span class='ocrx_word' id='word_1_498' title='bbox 893 1507 988 1542; x_wconf 78' lang='lat' dir='ltr'>Agitur</span> <span class='ocrx_word' id='word_1_499' title='bbox 1006 1507 1078 1532; x_wconf 86' lang='lat' dir='ltr'>enim</span> <span class='ocrx_word' id='word_1_500' title='bbox 1096 1507 1123 1532; x_wconf 90' lang='lat' dir='ltr'>in</span> <span class='ocrx_word' id='word_1_501' title='bbox 1137 1505 1297 1532; x_wconf 89' lang='lat' dir='ltr'>criminibus</span> <span class='ocrx_word' id='word_1_502' title='bbox 1311 1505 1341 1531; x_wconf 83' lang='lat' dir='ltr'>A.</span> <span class='ocrx_word' id='word_1_503' title='bbox 1358 1504 1473 1531; x_wconf 80' lang='lat' dir='ltr'>Cluentii</span> <span class='ocrx_word' id='word_1_504' title='bbox 1489 1503 1627 1539; x_wconf 86' lang='lat' dir='ltr'>proprium</span> <span class='ocrx_word' id='word_1_505' title='bbox 1642 1510 1688 1537; x_wconf 86' lang='lat' dir='ltr'>pe-</span> 
     </span>
     <span class='ocr_line' id='line_1_67' title="bbox 894 1540 1687 1575; baseline -0.005 -5"><span class='ocrx_word' id='word_1_506' title='bbox 894 1544 1023 1575; x_wconf 84' lang='lat' dir='ltr'>riculum,</span> <span class='ocrx_word' id='word_1_507' title='bbox 1043 1544 1071 1570; x_wconf 89' lang='lat' dir='ltr'>in</span> <span class='ocrx_word' id='word_1_508' title='bbox 1085 1543 1186 1570; x_wconf 82' lang='lat' dir='ltr'>invidia</span> <span class='ocrx_word' id='word_1_509' title='bbox 1200 1551 1294 1569; x_wconf 80' lang='lat' dir='ltr'>caussa</span> <span class='ocrx_word' id='word_1_510' title='bbox 1308 1542 1469 1569; x_wconf 75' lang='lat' dir='ltr'>communis.</span> <span class='ocrx_word' id='word_1_511' title='bbox 1509 1540 1687 1573; x_wconf 82' lang='lat' dir='ltr'>Quamobrem</span> 
     </span>
     <span class='ocr_line' id='line_1_68' title="bbox 893 1578 1686 1616; baseline -0.006 -8"><span class='ocrx_word' id='word_1_512' title='bbox 893 1581 1002 1608; x_wconf 83' lang='lat' dir='ltr'>alteram</span> <span class='ocrx_word' id='word_1_513' title='bbox 1017 1585 1118 1616; x_wconf 81' lang='lat' dir='ltr'>partem</span> <span class='ocrx_word' id='word_1_514' title='bbox 1130 1588 1239 1606; x_wconf 84' lang='lat' dir='ltr'>caussae</span> <span class='ocrx_word' id='word_1_515' title='bbox 1249 1581 1287 1606; x_wconf 84' lang='lat' dir='ltr'>sic</span> <span class='ocrx_word' id='word_1_516' title='bbox 1299 1588 1420 1615; x_wconf 80' lang='lat' dir='ltr'>agemus,</span> <span class='ocrx_word' id='word_1_517' title='bbox 1436 1583 1465 1605; x_wconf 89' lang='lat' dir='ltr'>ut</span> <span class='ocrx_word' id='word_1_518' title='bbox 1477 1587 1522 1604; x_wconf 83' lang='lat' dir='ltr'>vos</span> <span class='ocrx_word' id='word_1_519' title='bbox 1533 1578 1686 1605; x_wconf 81' lang='lat' dir='ltr'>doceamus.</span> 
     </span>
     <span class='ocr_line' id='line_1_69' title="bbox 893 1616 1687 1652; baseline -0.006 -7"><span class='ocrx_word' id='word_1_520' title='bbox 893 1619 1000 1645; x_wconf 85' lang='lat' dir='ltr'>alteram</span> <span class='ocrx_word' id='word_1_521' title='bbox 1021 1619 1072 1649; x_wconf 83' lang='lat' dir='ltr'>sic,</span> <span class='ocrx_word' id='word_1_522' title='bbox 1093 1622 1122 1644; x_wconf 86' lang='lat' dir='ltr'>ut</span> <span class='ocrx_word' id='word_1_523' title='bbox 1140 1626 1254 1644; x_wconf 90' lang='lat' dir='ltr'>oremus.</span> <span class='ocrx_word' id='word_1_524' title='bbox 1295 1618 1322 1643; x_wconf 90' lang='lat' dir='ltr'>ln</span> <span class='ocrx_word' id='word_1_525' title='bbox 1345 1617 1425 1643; x_wconf 84' lang='lat' dir='ltr'>altera</span> <span class='ocrx_word' id='word_1_526' title='bbox 1443 1616 1582 1652; x_wconf 75' lang='lat' dir='ltr'>diligentia</span> <span class='ocrx_word' id='word_1_527' title='bbox 1603 1619 1687 1641; x_wconf 78' lang='lat' dir='ltr'>vestra</span> 
     </span>
     <span class='ocr_line' id='line_1_70' title="bbox 893 1652 1686 1691; baseline -0.005 -9"><span class='ocrx_word' id='word_1_528' title='bbox 893 1656 969 1682; x_wconf 88' lang='lat' dir='ltr'>nobis</span> <span class='ocrx_word' id='word_1_529' title='bbox 994 1655 1163 1691; x_wconf 73' lang='lat' dir='ltr'>adiungenda</span> <span class='ocrx_word' id='word_1_530' title='bbox 1187 1659 1238 1685; x_wconf 84' lang='lat' dir='ltr'>est,</span> <span class='ocrx_word' id='word_1_531' title='bbox 1268 1655 1294 1681; x_wconf 87' lang='lat' dir='ltr'>in</span> <span class='ocrx_word' id='word_1_532' title='bbox 1318 1654 1398 1680; x_wconf 84' lang='lat' dir='ltr'>altera</span> <span class='ocrx_word' id='word_1_533' title='bbox 1422 1653 1486 1680; x_wconf 85' lang='lat' dir='ltr'>fides</span> <span class='ocrx_word' id='word_1_534' title='bbox 1510 1652 1686 1688; x_wconf 85' lang='lat' dir='ltr'>imploranda.</span> 
     </span>
     <span class='ocr_line' id='line_1_71' title="bbox 893 1691 1688 1727; baseline -0.006 -7"><span class='ocrx_word' id='word_1_535' title='bbox 893 1694 976 1720; x_wconf 89' lang='lat' dir='ltr'>Nemo</span> <span class='ocrx_word' id='word_1_536' title='bbox 994 1698 1034 1720; x_wconf 78' lang='lat' dir='ltr'>est</span> <span class='ocrx_word' id='word_1_537' title='bbox 1052 1694 1137 1723; x_wconf 83' lang='lat' dir='ltr'>enim,</span> <span class='ocrx_word' id='word_1_538' title='bbox 1157 1693 1205 1727; x_wconf 83' lang='lat' dir='ltr'>qui</span> <span class='ocrx_word' id='word_1_539' title='bbox 1224 1692 1340 1718; x_wconf 74' lang='lat' dir='ltr'>invidiae</span> <span class='ocrx_word' id='word_1_540' title='bbox 1359 1693 1416 1718; x_wconf 93' lang='lat' dir='ltr'>sine</span> <span class='ocrx_word' id='word_1_541' title='bbox 1435 1695 1522 1717; x_wconf 85' lang='lat' dir='ltr'>vestro</span> <span class='ocrx_word' id='word_1_542' title='bbox 1535 1700 1564 1716; x_wconf 87' lang='lat' dir='ltr'>ae</span> <span class='ocrx_word' id='word_1_543' title='bbox 1579 1691 1636 1716; x_wconf 84' lang='lat' dir='ltr'>sine</span> <span class='ocrx_word' id='word_1_544' title='bbox 1651 1695 1688 1716; x_wconf 77' lang='lat' dir='ltr'>ta-</span> 
     </span>
     <span class='ocr_line' id='line_1_72' title="bbox 893 1727 1687 1764; baseline -0.006 -6"><span class='ocrx_word' id='word_1_545' title='bbox 893 1731 959 1758; x_wconf 93' lang='lat' dir='ltr'>lium</span> <span class='ocrx_word' id='word_1_546' title='bbox 974 1731 1092 1758; x_wconf 84' lang='lat' dir='ltr'>virorum</span> <span class='ocrx_word' id='word_1_547' title='bbox 1107 1729 1230 1756; x_wconf 86' lang='lat' dir='ltr'>subsidio</span> <span class='ocrx_word' id='word_1_548' title='bbox 1244 1730 1328 1764; x_wconf 86' lang='lat' dir='ltr'>possit</span> <span class='ocrx_word' id='word_1_549' title='bbox 1342 1729 1474 1755; x_wconf 83' lang='lat' dir='ltr'>resistere.</span> <span class='ocrx_word' id='word_1_550' title='bbox 1511 1729 1534 1755; x_wconf 73' lang='lat'>4.</span> <span class='ocrx_word' id='word_1_551' title='bbox 1555 1727 1687 1762; x_wconf 79' lang='lat' dir='ltr'>Equidem</span> 
     </span>
     <span class='ocr_line' id='line_1_73' title="bbox 891 1766 1688 1804; baseline -0.006 -9"><span class='ocrx_word' id='word_1_552' title='bbox 891 1768 963 1804; x_wconf 87' lang='lat' dir='ltr'>quod</span> <span class='ocrx_word' id='word_1_553' title='bbox 978 1768 1010 1795; x_wconf 84' lang='lat' dir='ltr'>ad</span> <span class='ocrx_word' id='word_1_554' title='bbox 1026 1777 1067 1794; x_wconf 90' lang='lat' dir='ltr'>me</span> <span class='ocrx_word' id='word_1_555' title='bbox 1081 1768 1185 1798; x_wconf 80' lang='lat' dir='ltr'>attinet,</span> <span class='ocrx_word' id='word_1_556' title='bbox 1202 1775 1255 1802; x_wconf 90' lang='lat' dir='ltr'>quo</span> <span class='ocrx_word' id='word_1_557' title='bbox 1270 1776 1311 1793; x_wconf 84' lang='lat' dir='ltr'>me</span> <span class='ocrx_word' id='word_1_558' title='bbox 1326 1771 1439 1797; x_wconf 75' lang='lat' dir='ltr'>vertam,</span> <span class='ocrx_word' id='word_1_559' title='bbox 1456 1766 1553 1792; x_wconf 87' lang='lat' dir='ltr'>nescio.</span> <span class='ocrx_word' id='word_1_560' title='bbox 1589 1766 1688 1800; x_wconf 78' lang='lat' dir='ltr'>Negem</span> 
     </span>
     <span class='ocr_line' id='line_1_74' title="bbox 892 1802 1687 1838; baseline -0.006 -5"><span class='ocrx_word' id='word_1_561' title='bbox 892 1806 977 1833; x_wconf 87' lang='lat' dir='ltr'>fuisse</span> <span class='ocrx_word' id='word_1_562' title='bbox 995 1805 1069 1832; x_wconf 87' lang='lat' dir='ltr'>illam</span> <span class='ocrx_word' id='word_1_563' title='bbox 1089 1805 1225 1832; x_wconf 82' lang='lat' dir='ltr'>infamiam</span> <span class='ocrx_word' id='word_1_564' title='bbox 1241 1804 1334 1831; x_wconf 87' lang='lat' dir='ltr'>iudicii</span> <span class='ocrx_word' id='word_1_565' title='bbox 1348 1803 1483 1838; x_wconf 69' lang='lat' dir='ltr'>corrupti?</span> <span class='ocrx_word' id='word_1_566' title='bbox 1506 1811 1599 1838; x_wconf 78' lang='lat' dir='ltr'>negem</span> <span class='ocrx_word' id='word_1_567' title='bbox 1614 1802 1687 1828; x_wconf 87' lang='lat' dir='ltr'>illam</span> 
     </span>
     <span class='ocr_line' id='line_1_75' title="bbox 892 1840 1686 1879; baseline -0.006 -9"><span class='ocrx_word' id='word_1_568' title='bbox 892 1852 947 1870; x_wconf 87' lang='lat' dir='ltr'>rem</span> <span class='ocrx_word' id='word_1_569' title='bbox 971 1844 1096 1879; x_wconf 78' lang='lat' dir='ltr'>agitatam</span> <span class='ocrx_word' id='word_1_570' title='bbox 1119 1843 1147 1869; x_wconf 91' lang='lat' dir='ltr'>in</span> <span class='ocrx_word' id='word_1_571' title='bbox 1170 1842 1357 1872; x_wconf 83' lang='lat' dir='ltr'>concionibus.</span> <span class='ocrx_word' id='word_1_572' title='bbox 1383 1842 1504 1867; x_wconf 83' lang='lat' dir='ltr'>iactatam</span> <span class='ocrx_word' id='word_1_573' title='bbox 1523 1841 1550 1866; x_wconf 87' lang='lat' dir='ltr'>in</span> <span class='ocrx_word' id='word_1_574' title='bbox 1567 1840 1686 1869; x_wconf 84' lang='lat' dir='ltr'>iudiciis,</span> 
     </span>
     <span class='ocr_line' id='line_1_76' title="bbox 891 1877 1690 1908; baseline -0.006 0"><span class='ocrx_word' id='word_1_575' title='bbox 891 1885 1124 1908; x_wconf 82' lang='lat' dir='ltr'>commemoratam</span> <span class='ocrx_word' id='word_1_576' title='bbox 1139 1881 1166 1906; x_wconf 90' lang='lat' dir='ltr'>in</span> <span class='ocrx_word' id='word_1_577' title='bbox 1180 1879 1292 1906; x_wconf 70' lang='lat' dir='ltr'>senatu?</span> <span class='ocrx_word' id='word_1_578' title='bbox 1310 1878 1429 1906; x_wconf 88' lang='lat' dir='ltr'>Evellam</span> <span class='ocrx_word' id='word_1_579' title='bbox 1444 1887 1477 1905; x_wconf 86' lang='lat' dir='ltr'>ex</span> <span class='ocrx_word' id='word_1_580' title='bbox 1491 1878 1588 1904; x_wconf 86' lang='lat' dir='ltr'>animis</span> <span class='ocrx_word' id='word_1_581' title='bbox 1603 1877 1690 1904; x_wconf 91' lang='lat' dir='ltr'>homi-</span> 
     </span>
     <span class='ocr_line' id='line_1_77' title="bbox 892 1916 1689 1952; baseline -0.006 -7"><span class='ocrx_word' id='word_1_582' title='bbox 892 1928 957 1945; x_wconf 92' lang='lat' dir='ltr'>num</span> <span class='ocrx_word' id='word_1_583' title='bbox 972 1922 1071 1945; x_wconf 80' lang='lat' dir='ltr'>tantam</span> <span class='ocrx_word' id='word_1_584' title='bbox 1082 1918 1244 1952; x_wconf 84' lang='lat' dir='ltr'>opinionem,</span> <span class='ocrx_word' id='word_1_585' title='bbox 1262 1921 1313 1943; x_wconf 89' lang='lat' dir='ltr'>tam</span> <span class='ocrx_word' id='word_1_586' title='bbox 1326 1917 1433 1952; x_wconf 84' lang='lat' dir='ltr'>penitus</span> <span class='ocrx_word' id='word_1_587' title='bbox 1445 1916 1560 1946; x_wconf 83' lang='lat' dir='ltr'>insitam,</span> <span class='ocrx_word' id='word_1_588' title='bbox 1578 1920 1629 1941; x_wconf 84' lang='lat' dir='ltr'>tam</span> <span class='ocrx_word' id='word_1_589' title='bbox 1644 1924 1689 1941; x_wconf 86' lang='lat' dir='ltr'>vc—</span> 
     </span>
     <span class='ocr_line' id='line_1_78' title="bbox 891 1953 1686 1989; baseline -0.006 -6"><span class='ocrx_word' id='word_1_590' title='bbox 891 1956 1010 1983; x_wconf 78' lang='lat' dir='ltr'>tustam‘?</span> <span class='ocrx_word' id='word_1_591' title='bbox 1023 1971 1059 1976; x_wconf 90' lang='lat'><strong>—</strong></span> <span class='ocrx_word' id='word_1_592' title='bbox 1077 1956 1135 1982; x_wconf 90' lang='lat' dir='ltr'>Non</span> <span class='ocrx_word' id='word_1_593' title='bbox 1149 1960 1190 1982; x_wconf 87' lang='lat' dir='ltr'>est</span> <span class='ocrx_word' id='word_1_594' title='bbox 1205 1955 1286 1981; x_wconf 82' lang='lat' dir='ltr'>nostri</span> <span class='ocrx_word' id='word_1_595' title='bbox 1302 1955 1416 1989; x_wconf 81' lang='lat' dir='ltr'>ingenii:</span> <span class='ocrx_word' id='word_1_596' title='bbox 1434 1954 1514 1980; x_wconf 90' lang='lat' dir='ltr'>vestri</span> <span class='ocrx_word' id='word_1_597' title='bbox 1529 1953 1622 1979; x_wconf 87' lang='lat' dir='ltr'>auxilii</span> <span class='ocrx_word' id='word_1_598' title='bbox 1638 1958 1686 1982; x_wconf 76' lang='lat' dir='ltr'>est,</span> 
     </span>
     <span class='ocr_line' id='line_1_79' title="bbox 891 1989 1690 2025; baseline -0.006 -5"><span class='ocrx_word' id='word_1_599' title='bbox 891 1994 1008 2025; x_wconf 86' lang='lat' dir='ltr'>iudices,</span> <span class='ocrx_word' id='word_1_600' title='bbox 1029 1993 1112 2020; x_wconf 88' lang='lat' dir='ltr'>buius</span> <span class='ocrx_word' id='word_1_601' title='bbox 1130 1993 1295 2019; x_wconf 81' lang='lat' dir='ltr'>innocentiae</span> <span class='ocrx_word' id='word_1_602' title='bbox 1314 1993 1352 2018; x_wconf 89' lang='lat' dir='ltr'>sic</span> <span class='ocrx_word' id='word_1_603' title='bbox 1371 1992 1398 2018; x_wconf 87' lang='lat' dir='ltr'>in</span> <span class='ocrx_word' id='word_1_604' title='bbox 1418 1991 1465 2017; x_wconf 76' lang='lat' dir='ltr'>bae</span> <span class='ocrx_word' id='word_1_605' title='bbox 1483 1991 1635 2017; x_wconf 74' lang='lat' dir='ltr'>calamitosa</span> <span class='ocrx_word' id='word_1_606' title='bbox 1651 1989 1690 2016; x_wconf 84' lang='lat' dir='ltr'>fa-</span> 
     </span>
     <span class='ocr_line' id='line_1_80' title="bbox 892 2028 1687 2066; baseline -0.006 -8"><span class='ocrx_word' id='word_1_607' title='bbox 892 2040 948 2063; x_wconf 79' lang='lat' dir='ltr'>ma,</span> <span class='ocrx_word' id='word_1_608' title='bbox 968 2031 1046 2066; x_wconf 78' lang='lat' dir='ltr'>quasi</span> <span class='ocrx_word' id='word_1_609' title='bbox 1061 2031 1088 2057; x_wconf 86' lang='lat' dir='ltr'>in</span> <span class='ocrx_word' id='word_1_610' title='bbox 1103 2030 1192 2065; x_wconf 85' lang='lat' dir='ltr'>aliqua</span> <span class='ocrx_word' id='word_1_611' title='bbox 1207 2030 1433 2065; x_wconf 80' lang='lat' dir='ltr'>perniciosissima</span> <span class='ocrx_word' id='word_1_612' title='bbox 1448 2028 1552 2055; x_wconf 82' lang='lat' dir='ltr'>flamma</span> <span class='ocrx_word' id='word_1_613' title='bbox 1567 2033 1647 2062; x_wconf 83' lang='lat' dir='ltr'>atquc</span> <span class='ocrx_word' id='word_1_614' title='bbox 1662 2028 1687 2053; x_wconf 88' lang='lat' dir='ltr'>iu</span> 
     </span>
     <span class='ocr_line' id='line_1_81' title="bbox 891 2064 1689 2099; baseline -0.006 -3"><span class='ocrx_word' id='word_1_615' title='bbox 891 2069 1028 2096; x_wconf 89' lang='lat' dir='ltr'>communi</span> <span class='ocrx_word' id='word_1_616' title='bbox 1039 2068 1171 2099; x_wconf 87' lang='lat' dir='ltr'>incendio,</span> <span class='ocrx_word' id='word_1_617' title='bbox 1180 2067 1334 2094; x_wconf 81' lang='lat' dir='ltr'>subvenire.</span> <span class='ocrx_word' id='word_1_618' title='bbox 1356 2067 1385 2093; x_wconf 92' lang='lat'>11.</span> <span class='ocrx_word' id='word_1_619' title='bbox 1397 2067 1421 2092; x_wconf 79' lang='lat'>5.</span> <span class='ocrx_word' id='word_1_620' title='bbox 1434 2067 1539 2093; x_wconf 84' lang='lat' dir='ltr'>Etenim</span> <span class='ocrx_word' id='word_1_621' title='bbox 1550 2066 1619 2092; x_wconf 89' lang='lat' dir='ltr'>sicut</span> <span class='ocrx_word' id='word_1_622' title='bbox 1629 2064 1689 2091; x_wconf 82' lang='lat' dir='ltr'>aliis</span> 
     </span>
     <span class='ocr_line' id='line_1_82' title="bbox 892 2103 1689 2141; baseline -0.006 -8"><span class='ocrx_word' id='word_1_623' title='bbox 892 2107 919 2132; x_wconf 89' lang='lat' dir='ltr'>in</span> <span class='ocrx_word' id='word_1_624' title='bbox 940 2106 1004 2133; x_wconf 89' lang='lat' dir='ltr'>locis</span> <span class='ocrx_word' id='word_1_625' title='bbox 1023 2114 1118 2141; x_wconf 87' lang='lat' dir='ltr'>parum</span> <span class='ocrx_word' id='word_1_626' title='bbox 1137 2105 1296 2131; x_wconf 77' lang='lat' dir='ltr'>firmamenti</span> <span class='ocrx_word' id='word_1_627' title='bbox 1315 2109 1340 2130; x_wconf 88' lang='lat' dir='ltr'>et</span> <span class='ocrx_word' id='word_1_628' title='bbox 1359 2112 1452 2139; x_wconf 83' lang='lat' dir='ltr'>parum</span> <span class='ocrx_word' id='word_1_629' title='bbox 1473 2103 1571 2129; x_wconf 89' lang='lat' dir='ltr'>virium</span> <span class='ocrx_word' id='word_1_630' title='bbox 1591 2103 1689 2128; x_wconf 77' lang='lat' dir='ltr'>veritas</span> 
     </span>
     <span class='ocr_line' id='line_1_83' title="bbox 892 2140 1689 2175; baseline -0.006 -5"><span class='ocrx_word' id='word_1_631' title='bbox 892 2143 980 2175; x_wconf 85' lang='lat' dir='ltr'>babet,</span> <span class='ocrx_word' id='word_1_632' title='bbox 997 2144 1035 2170; x_wconf 87' lang='lat' dir='ltr'>sic</span> <span class='ocrx_word' id='word_1_633' title='bbox 1049 2143 1077 2169; x_wconf 89' lang='lat' dir='ltr'>in</span> <span class='ocrx_word' id='word_1_634' title='bbox 1091 2143 1141 2169; x_wconf 87' lang='lat' dir='ltr'>hoo</span> <span class='ocrx_word' id='word_1_635' title='bbox 1156 2142 1212 2169; x_wconf 89' lang='lat' dir='ltr'>loco</span> <span class='ocrx_word' id='word_1_636' title='bbox 1226 2142 1291 2168; x_wconf 82' lang='lat' dir='ltr'>falsa</span> <span class='ocrx_word' id='word_1_637' title='bbox 1306 2142 1406 2168; x_wconf 83' lang='lat' dir='ltr'>invidia</span> <span class='ocrx_word' id='word_1_638' title='bbox 1422 2140 1554 2167; x_wconf 78' lang='lat' dir='ltr'>imbecilla</span> <span class='ocrx_word' id='word_1_639' title='bbox 1569 2148 1628 2166; x_wconf 84' lang='lat' dir='ltr'>esse</span> <span class='ocrx_word' id='word_1_640' title='bbox 1642 2140 1689 2165; x_wconf 85' lang='lat' dir='ltr'>de-</span> 
     </span>
     <span class='ocr_line' id='line_1_84' title="bbox 892 2177 1686 2209; baseline -0.006 -2"><span class='ocrx_word' id='word_1_641' title='bbox 892 2181 945 2207; x_wconf 86' lang='lat' dir='ltr'>bet.</span> <span class='ocrx_word' id='word_1_642' title='bbox 986 2181 1142 2207; x_wconf 89' lang='lat' dir='ltr'>Dominetur</span> <span class='ocrx_word' id='word_1_643' title='bbox 1161 2180 1187 2206; x_wconf 89' lang='lat' dir='ltr'>in</span> <span class='ocrx_word' id='word_1_644' title='bbox 1205 2180 1393 2209; x_wconf 77' lang='lat' dir='ltr'>concionibus,</span> <span class='ocrx_word' id='word_1_645' title='bbox 1419 2179 1500 2204; x_wconf 81' lang='lat' dir='ltr'>iaceat</span> <span class='ocrx_word' id='word_1_646' title='bbox 1518 2178 1545 2204; x_wconf 87' lang='lat' dir='ltr'>in</span> <span class='ocrx_word' id='word_1_647' title='bbox 1564 2177 1686 2203; x_wconf 78' lang='lat' dir='ltr'>iudiciis:</span> 
     </span>
     <span class='ocr_line' id='line_1_85' title="bbox 892 2214 1688 2253; baseline -0.008 -8"><span class='ocrx_word' id='word_1_648' title='bbox 892 2218 977 2245; x_wconf 82' lang='lat' dir='ltr'>valeat</span> <span class='ocrx_word' id='word_1_649' title='bbox 991 2219 1018 2245; x_wconf 91' lang='lat' dir='ltr'>in</span> <span class='ocrx_word' id='word_1_650' title='bbox 1032 2217 1205 2253; x_wconf 86' lang='lat' dir='ltr'>opinionibus</span> <span class='ocrx_word' id='word_1_651' title='bbox 1219 2226 1247 2243; x_wconf 84' lang='lat' dir='ltr'>ac</span> <span class='ocrx_word' id='word_1_652' title='bbox 1261 2217 1430 2242; x_wconf 74' lang='lat' dir='ltr'>sermonibus</span> <span class='ocrx_word' id='word_1_653' title='bbox 1445 2215 1638 2250; x_wconf 79' lang='lat' dir='ltr'>imperitorum.</span> <span class='ocrx_word' id='word_1_654' title='bbox 1655 2214 1688 2239; x_wconf 82' lang='lat' dir='ltr'>ab</span> 
     </span>
     <span class='ocr_line' id='line_1_86' title="bbox 892 2251 1687 2291; baseline -0.008 -9"><span class='ocrx_word' id='word_1_655' title='bbox 892 2255 1008 2291; x_wconf 84' lang='lat' dir='ltr'>ingeniis</span> <span class='ocrx_word' id='word_1_656' title='bbox 1023 2254 1195 2290; x_wconf 84' lang='lat' dir='ltr'>prudentium</span> <span class='ocrx_word' id='word_1_657' title='bbox 1211 2254 1379 2288; x_wconf 81' lang='lat' dir='ltr'>repudietur:</span> <span class='ocrx_word' id='word_1_658' title='bbox 1408 2253 1579 2279; x_wconf 75' lang='lat' dir='ltr'>vehementes</span> <span class='ocrx_word' id='word_1_659' title='bbox 1594 2251 1687 2277; x_wconf 81' lang='lat' dir='ltr'>babent</span> 
     </span>
     <span class='ocr_line' id='line_1_87' title="bbox 892 2291 1688 2327; baseline -0.006 -8"><span class='ocrx_word' id='word_1_660' title='bbox 892 2293 1044 2327; x_wconf 80' lang='lat' dir='ltr'>repentinos</span> <span class='ocrx_word' id='word_1_661' title='bbox 1062 2292 1192 2326; x_wconf 85' lang='lat' dir='ltr'>impetus,</span> <span class='ocrx_word' id='word_1_662' title='bbox 1213 2291 1299 2326; x_wconf 80' lang='lat' dir='ltr'>spatio</span> <span class='ocrx_word' id='word_1_663' title='bbox 1317 2291 1471 2325; x_wconf 85' lang='lat' dir='ltr'>interposito</span> <span class='ocrx_word' id='word_1_664' title='bbox 1490 2295 1514 2316; x_wconf 84' lang='lat' dir='ltr'>ct</span> <span class='ocrx_word' id='word_1_665' title='bbox 1532 2297 1625 2315; x_wconf 79' lang='lat' dir='ltr'>caussa</span> <span class='ocrx_word' id='word_1_666' title='bbox 1644 2297 1688 2314; x_wconf 79' lang='lat' dir='ltr'>eo-</span> 
     </span>
     <span class='ocr_line' id='line_1_88' title="bbox 891 2326 1686 2365; baseline -0.006 -9"><span class='ocrx_word' id='word_1_667' title='bbox 891 2330 964 2365; x_wconf 77' lang='lat' dir='ltr'>gnita</span> <span class='ocrx_word' id='word_1_668' title='bbox 978 2333 1158 2356; x_wconf 82' lang='lat' dir='ltr'>consenescat.</span> <span class='ocrx_word' id='word_1_669' title='bbox 1200 2329 1319 2363; x_wconf 86' lang='lat' dir='ltr'>Denique</span> <span class='ocrx_word' id='word_1_670' title='bbox 1334 2327 1378 2354; x_wconf 82' lang='lat' dir='ltr'>illa</span> <span class='ocrx_word' id='word_1_671' title='bbox 1392 2327 1512 2353; x_wconf 83' lang='lat' dir='ltr'>delinitio</span> <span class='ocrx_word' id='word_1_672' title='bbox 1526 2326 1686 2352; x_wconf 87' lang='lat' dir='ltr'>iudiciorum</span> 
     </span>
     <span class='ocr_line' id='line_1_89' title="bbox 891 2363 1688 2402; baseline -0.005 -9"><span class='ocrx_word' id='word_1_673' title='bbox 891 2375 1052 2402; x_wconf 81' lang='lat' dir='ltr'>aequorum,</span> <span class='ocrx_word' id='word_1_674' title='bbox 1072 2374 1141 2401; x_wconf 81' lang='lat' dir='ltr'>quae</span> <span class='ocrx_word' id='word_1_675' title='bbox 1156 2365 1232 2392; x_wconf 86' lang='lat' dir='ltr'>nobis</span> <span class='ocrx_word' id='word_1_676' title='bbox 1247 2374 1260 2391; x_wconf 86' lang='lat' dir='ltr'>n</span> <span class='ocrx_word' id='word_1_677' title='bbox 1275 2365 1420 2391; x_wconf 77' lang='lat' dir='ltr'>maioribus</span> <span class='ocrx_word' id='word_1_678' title='bbox 1436 2364 1528 2390; x_wconf 75' lang='lat' dir='ltr'>tradita</span> <span class='ocrx_word' id='word_1_679' title='bbox 1547 2368 1599 2393; x_wconf 80' lang='lat' dir='ltr'>est.</span> <span class='ocrx_word' id='word_1_680' title='bbox 1626 2363 1688 2389; x_wconf 84' lang='lat' dir='ltr'>reti-</span> 
     </span>
     <span class='ocr_line' id='line_1_90' title="bbox 892 2401 1684 2435; baseline -0.006 -4"><span class='ocrx_word' id='word_1_681' title='bbox 892 2408 998 2435; x_wconf 88' lang='lat' dir='ltr'>neatur,</span> <span class='ocrx_word' id='word_1_682' title='bbox 1020 2408 1049 2430; x_wconf 87' lang='lat' dir='ltr'>ut</span> <span class='ocrx_word' id='word_1_683' title='bbox 1062 2404 1090 2430; x_wconf 84' lang='lat' dir='ltr'>in</span> <span class='ocrx_word' id='word_1_684' title='bbox 1103 2403 1212 2429; x_wconf 86' lang='lat' dir='ltr'>iudiciis</span> <span class='ocrx_word' id='word_1_685' title='bbox 1227 2407 1251 2429; x_wconf 89' lang='lat' dir='ltr'>et</span> <span class='ocrx_word' id='word_1_686' title='bbox 1266 2402 1324 2429; x_wconf 82' lang='lat' dir='ltr'>sino</span> <span class='ocrx_word' id='word_1_687' title='bbox 1338 2402 1438 2428; x_wconf 77' lang='lat' dir='ltr'>invidia</span> <span class='ocrx_word' id='word_1_688' title='bbox 1453 2401 1530 2435; x_wconf 70' lang='lat' dir='ltr'>culpa</span> <span class='ocrx_word' id='word_1_689' title='bbox 1547 2401 1684 2435; x_wconf 82' lang='lat' dir='ltr'>plectatur.</span> 
     </span>
     <span class='ocr_line' id='line_1_91' title="bbox 891 2438 1688 2475; baseline -0.006 -7"><span class='ocrx_word' id='word_1_690' title='bbox 891 2446 917 2468; x_wconf 84' lang='lat' dir='ltr'>et</span> <span class='ocrx_word' id='word_1_691' title='bbox 930 2442 988 2468; x_wconf 90' lang='lat' dir='ltr'>sine</span> <span class='ocrx_word' id='word_1_692' title='bbox 1001 2440 1080 2475; x_wconf 77' lang='lat' dir='ltr'>culpa</span> <span class='ocrx_word' id='word_1_693' title='bbox 1096 2440 1196 2466; x_wconf 79' lang='lat' dir='ltr'>invidia</span> <span class='ocrx_word' id='word_1_694' title='bbox 1212 2444 1333 2475; x_wconf 79' lang='lat' dir='ltr'>ponatur.</span> <span class='ocrx_word' id='word_1_695' title='bbox 1375 2441 1399 2465; x_wconf 78' lang='lat'>6.</span> <span class='ocrx_word' id='word_1_696' title='bbox 1419 2438 1597 2471; x_wconf 83' lang='lat' dir='ltr'>Quamobrem</span> <span class='ocrx_word' id='word_1_697' title='bbox 1613 2446 1626 2464; x_wconf 85' lang='lat' dir='ltr'>a</span> <span class='ocrx_word' id='word_1_698' title='bbox 1641 2446 1688 2464; x_wconf 80' lang='lat' dir='ltr'>vo-</span> 
     </span>
     <span class='ocr_line' id='line_1_92' title="bbox 891 2475 1685 2512; baseline -0.005 -7"><span class='ocrx_word' id='word_1_699' title='bbox 891 2479 946 2510; x_wconf 82' lang='lat' dir='ltr'>bis,</span> <span class='ocrx_word' id='word_1_700' title='bbox 964 2479 1075 2509; x_wconf 87' lang='lat' dir='ltr'>iudices,</span> <span class='ocrx_word' id='word_1_701' title='bbox 1092 2482 1234 2512; x_wconf 83' lang='lat' dir='ltr'>antequam</span> <span class='ocrx_word' id='word_1_702' title='bbox 1249 2477 1282 2503; x_wconf 84' lang='lat' dir='ltr'>‹le</span> <span class='ocrx_word' id='word_1_703' title='bbox 1296 2477 1353 2512; x_wconf 77' lang='lat' dir='ltr'>ipsa</span> <span class='ocrx_word' id='word_1_704' title='bbox 1368 2485 1461 2502; x_wconf 76' lang='lat' dir='ltr'>caussa</span> <span class='ocrx_word' id='word_1_705' title='bbox 1475 2476 1562 2502; x_wconf 77' lang='lat' dir='ltr'>dicere</span> <span class='ocrx_word' id='word_1_706' title='bbox 1577 2475 1685 2510; x_wconf 80' lang='lat' dir='ltr'>incipio,</span> 
     </span>
     <span class='ocr_line' id='line_1_93' title="bbox 891 2514 1688 2551; baseline -0.005 -9"><span class='ocrx_word' id='word_1_707' title='bbox 891 2516 955 2543; x_wconf 83' lang='lat' dir='ltr'>hacc</span> <span class='ocrx_word' id='word_1_708' title='bbox 969 2515 1088 2551; x_wconf 86' lang='lat' dir='ltr'>postulo:</span> <span class='ocrx_word' id='word_1_709' title='bbox 1111 2515 1227 2550; x_wconf 87' lang='lat' dir='ltr'>primum</span> <span class='ocrx_word' id='word_1_710' title='bbox 1243 2514 1278 2544; x_wconf 87' lang='lat' dir='ltr'>id.</span> <span class='ocrx_word' id='word_1_711' title='bbox 1295 2514 1366 2549; x_wconf 85' lang='lat' dir='ltr'>quod</span> <span class='ocrx_word' id='word_1_712' title='bbox 1382 2514 1577 2548; x_wconf 74' lang='lat' dir='ltr'>aequissimum</span> <span class='ocrx_word' id='word_1_713' title='bbox 1592 2518 1641 2543; x_wconf 85' lang='lat' dir='ltr'>est.</span> <span class='ocrx_word' id='word_1_714' title='bbox 1659 2518 1688 2539; x_wconf 82' lang='lat' dir='ltr'>ut</span> 
     </span>
     <span class='ocr_line' id='line_1_94' title="bbox 891 2550 1687 2589; baseline -0.005 -9"><span class='ocrx_word' id='word_1_715' title='bbox 891 2562 923 2580; x_wconf 87' lang='lat' dir='ltr'>ne</span> <span class='ocrx_word' id='word_1_716' title='bbox 936 2553 1002 2589; x_wconf 86' lang='lat' dir='ltr'>quid</span> <span class='ocrx_word' id='word_1_717' title='bbox 1017 2553 1070 2579; x_wconf 89' lang='lat' dir='ltr'>huc</span> <span class='ocrx_word' id='word_1_718' title='bbox 1085 2552 1257 2587; x_wconf 75' lang='lat' dir='ltr'>praeiudicati</span> <span class='ocrx_word' id='word_1_719' title='bbox 1271 2551 1391 2577; x_wconf 80' lang='lat' dir='ltr'>afferatis.</span> <span class='ocrx_word' id='word_1_720' title='bbox 1423 2552 1526 2577; x_wconf 80' lang='lat' dir='ltr'>Etenim</span> <span class='ocrx_word' id='word_1_721' title='bbox 1542 2559 1594 2577; x_wconf 88' lang='lat' dir='ltr'>non</span> <span class='ocrx_word' id='word_1_722' title='bbox 1608 2550 1687 2577; x_wconf 88' lang='lat' dir='ltr'>modo</span> 
     </span>
     <span class='ocr_line' id='line_1_95' title="bbox 890 2588 1684 2621; baseline -0.004 -4"><span class='ocrx_word' id='word_1_723' title='bbox 890 2591 1087 2621; x_wconf 79' lang='lat' dir='ltr'>auctoritatem,</span> <span class='ocrx_word' id='word_1_724' title='bbox 1107 2589 1154 2616; x_wconf 87' lang='lat' dir='ltr'>sed</span> <span class='ocrx_word' id='word_1_725' title='bbox 1173 2589 1251 2615; x_wconf 82' lang='lat' dir='ltr'>ctiam</span> <span class='ocrx_word' id='word_1_726' title='bbox 1271 2597 1366 2615; x_wconf 84' lang='lat' dir='ltr'>nomen</span> <span class='ocrx_word' id='word_1_727' title='bbox 1387 2588 1506 2615; x_wconf 84' lang='lat' dir='ltr'>iudicum</span> <span class='ocrx_word' id='word_1_728' title='bbox 1521 2589 1684 2617; x_wconf 72' lang='lat' dir='ltr'>annuemus.</span> 
     </span>
     <span class='ocr_line' id='line_1_96' title="bbox 891 2625 1686 2663; baseline -0.005 -8"><span class='ocrx_word' id='word_1_729' title='bbox 891 2629 942 2655; x_wconf 84' lang='lat' dir='ltr'>nisi</span> <span class='ocrx_word' id='word_1_730' title='bbox 959 2628 1001 2655; x_wconf 86' lang='lat' dir='ltr'>hic</span> <span class='ocrx_word' id='word_1_731' title='bbox 1015 2636 1048 2654; x_wconf 82' lang='lat' dir='ltr'>ex</span> <span class='ocrx_word' id='word_1_732' title='bbox 1062 2627 1129 2663; x_wconf 81' lang='lat' dir='ltr'>ipsis</span> <span class='ocrx_word' id='word_1_733' title='bbox 1142 2627 1247 2653; x_wconf 76' lang='lat' dir='ltr'>caussis</span> <span class='ocrx_word' id='word_1_734' title='bbox 1267 2626 1460 2657; x_wconf 76' lang='lat' dir='ltr'>iudicabimus,</span> <span class='ocrx_word' id='word_1_735' title='bbox 1481 2635 1510 2652; x_wconf 76' lang='lat' dir='ltr'>nc</span> <span class='ocrx_word' id='word_1_736' title='bbox 1524 2626 1547 2652; x_wconf 85' lang='lat' dir='ltr'>si</span> <span class='ocrx_word' id='word_1_737' title='bbox 1561 2625 1594 2652; x_wconf 86' lang='lat' dir='ltr'>nd</span> <span class='ocrx_word' id='word_1_738' title='bbox 1608 2634 1686 2652; x_wconf 80' lang='lat' dir='ltr'>caus-</span> 
     </span>
     <span class='ocr_line' id='line_1_97' title="bbox 889 2663 1685 2692; baseline -0.004 0"><span class='ocrx_word' id='word_1_739' title='bbox 889 2675 933 2692; x_wconf 85' lang='lat' dir='ltr'>sas</span> <span class='ocrx_word' id='word_1_740' title='bbox 957 2665 1055 2692; x_wconf 84' lang='lat' dir='ltr'>iudiciu</span> <span class='ocrx_word' id='word_1_741' title='bbox 1080 2666 1131 2691; x_wconf 85' lang='lat' dir='ltr'>inm</span> <span class='ocrx_word' id='word_1_742' title='bbox 1155 2664 1221 2691; x_wconf 82' lang='lat' dir='ltr'>faeta</span> <span class='ocrx_word' id='word_1_743' title='bbox 1243 2663 1323 2690; x_wconf 88' lang='lat' dir='ltr'>‹lomo</span> <span class='ocrx_word' id='word_1_744' title='bbox 1342 2663 1503 2690; x_wconf 71' lang='lat' dir='ltr'>deseremus.</span> <span class='ocrx_word' id='word_1_745' title='bbox 1545 2663 1644 2690; x_wconf 82' lang='lat' dir='ltr'>Deinde</span> <span class='ocrx_word' id='word_1_746' title='bbox 1663 2663 1685 2688; x_wconf 76' lang='lat' dir='ltr'>si</span> 
     </span>
     <span class='ocr_line' id='line_1_98' title="bbox 889 2700 1686 2739; baseline -0.005 -9"><span class='ocrx_word' id='word_1_747' title='bbox 889 2711 970 2739; x_wconf 86' lang='lat' dir='ltr'>quam</span> <span class='ocrx_word' id='word_1_748' title='bbox 985 2703 1138 2738; x_wconf 87' lang='lat' dir='ltr'>opinionem</span> <span class='ocrx_word' id='word_1_749' title='bbox 1155 2703 1206 2728; x_wconf 88' lang='lat' dir='ltr'>iam</span> <span class='ocrx_word' id='word_1_750' title='bbox 1222 2702 1318 2728; x_wconf 72' lang='lat' dir='ltr'>vestris</span> <span class='ocrx_word' id='word_1_751' title='bbox 1333 2701 1469 2728; x_wconf 82' lang='lat' dir='ltr'>mentibus</span> <span class='ocrx_word' id='word_1_752' title='bbox 1481 2700 1686 2735; x_wconf 82' lang='lat' dir='ltr'>comprehendi-</span> 
     </span>
    </p>
   </div>
   <div class='ocr_carea' id='block_1_26' title="bbox 869 1229 873 1742">
    <p class='ocr_par' dir='ltr' id='par_1_27' title="bbox 869 1229 873 1742">
     <span class='ocr_line' id='line_1_99' title="bbox 869 1229 873 1742; baseline 0 0"><span class='ocrx_word' id='word_1_753' title='bbox 869 1229 873 1742; x_wconf 95' lang='lat' dir='ltr'> </span> 
     </span>
    </p>
   </div>
  </div>
 </body>
</html>
