<?xml version="1.0" encoding="UTF-8"?>
<!DOCTYPE html PUBLIC "-//W3C//DTD XHTML 1.0 Transitional//EN"
    "http://www.w3.org/TR/xhtml1/DTD/xhtml1-transitional.dtd">
<html xmlns="http://www.w3.org/1999/xhtml" xml:lang="en" lang="en">
 <head>
  <title>
</title>
<meta http-equiv="Content-Type" content="text/html;charset=utf-8" />
  <meta name='ocr-system' content='tesseract 3.04.00' />
  <meta name='ocr-capabilities' content='ocr_page ocr_carea ocr_par ocr_line ocrx_word'/>
</head>
<body>
  <div class='ocr_page' id='page_1' title='image "./operaomniaunovol00ciceuoft_0112.png"; bbox 0 0 1941 3052; ppageno 0'>
   <div class='ocr_carea' id='block_1_1' title="bbox 283 134 1009 160">
    <p class='ocr_par' dir='ltr' id='par_1_1' title="bbox 283 134 1009 160">
     <span class='ocr_line' id='line_1_1' title="bbox 283 134 1009 160; baseline 0.001 -1"><span class='ocrx_word' id='word_1_1' title='bbox 283 138 311 159; x_wconf 55' lang='lat' dir='ltr'>s*</span> <span class='ocrx_word' id='word_1_2' title='bbox 860 135 885 159; x_wconf 80' lang='lat'>7.</span> <span class='ocrx_word' id='word_1_3' title='bbox 921 134 943 159; x_wconf 83' lang='grc' dir='ltr'><strong>Μ</strong></span> <span class='ocrx_word' id='word_1_4' title='bbox 990 134 1009 160; x_wconf 80' lang='grc' dir='ltr'>Τ</span> 
     </span>
    </p>
   </div>
   <div class='ocr_carea' id='block_1_2' title="bbox 283 203 1101 238">
    <p class='ocr_par' dir='ltr' id='par_1_2' title="bbox 283 203 1101 238">
     <span class='ocr_line' id='line_1_2' title="bbox 283 203 1101 238; baseline -0.002 -7"><span class='ocrx_word' id='word_1_5' title='bbox 283 206 400 235; x_wconf 62' lang='lat' dir='ltr'>Athenis,</span> <span class='ocrx_word' id='word_1_6' title='bbox 427 215 470 231; x_wconf 63' lang='lat' dir='ltr'>reo</span> <span class='ocrx_word' id='word_1_7' title='bbox 492 205 623 233; x_wconf 80' lang='lat' dir='ltr'>damnato,</span> <span class='ocrx_word' id='word_1_8' title='bbox 649 206 670 231; x_wconf 77' lang='lat' dir='ltr'>si</span> <span class='ocrx_word' id='word_1_9' title='bbox 696 204 767 230; x_wconf 79' lang='lat' dir='ltr'>frans</span> <span class='ocrx_word' id='word_1_10' title='bbox 785 203 905 238; x_wconf 70' lang='lat' dir='ltr'>capitulis</span> <span class='ocrx_word' id='word_1_11' title='bbox 925 212 975 229; x_wconf 89' lang='lat' dir='ltr'>non</span> <span class='ocrx_word' id='word_1_12' title='bbox 990 208 1068 234; x_wconf 72' lang='lat' dir='ltr'>esset,</span> <span class='ocrx_word' id='word_1_13' title='bbox 1092 214 1101 232; x_wconf 70' lang='grc' dir='ltr'>ι·</span> 
     </span>
    </p>
   </div>
   <div class='ocr_carea' id='block_1_3' title="bbox 281 240 1095 610">
    <p class='ocr_par' dir='ltr' id='par_1_3' title="bbox 281 240 1095 610">
     <span class='ocr_line' id='line_1_3' title="bbox 281 240 1071 278; baseline -0.001 -11"><span class='ocrx_word' id='word_1_14' title='bbox 281 243 356 278; x_wconf 75' lang='lat' dir='ltr'>quasi</span> <span class='ocrx_word' id='word_1_15' title='bbox 373 252 470 277; x_wconf 67' lang='lat' dir='ltr'>pon-nane</span> <span class='ocrx_word' id='word_1_16' title='bbox 485 243 644 272; x_wconf 64' lang='lat' dir='ltr'>nestiinntim</span> <span class='ocrx_word' id='word_1_17' title='bbox 661 247 685 268; x_wconf 76' lang='lat' dir='ltr'>et</span> <span class='ocrx_word' id='word_1_18' title='bbox 700 242 828 267; x_wconf 73' lang='lat' dir='ltr'>senti-ntia</span> <span class='ocrx_word' id='word_1_19' title='bbox 838 249 922 275; x_wconf 85' lang='lat' dir='ltr'>quum</span> <span class='ocrx_word' id='word_1_20' title='bbox 936 240 1071 266; x_wconf 82' lang='lat' dir='ltr'>iudicibus</span> 
     </span>
     <span class='ocr_line' id='line_1_4' title="bbox 281 278 1071 313; baseline -0.003 -7"><span class='ocrx_word' id='word_1_21' title='bbox 281 281 395 309; x_wconf 78' lang='lat' dir='ltr'>dni-etur.</span> <span class='ocrx_word' id='word_1_22' title='bbox 413 280 622 313; x_wconf 67' lang='lat' dir='ltr'>interrogabatur</span> <span class='ocrx_word' id='word_1_23' title='bbox 637 288 706 308; x_wconf 78' lang='lat' dir='ltr'>reus,</span> <span class='ocrx_word' id='word_1_24' title='bbox 723 287 802 313; x_wconf 78' lang='lat' dir='ltr'>qutmi</span> <span class='ocrx_word' id='word_1_25' title='bbox 818 278 895 312; x_wconf 69' lang='lat' dir='ltr'>quim</span> <span class='ocrx_word' id='word_1_26' title='bbox 910 278 1071 304; x_wconf 79' lang='lat' dir='ltr'>aestimatio-</span> 
     </span>
     <span class='ocr_line' id='line_1_5' title="bbox 282 314 1071 349; baseline -0.004 -6"><span class='ocrx_word' id='word_1_27' title='bbox 282 326 340 343; x_wconf 79' lang='lat' dir='ltr'>ncm</span> <span class='ocrx_word' id='word_1_28' title='bbox 368 318 558 342; x_wconf 69' lang='lat' dir='ltr'>currunt-ruisse</span> <span class='ocrx_word' id='word_1_29' title='bbox 583 326 611 342; x_wconf 69' lang='lat' dir='ltr'>se</span> <span class='ocrx_word' id='word_1_30' title='bbox 639 316 753 341; x_wconf 81' lang='lat' dir='ltr'>maxime</span> <span class='ocrx_word' id='word_1_31' title='bbox 778 315 959 345; x_wconf 78' lang='lat' dir='ltr'>contiteretur;</span> <span class='ocrx_word' id='word_1_32' title='bbox 999 314 1071 349; x_wconf 83' lang='lat' dir='ltr'>quod</span> 
     </span>
     <span class='ocr_line' id='line_1_6' title="bbox 281 350 1071 388; baseline -0.005 -8"><span class='ocrx_word' id='word_1_33' title='bbox 281 363 365 388; x_wconf 87' lang='lat' dir='ltr'>quum</span> <span class='ocrx_word' id='word_1_34' title='bbox 397 355 573 387; x_wconf 62' lang='lat' dir='ltr'>interrogatus</span> <span class='ocrx_word' id='word_1_35' title='bbox 604 353 723 378; x_wconf 74' lang='lat' dir='ltr'>Socrates</span> <span class='ocrx_word' id='word_1_36' title='bbox 755 355 838 380; x_wconf 80' lang='lat' dir='ltr'>esset.</span> <span class='ocrx_word' id='word_1_37' title='bbox 868 350 1005 386; x_wconf 79' lang='lat' dir='ltr'>respondit</span> <span class='ocrx_word' id='word_1_38' title='bbox 1029 360 1071 377; x_wconf 85' lang='lat' dir='ltr'>se-</span> 
     </span>
     <span class='ocr_line' id='line_1_7' title="bbox 281 388 1095 425; baseline -0.004 -9"><span class='ocrx_word' id='word_1_39' title='bbox 281 401 309 416; x_wconf 74' lang='lat' dir='ltr'>se</span> <span class='ocrx_word' id='word_1_40' title='bbox 333 391 475 421; x_wconf 61' lang='lat' dir='ltr'>meruisse,</span> <span class='ocrx_word' id='word_1_41' title='bbox 498 396 525 416; x_wconf 88' lang='lat' dir='ltr'>ut</span> <span class='ocrx_word' id='word_1_42' title='bbox 544 389 718 424; x_wconf 69' lang='lat' dir='ltr'>amplissimis</span> <span class='ocrx_word' id='word_1_43' title='bbox 738 388 883 414; x_wconf 81' lang='lat' dir='ltr'>honoribus</span> <span class='ocrx_word' id='word_1_44' title='bbox 901 393 926 414; x_wconf 83' lang='lat' dir='ltr'>et</span> <span class='ocrx_word' id='word_1_45' title='bbox 947 389 1071 422; x_wconf 81' lang='lat' dir='ltr'>praemiis</span> <span class='ocrx_word' id='word_1_46' title='bbox 1094 419 1095 425; x_wconf 15' lang='grc' dir='ltr'>ἵ</span> 
     </span>
     <span class='ocr_line' id='line_1_8' title="bbox 281 425 1072 461; baseline -0.001 -9"><span class='ocrx_word' id='word_1_47' title='bbox 281 429 447 454; x_wconf 61' lang='lat' dir='ltr'>«formaretur</span> <span class='ocrx_word' id='word_1_48' title='bbox 469 432 492 453; x_wconf 78' lang='lat' dir='ltr'>vt</span> <span class='ocrx_word' id='word_1_49' title='bbox 517 432 543 452; x_wconf 88' lang='lat' dir='ltr'>ut</span> <span class='ocrx_word' id='word_1_50' title='bbox 567 427 590 452; x_wconf 79' lang='lat' dir='ltr'>ei</span> <span class='ocrx_word' id='word_1_51' title='bbox 611 427 697 452; x_wconf 66' lang='lat' dir='ltr'>vietus</span> <span class='ocrx_word' id='word_1_52' title='bbox 715 425 888 460; x_wconf 82' lang='lat' dir='ltr'>quotidianus</span> <span class='ocrx_word' id='word_1_53' title='bbox 902 426 928 451; x_wconf 89' lang='lat' dir='ltr'>in</span> <span class='ocrx_word' id='word_1_54' title='bbox 944 425 1072 461; x_wconf 78' lang='lat' dir='ltr'>Prytaneo</span> 
     </span>
     <span class='ocr_line' id='line_1_9' title="bbox 283 463 1095 500; baseline -0.002 -11"><span class='ocrx_word' id='word_1_55' title='bbox 283 465 388 500; x_wconf 75' lang='lat' dir='ltr'>publice</span> <span class='ocrx_word' id='word_1_56' title='bbox 408 465 584 499; x_wconf 76' lang='lat' dir='ltr'>1›r.·n·lwr‹·tur,</span> <span class='ocrx_word' id='word_1_57' title='bbox 605 464 652 498; x_wconf 89' lang='lat' dir='ltr'>qui</span> <span class='ocrx_word' id='word_1_58' title='bbox 672 463 754 489; x_wconf 81' lang='lat' dir='ltr'>honos</span> <span class='ocrx_word' id='word_1_59' title='bbox 772 463 843 497; x_wconf 83' lang='lat' dir='ltr'>apud</span> <span class='ocrx_word' id='word_1_60' title='bbox 859 463 973 488; x_wconf 87' lang='lat' dir='ltr'>Graecos</span> <span class='ocrx_word' id='word_1_61' title='bbox 988 464 1071 488; x_wconf 78' lang='lat' dir='ltr'>maxi·</span> <span class='ocrx_word' id='word_1_62' title='bbox 1094 466 1095 476; x_wconf 67' lang='lat'>¹</span> 
     </span>
     <span class='ocr_line' id='line_1_10' title="bbox 283 499 1095 535; baseline -0.002 -7"><span class='ocrx_word' id='word_1_63' title='bbox 283 511 342 528; x_wconf 65' lang='lat' dir='ltr'>nius</span> <span class='ocrx_word' id='word_1_64' title='bbox 357 502 475 528; x_wconf 71' lang='lat' dir='ltr'>habetur.</span> <span class='ocrx_word' id='word_1_65' title='bbox 507 503 564 527; x_wconf 68' lang='lat'>¹2:33.</span> <span class='ocrx_word' id='word_1_66' title='bbox 586 501 669 527; x_wconf 79' lang='lat' dir='ltr'>Cuius</span> <span class='ocrx_word' id='word_1_67' title='bbox 689 508 816 535; x_wconf 80' lang='lat' dir='ltr'>responso</span> <span class='ocrx_word' id='word_1_68' title='bbox 829 500 866 526; x_wconf 84' lang='lat' dir='ltr'>sic</span> <span class='ocrx_word' id='word_1_69' title='bbox 881 499 984 525; x_wconf 82' lang='lat' dir='ltr'>iudices</span> <span class='ocrx_word' id='word_1_70' title='bbox 997 508 1072 526; x_wconf 82' lang='lat' dir='ltr'>exar-</span> <span class='ocrx_word' id='word_1_71' title='bbox 1093 500 1095 535; x_wconf 49' lang='grc' dir='ltr'>ι’</span> 
     </span>
     <span class='ocr_line' id='line_1_11' title="bbox 281 536 1095 572; baseline -0.002 -8"><span class='ocrx_word' id='word_1_72' title='bbox 281 544 381 568; x_wconf 72' lang='lat' dir='ltr'>serunt,</span> <span class='ocrx_word' id='word_1_73' title='bbox 403 543 430 564; x_wconf 90' lang='lat' dir='ltr'>ut</span> <span class='ocrx_word' id='word_1_74' title='bbox 449 539 543 572; x_wconf 79' lang='lat' dir='ltr'>capitis</span> <span class='ocrx_word' id='word_1_75' title='bbox 563 538 696 564; x_wconf 87' lang='lat' dir='ltr'>bominem</span> <span class='ocrx_word' id='word_1_76' title='bbox 713 537 962 564; x_wconf 83' lang='lat' dir='ltr'>innocentissimum</span> <span class='ocrx_word' id='word_1_77' title='bbox 975 536 1072 563; x_wconf 90' lang='lat' dir='ltr'>conde·</span> <span class='ocrx_word' id='word_1_78' title='bbox 1093 546 1095 567; x_wconf 81' lang='grc' dir='ltr'>ι</span> 
     </span>
     <span class='ocr_line' id='line_1_12' title="bbox 283 574 1095 610; baseline -0.001 -9"><span class='ocrx_word' id='word_1_79' title='bbox 283 580 410 602; x_wconf 68' lang='lat' dir='ltr'>iun-irent.</span> <span class='ocrx_word' id='word_1_80' title='bbox 444 576 494 607; x_wconf 69' lang='lat' dir='ltr'>Qui</span> <span class='ocrx_word' id='word_1_81' title='bbox 510 575 619 610; x_wconf 69' lang='lat' dir='ltr'>quidem</span> <span class='ocrx_word' id='word_1_82' title='bbox 635 576 656 601; x_wconf 87' lang='lat' dir='ltr'>si</span> <span class='ocrx_word' id='word_1_83' title='bbox 673 574 812 601; x_wconf 82' lang='lat' dir='ltr'>absolutus</span> <span class='ocrx_word' id='word_1_84' title='bbox 826 579 904 605; x_wconf 78' lang='lat' dir='ltr'>esset,</span> <span class='ocrx_word' id='word_1_85' title='bbox 920 574 1001 609; x_wconf 84' lang='lat' dir='ltr'>(quod</span> <span class='ocrx_word' id='word_1_86' title='bbox 1017 583 1072 600; x_wconf 91' lang='lat' dir='ltr'>me-</span> <span class='ocrx_word' id='word_1_87' title='bbox 1094 583 1095 586; x_wconf 55' lang='lat'>¹</span> 
     </span>
    </p>
   </div>
   <div class='ocr_carea' id='block_1_4' title="bbox 281 603 1102 683">
    <p class='ocr_par' dir='ltr' id='par_1_4' title="bbox 281 603 1102 683">
     <span class='ocr_line' id='line_1_13' title="bbox 283 603 1102 648; baseline -0.001 -10"><span class='ocrx_word' id='word_1_88' title='bbox 283 612 397 642; x_wconf 71' lang='lat' dir='ltr'>lwrcnle,</span> <span class='ocrx_word' id='word_1_89' title='bbox 413 613 516 638; x_wconf 76' lang='lat' dir='ltr'>etiamsi</span> <span class='ocrx_word' id='word_1_90' title='bbox 533 612 598 639; x_wconf 88' lang='lat' dir='ltr'>nibil</span> <span class='ocrx_word' id='word_1_91' title='bbox 613 612 644 638; x_wconf 77' lang='lat' dir='ltr'>nd</span> <span class='ocrx_word' id='word_1_92' title='bbox 660 621 707 638; x_wconf 88' lang='lat' dir='ltr'>nos</span> <span class='ocrx_word' id='word_1_93' title='bbox 723 612 843 647; x_wconf 86' lang='lat' dir='ltr'>pertinet,</span> <span class='ocrx_word' id='word_1_94' title='bbox 864 616 951 637; x_wconf 85' lang='lat' dir='ltr'>tamen</span> <span class='ocrx_word' id='word_1_95' title='bbox 966 616 1072 646; x_wconf 83' lang='lat' dir='ltr'>propter</span> <span class='ocrx_word' id='word_1_96' title='bbox 1093 603 1102 648; x_wconf 53' lang='lat' dir='ltr'>l,</span> 
     </span>
     <span class='ocr_line' id='line_1_14' title="bbox 281 648 1102 683; baseline -0.001 -8"><span class='ocrx_word' id='word_1_97' title='bbox 281 651 338 676; x_wconf 79' lang='lat' dir='ltr'>eius</span> <span class='ocrx_word' id='word_1_98' title='bbox 361 650 460 683; x_wconf 72' lang='lat' dir='ltr'>ingenii</span> <span class='ocrx_word' id='word_1_99' title='bbox 481 650 691 682; x_wconf 71' lang='lat' dir='ltr'>magnitudini-in</span> <span class='ocrx_word' id='word_1_100' title='bbox 717 649 838 683; x_wconf 77' lang='lat' dir='ltr'>vellemz)</span> <span class='ocrx_word' id='word_1_101' title='bbox 859 657 974 683; x_wconf 86' lang='lat' dir='ltr'>quonam</span> <span class='ocrx_word' id='word_1_102' title='bbox 995 648 1072 674; x_wconf 87' lang='lat' dir='ltr'>modo</span> <span class='ocrx_word' id='word_1_103' title='bbox 1094 659 1102 683; x_wconf 47' lang='grc' dir='ltr'>μ</span> 
     </span>
    </p>
   </div>
   <div class='ocr_carea' id='block_1_5' title="bbox 281 683 1095 1282">
    <p class='ocr_par' dir='ltr' id='par_1_5' title="bbox 282 683 1095 944">
     <span class='ocr_line' id='line_1_15' title="bbox 282 683 1095 722; baseline -0.001 -10"><span class='ocrx_word' id='word_1_104' title='bbox 282 688 344 712; x_wconf 70' lang='lat' dir='ltr'>istos</span> <span class='ocrx_word' id='word_1_105' title='bbox 368 683 541 722; x_wconf 73' lang='lat' dir='ltr'>philosophos</span> <span class='ocrx_word' id='word_1_106' title='bbox 565 687 630 713; x_wconf 86' lang='lat' dir='ltr'>ferre</span> <span class='ocrx_word' id='word_1_107' title='bbox 654 695 804 721; x_wconf 68' lang='lat' dir='ltr'>lmssemus,</span> <span class='ocrx_word' id='word_1_108' title='bbox 824 687 871 721; x_wconf 88' lang='lat' dir='ltr'>qui</span> <span class='ocrx_word' id='word_1_109' title='bbox 891 694 970 716; x_wconf 80' lang='lat' dir='ltr'>nunc,</span> <span class='ocrx_word' id='word_1_110' title='bbox 986 694 1071 720; x_wconf 88' lang='lat' dir='ltr'>quum</span> <span class='ocrx_word' id='word_1_111' title='bbox 1094 705 1095 711; x_wconf 73' lang='lat'>.</span> 
     </span>
     <span class='ocr_line' id='line_1_16' title="bbox 283 723 1095 758; baseline -0.001 -9"><span class='ocrx_word' id='word_1_112' title='bbox 283 724 325 749; x_wconf 82' lang='lat' dir='ltr'>ille</span> <span class='ocrx_word' id='word_1_113' title='bbox 339 724 480 750; x_wconf 80' lang='lat' dir='ltr'>damnatus</span> <span class='ocrx_word' id='word_1_114' title='bbox 495 729 542 755; x_wconf 84' lang='lat' dir='ltr'>est,</span> <span class='ocrx_word' id='word_1_115' title='bbox 560 724 660 750; x_wconf 84' lang='lat' dir='ltr'>nullam</span> <span class='ocrx_word' id='word_1_116' title='bbox 675 724 753 750; x_wconf 82' lang='lat' dir='ltr'>aliam</span> <span class='ocrx_word' id='word_1_117' title='bbox 767 723 802 749; x_wconf 89' lang='lat' dir='ltr'>ob</span> <span class='ocrx_word' id='word_1_118' title='bbox 815 723 931 758; x_wconf 77' lang='lat' dir='ltr'>culpam,</span> <span class='ocrx_word' id='word_1_119' title='bbox 945 724 996 749; x_wconf 85' lang='lat' dir='ltr'>nisi</span> <span class='ocrx_word' id='word_1_120' title='bbox 1012 732 1073 757; x_wconf 91' lang='lat' dir='ltr'>pro·</span> <span class='ocrx_word' id='word_1_121' title='bbox 1094 727 1095 745; x_wconf 60' lang='grc' dir='ltr'>ἰ</span> 
     </span>
     <span class='ocr_line' id='line_1_17' title="bbox 283 760 1072 795; baseline 0 -9"><span class='ocrx_word' id='word_1_122' title='bbox 283 767 338 795; x_wconf 83' lang='lat' dir='ltr'>pter</span> <span class='ocrx_word' id='word_1_123' title='bbox 357 761 461 787; x_wconf 82' lang='lat' dir='ltr'>dicendi</span> <span class='ocrx_word' id='word_1_124' title='bbox 481 762 656 791; x_wconf 75' lang='lat' dir='ltr'>inscientiam.</span> <span class='ocrx_word' id='word_1_125' title='bbox 674 765 760 787; x_wconf 83' lang='lat' dir='ltr'>tamen</span> <span class='ocrx_word' id='word_1_126' title='bbox 775 770 788 786; x_wconf 86' lang='lat' dir='ltr'>a</span> <span class='ocrx_word' id='word_1_127' title='bbox 804 769 831 786; x_wconf 89' lang='lat' dir='ltr'>se</span> <span class='ocrx_word' id='word_1_128' title='bbox 846 765 966 795; x_wconf 72' lang='lat' dir='ltr'>oportere</span> <span class='ocrx_word' id='word_1_129' title='bbox 979 760 1072 786; x_wconf 88' lang='lat' dir='ltr'>dicunt</span> 
     </span>
     <span class='ocr_line' id='line_1_18' title="bbox 283 798 1095 833; baseline -0.001 -9"><span class='ocrx_word' id='word_1_130' title='bbox 283 799 334 833; x_wconf 81' lang='lat' dir='ltr'>peti</span> <span class='ocrx_word' id='word_1_131' title='bbox 353 804 489 833; x_wconf 75' lang='lat' dir='ltr'>praecepta</span> <span class='ocrx_word' id='word_1_132' title='bbox 508 798 632 825; x_wconf 75' lang='lat' dir='ltr'>(licendi‘.&gt;</span> <span class='ocrx_word' id='word_1_133' title='bbox 657 798 824 831; x_wconf 84' lang='lat' dir='ltr'>Quibuscum</span> <span class='ocrx_word' id='word_1_134' title='bbox 840 806 890 830; x_wconf 71' lang='lat' dir='ltr'>ego</span> <span class='ocrx_word' id='word_1_135' title='bbox 904 806 955 824; x_wconf 91' lang='lat' dir='ltr'>non</span> <span class='ocrx_word' id='word_1_136' title='bbox 971 806 1069 833; x_wconf 76' lang='lat' dir='ltr'>pugno.</span> <span class='ocrx_word' id='word_1_137' title='bbox 1094 815 1095 824; x_wconf 45' lang='lat'>1</span> 
     </span>
     <span class='ocr_line' id='line_1_19' title="bbox 283 834 1072 862; baseline -0.001 -1"><span class='ocrx_word' id='word_1_138' title='bbox 283 841 371 862; x_wconf 84' lang='lat' dir='ltr'>utrum</span> <span class='ocrx_word' id='word_1_139' title='bbox 386 836 420 862; x_wconf 88' lang='lat' dir='ltr'>sit</span> <span class='ocrx_word' id='word_1_140' title='bbox 435 836 530 862; x_wconf 83' lang='lat' dir='ltr'>melius</span> <span class='ocrx_word' id='word_1_141' title='bbox 545 841 589 861; x_wconf 82' lang='lat' dir='ltr'>aut</span> <span class='ocrx_word' id='word_1_142' title='bbox 605 836 707 862; x_wconf 85' lang='lat' dir='ltr'>verius:</span> <span class='ocrx_word' id='word_1_143' title='bbox 729 841 830 862; x_wconf 86' lang='lat' dir='ltr'>tantum</span> <span class='ocrx_word' id='word_1_144' title='bbox 845 835 904 861; x_wconf 86' lang='lat' dir='ltr'>dico</span> <span class='ocrx_word' id='word_1_145' title='bbox 918 840 941 860; x_wconf 87' lang='lat' dir='ltr'>et</span> <span class='ocrx_word' id='word_1_146' title='bbox 956 835 1029 860; x_wconf 85' lang='lat' dir='ltr'>aliud</span> <span class='ocrx_word' id='word_1_147' title='bbox 1040 834 1072 860; x_wconf 92' lang='lat' dir='ltr'>il-</span> 
     </span>
     <span class='ocr_line' id='line_1_20' title="bbox 283 872 1072 909; baseline 0 -11"><span class='ocrx_word' id='word_1_148' title='bbox 283 873 327 898; x_wconf 88' lang='lat' dir='ltr'>lud</span> <span class='ocrx_word' id='word_1_149' title='bbox 350 881 408 899; x_wconf 87' lang='lat' dir='ltr'>esse</span> <span class='ocrx_word' id='word_1_150' title='bbox 431 878 509 909; x_wconf 82' lang='lat' dir='ltr'>atque</span> <span class='ocrx_word' id='word_1_151' title='bbox 534 874 590 903; x_wconf 86' lang='lat' dir='ltr'>boc,</span> <span class='ocrx_word' id='word_1_152' title='bbox 607 878 631 899; x_wconf 89' lang='lat' dir='ltr'>ct</span> <span class='ocrx_word' id='word_1_153' title='bbox 651 873 699 899; x_wconf 76' lang='lat' dir='ltr'>ho(-</span> <span class='ocrx_word' id='word_1_154' title='bbox 718 874 775 899; x_wconf 88' lang='lat' dir='ltr'>sine</span> <span class='ocrx_word' id='word_1_155' title='bbox 794 872 839 899; x_wconf 90' lang='lat' dir='ltr'>illo</span> <span class='ocrx_word' id='word_1_156' title='bbox 857 880 995 898; x_wconf 87' lang='lat' dir='ltr'>summum</span> <span class='ocrx_word' id='word_1_157' title='bbox 1014 880 1072 898; x_wconf 85' lang='lat' dir='ltr'>esse</span> 
     </span>
     <span class='ocr_line' id='line_1_21' title="bbox 282 918 366 944; baseline 0.012 -9"><span class='ocrx_word' id='word_1_158' title='bbox 282 918 366 944; x_wconf 77' lang='lat' dir='ltr'>posse.</span> 
     </span>
    </p>

    <p class='ocr_par' dir='ltr' id='par_1_6' title="bbox 281 946 1073 1282">
     <span class='ocr_line' id='line_1_22' title="bbox 338 946 1073 982; baseline -0.001 -9"><span class='ocrx_word' id='word_1_159' title='bbox 338 948 390 974; x_wconf 79' lang='lat' dir='ltr'>LV.</span> <span class='ocrx_word' id='word_1_160' title='bbox 406 949 463 974; x_wconf 66' lang='lat'>2:34.</span> <span class='ocrx_word' id='word_1_161' title='bbox 480 948 544 974; x_wconf 84' lang='lat' dir='ltr'>Nam</span> <span class='ocrx_word' id='word_1_162' title='bbox 559 948 630 982; x_wconf 80' lang='lat' dir='ltr'>quod</span> <span class='ocrx_word' id='word_1_163' title='bbox 646 949 688 974; x_wconf 87' lang='lat' dir='ltr'>ius</span> <span class='ocrx_word' id='word_1_164' title='bbox 701 948 788 978; x_wconf 73' lang='lat' dir='ltr'>civile,</span> <span class='ocrx_word' id='word_1_165' title='bbox 806 947 908 978; x_wconf 79' lang='lat' dir='ltr'>Crasse,</span> <span class='ocrx_word' id='word_1_166' title='bbox 924 951 977 973; x_wconf 84' lang='lat' dir='ltr'>tam</span> <span class='ocrx_word' id='word_1_167' title='bbox 992 946 1073 972; x_wconf 87' lang='lat' dir='ltr'>vehe-</span> 
     </span>
     <span class='ocr_line' id='line_1_23' title="bbox 283 985 1072 1020; baseline -0.001 -10"><span class='ocrx_word' id='word_1_168' title='bbox 283 990 383 1011; x_wconf 78' lang='lat' dir='ltr'>menter</span> <span class='ocrx_word' id='word_1_169' title='bbox 396 985 536 1019; x_wconf 76' lang='lat' dir='ltr'>amplexus</span> <span class='ocrx_word' id='word_1_170' title='bbox 551 994 587 1015; x_wconf 80' lang='lat' dir='ltr'>es,</span> <span class='ocrx_word' id='word_1_171' title='bbox 605 985 690 1015; x_wconf 81' lang='lat' dir='ltr'>video,</span> <span class='ocrx_word' id='word_1_172' title='bbox 707 985 771 1020; x_wconf 85' lang='lat' dir='ltr'>qnid</span> <span class='ocrx_word' id='word_1_173' title='bbox 787 985 887 1020; x_wconf 79' lang='lat' dir='ltr'>egeris;</span> <span class='ocrx_word' id='word_1_174' title='bbox 911 988 1072 1019; x_wconf 85' lang='lat' dir='ltr'>tum,quum</span> 
     </span>
     <span class='ocr_line' id='line_1_24' title="bbox 282 1021 1071 1055; baseline -0.001 -8"><span class='ocrx_word' id='word_1_175' title='bbox 282 1022 397 1054; x_wconf 72' lang='lat' dir='ltr'>dicebas,</span> <span class='ocrx_word' id='word_1_176' title='bbox 407 1022 540 1048; x_wconf 83' lang='lat' dir='ltr'>videbam.</span> <span class='ocrx_word' id='word_1_177' title='bbox 557 1023 675 1048; x_wconf 75' lang='lat' dir='ltr'>Primum</span> <span class='ocrx_word' id='word_1_178' title='bbox 690 1022 831 1048; x_wconf 82' lang='lat' dir='ltr'>Scaevolae</span> <span class='ocrx_word' id='word_1_179' title='bbox 842 1026 866 1047; x_wconf 91' lang='lat' dir='ltr'>te</span> <span class='ocrx_word' id='word_1_180' title='bbox 876 1021 1071 1055; x_wconf 85' lang='lat' dir='ltr'>dedisti,quem</span> 
     </span>
     <span class='ocr_line' id='line_1_25' title="bbox 281 1059 1072 1094; baseline -0.001 -9"><span class='ocrx_word' id='word_1_181' title='bbox 281 1068 373 1085; x_wconf 85' lang='lat' dir='ltr'>omnes</span> <span class='ocrx_word' id='word_1_182' title='bbox 397 1068 484 1085; x_wconf 80' lang='lat' dir='ltr'>amare</span> <span class='ocrx_word' id='word_1_183' title='bbox 503 1060 674 1086; x_wconf 81' lang='lat' dir='ltr'>meritissimo</span> <span class='ocrx_word' id='word_1_184' title='bbox 693 1068 740 1094; x_wconf 89' lang='lat' dir='ltr'>pro</span> <span class='ocrx_word' id='word_1_185' title='bbox 757 1060 816 1085; x_wconf 89' lang='lat' dir='ltr'>eius</span> <span class='ocrx_word' id='word_1_186' title='bbox 830 1059 927 1085; x_wconf 86' lang='lat' dir='ltr'>eximia</span> <span class='ocrx_word' id='word_1_187' title='bbox 941 1059 1072 1084; x_wconf 80' lang='lat' dir='ltr'>suavitate</span> 
     </span>
     <span class='ocr_line' id='line_1_26' title="bbox 281 1096 1073 1132; baseline -0.001 -10"><span class='ocrx_word' id='word_1_188' title='bbox 281 1097 424 1129; x_wconf 71' lang='lat' dir='ltr'>‹lobomus3</span> <span class='ocrx_word' id='word_1_189' title='bbox 449 1097 528 1123; x_wconf 82' lang='lat' dir='ltr'>cuius</span> <span class='ocrx_word' id='word_1_190' title='bbox 550 1101 631 1123; x_wconf 83' lang='lat' dir='ltr'>artem</span> <span class='ocrx_word' id='word_1_191' title='bbox 650 1106 735 1132; x_wconf 89' lang='lat' dir='ltr'>quum</span> <span class='ocrx_word' id='word_1_192' title='bbox 755 1097 897 1123; x_wconf 72' lang='lat' dir='ltr'>indotatam</span> <span class='ocrx_word' id='word_1_193' title='bbox 916 1104 975 1121; x_wconf 90' lang='lat' dir='ltr'>esse</span> <span class='ocrx_word' id='word_1_194' title='bbox 993 1100 1018 1121; x_wconf 89' lang='lat' dir='ltr'>et</span> <span class='ocrx_word' id='word_1_195' title='bbox 1031 1096 1073 1121; x_wconf 93' lang='lat' dir='ltr'>in-</span> 
     </span>
     <span class='ocr_line' id='line_1_27' title="bbox 281 1132 1072 1168; baseline -0.003 -8"><span class='ocrx_word' id='word_1_196' title='bbox 281 1139 414 1168; x_wconf 83' lang='lat' dir='ltr'>comptam</span> <span class='ocrx_word' id='word_1_197' title='bbox 433 1134 546 1165; x_wconf 86' lang='lat' dir='ltr'>videres,</span> <span class='ocrx_word' id='word_1_198' title='bbox 563 1134 704 1160; x_wconf 82' lang='lat' dir='ltr'>verborum</span> <span class='ocrx_word' id='word_1_199' title='bbox 719 1143 776 1160; x_wconf 87' lang='lat' dir='ltr'>eam</span> <span class='ocrx_word' id='word_1_200' title='bbox 793 1133 852 1160; x_wconf 86' lang='lat' dir='ltr'>dote</span> <span class='ocrx_word' id='word_1_201' title='bbox 867 1132 1033 1167; x_wconf 81' lang='lat' dir='ltr'>locupletasti</span> <span class='ocrx_word' id='word_1_202' title='bbox 1048 1137 1072 1158; x_wconf 89' lang='lat' dir='ltr'>et</span> 
     </span>
     <span class='ocr_line' id='line_1_28' title="bbox 281 1170 1072 1206; baseline -0.003 -9"><span class='ocrx_word' id='word_1_203' title='bbox 281 1172 388 1197; x_wconf 81' lang='lat' dir='ltr'>ornasti.</span> <span class='ocrx_word' id='word_1_204' title='bbox 411 1171 509 1197; x_wconf 85' lang='lat' dir='ltr'>Deinde</span> <span class='ocrx_word' id='word_1_205' title='bbox 523 1171 595 1206; x_wconf 92' lang='lat' dir='ltr'>quod</span> <span class='ocrx_word' id='word_1_206' title='bbox 609 1172 636 1198; x_wconf 87' lang='lat' dir='ltr'>in</span> <span class='ocrx_word' id='word_1_207' title='bbox 651 1180 680 1197; x_wconf 85' lang='lat' dir='ltr'>ea</span> <span class='ocrx_word' id='word_1_208' title='bbox 694 1176 722 1197; x_wconf 91' lang='lat' dir='ltr'>tu</span> <span class='ocrx_word' id='word_1_209' title='bbox 737 1171 799 1206; x_wconf 87' lang='lat' dir='ltr'>plus</span> <span class='ocrx_word' id='word_1_210' title='bbox 812 1178 907 1205; x_wconf 80' lang='lat' dir='ltr'>operae</span> <span class='ocrx_word' id='word_1_211' title='bbox 921 1170 1072 1204; x_wconf 83' lang='lat' dir='ltr'>laborisque</span> 
     </span>
     <span class='ocr_line' id='line_1_29' title="bbox 281 1207 1073 1244; baseline -0.001 -10"><span class='ocrx_word' id='word_1_212' title='bbox 281 1217 494 1243; x_wconf 75' lang='lat' dir='ltr'>consumpseras,</span> <span class='ocrx_word' id='word_1_213' title='bbox 518 1217 604 1244; x_wconf 90' lang='lat' dir='ltr'>quum</span> <span class='ocrx_word' id='word_1_214' title='bbox 627 1210 685 1235; x_wconf 91' lang='lat' dir='ltr'>eius</span> <span class='ocrx_word' id='word_1_215' title='bbox 703 1208 786 1235; x_wconf 89' lang='lat' dir='ltr'>studii</span> <span class='ocrx_word' id='word_1_216' title='bbox 805 1209 852 1234; x_wconf 88' lang='lat' dir='ltr'>tibi</span> <span class='ocrx_word' id='word_1_217' title='bbox 871 1212 897 1233; x_wconf 91' lang='lat' dir='ltr'>et</span> <span class='ocrx_word' id='word_1_218' title='bbox 915 1207 1030 1233; x_wconf 79' lang='lat' dir='ltr'>hortator</span> <span class='ocrx_word' id='word_1_219' title='bbox 1047 1211 1073 1233; x_wconf 87' lang='lat' dir='ltr'>et</span> 
     </span>
     <span class='ocr_line' id='line_1_30' title="bbox 282 1246 1073 1282; baseline -0.003 -10"><span class='ocrx_word' id='word_1_220' title='bbox 282 1247 407 1282; x_wconf 80' lang='lat' dir='ltr'>magister</span> <span class='ocrx_word' id='word_1_221' title='bbox 420 1251 491 1272; x_wconf 87' lang='lat' dir='ltr'>esset</span> <span class='ocrx_word' id='word_1_222' title='bbox 504 1246 584 1278; x_wconf 91' lang='lat' dir='ltr'>domi,</span> <span class='ocrx_word' id='word_1_223' title='bbox 601 1247 702 1272; x_wconf 89' lang='lat' dir='ltr'>veritus</span> <span class='ocrx_word' id='word_1_224' title='bbox 713 1255 749 1277; x_wconf 80' lang='lat' dir='ltr'>es,</span> <span class='ocrx_word' id='word_1_225' title='bbox 767 1246 817 1272; x_wconf 90' lang='lat' dir='ltr'>nisi</span> <span class='ocrx_word' id='word_1_226' title='bbox 832 1246 911 1271; x_wconf 85' lang='lat' dir='ltr'>istam</span> <span class='ocrx_word' id='word_1_227' title='bbox 922 1249 1004 1270; x_wconf 90' lang='lat' dir='ltr'>artem</span> <span class='ocrx_word' id='word_1_228' title='bbox 1014 1253 1073 1270; x_wconf 90' lang='lat' dir='ltr'>ora-</span> 
     </span>
    </p>
   </div>
   <div class='ocr_carea' id='block_1_6' title="bbox 283 1281 1096 1320">
    <p class='ocr_par' dir='ltr' id='par_1_7' title="bbox 283 1281 1096 1320">
     <span class='ocr_line' id='line_1_31' title="bbox 283 1281 1096 1320; baseline -0.004 -11"><span class='ocrx_word' id='word_1_229' title='bbox 283 1284 352 1309; x_wconf 85' lang='lat' dir='ltr'>tione</span> <span class='ocrx_word' id='word_1_230' title='bbox 365 1292 562 1319; x_wconf 82' lang='lat' dir='ltr'>exaggerasses,</span> <span class='ocrx_word' id='word_1_231' title='bbox 584 1292 616 1310; x_wconf 91' lang='lat' dir='ltr'>ne</span> <span class='ocrx_word' id='word_1_232' title='bbox 629 1292 735 1318; x_wconf 80' lang='lat' dir='ltr'>operam</span> <span class='ocrx_word' id='word_1_233' title='bbox 750 1283 923 1318; x_wconf 82' lang='lat' dir='ltr'>perdidisses.</span> <span class='ocrx_word' id='word_1_234' title='bbox 957 1281 1008 1307; x_wconf 86' lang='lat' dir='ltr'>Sed</span> <span class='ocrx_word' id='word_1_235' title='bbox 1022 1290 1073 1317; x_wconf 81' lang='lat' dir='ltr'>ego</span> <span class='ocrx_word' id='word_1_236' title='bbox 1093 1301 1096 1320; x_wconf 73' lang='lat' dir='ltr'>t</span> 
     </span>
    </p>
   </div>
   <div class='ocr_carea' id='block_1_7' title="bbox 278 1319 1073 2092">
    <p class='ocr_par' dir='ltr' id='par_1_8' title="bbox 278 1319 1073 2092">
     <span class='ocr_line' id='line_1_32' title="bbox 283 1319 1069 1356; baseline -0.003 -10"><span class='ocrx_word' id='word_1_237' title='bbox 283 1329 314 1346; x_wconf 87' lang='lat' dir='ltr'>ne</span> <span class='ocrx_word' id='word_1_238' title='bbox 327 1329 389 1346; x_wconf 84' lang='lat' dir='ltr'>cum</span> <span class='ocrx_word' id='word_1_239' title='bbox 403 1321 453 1347; x_wconf 84' lang='lat' dir='ltr'>ista</span> <span class='ocrx_word' id='word_1_240' title='bbox 467 1321 576 1355; x_wconf 87' lang='lat' dir='ltr'>quidem</span> <span class='ocrx_word' id='word_1_241' title='bbox 591 1325 645 1347; x_wconf 89' lang='lat' dir='ltr'>arte</span> <span class='ocrx_word' id='word_1_242' title='bbox 659 1329 758 1356; x_wconf 88' lang='lat' dir='ltr'>pugno.</span> <span class='ocrx_word' id='word_1_243' title='bbox 784 1321 843 1347; x_wconf 74' lang='lat'>235.</span> <span class='ocrx_word' id='word_1_244' title='bbox 860 1319 901 1346; x_wconf 83' lang='lat' dir='ltr'>Sit</span> <span class='ocrx_word' id='word_1_245' title='bbox 913 1327 976 1345; x_wconf 91' lang='lat' dir='ltr'>sane</span> <span class='ocrx_word' id='word_1_246' title='bbox 991 1323 1069 1350; x_wconf 86' lang='lat' dir='ltr'>tanta,</span> 
     </span>
     <span class='ocr_line' id='line_1_33' title="bbox 281 1357 1071 1392; baseline -0.003 -8"><span class='ocrx_word' id='word_1_247' title='bbox 281 1362 407 1392; x_wconf 85' lang='lat' dir='ltr'>quantam</span> <span class='ocrx_word' id='word_1_248' title='bbox 422 1363 450 1384; x_wconf 94' lang='lat' dir='ltr'>tu</span> <span class='ocrx_word' id='word_1_249' title='bbox 465 1358 538 1384; x_wconf 90' lang='lat' dir='ltr'>illam</span> <span class='ocrx_word' id='word_1_250' title='bbox 552 1366 610 1384; x_wconf 89' lang='lat' dir='ltr'>esse</span> <span class='ocrx_word' id='word_1_251' title='bbox 624 1359 675 1384; x_wconf 90' lang='lat' dir='ltr'>vis.</span> <span class='ocrx_word' id='word_1_252' title='bbox 701 1358 807 1384; x_wconf 86' lang='lat' dir='ltr'>Etenim</span> <span class='ocrx_word' id='word_1_253' title='bbox 822 1358 880 1383; x_wconf 89' lang='lat' dir='ltr'>sine</span> <span class='ocrx_word' id='word_1_254' title='bbox 893 1357 1071 1383; x_wconf 87' lang='lat' dir='ltr'>controversia</span> 
     </span>
     <span class='ocr_line' id='line_1_34' title="bbox 281 1394 1072 1431; baseline -0.004 -10"><span class='ocrx_word' id='word_1_255' title='bbox 281 1400 306 1421; x_wconf 86' lang='lat' dir='ltr'>et</span> <span class='ocrx_word' id='word_1_256' title='bbox 324 1403 419 1431; x_wconf 90' lang='lat' dir='ltr'>magna</span> <span class='ocrx_word' id='word_1_257' title='bbox 437 1400 476 1421; x_wconf 86' lang='lat' dir='ltr'>est</span> <span class='ocrx_word' id='word_1_258' title='bbox 494 1400 520 1421; x_wconf 88' lang='lat' dir='ltr'>et</span> <span class='ocrx_word' id='word_1_259' title='bbox 539 1395 588 1422; x_wconf 85' lang='lat' dir='ltr'>late</span> <span class='ocrx_word' id='word_1_260' title='bbox 607 1400 685 1430; x_wconf 90' lang='lat' dir='ltr'>patet,</span> <span class='ocrx_word' id='word_1_261' title='bbox 706 1399 732 1421; x_wconf 92' lang='lat' dir='ltr'>et</span> <span class='ocrx_word' id='word_1_262' title='bbox 749 1395 781 1421; x_wconf 92' lang='lat' dir='ltr'>ad</span> <span class='ocrx_word' id='word_1_263' title='bbox 795 1394 894 1421; x_wconf 91' lang='lat' dir='ltr'>multos</span> <span class='ocrx_word' id='word_1_264' title='bbox 909 1394 1030 1428; x_wconf 85' lang='lat' dir='ltr'>pertinet,</span> <span class='ocrx_word' id='word_1_265' title='bbox 1047 1397 1072 1419; x_wconf 90' lang='lat' dir='ltr'>et</span> 
     </span>
     <span class='ocr_line' id='line_1_35' title="bbox 281 1431 1072 1467; baseline -0.003 -9"><span class='ocrx_word' id='word_1_266' title='bbox 281 1441 387 1459; x_wconf 90' lang='lat' dir='ltr'>summo</span> <span class='ocrx_word' id='word_1_267' title='bbox 405 1433 432 1458; x_wconf 89' lang='lat' dir='ltr'>in</span> <span class='ocrx_word' id='word_1_268' title='bbox 451 1432 550 1459; x_wconf 88' lang='lat' dir='ltr'>honore</span> <span class='ocrx_word' id='word_1_269' title='bbox 567 1441 673 1467; x_wconf 86' lang='lat' dir='ltr'>semper</span> <span class='ocrx_word' id='word_1_270' title='bbox 691 1432 750 1463; x_wconf 88' lang='lat' dir='ltr'>fuit,</span> <span class='ocrx_word' id='word_1_271' title='bbox 767 1437 791 1458; x_wconf 90' lang='lat' dir='ltr'>et</span> <span class='ocrx_word' id='word_1_272' title='bbox 805 1431 947 1458; x_wconf 84' lang='lat' dir='ltr'>clarissimi</span> <span class='ocrx_word' id='word_1_273' title='bbox 961 1431 1034 1457; x_wconf 84' lang='lat' dir='ltr'>cives</span> <span class='ocrx_word' id='word_1_274' title='bbox 1047 1431 1072 1456; x_wconf 90' lang='lat' dir='ltr'>ei</span> 
     </span>
     <span class='ocr_line' id='line_1_36' title="bbox 280 1468 1069 1504; baseline -0.003 -9"><span class='ocrx_word' id='word_1_275' title='bbox 280 1469 370 1496; x_wconf 89' lang='lat' dir='ltr'>studio</span> <span class='ocrx_word' id='word_1_276' title='bbox 388 1470 466 1496; x_wconf 87' lang='lat' dir='ltr'>etiam</span> <span class='ocrx_word' id='word_1_277' title='bbox 485 1469 564 1496; x_wconf 89' lang='lat' dir='ltr'>hodie</span> <span class='ocrx_word' id='word_1_278' title='bbox 581 1475 720 1504; x_wconf 88' lang='lat' dir='ltr'>praesunt;</span> <span class='ocrx_word' id='word_1_279' title='bbox 749 1469 796 1495; x_wconf 88' lang='lat' dir='ltr'>sed</span> <span class='ocrx_word' id='word_1_280' title='bbox 815 1469 884 1499; x_wconf 80' lang='lat' dir='ltr'>vide,</span> <span class='ocrx_word' id='word_1_281' title='bbox 905 1468 1007 1499; x_wconf 86' lang='lat' dir='ltr'>Crasse,</span> <span class='ocrx_word' id='word_1_282' title='bbox 1028 1476 1069 1499; x_wconf 91' lang='lat' dir='ltr'>ne,</span> 
     </span>
     <span class='ocr_line' id='line_1_37' title="bbox 280 1504 1072 1534; baseline -0.004 -1"><span class='ocrx_word' id='word_1_283' title='bbox 280 1507 345 1533; x_wconf 91' lang='lat' dir='ltr'>dum</span> <span class='ocrx_word' id='word_1_284' title='bbox 365 1515 433 1533; x_wconf 84' lang='lat' dir='ltr'>novo</span> <span class='ocrx_word' id='word_1_285' title='bbox 450 1511 475 1533; x_wconf 90' lang='lat' dir='ltr'>et</span> <span class='ocrx_word' id='word_1_286' title='bbox 492 1506 577 1533; x_wconf 89' lang='lat' dir='ltr'>alieno</span> <span class='ocrx_word' id='word_1_287' title='bbox 595 1511 688 1534; x_wconf 87' lang='lat' dir='ltr'>ornatu</span> <span class='ocrx_word' id='word_1_288' title='bbox 707 1506 775 1533; x_wconf 87' lang='lat' dir='ltr'>velis</span> <span class='ocrx_word' id='word_1_289' title='bbox 792 1514 885 1533; x_wconf 92' lang='lat' dir='ltr'>ornare</span> <span class='ocrx_word' id='word_1_290' title='bbox 903 1505 970 1532; x_wconf 90' lang='lat' dir='ltr'>iuris</span> <span class='ocrx_word' id='word_1_291' title='bbox 983 1504 1072 1531; x_wconf 91' lang='lat' dir='ltr'>civilis</span> 
     </span>
     <span class='ocr_line' id='line_1_38' title="bbox 280 1542 1072 1580; baseline -0.003 -10"><span class='ocrx_word' id='word_1_292' title='bbox 280 1544 428 1575; x_wconf 89' lang='lat' dir='ltr'>scientiam,</span> <span class='ocrx_word' id='word_1_293' title='bbox 444 1552 494 1571; x_wconf 91' lang='lat' dir='ltr'>suo</span> <span class='ocrx_word' id='word_1_294' title='bbox 503 1552 611 1580; x_wconf 90' lang='lat' dir='ltr'>quoque</span> <span class='ocrx_word' id='word_1_295' title='bbox 624 1553 682 1571; x_wconf 89' lang='lat' dir='ltr'>eam</span> <span class='ocrx_word' id='word_1_296' title='bbox 695 1552 822 1571; x_wconf 90' lang='lat' dir='ltr'>concesso</span> <span class='ocrx_word' id='word_1_297' title='bbox 832 1548 857 1570; x_wconf 91' lang='lat' dir='ltr'>et</span> <span class='ocrx_word' id='word_1_298' title='bbox 868 1543 962 1569; x_wconf 92' lang='lat' dir='ltr'>tradito</span> <span class='ocrx_word' id='word_1_299' title='bbox 972 1542 1072 1577; x_wconf 85' lang='lat' dir='ltr'>spolies</span> 
     </span>
     <span class='ocr_line' id='line_1_39' title="bbox 280 1579 1073 1616; baseline -0.003 -9"><span class='ocrx_word' id='word_1_300' title='bbox 280 1586 360 1616; x_wconf 84' lang='lat' dir='ltr'>atque</span> <span class='ocrx_word' id='word_1_301' title='bbox 377 1581 507 1608; x_wconf 87' lang='lat' dir='ltr'>denudes.</span> <span class='ocrx_word' id='word_1_302' title='bbox 541 1583 599 1609; x_wconf 74' lang='lat'>236.</span> <span class='ocrx_word' id='word_1_303' title='bbox 620 1581 696 1612; x_wconf 88' lang='lat' dir='ltr'>Nam,</span> <span class='ocrx_word' id='word_1_304' title='bbox 717 1582 739 1608; x_wconf 89' lang='lat' dir='ltr'>si</span> <span class='ocrx_word' id='word_1_305' title='bbox 754 1582 789 1607; x_wconf 89' lang='lat' dir='ltr'>ita</span> <span class='ocrx_word' id='word_1_306' title='bbox 802 1581 913 1611; x_wconf 84' lang='lat' dir='ltr'>diceres,</span> <span class='ocrx_word' id='word_1_307' title='bbox 929 1580 977 1615; x_wconf 89' lang='lat' dir='ltr'>qui</span> <span class='ocrx_word' id='word_1_308' title='bbox 991 1579 1073 1606; x_wconf 90' lang='lat' dir='ltr'>iuris—</span> 
     </span>
     <span class='ocr_line' id='line_1_40' title="bbox 280 1617 1072 1653; baseline -0.003 -9"><span class='ocrx_word' id='word_1_309' title='bbox 280 1618 420 1645; x_wconf 77' lang='lat' dir='ltr'>consultus</span> <span class='ocrx_word' id='word_1_310' title='bbox 437 1623 515 1650; x_wconf 90' lang='lat' dir='ltr'>esset,</span> <span class='ocrx_word' id='word_1_311' title='bbox 535 1627 594 1645; x_wconf 90' lang='lat' dir='ltr'>esse</span> <span class='ocrx_word' id='word_1_312' title='bbox 607 1627 668 1645; x_wconf 87' lang='lat' dir='ltr'>eum</span> <span class='ocrx_word' id='word_1_313' title='bbox 683 1623 820 1649; x_wconf 84' lang='lat' dir='ltr'>oratorem,</span> <span class='ocrx_word' id='word_1_314' title='bbox 835 1619 954 1653; x_wconf 88' lang='lat' dir='ltr'>itemque</span> <span class='ocrx_word' id='word_1_315' title='bbox 968 1617 1015 1652; x_wconf 93' lang='lat' dir='ltr'>qui</span> <span class='ocrx_word' id='word_1_316' title='bbox 1029 1625 1072 1642; x_wconf 88' lang='lat' dir='ltr'>es-</span> 
     </span>
     <span class='ocr_line' id='line_1_41' title="bbox 281 1653 1071 1689; baseline -0.004 -7"><span class='ocrx_word' id='word_1_317' title='bbox 281 1660 320 1682; x_wconf 89' lang='lat' dir='ltr'>set</span> <span class='ocrx_word' id='word_1_318' title='bbox 333 1660 427 1687; x_wconf 89' lang='lat' dir='ltr'>orator,</span> <span class='ocrx_word' id='word_1_319' title='bbox 443 1656 510 1682; x_wconf 92' lang='lat' dir='ltr'>iuris</span> <span class='ocrx_word' id='word_1_320' title='bbox 524 1656 649 1682; x_wconf 90' lang='lat' dir='ltr'>eumdem</span> <span class='ocrx_word' id='word_1_321' title='bbox 663 1664 722 1682; x_wconf 89' lang='lat' dir='ltr'>esse</span> <span class='ocrx_word' id='word_1_322' title='bbox 735 1655 903 1682; x_wconf 90' lang='lat' dir='ltr'>consultum:</span> <span class='ocrx_word' id='word_1_323' title='bbox 924 1653 1071 1689; x_wconf 88' lang='lat' dir='ltr'>praeclaras</span> 
     </span>
     <span class='ocr_line' id='line_1_42' title="bbox 281 1691 1072 1728; baseline -0.004 -9"><span class='ocrx_word' id='word_1_324' title='bbox 281 1693 347 1719; x_wconf 91' lang='lat' dir='ltr'>duas</span> <span class='ocrx_word' id='word_1_325' title='bbox 361 1697 429 1719; x_wconf 87' lang='lat' dir='ltr'>artes</span> <span class='ocrx_word' id='word_1_326' title='bbox 443 1693 618 1719; x_wconf 88' lang='lat' dir='ltr'>constitueres</span> <span class='ocrx_word' id='word_1_327' title='bbox 641 1697 720 1728; x_wconf 88' lang='lat' dir='ltr'>atque</span> <span class='ocrx_word' id='word_1_328' title='bbox 738 1693 807 1719; x_wconf 88' lang='lat' dir='ltr'>inter</span> <span class='ocrx_word' id='word_1_329' title='bbox 824 1700 853 1718; x_wconf 91' lang='lat' dir='ltr'>se</span> <span class='ocrx_word' id='word_1_330' title='bbox 870 1699 947 1726; x_wconf 88' lang='lat' dir='ltr'>pares</span> <span class='ocrx_word' id='word_1_331' title='bbox 961 1695 986 1717; x_wconf 89' lang='lat' dir='ltr'>et</span> <span class='ocrx_word' id='word_1_332' title='bbox 999 1691 1072 1717; x_wconf 82' lang='lat' dir='ltr'>eius-</span> 
     </span>
     <span class='ocr_line' id='line_1_43' title="bbox 280 1727 1072 1766; baseline -0.003 -10"><span class='ocrx_word' id='word_1_333' title='bbox 280 1730 341 1756; x_wconf 87' lang='lat' dir='ltr'>dem</span> <span class='ocrx_word' id='word_1_334' title='bbox 355 1730 440 1756; x_wconf 83' lang='lat' dir='ltr'>soeias</span> <span class='ocrx_word' id='word_1_335' title='bbox 454 1730 601 1766; x_wconf 84' lang='lat' dir='ltr'>dignitatis.</span> <span class='ocrx_word' id='word_1_336' title='bbox 624 1730 700 1756; x_wconf 90' lang='lat' dir='ltr'>Nunc</span> <span class='ocrx_word' id='word_1_337' title='bbox 710 1738 772 1756; x_wconf 84' lang='lat' dir='ltr'>vero</span> <span class='ocrx_word' id='word_1_338' title='bbox 782 1727 1003 1755; x_wconf 88' lang='lat' dir='ltr'>iurisconsultum</span> <span class='ocrx_word' id='word_1_339' title='bbox 1014 1729 1072 1754; x_wconf 85' lang='lat' dir='ltr'>sine</span> 
     </span>
     <span class='ocr_line' id='line_1_44' title="bbox 280 1766 1072 1802; baseline -0.003 -9"><span class='ocrx_word' id='word_1_340' title='bbox 280 1767 329 1793; x_wconf 88' lang='lat' dir='ltr'>hac</span> <span class='ocrx_word' id='word_1_341' title='bbox 343 1767 502 1802; x_wconf 84' lang='lat' dir='ltr'>eloquentia,</span> <span class='ocrx_word' id='word_1_342' title='bbox 523 1767 556 1793; x_wconf 90' lang='lat' dir='ltr'>de</span> <span class='ocrx_word' id='word_1_343' title='bbox 569 1776 622 1802; x_wconf 93' lang='lat' dir='ltr'>qua</span> <span class='ocrx_word' id='word_1_344' title='bbox 636 1768 800 1802; x_wconf 88' lang='lat' dir='ltr'>quaerimus,</span> <span class='ocrx_word' id='word_1_345' title='bbox 817 1766 907 1792; x_wconf 89' lang='lat' dir='ltr'>fateris</span> <span class='ocrx_word' id='word_1_346' title='bbox 921 1774 979 1792; x_wconf 88' lang='lat' dir='ltr'>esse</span> <span class='ocrx_word' id='word_1_347' title='bbox 993 1773 1072 1800; x_wconf 85' lang='lat' dir='ltr'>posse</span> 
     </span>
     <span class='ocr_line' id='line_1_45' title="bbox 281 1803 1071 1840; baseline -0.001 -10"><span class='ocrx_word' id='word_1_348' title='bbox 281 1804 419 1839; x_wconf 90' lang='lat' dir='ltr'>fuisseque</span> <span class='ocrx_word' id='word_1_349' title='bbox 433 1804 577 1839; x_wconf 74' lang='lat' dir='ltr'>plurimos3</span> <span class='ocrx_word' id='word_1_350' title='bbox 593 1810 722 1831; x_wconf 89' lang='lat' dir='ltr'>oratorem</span> <span class='ocrx_word' id='word_1_351' title='bbox 734 1812 824 1840; x_wconf 82' lang='lat' dir='ltr'>negaS,</span> <span class='ocrx_word' id='word_1_352' title='bbox 837 1804 889 1830; x_wconf 89' lang='lat' dir='ltr'>nisi</span> <span class='ocrx_word' id='word_1_353' title='bbox 899 1803 972 1829; x_wconf 81' lang='lat' dir='ltr'>iliam</span> <span class='ocrx_word' id='word_1_354' title='bbox 983 1803 1071 1829; x_wconf 86' lang='lat' dir='ltr'>scien-</span> 
     </span>
     <span class='ocr_line' id='line_1_46' title="bbox 281 1840 1072 1876; baseline -0.004 -8"><span class='ocrx_word' id='word_1_355' title='bbox 281 1843 343 1868; x_wconf 87' lang='lat' dir='ltr'>tiam</span> <span class='ocrx_word' id='word_1_356' title='bbox 357 1842 541 1876; x_wconf 75' lang='lat' dir='ltr'>assumpserit,</span> <span class='ocrx_word' id='word_1_357' title='bbox 558 1850 616 1868; x_wconf 86' lang='lat' dir='ltr'>esse</span> <span class='ocrx_word' id='word_1_358' title='bbox 631 1850 718 1876; x_wconf 86' lang='lat' dir='ltr'>posse.</span> <span class='ocrx_word' id='word_1_359' title='bbox 739 1842 776 1868; x_wconf 88' lang='lat' dir='ltr'>lta</span> <span class='ocrx_word' id='word_1_360' title='bbox 787 1841 884 1867; x_wconf 85' lang='lat' dir='ltr'>esttibi</span> <span class='ocrx_word' id='word_1_361' title='bbox 895 1840 1072 1867; x_wconf 84' lang='lat' dir='ltr'>iurisconsul-</span> 
     </span>
     <span class='ocr_line' id='line_1_47' title="bbox 281 1878 1070 1914; baseline -0.003 -9"><span class='ocrx_word' id='word_1_362' title='bbox 281 1884 324 1905; x_wconf 85' lang='lat' dir='ltr'>tus</span> <span class='ocrx_word' id='word_1_363' title='bbox 346 1879 406 1914; x_wconf 87' lang='lat' dir='ltr'>ipse</span> <span class='ocrx_word' id='word_1_364' title='bbox 422 1887 470 1914; x_wconf 90' lang='lat' dir='ltr'>per</span> <span class='ocrx_word' id='word_1_365' title='bbox 489 1888 518 1905; x_wconf 89' lang='lat' dir='ltr'>se</span> <span class='ocrx_word' id='word_1_366' title='bbox 537 1879 618 1909; x_wconf 88' lang='lat' dir='ltr'>nihil,</span> <span class='ocrx_word' id='word_1_367' title='bbox 638 1880 690 1905; x_wconf 92' lang='lat' dir='ltr'>nisi</span> <span class='ocrx_word' id='word_1_368' title='bbox 706 1878 838 1914; x_wconf 81' lang='lat' dir='ltr'>leguleius</span> <span class='ocrx_word' id='word_1_369' title='bbox 852 1878 963 1913; x_wconf 91' lang='lat' dir='ltr'>quidam</span> <span class='ocrx_word' id='word_1_370' title='bbox 976 1882 1070 1904; x_wconf 91' lang='lat' dir='ltr'>cautus</span> 
     </span>
     <span class='ocr_line' id='line_1_48' title="bbox 280 1915 1071 1952; baseline -0.003 -10"><span class='ocrx_word' id='word_1_371' title='bbox 280 1921 305 1942; x_wconf 83' lang='lat' dir='ltr'>et</span> <span class='ocrx_word' id='word_1_372' title='bbox 318 1920 421 1947; x_wconf 86' lang='lat' dir='ltr'>acutus,</span> <span class='ocrx_word' id='word_1_373' title='bbox 441 1925 535 1952; x_wconf 88' lang='lat' dir='ltr'>praeco</span> <span class='ocrx_word' id='word_1_374' title='bbox 548 1917 690 1947; x_wconf 84' lang='lat' dir='ltr'>actionum,</span> <span class='ocrx_word' id='word_1_375' title='bbox 710 1921 800 1942; x_wconf 85' lang='lat' dir='ltr'>cantor</span> <span class='ocrx_word' id='word_1_376' title='bbox 818 1915 1002 1946; x_wconf 84' lang='lat' dir='ltr'>formularum,</span> <span class='ocrx_word' id='word_1_377' title='bbox 1023 1923 1071 1940; x_wconf 91' lang='lat' dir='ltr'>au-</span> 
     </span>
     <span class='ocr_line' id='line_1_49' title="bbox 279 1951 1072 1989; baseline -0.003 -10"><span class='ocrx_word' id='word_1_378' title='bbox 279 1961 342 1988; x_wconf 86' lang='lat' dir='ltr'>ceps</span> <span class='ocrx_word' id='word_1_379' title='bbox 359 1953 538 1989; x_wconf 79' lang='lat' dir='ltr'>syllabarum3</span> <span class='ocrx_word' id='word_1_380' title='bbox 566 1953 613 1979; x_wconf 87' lang='lat' dir='ltr'>sed</span> <span class='ocrx_word' id='word_1_381' title='bbox 631 1954 695 1988; x_wconf 90' lang='lat' dir='ltr'>quia</span> <span class='ocrx_word' id='word_1_382' title='bbox 713 1961 791 1988; x_wconf 86' lang='lat' dir='ltr'>saepe</span> <span class='ocrx_word' id='word_1_383' title='bbox 810 1953 894 1979; x_wconf 91' lang='lat' dir='ltr'>utitur</span> <span class='ocrx_word' id='word_1_384' title='bbox 906 1957 992 1979; x_wconf 88' lang='lat' dir='ltr'>orator</span> <span class='ocrx_word' id='word_1_385' title='bbox 1005 1951 1072 1978; x_wconf 90' lang='lat' dir='ltr'>sub-</span> 
     </span>
     <span class='ocr_line' id='line_1_50' title="bbox 279 1989 1070 2022; baseline -0.001 -6"><span class='ocrx_word' id='word_1_386' title='bbox 279 1990 348 2017; x_wconf 90' lang='lat' dir='ltr'>sidio</span> <span class='ocrx_word' id='word_1_387' title='bbox 371 1991 438 2016; x_wconf 91' lang='lat' dir='ltr'>iuris</span> <span class='ocrx_word' id='word_1_388' title='bbox 462 1991 489 2016; x_wconf 93' lang='lat' dir='ltr'>in</span> <span class='ocrx_word' id='word_1_389' title='bbox 507 1991 619 2022; x_wconf 88' lang='lat' dir='ltr'>caussis,</span> <span class='ocrx_word' id='word_1_390' title='bbox 644 1990 742 2017; x_wconf 90' lang='lat' dir='ltr'>idcirco</span> <span class='ocrx_word' id='word_1_391' title='bbox 759 1991 838 2017; x_wconf 89' lang='lat' dir='ltr'>istam</span> <span class='ocrx_word' id='word_1_392' title='bbox 852 1990 919 2016; x_wconf 87' lang='lat' dir='ltr'>iuris</span> <span class='ocrx_word' id='word_1_393' title='bbox 933 1989 1070 2016; x_wconf 90' lang='lat' dir='ltr'>scientiam</span> 
     </span>
     <span class='ocr_line' id='line_1_51' title="bbox 279 2026 1072 2063; baseline -0.003 -9"><span class='ocrx_word' id='word_1_394' title='bbox 279 2028 446 2063; x_wconf 81' lang='lat' dir='ltr'>eloquentiae</span> <span class='ocrx_word' id='word_1_395' title='bbox 464 2033 600 2062; x_wconf 82' lang='lat' dir='ltr'>tamquam</span> <span class='ocrx_word' id='word_1_396' title='bbox 614 2027 767 2054; x_wconf 83' lang='lat' dir='ltr'>ancillulam</span> <span class='ocrx_word' id='word_1_397' title='bbox 782 2027 1011 2062; x_wconf 83' lang='lat' dir='ltr'>pedisequamque</span> <span class='ocrx_word' id='word_1_398' title='bbox 1025 2026 1072 2052; x_wconf 91' lang='lat' dir='ltr'>ad-</span> 
     </span>
     <span class='ocr_line' id='line_1_52' title="bbox 278 2065 401 2092; baseline -0.008 -1"><span class='ocrx_word' id='word_1_399' title='bbox 278 2065 401 2092; x_wconf 82' lang='lat' dir='ltr'>iunxisti.</span> 
     </span>
    </p>
   </div>
   <div class='ocr_carea' id='block_1_8' title="bbox 1053 134 1328 160">
    <p class='ocr_par' dir='ltr' id='par_1_9' title="bbox 1053 134 1328 160">
     <span class='ocr_line' id='line_1_53' title="bbox 1053 134 1328 160; baseline -0.004 -1"><span class='ocrx_word' id='word_1_400' title='bbox 1053 134 1328 160; x_wconf 61' lang='lat' dir='ltr'>(tistssttssxts</span> 
     </span>
    </p>
   </div>
   <div class='ocr_carea' id='block_1_9' title="bbox 1099 226 1103 769">
    <p class='ocr_par' dir='ltr' id='par_1_10' title="bbox 1099 226 1103 769">
     <span class='ocr_line' id='line_1_54' title="bbox 1099 226 1103 769; baseline 0 0"><span class='ocrx_word' id='word_1_401' title='bbox 1099 226 1103 769; x_wconf 95' lang='lat' dir='ltr'> </span> 
     </span>
    </p>
   </div>
   <div class='ocr_carea' id='block_1_10' title="bbox 1094 756 1913 799">
    <p class='ocr_par' dir='ltr' id='par_1_11' title="bbox 1094 756 1913 799">
     <span class='ocr_line' id='line_1_55' title="bbox 1094 756 1913 799; baseline 0.002 -13"><span class='ocrx_word' id='word_1_402' title='bbox 1094 756 1102 799; x_wconf 33' lang='grc' dir='ltr'>’ζ</span> <span class='ocrx_word' id='word_1_403' title='bbox 1123 759 1155 786; x_wconf 84' lang='lat' dir='ltr'>ad</span> <span class='ocrx_word' id='word_1_404' title='bbox 1169 769 1244 786; x_wconf 86' lang='lat' dir='ltr'>suam</span> <span class='ocrx_word' id='word_1_405' title='bbox 1260 769 1314 787; x_wconf 89' lang='lat' dir='ltr'>rem</span> <span class='ocrx_word' id='word_1_406' title='bbox 1329 762 1556 788; x_wconf 83' lang='lat' dir='ltr'>accommodatum</span> <span class='ocrx_word' id='word_1_407' title='bbox 1570 762 1738 788; x_wconf 81' lang='lat' dir='ltr'>abstulisset:</span> <span class='ocrx_word' id='word_1_408' title='bbox 1755 767 1854 788; x_wconf 86' lang='lat' dir='ltr'>uteum</span> <span class='ocrx_word' id='word_1_409' title='bbox 1865 763 1913 788; x_wconf 88' lang='lat' dir='ltr'>tri-</span> 
     </span>
    </p>
   </div>
   <div class='ocr_carea' id='block_1_11' title="bbox 1094 873 1923 1057">
    <p class='ocr_par' dir='ltr' id='par_1_12' title="bbox 1094 873 1923 1057">
     <span class='ocr_line' id='line_1_56' title="bbox 1100 873 1910 909; baseline 0.004 -12"><span class='ocrx_word' id='word_1_410' title='bbox 1100 879 1102 884; x_wconf 65' lang='lat'>*</span> <span class='ocrx_word' id='word_1_411' title='bbox 1122 877 1340 907; x_wconf 86' lang='lat' dir='ltr'>commotumque</span> <span class='ocrx_word' id='word_1_412' title='bbox 1355 877 1383 898; x_wconf 90' lang='lat' dir='ltr'>ut</span> <span class='ocrx_word' id='word_1_413' title='bbox 1398 873 1464 899; x_wconf 85' lang='lat' dir='ltr'>vidit</span> <span class='ocrx_word' id='word_1_414' title='bbox 1477 873 1621 904; x_wconf 84' lang='lat' dir='ltr'>hominem,</span> <span class='ocrx_word' id='word_1_415' title='bbox 1647 873 1793 908; x_wconf 81' lang='lat' dir='ltr'>Suspenso.</span> <span class='ocrx_word' id='word_1_416' title='bbox 1813 874 1910 909; x_wconf 86' lang='lat' dir='ltr'>inquit.</span> 
     </span>
     <span class='ocr_line' id='line_1_57' title="bbox 1100 909 1923 946; baseline 0.004 -12"><span class='ocrx_word' id='word_1_417' title='bbox 1100 914 1103 923; x_wconf 94' lang='grc'><strong><em>·</em></strong></span> <span class='ocrx_word' id='word_1_418' title='bbox 1123 909 1212 935; x_wconf 85' lang='lat' dir='ltr'>animo</span> <span class='ocrx_word' id='word_1_419' title='bbox 1233 914 1258 935; x_wconf 88' lang='lat' dir='ltr'>et</span> <span class='ocrx_word' id='word_1_420' title='bbox 1275 914 1404 944; x_wconf 83' lang='lat' dir='ltr'>occupato</span> <span class='ocrx_word' id='word_1_421' title='bbox 1423 910 1548 936; x_wconf 80' lang='lat' dir='ltr'>Crassum</span> <span class='ocrx_word' id='word_1_422' title='bbox 1568 911 1615 937; x_wconf 88' lang='lat' dir='ltr'>tibi</span> <span class='ocrx_word' id='word_1_423' title='bbox 1634 911 1804 946; x_wconf 84' lang='lat' dir='ltr'>respondisse</span> <span class='ocrx_word' id='word_1_424' title='bbox 1817 911 1923 938; x_wconf 84' lang='lat' dir='ltr'>video:-</span> 
     </span>
     <span class='ocr_line' id='line_1_58' title="bbox 1094 946 1913 986; baseline 0.002 -14"><span class='ocrx_word' id='word_1_425' title='bbox 1094 963 1102 986; x_wconf 41' lang='lat'>3</span> <span class='ocrx_word' id='word_1_426' title='bbox 1122 947 1181 973; x_wconf 65' lang='lat'>240.</span> <span class='ocrx_word' id='word_1_427' title='bbox 1197 946 1293 973; x_wconf 90' lang='lat' dir='ltr'>deinde</span> <span class='ocrx_word' id='word_1_428' title='bbox 1307 947 1397 981; x_wconf 84' lang='lat' dir='ltr'>ipsum</span> <span class='ocrx_word' id='word_1_429' title='bbox 1411 947 1536 974; x_wconf 84' lang='lat' dir='ltr'>Crassum</span> <span class='ocrx_word' id='word_1_430' title='bbox 1551 956 1631 974; x_wconf 79' lang='lat' dir='ltr'>manu</span> <span class='ocrx_word' id='word_1_431' title='bbox 1647 948 1787 983; x_wconf 83' lang='lat' dir='ltr'>prehendit</span> <span class='ocrx_word' id='word_1_432' title='bbox 1795 952 1828 979; x_wconf 82' lang='lat' dir='ltr'>st,</span> <span class='ocrx_word' id='word_1_433' title='bbox 1840 948 1913 974; x_wconf 75' lang='lat' dir='ltr'>Reus</span> 
     </span>
     <span class='ocr_line' id='line_1_59' title="bbox 1100 984 1914 1021; baseline 0.004 -12"><span class='ocrx_word' id='word_1_434' title='bbox 1100 1005 1101 1010; x_wconf 80' lang='lat'>.</span> <span class='ocrx_word' id='word_1_435' title='bbox 1124 988 1161 1014; x_wconf 91' lang='lat' dir='ltr'>tu,</span> <span class='ocrx_word' id='word_1_436' title='bbox 1177 984 1273 1018; x_wconf 82' lang='lat' dir='ltr'>inquit,</span> <span class='ocrx_word' id='word_1_437' title='bbox 1287 984 1353 1018; x_wconf 89' lang='lat' dir='ltr'>quid</span> <span class='ocrx_word' id='word_1_438' title='bbox 1368 984 1416 1010; x_wconf 85' lang='lat' dir='ltr'>tibi</span> <span class='ocrx_word' id='word_1_439' title='bbox 1431 985 1457 1011; x_wconf 91' lang='lat' dir='ltr'>in</span> <span class='ocrx_word' id='word_1_440' title='bbox 1472 990 1587 1011; x_wconf 79' lang='lat' dir='ltr'>mentem</span> <span class='ocrx_word' id='word_1_441' title='bbox 1602 986 1675 1011; x_wconf 86' lang='lat' dir='ltr'>venit</span> <span class='ocrx_word' id='word_1_442' title='bbox 1687 986 1722 1012; x_wconf 79' lang='lat' dir='ltr'>ita</span> <span class='ocrx_word' id='word_1_443' title='bbox 1736 984 1914 1021; x_wconf 72' lang='lat' dir='ltr'>respondere?</span> 
     </span>
     <span class='ocr_line' id='line_1_60' title="bbox 1094 1020 1914 1057; baseline 0.001 -9"><span class='ocrx_word' id='word_1_444' title='bbox 1094 1025 1102 1048; x_wconf 71' lang='lat' dir='ltr'>l.</span> <span class='ocrx_word' id='word_1_445' title='bbox 1123 1021 1191 1047; x_wconf 88' lang='lat' dir='ltr'>Tum</span> <span class='ocrx_word' id='word_1_446' title='bbox 1216 1020 1261 1047; x_wconf 88' lang='lat' dir='ltr'>ille</span> <span class='ocrx_word' id='word_1_447' title='bbox 1284 1021 1394 1047; x_wconf 87' lang='lat' dir='ltr'>fidenter</span> <span class='ocrx_word' id='word_1_448' title='bbox 1412 1022 1491 1048; x_wconf 89' lang='lat' dir='ltr'>homo</span> <span class='ocrx_word' id='word_1_449' title='bbox 1509 1023 1688 1057; x_wconf 85' lang='lat' dir='ltr'>peritissimus</span> <span class='ocrx_word' id='word_1_450' title='bbox 1705 1022 1860 1049; x_wconf 74' lang='lat' dir='ltr'>confirmare</span> <span class='ocrx_word' id='word_1_451' title='bbox 1876 1023 1914 1049; x_wconf 75' lang='lat' dir='ltr'>its</span> 
     </span>
    </p>
   </div>
   <div class='ocr_carea' id='block_1_12' title="bbox 1092 909 1096 2144">
    <p class='ocr_par' dir='ltr' id='par_1_13' title="bbox 1092 909 1096 2144">
     <span class='ocr_line' id='line_1_61' title="bbox 1092 909 1096 2144; baseline 0 0"><span class='ocrx_word' id='word_1_452' title='bbox 1092 909 1096 2144; x_wconf 95' lang='lat' dir='ltr'> </span> 
     </span>
    </p>
   </div>
   <div class='ocr_carea' id='block_1_13' title="bbox 279 2100 1071 2174">
    <p class='ocr_par' dir='ltr' id='par_1_14' title="bbox 279 2100 1071 2174">
     <span class='ocr_line' id='line_1_62' title="bbox 336 2100 1071 2137; baseline -0.003 -9"><span class='ocrx_word' id='word_1_453' title='bbox 336 2103 398 2128; x_wconf 87' lang='lat' dir='ltr'>LVI.</span> <span class='ocrx_word' id='word_1_454' title='bbox 415 2103 473 2128; x_wconf 77' lang='lat'>⁵237.</span> <span class='ocrx_word' id='word_1_455' title='bbox 493 2101 569 2134; x_wconf 90' lang='lat' dir='ltr'>Quod</span> <span class='ocrx_word' id='word_1_456' title='bbox 589 2111 651 2129; x_wconf 86' lang='lat' dir='ltr'>vero</span> <span class='ocrx_word' id='word_1_457' title='bbox 668 2101 863 2137; x_wconf 88' lang='lat' dir='ltr'>impudentiam</span> <span class='ocrx_word' id='word_1_458' title='bbox 882 2100 1028 2127; x_wconf 89' lang='lat' dir='ltr'>admiratus</span> <span class='ocrx_word' id='word_1_459' title='bbox 1043 2109 1071 2127; x_wconf 91' lang='lat' dir='ltr'>es</span> 
     </span>
     <span class='ocr_line' id='line_1_63' title="bbox 279 2139 1068 2174; baseline -0.001 -9"><span class='ocrx_word' id='word_1_460' title='bbox 279 2148 371 2166; x_wconf 82' lang='lat' dir='ltr'>eorum</span> <span class='ocrx_word' id='word_1_461' title='bbox 389 2143 568 2174; x_wconf 87' lang='lat' dir='ltr'>patronorum,</span> <span class='ocrx_word' id='word_1_462' title='bbox 589 2140 637 2174; x_wconf 89' lang='lat' dir='ltr'>qui</span> <span class='ocrx_word' id='word_1_463' title='bbox 655 2144 709 2170; x_wconf 90' lang='lat' dir='ltr'>aut,</span> <span class='ocrx_word' id='word_1_464' title='bbox 729 2147 814 2174; x_wconf 90' lang='lat' dir='ltr'>quum</span> <span class='ocrx_word' id='word_1_465' title='bbox 833 2146 914 2173; x_wconf 82' lang='lat' dir='ltr'>parva</span> <span class='ocrx_word' id='word_1_466' title='bbox 928 2139 1068 2168; x_wconf 83' lang='lat' dir='ltr'>nescirent,</span> 
     </span>
    </p>
   </div>
   <div class='ocr_carea' id='block_1_14' title="bbox 281 2174 1095 2212">
    <p class='ocr_par' dir='ltr' id='par_1_15' title="bbox 281 2174 1095 2212">
     <span class='ocr_line' id='line_1_64' title="bbox 281 2174 1095 2212; baseline -0.001 -10"><span class='ocrx_word' id='word_1_467' title='bbox 281 2185 374 2212; x_wconf 84' lang='lat' dir='ltr'>magna</span> <span class='ocrx_word' id='word_1_468' title='bbox 393 2176 586 2211; x_wconf 80' lang='lat' dir='ltr'>profiterentur,</span> <span class='ocrx_word' id='word_1_469' title='bbox 608 2181 653 2203; x_wconf 91' lang='lat' dir='ltr'>aut</span> <span class='ocrx_word' id='word_1_470' title='bbox 670 2185 708 2208; x_wconf 87' lang='lat' dir='ltr'>ea,</span> <span class='ocrx_word' id='word_1_471' title='bbox 729 2184 798 2212; x_wconf 89' lang='lat' dir='ltr'>quae</span> <span class='ocrx_word' id='word_1_472' title='bbox 812 2176 928 2202; x_wconf 82' lang='lat' dir='ltr'>maxima</span> <span class='ocrx_word' id='word_1_473' title='bbox 941 2180 1029 2201; x_wconf 91' lang='lat' dir='ltr'>essent</span> <span class='ocrx_word' id='word_1_474' title='bbox 1044 2176 1071 2201; x_wconf 94' lang='lat' dir='ltr'>in</span> <span class='ocrx_word' id='word_1_475' title='bbox 1092 2174 1095 2212; x_wconf 70' lang='lat' dir='ltr'>l</span> 
     </span>
    </p>
   </div>
   <div class='ocr_carea' id='block_1_15' title="bbox 278 2213 1093 2582">
    <p class='ocr_par' dir='ltr' id='par_1_16' title="bbox 278 2213 1093 2582">
     <span class='ocr_line' id='line_1_65' title="bbox 279 2213 1072 2248; baseline -0.003 -8"><span class='ocrx_word' id='word_1_476' title='bbox 279 2215 336 2240; x_wconf 88' lang='lat' dir='ltr'>iure</span> <span class='ocrx_word' id='word_1_477' title='bbox 350 2213 432 2245; x_wconf 81' lang='lat' dir='ltr'>civili,</span> <span class='ocrx_word' id='word_1_478' title='bbox 449 2218 558 2240; x_wconf 90' lang='lat' dir='ltr'>tractare</span> <span class='ocrx_word' id='word_1_479' title='bbox 571 2214 699 2240; x_wconf 83' lang='lat' dir='ltr'>auderent</span> <span class='ocrx_word' id='word_1_480' title='bbox 711 2215 739 2240; x_wconf 91' lang='lat' dir='ltr'>in</span> <span class='ocrx_word' id='word_1_481' title='bbox 753 2214 865 2244; x_wconf 91' lang='lat' dir='ltr'>caussis,</span> <span class='ocrx_word' id='word_1_482' title='bbox 881 2221 966 2248; x_wconf 89' lang='lat' dir='ltr'>quum</span> <span class='ocrx_word' id='word_1_483' title='bbox 981 2221 1010 2239; x_wconf 91' lang='lat' dir='ltr'>ea</span> <span class='ocrx_word' id='word_1_484' title='bbox 1025 2221 1072 2238; x_wconf 89' lang='lat' dir='ltr'>ne—</span> 
     </span>
     <span class='ocr_line' id='line_1_66' title="bbox 279 2249 1070 2286; baseline -0.001 -9"><span class='ocrx_word' id='word_1_485' title='bbox 279 2252 376 2277; x_wconf 80' lang='lat' dir='ltr'>scirent</span> <span class='ocrx_word' id='word_1_486' title='bbox 391 2259 592 2286; x_wconf 88' lang='lat' dir='ltr'>numquamque</span> <span class='ocrx_word' id='word_1_487' title='bbox 606 2251 923 2285; x_wconf 86' lang='lat' dir='ltr'>didicissent,utriusque</span> <span class='ocrx_word' id='word_1_488' title='bbox 933 2250 970 2276; x_wconf 90' lang='lat' dir='ltr'>rei</span> <span class='ocrx_word' id='word_1_489' title='bbox 985 2249 1070 2276; x_wconf 88' lang='lat' dir='ltr'>facilis</span> 
     </span>
     <span class='ocr_line' id='line_1_67' title="bbox 279 2287 1072 2323; baseline -0.001 -9"><span class='ocrx_word' id='word_1_490' title='bbox 279 2293 317 2314; x_wconf 80' lang='lat' dir='ltr'>est</span> <span class='ocrx_word' id='word_1_491' title='bbox 331 2293 356 2314; x_wconf 90' lang='lat' dir='ltr'>et</span> <span class='ocrx_word' id='word_1_492' title='bbox 370 2293 491 2323; x_wconf 82' lang='lat' dir='ltr'>prompta</span> <span class='ocrx_word' id='word_1_493' title='bbox 503 2288 633 2315; x_wconf 88' lang='lat' dir='ltr'>defensio.</span> <span class='ocrx_word' id='word_1_494' title='bbox 656 2289 722 2314; x_wconf 90' lang='lat' dir='ltr'>Nam</span> <span class='ocrx_word' id='word_1_495' title='bbox 737 2296 824 2322; x_wconf 89' lang='lat' dir='ltr'>neque</span> <span class='ocrx_word' id='word_1_496' title='bbox 838 2287 906 2314; x_wconf 91' lang='lat' dir='ltr'>illud</span> <span class='ocrx_word' id='word_1_497' title='bbox 919 2292 958 2313; x_wconf 89' lang='lat' dir='ltr'>est</span> <span class='ocrx_word' id='word_1_498' title='bbox 972 2288 1072 2313; x_wconf 87' lang='lat' dir='ltr'>miran-</span> 
     </span>
     <span class='ocr_line' id='line_1_68' title="bbox 279 2325 1071 2360; baseline -0.001 -9"><span class='ocrx_word' id='word_1_499' title='bbox 279 2326 352 2357; x_wconf 88' lang='lat' dir='ltr'>dum,</span> <span class='ocrx_word' id='word_1_500' title='bbox 369 2326 425 2360; x_wconf 90' lang='lat' dir='ltr'>qui,</span> <span class='ocrx_word' id='word_1_501' title='bbox 441 2325 542 2360; x_wconf 88' lang='lat' dir='ltr'>quibus</span> <span class='ocrx_word' id='word_1_502' title='bbox 556 2326 645 2352; x_wconf 86' lang='lat' dir='ltr'>verbis</span> <span class='ocrx_word' id='word_1_503' title='bbox 659 2325 790 2360; x_wconf 88' lang='lat' dir='ltr'>coemptio</span> <span class='ocrx_word' id='word_1_504' title='bbox 805 2325 856 2355; x_wconf 89' lang='lat' dir='ltr'>fiat,</span> <span class='ocrx_word' id='word_1_505' title='bbox 873 2325 980 2355; x_wconf 87' lang='lat' dir='ltr'>nesciat,</span> <span class='ocrx_word' id='word_1_506' title='bbox 995 2333 1071 2350; x_wconf 89' lang='lat' dir='ltr'>eum-</span> 
     </span>
     <span class='ocr_line' id='line_1_69' title="bbox 278 2361 1072 2398; baseline -0.001 -10"><span class='ocrx_word' id='word_1_507' title='bbox 278 2362 338 2388; x_wconf 88' lang='lat' dir='ltr'>dem</span> <span class='ocrx_word' id='word_1_508' title='bbox 358 2363 415 2389; x_wconf 88' lang='lat' dir='ltr'>eius</span> <span class='ocrx_word' id='word_1_509' title='bbox 434 2362 563 2394; x_wconf 86' lang='lat' dir='ltr'>mulieris,</span> <span class='ocrx_word' id='word_1_510' title='bbox 584 2371 653 2398; x_wconf 83' lang='lat' dir='ltr'>quae</span> <span class='ocrx_word' id='word_1_511' title='bbox 670 2363 864 2397; x_wconf 86' lang='lat' dir='ltr'>coemptionem</span> <span class='ocrx_word' id='word_1_512' title='bbox 878 2361 977 2393; x_wconf 87' lang='lat' dir='ltr'>fecerit,</span> <span class='ocrx_word' id='word_1_513' title='bbox 993 2370 1072 2388; x_wconf 86' lang='lat' dir='ltr'>caus-</span> 
     </span>
     <span class='ocr_line' id='line_1_70' title="bbox 279 2399 1069 2435; baseline -0.003 -9"><span class='ocrx_word' id='word_1_514' title='bbox 279 2408 335 2425; x_wconf 82' lang='lat' dir='ltr'>sam</span> <span class='ocrx_word' id='word_1_515' title='bbox 350 2408 427 2434; x_wconf 90' lang='lat' dir='ltr'>posse</span> <span class='ocrx_word' id='word_1_516' title='bbox 441 2399 597 2433; x_wconf 84' lang='lat' dir='ltr'>defendere3</span> <span class='ocrx_word' id='word_1_517' title='bbox 626 2408 682 2431; x_wconf 89' lang='lat' dir='ltr'>nec,</span> <span class='ocrx_word' id='word_1_518' title='bbox 699 2401 722 2426; x_wconf 94' lang='lat' dir='ltr'>si</span> <span class='ocrx_word' id='word_1_519' title='bbox 736 2400 812 2434; x_wconf 92' lang='lat' dir='ltr'>parvi</span> <span class='ocrx_word' id='word_1_520' title='bbox 827 2399 926 2435; x_wconf 89' lang='lat' dir='ltr'>navigii</span> <span class='ocrx_word' id='word_1_521' title='bbox 941 2403 966 2425; x_wconf 91' lang='lat' dir='ltr'>et</span> <span class='ocrx_word' id='word_1_522' title='bbox 980 2399 1069 2434; x_wconf 86' lang='lat' dir='ltr'>magni</span> 
     </span>
     <span class='ocr_line' id='line_1_71' title="bbox 279 2436 1071 2473; baseline 0 -11"><span class='ocrx_word' id='word_1_523' title='bbox 279 2436 370 2462; x_wconf 84' lang='lat' dir='ltr'>eadem</span> <span class='ocrx_word' id='word_1_524' title='bbox 389 2441 429 2462; x_wconf 89' lang='lat' dir='ltr'>est</span> <span class='ocrx_word' id='word_1_525' title='bbox 446 2437 473 2463; x_wconf 90' lang='lat' dir='ltr'>iu</span> <span class='ocrx_word' id='word_1_526' title='bbox 491 2437 666 2473; x_wconf 84' lang='lat' dir='ltr'>gubernando</span> <span class='ocrx_word' id='word_1_527' title='bbox 683 2437 802 2467; x_wconf 89' lang='lat' dir='ltr'>scientia,</span> <span class='ocrx_word' id='word_1_528' title='bbox 823 2436 922 2463; x_wconf 87' lang='lat' dir='ltr'>idcirco</span> <span class='ocrx_word' id='word_1_529' title='bbox 934 2437 991 2471; x_wconf 91' lang='lat' dir='ltr'>qui,</span> <span class='ocrx_word' id='word_1_530' title='bbox 1008 2437 1071 2471; x_wconf 90' lang='lat' dir='ltr'>qui—</span> 
     </span>
     <span class='ocr_line' id='line_1_72' title="bbox 279 2473 1070 2509; baseline 0.001 -11"><span class='ocrx_word' id='word_1_531' title='bbox 279 2473 330 2499; x_wconf 88' lang='lat' dir='ltr'>bus</span> <span class='ocrx_word' id='word_1_532' title='bbox 345 2473 434 2499; x_wconf 78' lang='lat' dir='ltr'>verbis</span> <span class='ocrx_word' id='word_1_533' title='bbox 447 2473 569 2500; x_wconf 85' lang='lat' dir='ltr'>berctum</span> <span class='ocrx_word' id='word_1_534' title='bbox 582 2475 646 2500; x_wconf 84' lang='lat' dir='ltr'>cieri</span> <span class='ocrx_word' id='word_1_535' title='bbox 660 2478 787 2509; x_wconf 88' lang='lat' dir='ltr'>oporteat,</span> <span class='ocrx_word' id='word_1_536' title='bbox 808 2474 996 2504; x_wconf 87' lang='lat' dir='ltr'>nesciat,idem</span> <span class='ocrx_word' id='word_1_537' title='bbox 1009 2473 1070 2499; x_wconf 89' lang='lat' dir='ltr'>ber-</span> 
     </span>
     <span class='ocr_line' id='line_1_73' title="bbox 278 2510 1093 2547; baseline 0.001 -12"><span class='ocrx_word' id='word_1_538' title='bbox 278 2510 420 2536; x_wconf 88' lang='lat' dir='ltr'>ciscundae</span> <span class='ocrx_word' id='word_1_539' title='bbox 431 2510 545 2537; x_wconf 86' lang='lat' dir='ltr'>familiae</span> <span class='ocrx_word' id='word_1_540' title='bbox 555 2520 676 2537; x_wconf 87' lang='lat' dir='ltr'>caussam</span> <span class='ocrx_word' id='word_1_541' title='bbox 687 2520 764 2547; x_wconf 85' lang='lat' dir='ltr'>agere</span> <span class='ocrx_word' id='word_1_542' title='bbox 775 2519 826 2537; x_wconf 89' lang='lat' dir='ltr'>non</span> <span class='ocrx_word' id='word_1_543' title='bbox 833 2511 1066 2545; x_wconf 66' lang='lat' dir='ltr'>possit.⁶238.Nan1,</span> <span class='ocrx_word' id='word_1_544' title='bbox 1092 2514 1093 2542; x_wconf 63' lang='grc'><strong>1</strong></span> 
     </span>
     <span class='ocr_line' id='line_1_74' title="bbox 278 2547 1069 2582; baseline 0.003 -10"><span class='ocrx_word' id='word_1_545' title='bbox 278 2547 350 2581; x_wconf 89' lang='lat' dir='ltr'>quod</span> <span class='ocrx_word' id='word_1_546' title='bbox 365 2547 494 2573; x_wconf 86' lang='lat' dir='ltr'>maximas</span> <span class='ocrx_word' id='word_1_547' title='bbox 513 2548 719 2575; x_wconf 78' lang='lat' dir='ltr'>centumvirales</span> <span class='ocrx_word' id='word_1_548' title='bbox 732 2556 842 2574; x_wconf 85' lang='lat' dir='ltr'>caussas</span> <span class='ocrx_word' id='word_1_549' title='bbox 855 2548 883 2574; x_wconf 90' lang='lat' dir='ltr'>in</span> <span class='ocrx_word' id='word_1_550' title='bbox 897 2548 955 2574; x_wconf 88' lang='lat' dir='ltr'>iure</span> <span class='ocrx_word' id='word_1_551' title='bbox 969 2548 1069 2582; x_wconf 81' lang='lat' dir='ltr'>positas</span> 
     </span>
    </p>
   </div>
   <div class='ocr_carea' id='block_1_16' title="bbox 1098 1054 1103 2487">
    <p class='ocr_par' dir='ltr' id='par_1_17' title="bbox 1098 1054 1103 2487">
     <span class='ocr_line' id='line_1_75' title="bbox 1098 1054 1103 2487; baseline 0 0"><span class='ocrx_word' id='word_1_552' title='bbox 1098 1054 1103 2487; x_wconf 95' lang='lat' dir='ltr'> </span> 
     </span>
    </p>
   </div>
   <div class='ocr_carea' id='block_1_17' title="bbox 1092 909 1096 2607">
    <p class='ocr_par' dir='ltr' id='par_1_18' title="bbox 1092 909 1096 2607">
     <span class='ocr_line' id='line_1_76' title="bbox 1092 909 1096 2607; baseline 0 0"><span class='ocrx_word' id='word_1_553' title='bbox 1092 909 1096 2607; x_wconf 95' lang='lat' dir='ltr'> </span> 
     </span>
    </p>
   </div>
   <div class='ocr_carea' id='block_1_18' title="bbox 278 2583 1093 2657">
    <p class='ocr_par' dir='ltr' id='par_1_19' title="bbox 278 2583 1093 2657">
     <span class='ocr_line' id='line_1_77' title="bbox 278 2583 1093 2620; baseline 0.001 -11"><span class='ocrx_word' id='word_1_554' title='bbox 278 2583 426 2617; x_wconf 77' lang='lat' dir='ltr'>protulisti;</span> <span class='ocrx_word' id='word_1_555' title='bbox 455 2593 523 2619; x_wconf 91' lang='lat' dir='ltr'>quae</span> <span class='ocrx_word' id='word_1_556' title='bbox 541 2585 646 2611; x_wconf 89' lang='lat' dir='ltr'>tandem</span> <span class='ocrx_word' id='word_1_557' title='bbox 665 2594 755 2612; x_wconf 89' lang='lat' dir='ltr'>earum</span> <span class='ocrx_word' id='word_1_558' title='bbox 770 2593 864 2611; x_wconf 88' lang='lat' dir='ltr'>caussa</span> <span class='ocrx_word' id='word_1_559' title='bbox 878 2584 937 2616; x_wconf 83' lang='lat' dir='ltr'>fuit,</span> <span class='ocrx_word' id='word_1_560' title='bbox 953 2593 1022 2619; x_wconf 89' lang='lat' dir='ltr'>quae</span> <span class='ocrx_word' id='word_1_561' title='bbox 1036 2584 1069 2610; x_wconf 85' lang='lat' dir='ltr'>ab</span> <span class='ocrx_word' id='word_1_562' title='bbox 1091 2617 1093 2620; x_wconf 70' lang='lat'>.</span> 
     </span>
     <span class='ocr_line' id='line_1_78' title="bbox 279 2620 1092 2657; baseline 0.004 -11"><span class='ocrx_word' id='word_1_563' title='bbox 279 2620 386 2647; x_wconf 88' lang='lat' dir='ltr'>bomine</span> <span class='ocrx_word' id='word_1_564' title='bbox 399 2620 542 2656; x_wconf 86' lang='lat' dir='ltr'>eloquenti,</span> <span class='ocrx_word' id='word_1_565' title='bbox 553 2622 620 2648; x_wconf 87' lang='lat' dir='ltr'>iuris</span> <span class='ocrx_word' id='word_1_566' title='bbox 634 2623 765 2657; x_wconf 87' lang='lat' dir='ltr'>imperito,</span> <span class='ocrx_word' id='word_1_567' title='bbox 778 2631 830 2649; x_wconf 90' lang='lat' dir='ltr'>non</span> <span class='ocrx_word' id='word_1_568' title='bbox 844 2622 1012 2649; x_wconf 89' lang='lat' dir='ltr'>ornatissime</span> <span class='ocrx_word' id='word_1_569' title='bbox 1021 2630 1069 2657; x_wconf 86' lang='lat' dir='ltr'>po-</span> <span class='ocrx_word' id='word_1_570' title='bbox 1091 2626 1092 2629; x_wconf 78' lang='grc'>’</span> 
     </span>
    </p>
   </div>
   <div class='ocr_carea' id='block_1_19' title="bbox 280 2657 1099 2694">
    <p class='ocr_par' dir='ltr' id='par_1_20' title="bbox 280 2657 1099 2694">
     <span class='ocr_line' id='line_1_79' title="bbox 280 2657 1099 2694; baseline 0.002 -11"><span class='ocrx_word' id='word_1_571' title='bbox 280 2658 357 2684; x_wconf 85' lang='lat' dir='ltr'>tuerit</span> <span class='ocrx_word' id='word_1_572' title='bbox 371 2657 442 2684; x_wconf 79' lang='lat' dir='ltr'>dici‘?</span> <span class='ocrx_word' id='word_1_573' title='bbox 466 2659 567 2693; x_wconf 88' lang='lat' dir='ltr'>quibus</span> <span class='ocrx_word' id='word_1_574' title='bbox 584 2659 694 2694; x_wconf 89' lang='lat' dir='ltr'>quidem</span> <span class='ocrx_word' id='word_1_575' title='bbox 709 2660 736 2686; x_wconf 88' lang='lat' dir='ltr'>in</span> <span class='ocrx_word' id='word_1_576' title='bbox 749 2660 852 2686; x_wconf 82' lang='lat' dir='ltr'>caussis</span> <span class='ocrx_word' id='word_1_577' title='bbox 865 2659 1000 2690; x_wconf 77' lang='lat' dir='ltr'>omnibus,</span> <span class='ocrx_word' id='word_1_578' title='bbox 1016 2659 1069 2685; x_wconf 87' lang='lat' dir='ltr'>sic·</span> <span class='ocrx_word' id='word_1_579' title='bbox 1090 2660 1099 2692; x_wconf 51' lang='lat' dir='ltr'>j</span> 
     </span>
    </p>
   </div>
   <div class='ocr_carea' id='block_1_20' title="bbox 1099 1608 1102 2682">
    <p class='ocr_par' dir='ltr' id='par_1_21' title="bbox 1099 1608 1102 2682">
     <span class='ocr_line' id='line_1_80' title="bbox 1099 1608 1102 2682; baseline 0 0"><span class='ocrx_word' id='word_1_580' title='bbox 1099 1608 1102 2682; x_wconf 95' lang='lat' dir='ltr'> </span> 
     </span>
    </p>
   </div>
   <div class='ocr_carea' id='block_1_21' title="bbox 1909 329 1941 2636">
    <p class='ocr_par' dir='ltr' id='par_1_22' title="bbox 1909 329 1941 2636">
     <span class='ocr_line' id='line_1_81' title="bbox 1930 329 1941 480; baseline 0 -37"><span class='ocrx_word' id='word_1_581' title='bbox 1930 329 1941 480; x_wconf 95' lang='lat' dir='ltr'>    </span> 
     </span>
     <span class='ocr_line' id='line_1_82' title="bbox 1930 480 1941 509; baseline 0 2543"><span class='ocrx_word' id='word_1_582' title='bbox 1930 480 1941 509; x_wconf 95' lang='lat' dir='ltr'> </span> 
     </span>
     <span class='ocr_line' id='line_1_83' title="bbox 1929 509 1941 663; baseline 0 -69"><span class='ocrx_word' id='word_1_583' title='bbox 1929 509 1941 663; x_wconf 95' lang='lat' dir='ltr'>   </span> 
     </span>
     <span class='ocr_line' id='line_1_84' title="bbox 1928 663 1941 780; baseline 0 -39"><span class='ocrx_word' id='word_1_584' title='bbox 1928 663 1941 780; x_wconf 95' lang='lat' dir='ltr'>   </span> 
     </span>
     <span class='ocr_line' id='line_1_85' title="bbox 1928 780 1941 853; baseline 0 -51"><span class='ocrx_word' id='word_1_585' title='bbox 1928 780 1941 853; x_wconf 95' lang='lat' dir='ltr'>  </span> 
     </span>
     <span class='ocr_line' id='line_1_86' title="bbox 1927 853 1941 927; baseline 0 0"><span class='ocrx_word' id='word_1_586' title='bbox 1927 853 1941 927; x_wconf 95' lang='lat' dir='ltr'>  </span> 
     </span>
     <span class='ocr_line' id='line_1_87' title="bbox 1924 927 1941 1001; baseline 0 0"><span class='ocrx_word' id='word_1_587' title='bbox 1924 927 1941 1001; x_wconf 95' lang='lat' dir='ltr'>  </span> 
     </span>
     <span class='ocr_line' id='line_1_88' title="bbox 1924 1001 1941 1075; baseline 0 0"><span class='ocrx_word' id='word_1_588' title='bbox 1924 1001 1941 1075; x_wconf 95' lang='lat' dir='ltr'>  </span> 
     </span>
     <span class='ocr_line' id='line_1_89' title="bbox 1920 1075 1941 1226; baseline 0 -1"><span class='ocrx_word' id='word_1_589' title='bbox 1920 1075 1941 1226; x_wconf 95' lang='lat' dir='ltr'>     </span> 
     </span>
     <span class='ocr_line' id='line_1_90' title="bbox 1918 1226 1941 1412; baseline 0 -1"><span class='ocrx_word' id='word_1_590' title='bbox 1918 1226 1941 1412; x_wconf 95' lang='lat' dir='ltr'>     </span> 
     </span>
     <span class='ocr_line' id='line_1_91' title="bbox 1918 1412 1941 1557; baseline 0.087 -2"><span class='ocrx_word' id='word_1_591' title='bbox 1918 1412 1941 1557; x_wconf 95' lang='lat' dir='ltr'>     </span> 
     </span>
     <span class='ocr_line' id='line_1_92' title="bbox 1918 1557 1941 1748; baseline 0 -76"><span class='ocrx_word' id='word_1_592' title='bbox 1918 1557 1941 1748; x_wconf 95' lang='lat' dir='ltr'>    </span> 
     </span>
     <span class='ocr_line' id='line_1_93' title="bbox 1920 1748 1941 1780; baseline 0 1272"><span class='ocrx_word' id='word_1_593' title='bbox 1920 1748 1941 1780; x_wconf 95' lang='lat' dir='ltr'> </span> 
     </span>
     <span class='ocr_line' id='line_1_94' title="bbox 1916 1780 1941 1932; baseline 0 -6"><span class='ocrx_word' id='word_1_594' title='bbox 1916 1780 1941 1932; x_wconf 95' lang='lat' dir='ltr'>     </span> 
     </span>
     <span class='ocr_line' id='line_1_95' title="bbox 1917 1932 1941 2081; baseline 0 -71"><span class='ocrx_word' id='word_1_595' title='bbox 1917 1932 1941 2081; x_wconf 95' lang='lat' dir='ltr'>    </span> 
     </span>
     <span class='ocr_line' id='line_1_96' title="bbox 1913 2081 1941 2193; baseline 0.214 -5"><span class='ocrx_word' id='word_1_596' title='bbox 1913 2081 1941 2193; x_wconf 95' lang='lat' dir='ltr'>    </span> 
     </span>
     <span class='ocr_line' id='line_1_97' title="bbox 1913 2270 1941 2455; baseline 0 -43"><span class='ocrx_word' id='word_1_597' title='bbox 1913 2270 1941 2455; x_wconf 95' lang='lat' dir='ltr'>     </span> 
     </span>
     <span class='ocr_line' id='line_1_98' title="bbox 1909 2455 1941 2636; baseline 0 0"><span class='ocrx_word' id='word_1_598' title='bbox 1909 2455 1941 2636; x_wconf 95' lang='lat' dir='ltr'>   </span> 
     </span>
    </p>
   </div>
   <div class='ocr_carea' id='block_1_22' title="bbox 1121 204 1913 761">
    <p class='ocr_par' dir='ltr' id='par_1_23' title="bbox 1121 204 1913 761">
     <span class='ocr_line' id='line_1_99' title="bbox 1123 204 1908 239; baseline 0.004 -11"><span class='ocrx_word' id='word_1_599' title='bbox 1123 208 1150 229; x_wconf 83' lang='lat' dir='ltr'>ut</span> <span class='ocrx_word' id='word_1_600' title='bbox 1166 204 1191 230; x_wconf 85' lang='lat' dir='ltr'>in</span> <span class='ocrx_word' id='word_1_601' title='bbox 1207 204 1262 238; x_wconf 79' lang='lat' dir='ltr'>ipsa</span> <span class='ocrx_word' id='word_1_602' title='bbox 1275 204 1316 230; x_wconf 67' lang='lat' dir='ltr'>M&#39;.</span> <span class='ocrx_word' id='word_1_603' title='bbox 1333 204 1415 234; x_wconf 82' lang='lat' dir='ltr'>Curii.</span> <span class='ocrx_word' id='word_1_604' title='bbox 1428 212 1497 239; x_wconf 81' lang='lat' dir='ltr'>quse</span> <span class='ocrx_word' id='word_1_605' title='bbox 1510 204 1557 230; x_wconf 80' lang='lat' dir='ltr'>abs</span> <span class='ocrx_word' id='word_1_606' title='bbox 1572 208 1595 230; x_wconf 80' lang='lat' dir='ltr'>te</span> <span class='ocrx_word' id='word_1_607' title='bbox 1611 213 1695 239; x_wconf 81' lang='lat' dir='ltr'>nuper</span> <span class='ocrx_word' id='word_1_608' title='bbox 1707 209 1747 231; x_wconf 83' lang='lat' dir='ltr'>est</span> <span class='ocrx_word' id='word_1_609' title='bbox 1760 204 1872 236; x_wconf 56' lang='grc' dir='ltr'>«ἤπιοι</span> <span class='ocrx_word' id='word_1_610' title='bbox 1883 207 1908 232; x_wconf 87' lang='lat' dir='ltr'>iu</span> 
     </span>
     <span class='ocr_line' id='line_1_100' title="bbox 1122 241 1908 277; baseline 0.005 -12"><span class='ocrx_word' id='word_1_611' title='bbox 1122 241 1150 266; x_wconf 72' lang='grc' dir='ltr'>(ζ.</span> <span class='ocrx_word' id='word_1_612' title='bbox 1177 241 1279 266; x_wconf 67' lang='grc' dir='ltr'>ΗυιιιίΙίἰ</span> <span class='ocrx_word' id='word_1_613' title='bbox 1304 241 1416 267; x_wconf 76' lang='lat' dir='ltr'>Mancini</span> <span class='ocrx_word' id='word_1_614' title='bbox 1439 242 1616 268; x_wconf 84' lang='lat' dir='ltr'>controversia</span> <span class='ocrx_word' id='word_1_615' title='bbox 1634 246 1714 277; x_wconf 81' lang='lat' dir='ltr'>atque</span> <span class='ocrx_word' id='word_1_616' title='bbox 1732 243 1758 268; x_wconf 92' lang='lat' dir='ltr'>in</span> <span class='ocrx_word' id='word_1_617' title='bbox 1772 250 1804 268; x_wconf 85' lang='lat' dir='ltr'>eo</span> <span class='ocrx_word' id='word_1_618' title='bbox 1816 251 1908 277; x_wconf 80' lang='lat' dir='ltr'>puero,</span> 
     </span>
     <span class='ocr_line' id='line_1_101' title="bbox 1121 277 1912 312; baseline 0.005 -10"><span class='ocrx_word' id='word_1_619' title='bbox 1121 278 1168 312; x_wconf 87' lang='lat' dir='ltr'>qui</span> <span class='ocrx_word' id='word_1_620' title='bbox 1191 286 1223 303; x_wconf 84' lang='lat' dir='ltr'>ex</span> <span class='ocrx_word' id='word_1_621' title='bbox 1242 277 1321 303; x_wconf 75' lang='lat' dir='ltr'>altera</span> <span class='ocrx_word' id='word_1_622' title='bbox 1342 283 1419 304; x_wconf 82' lang='lat' dir='ltr'>natus</span> <span class='ocrx_word' id='word_1_623' title='bbox 1437 284 1491 304; x_wconf 79' lang='lat' dir='ltr'>erat</span> <span class='ocrx_word' id='word_1_624' title='bbox 1509 287 1599 309; x_wconf 76' lang='lat' dir='ltr'>uxore,</span> <span class='ocrx_word' id='word_1_625' title='bbox 1623 287 1674 305; x_wconf 86' lang='lat' dir='ltr'>non</span> <span class='ocrx_word' id='word_1_626' title='bbox 1693 279 1804 305; x_wconf 82' lang='lat' dir='ltr'>remisso</span> <span class='ocrx_word' id='word_1_627' title='bbox 1817 281 1912 306; x_wconf 85' lang='lat' dir='ltr'>nuntio</span> 
     </span>
     <span class='ocr_line' id='line_1_102' title="bbox 1123 314 1911 350; baseline 0.005 -11"><span class='ocrx_word' id='word_1_628' title='bbox 1123 315 1262 349; x_wconf 68' lang='lat' dir='ltr'>superiori,</span> <span class='ocrx_word' id='word_1_629' title='bbox 1285 314 1334 340; x_wconf 86' lang='lat' dir='ltr'>fuit</span> <span class='ocrx_word' id='word_1_630' title='bbox 1353 315 1421 341; x_wconf 79' lang='lat' dir='ltr'>inter</span> <span class='ocrx_word' id='word_1_631' title='bbox 1435 316 1610 350; x_wconf 77' lang='lat' dir='ltr'>peritissimos</span> <span class='ocrx_word' id='word_1_632' title='bbox 1625 316 1746 342; x_wconf 84' lang='lat' dir='ltr'>homines</span> <span class='ocrx_word' id='word_1_633' title='bbox 1760 325 1864 343; x_wconf 81' lang='lat' dir='ltr'>summa</span> <span class='ocrx_word' id='word_1_634' title='bbox 1877 316 1911 343; x_wconf 84' lang='lat' dir='ltr'>de</span> 
     </span>
     <span class='ocr_line' id='line_1_103' title="bbox 1123 351 1912 389; baseline 0.004 -12"><span class='ocrx_word' id='word_1_635' title='bbox 1123 352 1179 377; x_wconf 87' lang='lat' dir='ltr'>iure</span> <span class='ocrx_word' id='word_1_636' title='bbox 1198 351 1339 377; x_wconf 69' lang='lat' dir='ltr'>dissensio.</span> <span class='ocrx_word' id='word_1_637' title='bbox 1374 353 1432 378; x_wconf 76' lang='lat'>239.</span> <span class='ocrx_word' id='word_1_638' title='bbox 1451 352 1554 384; x_wconf 83' lang='lat' dir='ltr'>Quaem</span> <span class='ocrx_word' id='word_1_639' title='bbox 1576 353 1666 389; x_wconf 80' lang='lat' dir='ltr'>igitur.</span> <span class='ocrx_word' id='word_1_640' title='bbox 1691 353 1758 388; x_wconf 88' lang='lat' dir='ltr'>quid</span> <span class='ocrx_word' id='word_1_641' title='bbox 1779 353 1912 380; x_wconf 74' lang='lat' dir='ltr'>udiuverit</span> 
     </span>
     <span class='ocr_line' id='line_1_104' title="bbox 1122 389 1912 425; baseline 0.005 -12"><span class='ocrx_word' id='word_1_642' title='bbox 1122 393 1250 414; x_wconf 81' lang='lat' dir='ltr'>oratorem</span> <span class='ocrx_word' id='word_1_643' title='bbox 1266 389 1291 415; x_wconf 88' lang='lat' dir='ltr'>in</span> <span class='ocrx_word' id='word_1_644' title='bbox 1307 389 1349 415; x_wconf 81' lang='lat' dir='ltr'>bis</span> <span class='ocrx_word' id='word_1_645' title='bbox 1362 390 1465 415; x_wconf 79' lang='lat' dir='ltr'>caussis</span> <span class='ocrx_word' id='word_1_646' title='bbox 1475 390 1541 416; x_wconf 90' lang='lat' dir='ltr'>iuris</span> <span class='ocrx_word' id='word_1_647' title='bbox 1551 390 1669 421; x_wconf 81' lang='lat' dir='ltr'>seientia,</span> <span class='ocrx_word' id='word_1_648' title='bbox 1681 399 1766 425; x_wconf 90' lang='lat' dir='ltr'>quum</span> <span class='ocrx_word' id='word_1_649' title='bbox 1779 390 1821 416; x_wconf 79' lang='lat' dir='ltr'>hic</span> <span class='ocrx_word' id='word_1_650' title='bbox 1831 391 1912 417; x_wconf 79' lang='lat' dir='ltr'>iuris-</span> 
     </span>
     <span class='ocr_line' id='line_1_105' title="bbox 1122 425 1910 462; baseline 0.005 -12"><span class='ocrx_word' id='word_1_651' title='bbox 1122 425 1261 451; x_wconf 67' lang='lat' dir='ltr'>consultus</span> <span class='ocrx_word' id='word_1_652' title='bbox 1281 426 1401 460; x_wconf 70' lang='lat' dir='ltr'>superior</span> <span class='ocrx_word' id='word_1_653' title='bbox 1420 425 1499 452; x_wconf 84' lang='lat' dir='ltr'>fuerit</span> <span class='ocrx_word' id='word_1_654' title='bbox 1517 426 1694 458; x_wconf 79' lang='lat' dir='ltr'>discessurus,</span> <span class='ocrx_word' id='word_1_655' title='bbox 1711 428 1758 462; x_wconf 87' lang='lat' dir='ltr'>qui</span> <span class='ocrx_word' id='word_1_656' title='bbox 1776 433 1846 454; x_wconf 79' lang='lat' dir='ltr'>esset</span> <span class='ocrx_word' id='word_1_657' title='bbox 1859 436 1910 454; x_wconf 82' lang='lat' dir='ltr'>non</span> 
     </span>
     <span class='ocr_line' id='line_1_106' title="bbox 1123 463 1909 494; baseline 0.004 -6"><span class='ocrx_word' id='word_1_658' title='bbox 1123 472 1172 488; x_wconf 79' lang='lat' dir='ltr'>suo</span> <span class='ocrx_word' id='word_1_659' title='bbox 1194 463 1312 492; x_wconf 76' lang='lat' dir='ltr'>artificio.</span> <span class='ocrx_word' id='word_1_660' title='bbox 1337 463 1383 488; x_wconf 82' lang='lat' dir='ltr'>sed</span> <span class='ocrx_word' id='word_1_661' title='bbox 1401 463 1495 493; x_wconf 83' lang='lat' dir='ltr'>alieno.</span> <span class='ocrx_word' id='word_1_662' title='bbox 1521 463 1570 490; x_wconf 88' lang='lat' dir='ltr'>hoc</span> <span class='ocrx_word' id='word_1_663' title='bbox 1587 468 1628 491; x_wconf 79' lang='lat' dir='ltr'>est</span> <span class='ocrx_word' id='word_1_664' title='bbox 1644 473 1695 491; x_wconf 87' lang='lat' dir='ltr'>non</span> <span class='ocrx_word' id='word_1_665' title='bbox 1711 465 1778 491; x_wconf 89' lang='lat' dir='ltr'>iuris</span> <span class='ocrx_word' id='word_1_666' title='bbox 1791 465 1909 494; x_wconf 76' lang='lat' dir='ltr'>scientia.</span> 
     </span>
     <span class='ocr_line' id='line_1_107' title="bbox 1122 500 1913 537; baseline 0.004 -12"><span class='ocrx_word' id='word_1_667' title='bbox 1122 500 1168 526; x_wconf 76' lang='lat' dir='ltr'>sed</span> <span class='ocrx_word' id='word_1_668' title='bbox 1183 500 1333 535; x_wconf 77' lang='lat' dir='ltr'>eloquentia</span> <span class='ocrx_word' id='word_1_669' title='bbox 1348 505 1522 527; x_wconf 76' lang='lat' dir='ltr'>sustentatus.</span> <span class='ocrx_word' id='word_1_670' title='bbox 1559 501 1690 536; x_wconf 80' lang='lat' dir='ltr'>Equidem</span> <span class='ocrx_word' id='word_1_671' title='bbox 1710 502 1759 528; x_wconf 85' lang='lat' dir='ltr'>boc</span> <span class='ocrx_word' id='word_1_672' title='bbox 1771 510 1851 537; x_wconf 81' lang='lat' dir='ltr'>saepe</span> <span class='ocrx_word' id='word_1_673' title='bbox 1863 510 1913 528; x_wconf 74' lang='lat' dir='ltr'>au-</span> 
     </span>
     <span class='ocr_line' id='line_1_108' title="bbox 1122 536 1912 575; baseline 0.003 -12"><span class='ocrx_word' id='word_1_674' title='bbox 1122 536 1187 567; x_wconf 87' lang='lat' dir='ltr'>divi.</span> <span class='ocrx_word' id='word_1_675' title='bbox 1208 545 1293 572; x_wconf 87' lang='lat' dir='ltr'>quum</span> <span class='ocrx_word' id='word_1_676' title='bbox 1312 538 1471 564; x_wconf 81' lang='lat' dir='ltr'>aedilitatem</span> <span class='ocrx_word' id='word_1_677' title='bbox 1489 538 1518 564; x_wconf 87' lang='lat' dir='ltr'>P.</span> <span class='ocrx_word' id='word_1_678' title='bbox 1538 537 1650 565; x_wconf 79' lang='lat' dir='ltr'>Crassus</span> <span class='ocrx_word' id='word_1_679' title='bbox 1668 543 1775 574; x_wconf 78' lang='lat' dir='ltr'>peteret,</span> <span class='ocrx_word' id='word_1_680' title='bbox 1795 547 1912 575; x_wconf 81' lang='lat' dir='ltr'>eumque</span> 
     </span>
     <span class='ocr_line' id='line_1_109' title="bbox 1123 575 1909 606; baseline 0.003 -6"><span class='ocrx_word' id='word_1_681' title='bbox 1123 575 1206 600; x_wconf 81' lang='lat' dir='ltr'>maior</span> <span class='ocrx_word' id='word_1_682' title='bbox 1220 579 1282 601; x_wconf 85' lang='lat' dir='ltr'>natu</span> <span class='ocrx_word' id='word_1_683' title='bbox 1297 580 1322 601; x_wconf 89' lang='lat' dir='ltr'>et</span> <span class='ocrx_word' id='word_1_684' title='bbox 1337 576 1387 601; x_wconf 82' lang='lat' dir='ltr'>iarn</span> <span class='ocrx_word' id='word_1_685' title='bbox 1401 575 1550 602; x_wconf 85' lang='lat' dir='ltr'>consularis</span> <span class='ocrx_word' id='word_1_686' title='bbox 1564 575 1712 602; x_wconf 74' lang='lat' dir='ltr'>Sei-‚Galba</span> <span class='ocrx_word' id='word_1_687' title='bbox 1726 580 1909 606; x_wconf 68' lang='lat' dir='ltr'>assectantur.</span> 
     </span>
     <span class='ocr_line' id='line_1_110' title="bbox 1122 611 1912 648; baseline 0.004 -11"><span class='ocrx_word' id='word_1_688' title='bbox 1122 611 1193 646; x_wconf 84' lang='lat' dir='ltr'>quod</span> <span class='ocrx_word' id='word_1_689' title='bbox 1217 611 1303 638; x_wconf 85' lang='lat' dir='ltr'>Crassi</span> <span class='ocrx_word' id='word_1_690' title='bbox 1329 612 1410 638; x_wconf 79' lang='lat' dir='ltr'>filiam</span> <span class='ocrx_word' id='word_1_691' title='bbox 1429 612 1457 639; x_wconf 92' lang='lat' dir='ltr'>C.</span> <span class='ocrx_word' id='word_1_692' title='bbox 1479 613 1533 639; x_wconf 84' lang='lat' dir='ltr'>lilio</span> <span class='ocrx_word' id='word_1_693' title='bbox 1550 621 1600 639; x_wconf 84' lang='lat' dir='ltr'>suo</span> <span class='ocrx_word' id='word_1_694' title='bbox 1612 613 1807 648; x_wconf 74' lang='lat' dir='ltr'>despondisset,</span> <span class='ocrx_word' id='word_1_695' title='bbox 1822 621 1912 640; x_wconf 71' lang='lat' dir='ltr'>soces-</span> 
     </span>
     <span class='ocr_line' id='line_1_111' title="bbox 1122 649 1913 686; baseline 0.004 -12"><span class='ocrx_word' id='word_1_696' title='bbox 1122 649 1190 674; x_wconf 76' lang='lat' dir='ltr'>sisse</span> <span class='ocrx_word' id='word_1_697' title='bbox 1203 649 1236 674; x_wconf 82' lang='lat' dir='ltr'>ad</span> <span class='ocrx_word' id='word_1_698' title='bbox 1251 649 1376 675; x_wconf 80' lang='lat' dir='ltr'>Crassum</span> <span class='ocrx_word' id='word_1_699' title='bbox 1391 649 1546 676; x_wconf 84' lang='lat' dir='ltr'>consulendi</span> <span class='ocrx_word' id='word_1_700' title='bbox 1561 659 1655 676; x_wconf 81' lang='lat' dir='ltr'>caussa</span> <span class='ocrx_word' id='word_1_701' title='bbox 1673 650 1816 686; x_wconf 85' lang='lat' dir='ltr'>quemdam</span> <span class='ocrx_word' id='word_1_702' title='bbox 1831 651 1913 677; x_wconf 86' lang='lat' dir='ltr'>rusti-</span> 
     </span>
     <span class='ocr_line' id='line_1_112' title="bbox 1121 687 1911 723; baseline 0.003 -12"><span class='ocrx_word' id='word_1_703' title='bbox 1121 694 1231 718; x_wconf 70' lang='lat' dir='ltr'>canum,</span> <span class='ocrx_word' id='word_1_704' title='bbox 1247 687 1294 721; x_wconf 90' lang='lat' dir='ltr'>qui</span> <span class='ocrx_word' id='word_1_705' title='bbox 1308 695 1394 721; x_wconf 89' lang='lat' dir='ltr'>quum</span> <span class='ocrx_word' id='word_1_706' title='bbox 1409 687 1534 713; x_wconf 80' lang='lat' dir='ltr'>Crassum</span> <span class='ocrx_word' id='word_1_707' title='bbox 1548 687 1700 714; x_wconf 81' lang='lat' dir='ltr'>seduxisset</span> <span class='ocrx_word' id='word_1_708' title='bbox 1713 693 1792 723; x_wconf 84' lang='lat' dir='ltr'>atque</span> <span class='ocrx_word' id='word_1_709' title='bbox 1805 687 1837 713; x_wconf 85' lang='lat' dir='ltr'>ad</span> <span class='ocrx_word' id='word_1_710' title='bbox 1848 696 1911 714; x_wconf 87' lang='lat' dir='ltr'>eum</span> 
     </span>
     <span class='ocr_line' id='line_1_113' title="bbox 1123 723 1912 761; baseline 0.003 -12"><span class='ocrx_word' id='word_1_711' title='bbox 1123 723 1256 749; x_wconf 77' lang='lat' dir='ltr'>retulisset</span> <span class='ocrx_word' id='word_1_712' title='bbox 1275 732 1487 759; x_wconf 81' lang='lat' dir='ltr'>responsumque</span> <span class='ocrx_word' id='word_1_713' title='bbox 1507 725 1540 751; x_wconf 87' lang='lat' dir='ltr'>ab</span> <span class='ocrx_word' id='word_1_714' title='bbox 1557 733 1588 751; x_wconf 86' lang='lat' dir='ltr'>eo</span> <span class='ocrx_word' id='word_1_715' title='bbox 1606 733 1698 751; x_wconf 87' lang='lat' dir='ltr'>verum</span> <span class='ocrx_word' id='word_1_716' title='bbox 1717 725 1810 761; x_wconf 77' lang='lat' dir='ltr'>magis.</span> <span class='ocrx_word' id='word_1_717' title='bbox 1830 733 1912 760; x_wconf 73' lang='lat' dir='ltr'>quam</span> 
     </span>
    </p>
   </div>
   <div class='ocr_carea' id='block_1_23' title="bbox 1123 798 1913 872">
    <p class='ocr_par' dir='ltr' id='par_1_24' title="bbox 1123 798 1913 872">
     <span class='ocr_line' id='line_1_114' title="bbox 1123 798 1909 835; baseline 0.001 -12"><span class='ocrx_word' id='word_1_718' title='bbox 1123 802 1189 823; x_wconf 86' lang='lat' dir='ltr'>stem</span> <span class='ocrx_word' id='word_1_719' title='bbox 1212 798 1296 824; x_wconf 80' lang='lat' dir='ltr'>Galba</span> <span class='ocrx_word' id='word_1_720' title='bbox 1319 798 1394 829; x_wconf 78' lang='lat' dir='ltr'>vidit,</span> <span class='ocrx_word' id='word_1_721' title='bbox 1420 799 1526 825; x_wconf 89' lang='lat' dir='ltr'>nomine</span> <span class='ocrx_word' id='word_1_722' title='bbox 1548 799 1692 834; x_wconf 79' lang='lat' dir='ltr'>appellavit</span> <span class='ocrx_word' id='word_1_723' title='bbox 1713 799 1909 835; x_wconf 66' lang='lat' dir='ltr'>quaesivitque,</span> 
     </span>
     <span class='ocr_line' id='line_1_115' title="bbox 1123 834 1913 872; baseline 0.004 -12"><span class='ocrx_word' id='word_1_724' title='bbox 1123 843 1176 869; x_wconf 82' lang='lat' dir='ltr'>qua</span> <span class='ocrx_word' id='word_1_725' title='bbox 1189 834 1222 860; x_wconf 87' lang='lat' dir='ltr'>de</span> <span class='ocrx_word' id='word_1_726' title='bbox 1237 843 1263 861; x_wconf 93' lang='lat' dir='ltr'>re</span> <span class='ocrx_word' id='word_1_727' title='bbox 1277 835 1309 861; x_wconf 84' lang='lat' dir='ltr'>ad</span> <span class='ocrx_word' id='word_1_728' title='bbox 1324 835 1449 862; x_wconf 78' lang='lat' dir='ltr'>Crassum</span> <span class='ocrx_word' id='word_1_729' title='bbox 1464 836 1608 862; x_wconf 83' lang='lat' dir='ltr'>retulisset.</span> <span class='ocrx_word' id='word_1_730' title='bbox 1642 837 1683 863; x_wconf 85' lang='lat' dir='ltr'>Ex</span> <span class='ocrx_word' id='word_1_731' title='bbox 1699 845 1754 872; x_wconf 90' lang='lat' dir='ltr'>quo</span> <span class='ocrx_word' id='word_1_732' title='bbox 1768 842 1796 862; x_wconf 89' lang='lat' dir='ltr'>ut</span> <span class='ocrx_word' id='word_1_733' title='bbox 1810 837 1913 863; x_wconf 78' lang='lat' dir='ltr'>audivit</span> 
     </span>
    </p>
   </div>
   <div class='ocr_carea' id='block_1_24' title="bbox 1119 1058 1926 2694">
    <p class='ocr_par' dir='ltr' id='par_1_25' title="bbox 1122 1058 1926 1430">
     <span class='ocr_line' id='line_1_116' title="bbox 1123 1058 1915 1095; baseline 0.004 -11"><span class='ocrx_word' id='word_1_734' title='bbox 1123 1067 1151 1084; x_wconf 88' lang='lat' dir='ltr'>se</span> <span class='ocrx_word' id='word_1_735' title='bbox 1165 1067 1219 1084; x_wconf 90' lang='lat' dir='ltr'>rem</span> <span class='ocrx_word' id='word_1_736' title='bbox 1235 1058 1340 1089; x_wconf 82' lang='lat' dir='ltr'>habere,</span> <span class='ocrx_word' id='word_1_737' title='bbox 1354 1063 1383 1085; x_wconf 84' lang='lat' dir='ltr'>ut</span> <span class='ocrx_word' id='word_1_738' title='bbox 1397 1059 1584 1094; x_wconf 86' lang='lat' dir='ltr'>respondisset,</span> <span class='ocrx_word' id='word_1_739' title='bbox 1594 1069 1642 1086; x_wconf 87' lang='lat' dir='ltr'>nec</span> <span class='ocrx_word' id='word_1_740' title='bbox 1651 1060 1765 1086; x_wconf 86' lang='lat' dir='ltr'>dubium</span> <span class='ocrx_word' id='word_1_741' title='bbox 1779 1068 1838 1086; x_wconf 71' lang='lat' dir='ltr'>oese</span> <span class='ocrx_word' id='word_1_742' title='bbox 1851 1068 1915 1095; x_wconf 73' lang='lat' dir='ltr'>pos-</span> 
     </span>
     <span class='ocr_line' id='line_1_117' title="bbox 1123 1095 1915 1132; baseline 0.004 -11"><span class='ocrx_word' id='word_1_743' title='bbox 1123 1104 1161 1122; x_wconf 89' lang='lat' dir='ltr'>se.</span> <span class='ocrx_word' id='word_1_744' title='bbox 1177 1095 1261 1122; x_wconf 87' lang='lat' dir='ltr'>Galba</span> <span class='ocrx_word' id='word_1_745' title='bbox 1275 1100 1363 1122; x_wconf 86' lang='lat' dir='ltr'>autem</span> <span class='ocrx_word' id='word_1_746' title='bbox 1382 1096 1505 1123; x_wconf 90' lang='lat' dir='ltr'>alludens</span> <span class='ocrx_word' id='word_1_747' title='bbox 1520 1097 1590 1123; x_wconf 80' lang='lat' dir='ltr'>varie</span> <span class='ocrx_word' id='word_1_748' title='bbox 1607 1101 1633 1124; x_wconf 91' lang='lat' dir='ltr'>et</span> <span class='ocrx_word' id='word_1_749' title='bbox 1645 1098 1751 1132; x_wconf 84' lang='lat' dir='ltr'>copiose</span> <span class='ocrx_word' id='word_1_750' title='bbox 1765 1097 1862 1124; x_wconf 73' lang='lat' dir='ltr'>multas</span> <span class='ocrx_word' id='word_1_751' title='bbox 1875 1097 1915 1123; x_wconf 76' lang='lat' dir='ltr'>si-</span> 
     </span>
     <span class='ocr_line' id='line_1_118' title="bbox 1124 1132 1914 1170; baseline 0.004 -12"><span class='ocrx_word' id='word_1_752' title='bbox 1124 1132 1290 1159; x_wconf 89' lang='lat' dir='ltr'>militudines</span> <span class='ocrx_word' id='word_1_753' title='bbox 1304 1133 1395 1160; x_wconf 81' lang='lat' dir='ltr'>afferre</span> <span class='ocrx_word' id='word_1_754' title='bbox 1409 1133 1547 1169; x_wconf 89' lang='lat' dir='ltr'>multaque</span> <span class='ocrx_word' id='word_1_755' title='bbox 1561 1142 1609 1169; x_wconf 87' lang='lat' dir='ltr'>pro</span> <span class='ocrx_word' id='word_1_756' title='bbox 1621 1135 1754 1170; x_wconf 81' lang='lat' dir='ltr'>aequitate</span> <span class='ocrx_word' id='word_1_757' title='bbox 1766 1139 1856 1161; x_wconf 76' lang='lat' dir='ltr'>mnu-a</span> <span class='ocrx_word' id='word_1_758' title='bbox 1869 1135 1914 1161; x_wconf 86' lang='lat' dir='ltr'>ius</span> 
     </span>
     <span class='ocr_line' id='line_1_119' title="bbox 1123 1170 1926 1207; baseline 0.002 -11"><span class='ocrx_word' id='word_1_759' title='bbox 1123 1170 1223 1203; x_wconf 79' lang='lat' dir='ltr'>dicere3</span> <span class='ocrx_word' id='word_1_760' title='bbox 1252 1175 1331 1205; x_wconf 89' lang='lat' dir='ltr'>atque</span> <span class='ocrx_word' id='word_1_761' title='bbox 1349 1170 1435 1201; x_wconf 89' lang='lat' dir='ltr'>illum,</span> <span class='ocrx_word' id='word_1_762' title='bbox 1456 1180 1541 1206; x_wconf 90' lang='lat' dir='ltr'>quum</span> <span class='ocrx_word' id='word_1_763' title='bbox 1559 1171 1715 1198; x_wconf 87' lang='lat' dir='ltr'>disserendo</span> <span class='ocrx_word' id='word_1_764' title='bbox 1727 1181 1776 1207; x_wconf 87' lang='lat' dir='ltr'>par</span> <span class='ocrx_word' id='word_1_765' title='bbox 1788 1180 1847 1198; x_wconf 86' lang='lat' dir='ltr'>esse</span> <span class='ocrx_word' id='word_1_766' title='bbox 1860 1180 1926 1199; x_wconf 52' lang='lat' dir='ltr'>non*</span> 
     </span>
     <span class='ocr_line' id='line_1_120' title="bbox 1123 1207 1926 1242; baseline 0.002 -9"><span class='ocrx_word' id='word_1_767' title='bbox 1123 1212 1212 1242; x_wconf 86' lang='lat' dir='ltr'>posset</span> <span class='ocrx_word' id='word_1_768' title='bbox 1233 1207 1407 1242; x_wconf 87' lang='lat' dir='ltr'>(quamquam</span> <span class='ocrx_word' id='word_1_769' title='bbox 1429 1207 1480 1234; x_wconf 88' lang='lat' dir='ltr'>fuit</span> <span class='ocrx_word' id='word_1_770' title='bbox 1503 1208 1614 1236; x_wconf 82' lang='lat' dir='ltr'>Crassus</span> <span class='ocrx_word' id='word_1_771' title='bbox 1631 1210 1658 1235; x_wconf 91' lang='lat' dir='ltr'>in</span> <span class='ocrx_word' id='word_1_772' title='bbox 1678 1217 1788 1236; x_wconf 79' lang='lat' dir='ltr'>numero</span> <span class='ocrx_word' id='word_1_773' title='bbox 1800 1209 1926 1236; x_wconf 79' lang='lat' dir='ltr'>diserto-⁴·</span> 
     </span>
     <span class='ocr_line' id='line_1_121' title="bbox 1123 1244 1915 1282; baseline 0.003 -11"><span class='ocrx_word' id='word_1_774' title='bbox 1123 1253 1192 1276; x_wconf 90' lang='lat' dir='ltr'>rum,</span> <span class='ocrx_word' id='word_1_775' title='bbox 1208 1245 1255 1271; x_wconf 87' lang='lat' dir='ltr'>sed</span> <span class='ocrx_word' id='word_1_776' title='bbox 1269 1253 1316 1280; x_wconf 85' lang='lat' dir='ltr'>par</span> <span class='ocrx_word' id='word_1_777' title='bbox 1329 1244 1429 1272; x_wconf 88' lang='lat' dir='ltr'>Galbae</span> <span class='ocrx_word' id='word_1_778' title='bbox 1443 1245 1518 1272; x_wconf 91' lang='lat' dir='ltr'>nullo</span> <span class='ocrx_word' id='word_1_779' title='bbox 1528 1246 1624 1282; x_wconf 88' lang='lat' dir='ltr'>modo),</span> <span class='ocrx_word' id='word_1_780' title='bbox 1640 1246 1673 1272; x_wconf 90' lang='lat' dir='ltr'>ad</span> <span class='ocrx_word' id='word_1_781' title='bbox 1687 1251 1806 1273; x_wconf 62' lang='lat' dir='ltr'>auctores</span> <span class='ocrx_word' id='word_1_782' title='bbox 1819 1245 1915 1273; x_wconf 81' lang='lat' dir='ltr'>oonsu-</span> 
     </span>
     <span class='ocr_line' id='line_1_122' title="bbox 1122 1282 1914 1317; baseline 0.003 -9"><span class='ocrx_word' id='word_1_783' title='bbox 1122 1282 1194 1317; x_wconf 85' lang='lat' dir='ltr'>gisse</span> <span class='ocrx_word' id='word_1_784' title='bbox 1212 1287 1237 1308; x_wconf 88' lang='lat' dir='ltr'>et</span> <span class='ocrx_word' id='word_1_785' title='bbox 1255 1282 1292 1313; x_wconf 89' lang='lat' dir='ltr'>id,</span> <span class='ocrx_word' id='word_1_786' title='bbox 1313 1282 1385 1317; x_wconf 90' lang='lat' dir='ltr'>quod</span> <span class='ocrx_word' id='word_1_787' title='bbox 1402 1283 1461 1317; x_wconf 91' lang='lat' dir='ltr'>ipse</span> <span class='ocrx_word' id='word_1_788' title='bbox 1479 1282 1586 1314; x_wconf 85' lang='lat' dir='ltr'>diceret,</span> <span class='ocrx_word' id='word_1_789' title='bbox 1606 1288 1631 1310; x_wconf 88' lang='lat' dir='ltr'>et</span> <span class='ocrx_word' id='word_1_790' title='bbox 1645 1284 1672 1310; x_wconf 92' lang='lat' dir='ltr'>in</span> <span class='ocrx_word' id='word_1_791' title='bbox 1686 1284 1714 1310; x_wconf 87' lang='lat' dir='ltr'>P.</span> <span class='ocrx_word' id='word_1_792' title='bbox 1730 1284 1811 1310; x_wconf 78' lang='lat' dir='ltr'>Mucii</span> <span class='ocrx_word' id='word_1_793' title='bbox 1825 1283 1914 1310; x_wconf 83' lang='lat' dir='ltr'>fratris</span> 
     </span>
     <span class='ocr_line' id='line_1_123' title="bbox 1123 1319 1915 1356; baseline 0.003 -11"><span class='ocrx_word' id='word_1_794' title='bbox 1123 1320 1165 1345; x_wconf 91' lang='lat' dir='ltr'>sui</span> <span class='ocrx_word' id='word_1_795' title='bbox 1190 1319 1266 1345; x_wconf 89' lang='lat' dir='ltr'>libris</span> <span class='ocrx_word' id='word_1_796' title='bbox 1289 1323 1315 1346; x_wconf 86' lang='lat' dir='ltr'>et</span> <span class='ocrx_word' id='word_1_797' title='bbox 1337 1320 1364 1346; x_wconf 88' lang='lat' dir='ltr'>in</span> <span class='ocrx_word' id='word_1_798' title='bbox 1387 1319 1450 1346; x_wconf 86' lang='lat' dir='ltr'>Sex.</span> <span class='ocrx_word' id='word_1_799' title='bbox 1474 1320 1542 1346; x_wconf 77' lang='lat' dir='ltr'>Aelii</span> <span class='ocrx_word' id='word_1_800' title='bbox 1564 1321 1761 1347; x_wconf 87' lang='lat' dir='ltr'>commentariis</span> <span class='ocrx_word' id='word_1_801' title='bbox 1782 1321 1915 1356; x_wconf 69' lang='lat' dir='ltr'>scriptum</span> 
     </span>
     <span class='ocr_line' id='line_1_124' title="bbox 1123 1356 1915 1393; baseline 0.004 -11"><span class='ocrx_word' id='word_1_802' title='bbox 1123 1356 1266 1391; x_wconf 88' lang='lat' dir='ltr'>protulisse</span> <span class='ocrx_word' id='word_1_803' title='bbox 1284 1365 1313 1382; x_wconf 90' lang='lat' dir='ltr'>ac</span> <span class='ocrx_word' id='word_1_804' title='bbox 1330 1361 1419 1384; x_wconf 87' lang='lat' dir='ltr'>tamen</span> <span class='ocrx_word' id='word_1_805' title='bbox 1440 1358 1614 1389; x_wconf 82' lang='lat' dir='ltr'>concessisse,</span> <span class='ocrx_word' id='word_1_806' title='bbox 1638 1357 1737 1385; x_wconf 82' lang='lat' dir='ltr'>Galbae</span> <span class='ocrx_word' id='word_1_807' title='bbox 1754 1357 1915 1393; x_wconf 73' lang='lat' dir='ltr'>disputatio-</span> 
     </span>
     <span class='ocr_line' id='line_1_125' title="bbox 1124 1394 1778 1430; baseline 0.003 -11"><span class='ocrx_word' id='word_1_808' title='bbox 1124 1402 1184 1420; x_wconf 91' lang='lat' dir='ltr'>nem</span> <span class='ocrx_word' id='word_1_809' title='bbox 1199 1394 1251 1419; x_wconf 90' lang='lat' dir='ltr'>sibi</span> <span class='ocrx_word' id='word_1_810' title='bbox 1266 1394 1431 1428; x_wconf 90' lang='lat' dir='ltr'>probabilem</span> <span class='ocrx_word' id='word_1_811' title='bbox 1445 1398 1471 1421; x_wconf 90' lang='lat' dir='ltr'>et</span> <span class='ocrx_word' id='word_1_812' title='bbox 1484 1403 1566 1430; x_wconf 89' lang='lat' dir='ltr'>prope</span> <span class='ocrx_word' id='word_1_813' title='bbox 1579 1403 1669 1422; x_wconf 84' lang='lat' dir='ltr'>veram</span> <span class='ocrx_word' id='word_1_814' title='bbox 1683 1395 1778 1422; x_wconf 89' lang='lat' dir='ltr'>videri.</span> 
     </span>
    </p>

    <p class='ocr_par' dir='ltr' id='par_1_26' title="bbox 1119 1430 1919 2694">
     <span class='ocr_line' id='line_1_126' title="bbox 1179 1430 1912 1467; baseline 0.003 -10"><span class='ocrx_word' id='word_1_815' title='bbox 1179 1431 1254 1457; x_wconf 84' lang='lat' dir='ltr'>Lvu.</span> <span class='ocrx_word' id='word_1_816' title='bbox 1269 1431 1329 1458; x_wconf 68' lang='lat'>24⁴.</span> <span class='ocrx_word' id='word_1_817' title='bbox 1344 1430 1476 1463; x_wconf 76' lang='lat' dir='ltr'>Attamen,</span> <span class='ocrx_word' id='word_1_818' title='bbox 1488 1440 1557 1467; x_wconf 87' lang='lat' dir='ltr'>quae</span> <span class='ocrx_word' id='word_1_819' title='bbox 1570 1440 1680 1459; x_wconf 84' lang='lat' dir='ltr'>caussae</span> <span class='ocrx_word' id='word_1_820' title='bbox 1692 1436 1757 1459; x_wconf 84' lang='lat' dir='ltr'>sunt</span> <span class='ocrx_word' id='word_1_821' title='bbox 1769 1431 1912 1464; x_wconf 80' lang='lat' dir='ltr'>eiusmodi.</span> 
     </span>
     <span class='ocr_line' id='line_1_127' title="bbox 1122 1468 1915 1505; baseline 0.003 -11"><span class='ocrx_word' id='word_1_822' title='bbox 1122 1472 1153 1494; x_wconf 90' lang='lat' dir='ltr'>ut</span> <span class='ocrx_word' id='word_1_823' title='bbox 1166 1468 1198 1494; x_wconf 93' lang='lat' dir='ltr'>de</span> <span class='ocrx_word' id='word_1_824' title='bbox 1212 1476 1303 1494; x_wconf 90' lang='lat' dir='ltr'>earum</span> <span class='ocrx_word' id='word_1_825' title='bbox 1317 1469 1375 1495; x_wconf 85' lang='lat' dir='ltr'>iure</span> <span class='ocrx_word' id='word_1_826' title='bbox 1388 1468 1502 1495; x_wconf 88' lang='lat' dir='ltr'>dubium</span> <span class='ocrx_word' id='word_1_827' title='bbox 1517 1477 1577 1496; x_wconf 87' lang='lat' dir='ltr'>esse</span> <span class='ocrx_word' id='word_1_828' title='bbox 1590 1478 1642 1496; x_wconf 92' lang='lat' dir='ltr'>non</span> <span class='ocrx_word' id='word_1_829' title='bbox 1655 1470 1748 1505; x_wconf 83' lang='lat' dir='ltr'>possit,</span> <span class='ocrx_word' id='word_1_830' title='bbox 1763 1470 1873 1496; x_wconf 86' lang='lat' dir='ltr'>omnino</span> <span class='ocrx_word' id='word_1_831' title='bbox 1885 1470 1915 1497; x_wconf 79' lang='lat' dir='ltr'>in</span> 
     </span>
     <span class='ocr_line' id='line_1_128' title="bbox 1122 1505 1916 1542; baseline 0.001 -10"><span class='ocrx_word' id='word_1_832' title='bbox 1122 1505 1253 1532; x_wconf 86' lang='lat' dir='ltr'>iudicium</span> <span class='ocrx_word' id='word_1_833' title='bbox 1267 1506 1354 1532; x_wconf 90' lang='lat' dir='ltr'>vocari</span> <span class='ocrx_word' id='word_1_834' title='bbox 1369 1514 1421 1532; x_wconf 91' lang='lat' dir='ltr'>non</span> <span class='ocrx_word' id='word_1_835' title='bbox 1434 1505 1529 1533; x_wconf 89' lang='lat' dir='ltr'>solent.</span> <span class='ocrx_word' id='word_1_836' title='bbox 1551 1507 1690 1542; x_wconf 86' lang='lat' dir='ltr'>Numquis</span> <span class='ocrx_word' id='word_1_837' title='bbox 1703 1515 1734 1534; x_wconf 89' lang='lat' dir='ltr'>eo</span> <span class='ocrx_word' id='word_1_838' title='bbox 1746 1511 1916 1539; x_wconf 78' lang='lat' dir='ltr'>testamento,-</span> 
     </span>
     <span class='ocr_line' id='line_1_129' title="bbox 1122 1541 1918 1580; baseline 0.003 -12"><span class='ocrx_word' id='word_1_839' title='bbox 1122 1542 1195 1578; x_wconf 91' lang='lat' dir='ltr'>quod</span> <span class='ocrx_word' id='word_1_840' title='bbox 1217 1542 1408 1577; x_wconf 78' lang='lat' dir='ltr'>paterfamilias</span> <span class='ocrx_word' id='word_1_841' title='bbox 1429 1548 1490 1570; x_wconf 78' lang='lat' dir='ltr'>ante</span> <span class='ocrx_word' id='word_1_842' title='bbox 1511 1543 1582 1575; x_wconf 85' lang='lat' dir='ltr'>fecit,</span> <span class='ocrx_word' id='word_1_843' title='bbox 1606 1552 1687 1580; x_wconf 89' lang='lat' dir='ltr'>quam</span> <span class='ocrx_word' id='word_1_844' title='bbox 1706 1545 1730 1570; x_wconf 90' lang='lat' dir='ltr'>ei</span> <span class='ocrx_word' id='word_1_845' title='bbox 1749 1543 1822 1570; x_wconf 85' lang='lat' dir='ltr'>filius</span> <span class='ocrx_word' id='word_1_846' title='bbox 1835 1541 1918 1571; x_wconf 66' lang='lat' dir='ltr'>natus‘</span> 
     </span>
     <span class='ocr_line' id='line_1_130' title="bbox 1122 1579 1918 1617; baseline 0.004 -12"><span class='ocrx_word' id='word_1_847' title='bbox 1122 1584 1200 1610; x_wconf 91' lang='lat' dir='ltr'>esset,</span> <span class='ocrx_word' id='word_1_848' title='bbox 1222 1579 1394 1606; x_wconf 85' lang='lat' dir='ltr'>hereditatem</span> <span class='ocrx_word' id='word_1_849' title='bbox 1412 1579 1496 1615; x_wconf 75' lang='lat' dir='ltr'>petit?</span> <span class='ocrx_word' id='word_1_850' title='bbox 1513 1581 1609 1611; x_wconf 75' lang='lat' dir='ltr'>Nemo:</span> <span class='ocrx_word' id='word_1_851' title='bbox 1629 1581 1693 1616; x_wconf 89' lang='lat' dir='ltr'>quia</span> <span class='ocrx_word' id='word_1_852' title='bbox 1706 1585 1816 1612; x_wconf 81' lang='lat' dir='ltr'>constat,</span> <span class='ocrx_word' id='word_1_853' title='bbox 1832 1580 1918 1617; x_wconf 54' lang='lat' dir='ltr'>agnei,</span> 
     </span>
     <span class='ocr_line' id='line_1_131' title="bbox 1121 1617 1918 1654; baseline 0.004 -12"><span class='ocrx_word' id='word_1_854' title='bbox 1121 1617 1220 1643; x_wconf 88' lang='lat' dir='ltr'>scendo</span> <span class='ocrx_word' id='word_1_855' title='bbox 1234 1617 1323 1651; x_wconf 91' lang='lat' dir='ltr'>rumpi</span> <span class='ocrx_word' id='word_1_856' title='bbox 1338 1621 1535 1644; x_wconf 86' lang='lat' dir='ltr'>testamentum.</span> <span class='ocrx_word' id='word_1_857' title='bbox 1556 1618 1627 1654; x_wconf 85' lang='lat' dir='ltr'>Ergo</span> <span class='ocrx_word' id='word_1_858' title='bbox 1639 1619 1667 1645; x_wconf 91' lang='lat' dir='ltr'>in</span> <span class='ocrx_word' id='word_1_859' title='bbox 1682 1618 1731 1645; x_wconf 85' lang='lat' dir='ltr'>hoc</span> <span class='ocrx_word' id='word_1_860' title='bbox 1740 1626 1837 1654; x_wconf 80' lang='lat' dir='ltr'>genere</span> <span class='ocrx_word' id='word_1_861' title='bbox 1845 1619 1918 1654; x_wconf 66' lang='lat' dir='ltr'>iuris}</span> 
     </span>
     <span class='ocr_line' id='line_1_132' title="bbox 1121 1654 1915 1691; baseline 0.004 -11"><span class='ocrx_word' id='word_1_862' title='bbox 1121 1654 1219 1680; x_wconf 89' lang='lat' dir='ltr'>indicia</span> <span class='ocrx_word' id='word_1_863' title='bbox 1233 1654 1308 1680; x_wconf 89' lang='lat' dir='ltr'>nulla</span> <span class='ocrx_word' id='word_1_864' title='bbox 1321 1659 1394 1681; x_wconf 91' lang='lat' dir='ltr'>sunt.</span> <span class='ocrx_word' id='word_1_865' title='bbox 1408 1655 1481 1681; x_wconf 90' lang='lat' dir='ltr'>Licet</span> <span class='ocrx_word' id='word_1_866' title='bbox 1491 1656 1574 1691; x_wconf 86' lang='lat' dir='ltr'>igitur</span> <span class='ocrx_word' id='word_1_867' title='bbox 1582 1656 1692 1690; x_wconf 90' lang='lat' dir='ltr'>impune</span> <span class='ocrx_word' id='word_1_868' title='bbox 1702 1656 1797 1682; x_wconf 83' lang='lat' dir='ltr'>oratori</span> <span class='ocrx_word' id='word_1_869' title='bbox 1806 1662 1915 1683; x_wconf 73' lang='lat' dir='ltr'>omnen</span> 
     </span>
     <span class='ocr_line' id='line_1_133' title="bbox 1123 1691 1915 1729; baseline 0.004 -12"><span class='ocrx_word' id='word_1_870' title='bbox 1123 1691 1190 1718; x_wconf 88' lang='lat' dir='ltr'>hanc</span> <span class='ocrx_word' id='word_1_871' title='bbox 1212 1696 1313 1726; x_wconf 86' lang='lat' dir='ltr'>partem</span> <span class='ocrx_word' id='word_1_872' title='bbox 1335 1692 1403 1718; x_wconf 90' lang='lat' dir='ltr'>iuris</span> <span class='ocrx_word' id='word_1_873' title='bbox 1424 1693 1453 1718; x_wconf 91' lang='lat' dir='ltr'>in</span> <span class='ocrx_word' id='word_1_874' title='bbox 1475 1693 1662 1719; x_wconf 82' lang='lat' dir='ltr'>controversiis</span> <span class='ocrx_word' id='word_1_875' title='bbox 1683 1693 1818 1729; x_wconf 81' lang='lat' dir='ltr'>ignorare,</span> <span class='ocrx_word' id='word_1_876' title='bbox 1843 1697 1915 1728; x_wconf 66' lang='lat' dir='ltr'>quae</span> 
     </span>
     <span class='ocr_line' id='line_1_134' title="bbox 1122 1728 1916 1763; baseline 0.004 -9"><span class='ocrx_word' id='word_1_877' title='bbox 1122 1737 1183 1763; x_wconf 85' lang='lat' dir='ltr'>pars</span> <span class='ocrx_word' id='word_1_878' title='bbox 1197 1729 1254 1755; x_wconf 90' lang='lat' dir='ltr'>sine</span> <span class='ocrx_word' id='word_1_879' title='bbox 1268 1728 1352 1755; x_wconf 90' lang='lat' dir='ltr'>dubio</span> <span class='ocrx_word' id='word_1_880' title='bbox 1364 1728 1449 1756; x_wconf 89' lang='lat' dir='ltr'>multo</span> <span class='ocrx_word' id='word_1_881' title='bbox 1462 1730 1578 1756; x_wconf 83' lang='lat' dir='ltr'>maxima</span> <span class='ocrx_word' id='word_1_882' title='bbox 1592 1735 1646 1756; x_wconf 86' lang='lat' dir='ltr'>est:</span> <span class='ocrx_word' id='word_1_883' title='bbox 1668 1731 1726 1757; x_wconf 67' lang='lat'>242.</span> <span class='ocrx_word' id='word_1_884' title='bbox 1737 1730 1766 1756; x_wconf 89' lang='lat' dir='ltr'>in</span> <span class='ocrx_word' id='word_1_885' title='bbox 1779 1738 1811 1757; x_wconf 85' lang='lat' dir='ltr'>eo</span> <span class='ocrx_word' id='word_1_886' title='bbox 1823 1729 1916 1758; x_wconf 68' lang='lat' dir='ltr'>autent</span> 
     </span>
     <span class='ocr_line' id='line_1_135' title="bbox 1121 1765 1919 1802; baseline 0.003 -10"><span class='ocrx_word' id='word_1_887' title='bbox 1121 1766 1188 1797; x_wconf 89' lang='lat' dir='ltr'>iure,</span> <span class='ocrx_word' id='word_1_888' title='bbox 1204 1765 1277 1801; x_wconf 91' lang='lat' dir='ltr'>quod</span> <span class='ocrx_word' id='word_1_889' title='bbox 1295 1766 1441 1802; x_wconf 79' lang='lat' dir='ltr'>ambigitur</span> <span class='ocrx_word' id='word_1_890' title='bbox 1458 1767 1527 1793; x_wconf 87' lang='lat' dir='ltr'>inter</span> <span class='ocrx_word' id='word_1_891' title='bbox 1540 1768 1724 1802; x_wconf 83' lang='lat' dir='ltr'>peritissimos,</span> <span class='ocrx_word' id='word_1_892' title='bbox 1741 1775 1793 1794; x_wconf 88' lang='lat' dir='ltr'>non</span> <span class='ocrx_word' id='word_1_893' title='bbox 1806 1771 1847 1794; x_wconf 67' lang='lat' dir='ltr'>ost</span> <span class='ocrx_word' id='word_1_894' title='bbox 1859 1766 1919 1794; x_wconf 43' lang='lat' dir='ltr'>disat</span> 
     </span>
     <span class='ocr_line' id='line_1_136' title="bbox 1122 1803 1915 1840; baseline 0.003 -11"><span class='ocrx_word' id='word_1_895' title='bbox 1122 1803 1191 1829; x_wconf 82' lang='lat' dir='ltr'>ficile</span> <span class='ocrx_word' id='word_1_896' title='bbox 1208 1804 1303 1829; x_wconf 91' lang='lat' dir='ltr'>oratori</span> <span class='ocrx_word' id='word_1_897' title='bbox 1322 1804 1381 1829; x_wconf 90' lang='lat' dir='ltr'>eius</span> <span class='ocrx_word' id='word_1_898' title='bbox 1395 1805 1486 1838; x_wconf 90' lang='lat' dir='ltr'>partis,</span> <span class='ocrx_word' id='word_1_899' title='bbox 1502 1812 1703 1840; x_wconf 87' lang='lat' dir='ltr'>quamcumque</span> <span class='ocrx_word' id='word_1_900' title='bbox 1715 1803 1848 1836; x_wconf 84' lang='lat' dir='ltr'>defendat,</span> <span class='ocrx_word' id='word_1_901' title='bbox 1864 1812 1915 1831; x_wconf 64' lang='lat' dir='ltr'>ate-³.</span> 
     </span>
     <span class='ocr_line' id='line_1_137' title="bbox 1121 1840 1915 1877; baseline 0.003 -11"><span class='ocrx_word' id='word_1_902' title='bbox 1121 1845 1219 1867; x_wconf 90' lang='lat' dir='ltr'>ctorem</span> <span class='ocrx_word' id='word_1_903' title='bbox 1234 1840 1351 1875; x_wconf 88' lang='lat' dir='ltr'>aliquem</span> <span class='ocrx_word' id='word_1_904' title='bbox 1365 1841 1499 1875; x_wconf 85' lang='lat' dir='ltr'>invenire;</span> <span class='ocrx_word' id='word_1_905' title='bbox 1521 1849 1535 1867; x_wconf 93' lang='lat' dir='ltr'>a</span> <span class='ocrx_word' id='word_1_906' title='bbox 1549 1850 1604 1877; x_wconf 89' lang='lat' dir='ltr'>quo</span> <span class='ocrx_word' id='word_1_907' title='bbox 1611 1850 1697 1877; x_wconf 89' lang='lat' dir='ltr'>quum</span> <span class='ocrx_word' id='word_1_908' title='bbox 1709 1846 1854 1868; x_wconf 78' lang='lat' dir='ltr'>amentatas</span> <span class='ocrx_word' id='word_1_909' title='bbox 1864 1841 1915 1868; x_wconf 72' lang='lat' dir='ltr'>ha-</span> 
     </span>
     <span class='ocr_line' id='line_1_138' title="bbox 1122 1878 1915 1914; baseline 0.003 -11"><span class='ocrx_word' id='word_1_910' title='bbox 1122 1882 1176 1904; x_wconf 87' lang='lat' dir='ltr'>stas</span> <span class='ocrx_word' id='word_1_911' title='bbox 1198 1878 1336 1912; x_wconf 81' lang='lat' dir='ltr'>acceperit.</span> <span class='ocrx_word' id='word_1_912' title='bbox 1361 1879 1419 1913; x_wconf 90' lang='lat' dir='ltr'>ipse</span> <span class='ocrx_word' id='word_1_913' title='bbox 1441 1886 1486 1905; x_wconf 88' lang='lat' dir='ltr'>eas</span> <span class='ocrx_word' id='word_1_914' title='bbox 1507 1879 1617 1905; x_wconf 88' lang='lat' dir='ltr'>oratoris</span> <span class='ocrx_word' id='word_1_915' title='bbox 1636 1878 1740 1905; x_wconf 88' lang='lat' dir='ltr'>lacertis</span> <span class='ocrx_word' id='word_1_916' title='bbox 1753 1879 1915 1914; x_wconf 55' lang='lat' dir='ltr'>viribusque,</span> 
     </span>
     <span class='ocr_line' id='line_1_139' title="bbox 1122 1915 1915 1951; baseline 0.003 -11"><span class='ocrx_word' id='word_1_917' title='bbox 1122 1915 1266 1949; x_wconf 86' lang='lat' dir='ltr'>torquebit.</span> <span class='ocrx_word' id='word_1_918' title='bbox 1300 1915 1357 1941; x_wconf 83' lang='lat' dir='ltr'>Nisi</span> <span class='ocrx_word' id='word_1_919' title='bbox 1380 1924 1442 1942; x_wconf 86' lang='lat' dir='ltr'>vero</span> <span class='ocrx_word' id='word_1_920' title='bbox 1464 1915 1542 1951; x_wconf 88' lang='lat' dir='ltr'>(bona</span> <span class='ocrx_word' id='word_1_921' title='bbox 1558 1917 1637 1942; x_wconf 74' lang='lat' dir='ltr'>venia</span> <span class='ocrx_word' id='word_1_922' title='bbox 1654 1916 1737 1942; x_wconf 87' lang='lat' dir='ltr'>huius</span> <span class='ocrx_word' id='word_1_923' title='bbox 1753 1916 1847 1951; x_wconf 89' lang='lat' dir='ltr'>optimi</span> <span class='ocrx_word' id='word_1_924' title='bbox 1861 1915 1915 1947; x_wconf 70' lang='lat' dir='ltr'>viri</span> 
     </span>
     <span class='ocr_line' id='line_1_140' title="bbox 1121 1947 1917 1989; baseline 0.003 -11"><span class='ocrx_word' id='word_1_925' title='bbox 1121 1952 1244 1982; x_wconf 82' lang='lat' dir='ltr'>dixerim.</span> <span class='ocrx_word' id='word_1_926' title='bbox 1263 1951 1448 1989; x_wconf 88' lang='lat' dir='ltr'>[Scaevolae,])</span> <span class='ocrx_word' id='word_1_927' title='bbox 1461 1958 1489 1979; x_wconf 85' lang='lat' dir='ltr'>tu</span> <span class='ocrx_word' id='word_1_928' title='bbox 1504 1952 1603 1979; x_wconf 89' lang='lat' dir='ltr'>libellis</span> <span class='ocrx_word' id='word_1_929' title='bbox 1617 1958 1662 1979; x_wconf 88' lang='lat' dir='ltr'>aut</span> <span class='ocrx_word' id='word_1_930' title='bbox 1673 1954 1819 1988; x_wconf 82' lang='lat' dir='ltr'>praeceptis</span> <span class='ocrx_word' id='word_1_931' title='bbox 1828 1947 1917 1983; x_wconf 60' lang='lat' dir='ltr'>soced</span> 
     </span>
     <span class='ocr_line' id='line_1_141' title="bbox 1122 1988 1915 2026; baseline 0.003 -11"><span class='ocrx_word' id='word_1_932' title='bbox 1122 1990 1161 2016; x_wconf 88' lang='lat' dir='ltr'>tui</span> <span class='ocrx_word' id='word_1_933' title='bbox 1174 1998 1297 2016; x_wconf 90' lang='lat' dir='ltr'>caussam</span> <span class='ocrx_word' id='word_1_934' title='bbox 1311 1990 1353 2016; x_wconf 77' lang='lat' dir='ltr'>M&#39;.</span> <span class='ocrx_word' id='word_1_935' title='bbox 1370 1990 1443 2017; x_wconf 90' lang='lat' dir='ltr'>Curii</span> <span class='ocrx_word' id='word_1_936' title='bbox 1457 1989 1609 2017; x_wconf 74' lang='lat' dir='ltr'>defendisti.</span> <span class='ocrx_word' id='word_1_937' title='bbox 1643 1991 1700 2017; x_wconf 91' lang='lat' dir='ltr'>Non</span> <span class='ocrx_word' id='word_1_938' title='bbox 1714 1991 1851 2025; x_wconf 81' lang='lat' dir='ltr'>arripuisti</span> <span class='ocrx_word' id='word_1_939' title='bbox 1865 1988 1915 2026; x_wconf 58' lang='lat' dir='ltr'>pal</span> 
     </span>
     <span class='ocr_line' id='line_1_142' title="bbox 1121 2024 1915 2062; baseline 0.001 -9"><span class='ocrx_word' id='word_1_940' title='bbox 1121 2027 1264 2053; x_wconf 85' lang='lat' dir='ltr'>trocinium</span> <span class='ocrx_word' id='word_1_941' title='bbox 1286 2028 1427 2062; x_wconf 87' lang='lat' dir='ltr'>aequitatis</span> <span class='ocrx_word' id='word_1_942' title='bbox 1447 2032 1474 2053; x_wconf 92' lang='lat' dir='ltr'>et</span> <span class='ocrx_word' id='word_1_943' title='bbox 1494 2027 1676 2054; x_wconf 72' lang='lat' dir='ltr'>defensionem</span> <span class='ocrx_word' id='word_1_944' title='bbox 1695 2024 1915 2062; x_wconf 60' lang='lat' dir='ltr'>testamentorud</span> 
     </span>
     <span class='ocr_line' id='line_1_143' title="bbox 1122 2063 1914 2100; baseline 0.003 -10"><span class='ocrx_word' id='word_1_945' title='bbox 1122 2072 1152 2090; x_wconf 92' lang='lat' dir='ltr'>ac</span> <span class='ocrx_word' id='word_1_946' title='bbox 1165 2063 1310 2090; x_wconf 78' lang='lat' dir='ltr'>voluntatis</span> <span class='ocrx_word' id='word_1_947' title='bbox 1324 2070 1498 2091; x_wconf 91' lang='lat' dir='ltr'>mortuorum.</span> <span class='ocrx_word' id='word_1_948' title='bbox 1531 2065 1590 2091; x_wconf 64' lang='lat'>243.</span> <span class='ocrx_word' id='word_1_949' title='bbox 1605 2065 1643 2091; x_wconf 85' lang='lat' dir='ltr'>Ac</span> <span class='ocrx_word' id='word_1_950' title='bbox 1655 2073 1714 2091; x_wconf 82' lang='lat' dir='ltr'>mea</span> <span class='ocrx_word' id='word_1_951' title='bbox 1726 2064 1836 2100; x_wconf 87' lang='lat' dir='ltr'>quidem</span> <span class='ocrx_word' id='word_1_952' title='bbox 1850 2067 1914 2092; x_wconf 58' lang='lat' dir='ltr'>sen*</span> 
     </span>
     <span class='ocr_line' id='line_1_144' title="bbox 1122 2095 1916 2137; baseline 0.001 -10"><span class='ocrx_word' id='word_1_953' title='bbox 1122 2101 1212 2131; x_wconf 88' lang='lat' dir='ltr'>tentia,</span> <span class='ocrx_word' id='word_1_954' title='bbox 1237 2101 1374 2136; x_wconf 83' lang='lat' dir='ltr'>(frequens</span> <span class='ocrx_word' id='word_1_955' title='bbox 1392 2102 1463 2128; x_wconf 89' lang='lat' dir='ltr'>enim</span> <span class='ocrx_word' id='word_1_956' title='bbox 1483 2107 1507 2128; x_wconf 91' lang='lat' dir='ltr'>te</span> <span class='ocrx_word' id='word_1_957' title='bbox 1525 2101 1618 2128; x_wconf 88' lang='lat' dir='ltr'>audivi</span> <span class='ocrx_word' id='word_1_958' title='bbox 1636 2106 1716 2137; x_wconf 85' lang='lat' dir='ltr'>atque</span> <span class='ocrx_word' id='word_1_959' title='bbox 1729 2101 1814 2137; x_wconf 55' lang='lat' dir='ltr'>affui)</span> <span class='ocrx_word' id='word_1_960' title='bbox 1826 2095 1916 2135; x_wconf 58' lang='lat' dir='ltr'>multo&#39;</span> 
     </span>
     <span class='ocr_line' id='line_1_145' title="bbox 1122 2138 1913 2174; baseline 0.003 -10"><span class='ocrx_word' id='word_1_961' title='bbox 1122 2139 1248 2164; x_wconf 88' lang='lat' dir='ltr'>maiorem</span> <span class='ocrx_word' id='word_1_962' title='bbox 1266 2143 1367 2173; x_wconf 89' lang='lat' dir='ltr'>partem</span> <span class='ocrx_word' id='word_1_963' title='bbox 1386 2139 1576 2165; x_wconf 87' lang='lat' dir='ltr'>sententiarum</span> <span class='ocrx_word' id='word_1_964' title='bbox 1599 2138 1654 2165; x_wconf 90' lang='lat' dir='ltr'>sale</span> <span class='ocrx_word' id='word_1_965' title='bbox 1671 2144 1717 2166; x_wconf 86' lang='lat' dir='ltr'>tuo</span> <span class='ocrx_word' id='word_1_966' title='bbox 1737 2143 1763 2165; x_wconf 85' lang='lat' dir='ltr'>et</span> <span class='ocrx_word' id='word_1_967' title='bbox 1777 2138 1866 2174; x_wconf 83' lang='lat' dir='ltr'>lepore</span> <span class='ocrx_word' id='word_1_968' title='bbox 1885 2142 1913 2167; x_wconf 67' lang='lat' dir='ltr'><strong>C</strong></span> 
     </span>
     <span class='ocr_line' id='line_1_146' title="bbox 1122 2175 1913 2211; baseline 0 -9"><span class='ocrx_word' id='word_1_969' title='bbox 1122 2175 1290 2210; x_wconf 88' lang='lat' dir='ltr'>politissimis</span> <span class='ocrx_word' id='word_1_970' title='bbox 1304 2175 1407 2202; x_wconf 85' lang='lat' dir='ltr'>facetiis</span> <span class='ocrx_word' id='word_1_971' title='bbox 1421 2175 1564 2210; x_wconf 85' lang='lat' dir='ltr'>pellexisti,</span> <span class='ocrx_word' id='word_1_972' title='bbox 1577 2185 1662 2211; x_wconf 89' lang='lat' dir='ltr'>quum</span> <span class='ocrx_word' id='word_1_973' title='bbox 1675 2181 1701 2202; x_wconf 88' lang='lat' dir='ltr'>et</span> <span class='ocrx_word' id='word_1_974' title='bbox 1713 2175 1783 2202; x_wconf 89' lang='lat' dir='ltr'>illud</span> <span class='ocrx_word' id='word_1_975' title='bbox 1796 2176 1913 2207; x_wconf 54' lang='lat' dir='ltr'>nimium</span> 
     </span>
     <span class='ocr_line' id='line_1_147' title="bbox 1121 2212 1914 2251; baseline 0.001 -12"><span class='ocrx_word' id='word_1_976' title='bbox 1121 2221 1234 2239; x_wconf 88' lang='lat' dir='ltr'>acumen</span> <span class='ocrx_word' id='word_1_977' title='bbox 1248 2212 1375 2239; x_wconf 89' lang='lat' dir='ltr'>illuderes</span> <span class='ocrx_word' id='word_1_978' title='bbox 1389 2218 1415 2239; x_wconf 90' lang='lat' dir='ltr'>et</span> <span class='ocrx_word' id='word_1_979' title='bbox 1427 2213 1587 2239; x_wconf 88' lang='lat' dir='ltr'>admirarere</span> <span class='ocrx_word' id='word_1_980' title='bbox 1605 2213 1744 2249; x_wconf 83' lang='lat' dir='ltr'>ingenium</span> <span class='ocrx_word' id='word_1_981' title='bbox 1757 2212 1914 2251; x_wconf 45' lang='lat' dir='ltr'>Scaevolam</span> 
     </span>
     <span class='ocr_line' id='line_1_148' title="bbox 1121 2250 1912 2287; baseline 0 -11"><span class='ocrx_word' id='word_1_982' title='bbox 1121 2251 1169 2285; x_wconf 89' lang='lat' dir='ltr'>qui</span> <span class='ocrx_word' id='word_1_983' title='bbox 1191 2251 1367 2286; x_wconf 86' lang='lat' dir='ltr'>excogitasset</span> <span class='ocrx_word' id='word_1_984' title='bbox 1387 2251 1459 2276; x_wconf 80' lang='lat' dir='ltr'>nasci</span> <span class='ocrx_word' id='word_1_985' title='bbox 1478 2251 1554 2285; x_wconf 90' lang='lat' dir='ltr'>prius</span> <span class='ocrx_word' id='word_1_986' title='bbox 1571 2255 1698 2285; x_wconf 87' lang='lat' dir='ltr'>oportere,</span> <span class='ocrx_word' id='word_1_987' title='bbox 1717 2258 1799 2284; x_wconf 87' lang='lat' dir='ltr'>quam</span> <span class='ocrx_word' id='word_1_988' title='bbox 1812 2250 1912 2287; x_wconf 60' lang='lat' dir='ltr'>emori-2</span> 
     </span>
     <span class='ocr_line' id='line_1_149' title="bbox 1121 2286 1912 2323; baseline 0.001 -10"><span class='ocrx_word' id='word_1_989' title='bbox 1121 2295 1262 2322; x_wconf 89' lang='lat' dir='ltr'>quumque</span> <span class='ocrx_word' id='word_1_990' title='bbox 1279 2287 1362 2314; x_wconf 83' lang='lat' dir='ltr'>multa</span> <span class='ocrx_word' id='word_1_991' title='bbox 1380 2287 1519 2323; x_wconf 88' lang='lat' dir='ltr'>colligeres</span> <span class='ocrx_word' id='word_1_992' title='bbox 1536 2292 1562 2314; x_wconf 87' lang='lat' dir='ltr'>et</span> <span class='ocrx_word' id='word_1_993' title='bbox 1579 2295 1613 2314; x_wconf 86' lang='lat' dir='ltr'>ex</span> <span class='ocrx_word' id='word_1_994' title='bbox 1630 2286 1735 2322; x_wconf 83' lang='lat' dir='ltr'>legibus</span> <span class='ocrx_word' id='word_1_995' title='bbox 1749 2291 1774 2313; x_wconf 89' lang='lat' dir='ltr'>et</span> <span class='ocrx_word' id='word_1_996' title='bbox 1786 2295 1821 2314; x_wconf 85' lang='lat' dir='ltr'>ex</span> <span class='ocrx_word' id='word_1_997' title='bbox 1833 2290 1912 2323; x_wconf 37' lang='lat' dir='ltr'>sen&amp;</span> 
     </span>
     <span class='ocr_line' id='line_1_150' title="bbox 1121 2324 1912 2353; baseline 0.003 -3"><span class='ocrx_word' id='word_1_998' title='bbox 1121 2324 1296 2351; x_wconf 85' lang='lat' dir='ltr'>tusconsultis</span> <span class='ocrx_word' id='word_1_999' title='bbox 1309 2329 1335 2351; x_wconf 88' lang='lat' dir='ltr'>et</span> <span class='ocrx_word' id='word_1_1000' title='bbox 1347 2333 1381 2351; x_wconf 91' lang='lat' dir='ltr'>ex</span> <span class='ocrx_word' id='word_1_1001' title='bbox 1394 2325 1448 2351; x_wconf 87' lang='lat' dir='ltr'>vita</span> <span class='ocrx_word' id='word_1_1002' title='bbox 1461 2333 1490 2351; x_wconf 88' lang='lat' dir='ltr'>ac</span> <span class='ocrx_word' id='word_1_1003' title='bbox 1504 2332 1625 2351; x_wconf 87' lang='lat' dir='ltr'>sermone</span> <span class='ocrx_word' id='word_1_1004' title='bbox 1637 2325 1773 2350; x_wconf 75' lang='lat' dir='ltr'>communi</span> <span class='ocrx_word' id='word_1_1005' title='bbox 1787 2332 1840 2351; x_wconf 84' lang='lat' dir='ltr'>non</span> <span class='ocrx_word' id='word_1_1006' title='bbox 1852 2325 1912 2353; x_wconf 55' lang='lat' dir='ltr'>mo?</span> 
     </span>
     <span class='ocr_line' id='line_1_151' title="bbox 1121 2359 1913 2395; baseline 0 -7"><span class='ocrx_word' id='word_1_1007' title='bbox 1121 2361 1155 2388; x_wconf 92' lang='lat' dir='ltr'>do</span> <span class='ocrx_word' id='word_1_1008' title='bbox 1173 2366 1258 2393; x_wconf 84' lang='lat' dir='ltr'>acute,</span> <span class='ocrx_word' id='word_1_1009' title='bbox 1277 2361 1326 2388; x_wconf 90' lang='lat' dir='ltr'>sed</span> <span class='ocrx_word' id='word_1_1010' title='bbox 1343 2362 1422 2388; x_wconf 87' lang='lat' dir='ltr'>etiam</span> <span class='ocrx_word' id='word_1_1011' title='bbox 1441 2361 1553 2388; x_wconf 91' lang='lat' dir='ltr'>ridicule</span> <span class='ocrx_word' id='word_1_1012' title='bbox 1565 2369 1596 2388; x_wconf 86' lang='lat' dir='ltr'>ac</span> <span class='ocrx_word' id='word_1_1013' title='bbox 1609 2361 1700 2392; x_wconf 80' lang='lat' dir='ltr'>facete,</span> <span class='ocrx_word' id='word_1_1014' title='bbox 1719 2361 1767 2387; x_wconf 88' lang='lat' dir='ltr'>ubi</span> <span class='ocrx_word' id='word_1_1015' title='bbox 1781 2362 1804 2388; x_wconf 89' lang='lat' dir='ltr'>si</span> <span class='ocrx_word' id='word_1_1016' title='bbox 1817 2359 1913 2395; x_wconf 54' lang='lat' dir='ltr'>verbu}</span> 
     </span>
     <span class='ocr_line' id='line_1_152' title="bbox 1121 2398 1868 2434; baseline -0.001 -9"><span class='ocrx_word' id='word_1_1017' title='bbox 1121 2407 1173 2425; x_wconf 89' lang='lat' dir='ltr'>non</span> <span class='ocrx_word' id='word_1_1018' title='bbox 1187 2407 1243 2425; x_wconf 90' lang='lat' dir='ltr'>rem</span> <span class='ocrx_word' id='word_1_1019' title='bbox 1256 2407 1440 2434; x_wconf 87' lang='lat' dir='ltr'>sequeremur,</span> <span class='ocrx_word' id='word_1_1020' title='bbox 1455 2398 1548 2425; x_wconf 84' lang='lat' dir='ltr'>confici</span> <span class='ocrx_word' id='word_1_1021' title='bbox 1561 2398 1599 2425; x_wconf 89' lang='lat' dir='ltr'>nil</span> <span class='ocrx_word' id='word_1_1022' title='bbox 1613 2403 1711 2433; x_wconf 83' lang='lat' dir='ltr'>posset.</span> <span class='ocrx_word' id='word_1_1023' title='bbox 1736 2399 1828 2433; x_wconf 84' lang='lat' dir='ltr'>Itaque</span> <span class='ocrx_word' id='word_1_1024' title='bbox 1841 2398 1868 2424; x_wconf 86' lang='lat' dir='ltr'>h·</span> 
     </span>
     <span class='ocr_line' id='line_1_153' title="bbox 1121 2434 1904 2470; baseline 0 -8"><span class='ocrx_word' id='word_1_1025' title='bbox 1121 2436 1205 2462; x_wconf 85' lang='lat' dir='ltr'>ritatis</span> <span class='ocrx_word' id='word_1_1026' title='bbox 1219 2435 1330 2470; x_wconf 88' lang='lat' dir='ltr'>plenum</span> <span class='ocrx_word' id='word_1_1027' title='bbox 1343 2436 1474 2462; x_wconf 88' lang='lat' dir='ltr'>iudicium</span> <span class='ocrx_word' id='word_1_1028' title='bbox 1488 2444 1519 2462; x_wconf 87' lang='lat' dir='ltr'>ac</span> <span class='ocrx_word' id='word_1_1029' title='bbox 1532 2435 1645 2462; x_wconf 84' lang='lat' dir='ltr'>laetitiae</span> <span class='ocrx_word' id='word_1_1030' title='bbox 1659 2435 1723 2468; x_wconf 63' lang='lat' dir='ltr'>fuit}</span> <span class='ocrx_word' id='word_1_1031' title='bbox 1738 2435 1766 2462; x_wconf 89' lang='lat' dir='ltr'>in</span> <span class='ocrx_word' id='word_1_1032' title='bbox 1779 2443 1834 2470; x_wconf 86' lang='lat' dir='ltr'>quo</span> <span class='ocrx_word' id='word_1_1033' title='bbox 1881 2434 1904 2470; x_wconf 35' lang='lat'>‘-</span> 
     </span>
     <span class='ocr_line' id='line_1_154' title="bbox 1121 2471 1910 2510; baseline -0.001 -11"><span class='ocrx_word' id='word_1_1034' title='bbox 1121 2473 1170 2499; x_wconf 88' lang='lat' dir='ltr'>tihi</span> <span class='ocrx_word' id='word_1_1035' title='bbox 1187 2473 1254 2499; x_wconf 90' lang='lat' dir='ltr'>iuris</span> <span class='ocrx_word' id='word_1_1036' title='bbox 1272 2473 1360 2500; x_wconf 89' lang='lat' dir='ltr'>civilis</span> <span class='ocrx_word' id='word_1_1037' title='bbox 1378 2473 1530 2500; x_wconf 81' lang='lat' dir='ltr'>exercitatio</span> <span class='ocrx_word' id='word_1_1038' title='bbox 1546 2472 1683 2507; x_wconf 81' lang='lat' dir='ltr'>profuerit,</span> <span class='ocrx_word' id='word_1_1039' title='bbox 1702 2480 1756 2499; x_wconf 89' lang='lat' dir='ltr'>non</span> <span class='ocrx_word' id='word_1_1040' title='bbox 1772 2471 1910 2510; x_wconf 56' lang='lat' dir='ltr'>intelligit}</span> 
     </span>
     <span class='ocr_line' id='line_1_155' title="bbox 1120 2509 1910 2546; baseline 0.001 -10"><span class='ocrx_word' id='word_1_1041' title='bbox 1120 2509 1226 2536; x_wconf 90' lang='lat' dir='ltr'>dicendi</span> <span class='ocrx_word' id='word_1_1042' title='bbox 1244 2511 1286 2536; x_wconf 87' lang='lat' dir='ltr'>vis</span> <span class='ocrx_word' id='word_1_1043' title='bbox 1304 2511 1418 2546; x_wconf 83' lang='lat' dir='ltr'>egregia,</span> <span class='ocrx_word' id='word_1_1044' title='bbox 1438 2518 1544 2536; x_wconf 89' lang='lat' dir='ltr'>summa</span> <span class='ocrx_word' id='word_1_1045' title='bbox 1563 2509 1706 2536; x_wconf 86' lang='lat' dir='ltr'>festivitate</span> <span class='ocrx_word' id='word_1_1046' title='bbox 1727 2513 1753 2535; x_wconf 78' lang='lat' dir='ltr'>et</span> <span class='ocrx_word' id='word_1_1047' title='bbox 1770 2511 1910 2537; x_wconf 59' lang='lat' dir='ltr'>venusta!</span> 
     </span>
     <span class='ocr_line' id='line_1_156' title="bbox 1120 2546 1870 2582; baseline -0.001 -9"><span class='ocrx_word' id='word_1_1048' title='bbox 1120 2548 1260 2574; x_wconf 89' lang='lat' dir='ltr'>coniuncta</span> <span class='ocrx_word' id='word_1_1049' title='bbox 1273 2547 1382 2582; x_wconf 87' lang='lat' dir='ltr'>profuit.</span> <span class='ocrx_word' id='word_1_1050' title='bbox 1402 2547 1460 2574; x_wconf 69' lang='lat'>244.</span> <span class='ocrx_word' id='word_1_1051' title='bbox 1476 2547 1536 2581; x_wconf 87' lang='lat' dir='ltr'>Ipse</span> <span class='ocrx_word' id='word_1_1052' title='bbox 1548 2546 1594 2573; x_wconf 87' lang='lat' dir='ltr'>ille</span> <span class='ocrx_word' id='word_1_1053' title='bbox 1607 2547 1712 2573; x_wconf 82' lang='lat' dir='ltr'>Mucius</span> <span class='ocrx_word' id='word_1_1054' title='bbox 1725 2547 1828 2581; x_wconf 82' lang='lat' dir='ltr'>paterni</span> <span class='ocrx_word' id='word_1_1055' title='bbox 1840 2547 1870 2572; x_wconf 90' lang='lat' dir='ltr'>iu</span> 
     </span>
     <span class='ocr_line' id='line_1_157' title="bbox 1120 2582 1867 2620; baseline 0 -10"><span class='ocrx_word' id='word_1_1056' title='bbox 1120 2584 1244 2610; x_wconf 88' lang='lat' dir='ltr'>defensor</span> <span class='ocrx_word' id='word_1_1057' title='bbox 1256 2589 1282 2610; x_wconf 90' lang='lat' dir='ltr'>et</span> <span class='ocrx_word' id='word_1_1058' title='bbox 1294 2585 1372 2619; x_wconf 90' lang='lat' dir='ltr'>quasi</span> <span class='ocrx_word' id='word_1_1059' title='bbox 1385 2584 1537 2619; x_wconf 87' lang='lat' dir='ltr'>patrimonii</span> <span class='ocrx_word' id='word_1_1060' title='bbox 1548 2588 1728 2620; x_wconf 85' lang='lat' dir='ltr'>propugnator</span> <span class='ocrx_word' id='word_1_1061' title='bbox 1739 2583 1793 2615; x_wconf 89' lang='lat' dir='ltr'>sui,</span> <span class='ocrx_word' id='word_1_1062' title='bbox 1800 2582 1867 2618; x_wconf 85' lang='lat' dir='ltr'>quid</span> 
     </span>
     <span class='ocr_line' id='line_1_158' title="bbox 1119 2619 1863 2656; baseline 0 -9"><span class='ocrx_word' id='word_1_1063' title='bbox 1119 2621 1166 2648; x_wconf 90' lang='lat' dir='ltr'>illa</span> <span class='ocrx_word' id='word_1_1064' title='bbox 1183 2630 1286 2652; x_wconf 84' lang='lat' dir='ltr'>caussa,</span> <span class='ocrx_word' id='word_1_1065' title='bbox 1306 2630 1392 2656; x_wconf 93' lang='lat' dir='ltr'>quum</span> <span class='ocrx_word' id='word_1_1066' title='bbox 1409 2625 1499 2647; x_wconf 89' lang='lat' dir='ltr'>contra</span> <span class='ocrx_word' id='word_1_1067' title='bbox 1516 2625 1541 2646; x_wconf 90' lang='lat' dir='ltr'>te</span> <span class='ocrx_word' id='word_1_1068' title='bbox 1554 2620 1661 2652; x_wconf 87' lang='lat' dir='ltr'>diceret,</span> <span class='ocrx_word' id='word_1_1069' title='bbox 1677 2620 1774 2652; x_wconf 84' lang='lat' dir='ltr'>attulit,</span> <span class='ocrx_word' id='word_1_1070' title='bbox 1789 2619 1863 2656; x_wconf 87' lang='lat' dir='ltr'>quod</span> 
     </span>
     <span class='ocr_line' id='line_1_159' title="bbox 1119 2655 1909 2694; baseline -0.001 -9"><span class='ocrx_word' id='word_1_1071' title='bbox 1119 2659 1178 2685; x_wconf 87' lang='lat' dir='ltr'>iure</span> <span class='ocrx_word' id='word_1_1072' title='bbox 1190 2658 1265 2685; x_wconf 89' lang='lat' dir='ltr'>civili</span> <span class='ocrx_word' id='word_1_1073' title='bbox 1279 2658 1466 2693; x_wconf 88' lang='lat' dir='ltr'>depromptum</span> <span class='ocrx_word' id='word_1_1074' title='bbox 1481 2657 1634 2684; x_wconf 67' lang='lat' dir='ltr'>videretur?</span> <span class='ocrx_word' id='word_1_1075' title='bbox 1645 2666 1727 2693; x_wconf 84' lang='lat' dir='ltr'>quam</span> <span class='ocrx_word' id='word_1_1076' title='bbox 1741 2657 1827 2694; x_wconf 78' lang='lat' dir='ltr'>legem</span> <span class='ocrx_word' id='word_1_1077' title='bbox 1840 2655 1909 2684; x_wconf 49' lang='lat' dir='ltr'>red?</span> 
     </span>
    </p>
   </div>
  </div>
 </body>
</html>
