1941 3052
192 149 240 176 8ιῦ

246 217 274 238 x,
289 219 319 240 (Iu
330 219 419 238 ‘'imur-11,
429 217 517 239 anpoin
529 217 551 234 II.
564 216 627 232 (νυνι
639 215 661 234 II.
673 222 718 232 run,
729 217 784 236 1100.)

375 254 539 281 (tttlh'tto
569 253 736 280 ATTICO
765 253 791 279 S.

250 295 271 320 I.
295 289 413 318 Puteolis
425 299 538 323 mugnus
549 295 589 316 est
605 299 706 319 rumor,
726 290 905 317 Ptolemaeum
920 298 980 317 esse

195 333 220 357 in
237 339 326 363 regno.
366 329 394 354 Si
409 327 474 362 quid
492 327 573 353 hahes
589 328 701 357 certius,
721 327 801 353 velim
812 328 890 354 scire.
924 328 980 363 Ego

195 368 237 393 hic
254 374 346 401 pascor
361 364 521 391 bibliotheca
539 364 642 390 Fausti:
676 363 785 390 l'ortasse
807 369 834 390 tu
855 364 977 399 putabas,

195 405 235 430 his
252 403 331 429 rebus
347 401 497 428 Puteolanis
510 405 535 427 ct
548 401 768 427 Lucrinensibus.
808 401 845 427 Ne
858 401 906 427 ista
917 402 980 437 qui-

192 441 252 466 ‹leni
273 439 379 465 desunt.
422 437 474 464 Sed
491 437 642 464 mehercule
658 447 671 463 n
687 438 782 464 ceteris
795 437 980 465 oblectationi-

194 478 244 503 bus
261 482 288 502 ιιι
303 475 410 502 ‹le-seror
424 479 449 501 et
461 474 644 509 voluptatibus
655 479 762 510 propter
774 475 978 510 rempublicam.

192 515 230 540 sic
253 512 346 539 litteris
365 516 499 538 sustentor
519 516 544 538 et
559 520 674 542 recreor,
694 511 816 547 maloque
833 513 858 539 in
876 511 920 538 illa
937 517 980 539 tua

192 549 330 580 sedeculn,
347 558 428 583 quam
446 549 528 575 habes
538 549 589 574 suh
603 549 718 583 imagine
731 549 890 580 Aristotelis,
902 549 981 576 sede·
1001 571 1003 575 ,

194 597 233 616 re,
251 595 331 621 qnam
349 587 375 612 in
393 586 502 612 istorum
519 585 584 612 sella
599 586 701 616 curuli,
720 590 862 621 tecumque
873 586 944 622 apud
957 591 980 612 te
1000 579 1003 627 1

192 623 342 653 ambulare,
359 631 439 657 (piam
455 631 517 648 eum
532 631 575 653 eo,
593 631 709 657 quocum
726 622 805 649 video
815 631 873 650 esse
885 623 982 650 ambu-

193 660 309 687 landum.
349 659 401 686 Sed
422 659 455 686 de
476 659 520 685 illa
537 659 718 686 ambulatione
734 659 787 686 sors
801 660 913 691 viderit,
936 665 982 687 aut

191 699 214 724 si
229 698 276 732 qui
293 702 345 727 est,
362 697 409 732 qui
425 701 512 727 curet,
526 696 604 723 deus.
643 698 668 723 2.
685 697 806 723 Nostram
819 696 981 724 ambulatio-

193 744 266 765 nem,
283 740 308 761 ct
324 734 501 764 Luconicum,
518 742 615 769 eaque,
633 742 701 769 quae
712 734 796 770 Cyrea
806 735 873 765 sint.
888 734 978 765 velim,

191 780 275 808 quum
288 772 399 806 poteris,
413 771 524 801 invisas,
537 776 563 797 et
574 779 668 807 urgeas
681 771 864 802 Philotimum.
881 776 910 798 ut
919 780 979 806 pro-

192 814 277 844 percu
306 813 333 835 ut
349 809 449 843 possim
466 808 515 834 tibi
530 807 634 843 aliquid
647 808 672 834 in
684 816 715 835 eo
725 816 823 844 genere
835 808 981 844 responde-

192 855 229 873 re.
261 846 402 880 Pompeius
423 846 450 872 in
470 845 620 872 Cumanum
636 844 770 872 Parilibus
786 846 873 872 venit:
906 846 981 872 misit

191 884 224 910 ad
246 892 287 909 me
303 883 405 914 statim,
427 882 475 917 qui
491 881 604 909 salutem
620 883 763 909 nuntiaret.
798 882 838 910 Ad
853 891 916 910 eum
931 891 980 919 po-

191 920 283 947 stridie
295 928 371 946 mane
383 919 522 950 vadebam,
534 928 619 955 quum
632 919 696 946 haec
707 920 815 955 scripsi.

246 989 285 1010 XI.
302 991 330 1013 (In
341 991 431 1011 (tum-nu,
442 991 530 1013 Pompeio
540 991 565 1008 II.
576 991 641 1007 (δι’-ιω
652 991 676 1009 ΙΙ.
687 997 733 1009 cusu.
743 992 800 1012 ⁶99.)

373 1031 540 1060 CICERO
568 1033 737 1061 ATTICO
766 1033 795 1061 S.

249 1073 272 1097 t.
294 1066 470 1097 Delectarunt
490 1078 532 1097 me
552 1069 680 1105 epistolae
697 1075 770 1098 tuae:
802 1079 870 1106 quas
889 1068 980 1107 accepi

192 1116 244 1135 uno
256 1113 373 1143 tempore
393 1107 460 1134 duas
471 1112 530 1134 ante
547 1107 619 1134 diem
639 1116 665 1135 v.
684 1107 743 1135 Kal.
762 1108 845 1144 Perge
861 1108 978 1144 reliqua:

190 1146 276 1182 gestio
290 1145 358 1171 scire
375 1145 424 1171 ista
439 1145 537 1171 omnia.
578 1144 665 1172 Etiam
681 1145 748 1172 illud
764 1146 919 1173 cuiusmodi
933 1146 977 1177 sit,

192 1182 273 1210 velim
285 1182 444 1218 perspicias:
468 1186 541 1218 potes
552 1190 566 1209 a
577 1183 718 1210 Demetrio.
740 1183 812 1210 Dixit
824 1183 890 1210 mihi
902 1184 980 1210 Pom-

191 1222 282 1256 peius,
299 1220 424 1247 Crassum
441 1228 454 1246 a
469 1229 498 1246 se
514 1220 542 1246 in
557 1220 660 1248 Albano
675 1221 825 1256 exspectari
835 1225 895 1248 ante
907 1220 979 1248 diem

190 1267 227 1284 iv.
247 1257 305 1284 Kal.
326 1258 349 1284 Is
367 1266 452 1292 quum
468 1257 600 1289 venisset,
618 1258 727 1285 Romam
743 1267 802 1285 esse
812 1260 902 1286 statim
914 1267 980 1285 ven·
1008 1266 1009 1270 ¹

189 1300 276 1326 turos,
294 1299 323 1321 ut
338 1296 452 1321 rationes
467 1302 528 1321 cum
543 1294 697 1330 publicanis
712 1300 845 1331 putarent.
892 1295 980 1329 Quae-

189 1333 255 1363 sivi,
273 1331 519 1368 gladiatoribusne‘?
538 1332 698 1368 Respondit,
712 1338 855 1368 antequam
868 1333 980 1360 induce-

189 1374 289 1396 rentur.
311 1369 339 1396 ld
351 1368 503 1396 cuiusmodi
513 1370 557 1400 sit,
571 1374 616 1397 aut
626 1378 706 1401 nunc,
720 1370 744 1396 si
755 1371 834 1402 scias,
843 1376 979 1406 autquum

189 1452 279 1470 ramus
300 1443 399 1470 litteras
417 1452 480 1470 cum
501 1443 610 1470 homine
630 1444 752 1475 mirifico,
764 1444 810 1480 (ita
826 1444 979 1472 mehercule

187 1481 283 1516 sentio)
305 1481 440 1516 Dionysio,
463 1481 546 1525 quite
557 1489 704 1517 omnesque
716 1490 764 1509 vos
774 1481 881 1510 salutat.
927 1481 978 1510 Οὗ-

189 1517 230 1545 δὲν
240 1517 404 1554 γλυκύτερον,
418 1516 518 1551 ἢπαντ’
532 1517 634 1546 εἰδέναι.
663 1518 759 1551 Quare,
773 1525 802 1546 ut
813 1520 917 1547 homini
931 1528 980 1546 cu—

188 1555 270 1586 rioso,
285 1555 319 1582 ita
328 1554 464 1590 perscribe
476 1554 509 1581 ad
520 1564 572 1587 me,
584 1555 651 1591 quid
661 1557 766 1591 primus
777 1556 845 1588 dies,
858 1556 925 1593 quid
935 1565 980 1584 se-

187 1592 305 1623 cundus;
323 1592 390 1628 quid
400 1600 533 1623 censores.
546 1593 612 1628 quid
624 1593 737 1628 Appius,
751 1594 818 1629 quid
829 1594 874 1621 illa
885 1593 979 1630 populi

186 1629 330 1664 Appuleia.
351 1629 479 1664 Denique,
497 1630 577 1656 etiam
596 1630 663 1666 quid
678 1638 693 1656 a
709 1635 733 1657 te
748 1631 806 1663 fiat,
823 1631 856 1658 ad
874 1640 916 1658 me
931 1639 979 1658 ve-

188 1665 236 1692 lim
251 1666 364 1693 scribas.
395 1667 453 1693 Non
471 1668 544 1693 enim
559 1666 599 1702 (ut
613 1675 674 1693 vere
691 1666 841 1703 loquamur)
860 1673 914 1695 tam
936 1676 979 1695 re-

188 1702 240 1729 bus
252 1704 342 1734 novis,
359 1712 440 1738 quarn
452 1704 505 1730 tuis
518 1703 626 1735 litteris,
645 1703 773 1733 delector.
805 1705 862 1742 Ego
872 1713 978 1733 mecum

188 1745 292 1774 praeter
310 1741 468 1776 Dionysium
486 1740 569 1767 eduxi
590 1741 740 1768 neminem:
771 1750 820 1769 nec
835 1747 925 1769 metuo
940 1747 979 1769 ta-

187 1785 258 1807 men,
273 1785 304 1803 ne
316 1777 382 1803 mihi
393 1785 481 1804 sermo
491 1777 574 1804 desit:
596 1777 644 1804 abs
656 1782 680 1804 te
693 1787 772 1814 opere
783 1779 908 1806 delector.
938 1779 978 1806 Tu

188 1814 301 1840 Lucceio
312 1818 432 1841 nostrum
444 1814 543 1841 librum
554 1813 642 1842 dabis.
654 1815 918 1852 DemetriiMagnetis
928 1816 977 1843 tibi

188 1851 276 1882 mitto;
296 1851 385 1878 statim
395 1856 425 1878 ut
435 1853 478 1882 sit,
492 1852 540 1886 qui
551 1859 565 1877 a
576 1856 600 1878 te
612 1851 680 1878 mihi
691 1852 831 1888 epistolam
844 1853 947 1881 referat.

240 1923 291 1944 ΧΠ,
307 1925 405 1948 (Pompeio
414 1925 439 1944 ΙΙ.
450 1926 515 1944 ctum
524 1927 549 1944 u.
559 1933 605 1944 coss.
615 1927 672 1949 6⁹9.)

373 1967 539 1995 CICERO
568 1969 736 1997 ATTICO
764 1970 791 1997 S.

243 2000 378 2040 Egnatius
393 2006 490 2032 Romae
505 2010 554 2033 est.
577 2006 630 2033 Sed
645 2015 694 2043 ego
709 2016 771 2033 cum
781 2015 812 2034 eo
822 2007 855 2034 de
866 2015 894 2034 re
904 2007 978 2034 Hali-

187 2042 251 2068 meti
264 2041 435 2068 vehememer
445 2043 518 2070 Antii
529 2044 583 2079 egi.
610 2044 733 2070 Graviter
743 2053 772 2071 se
782 2049 904 2071 acturum
915 2054 977 2072 cum

187 2077 306 2114 Aquillio
320 2079 497 2106 confirmavit.
528 2080 639 2107 Videbis
654 2089 717 2117 ergo
728 2081 878 2113 hominem,
895 2083 920 2109 si
930 2091 978 2109 vo-

188 2115 236 2142 les.
274 2116 392 2143 Macroni
408 2117 454 2143 vix
470 2116 563 2144 videor
577 2123 682 2153 praesto
697 2126 766 2145 esse.
800 2118 894 2146 Idibus
904 2120 977 2147 enim

186 2153 336 2179 auctionem
358 2153 448 2180 Larini
468 2154 560 2186 video,
585 2159 611 2182 et
630 2155 745 2182 biduum
765 2161 910 2191 praeterea.
948 2157 978 2184 ld

186 2195 224 2220 tu.
246 2191 374 2225 quoniam
394 2191 544 2217 Macronem
564 2193 630 2219 tanti
650 2191 731 2224 facis,
755 2193 878 2229 ignoscas
897 2194 975 2225 mihi,

187 2226 279 2253 velim.
321 2227 387 2258 Sed.
405 2228 429 2254 si
445 2237 486 2254 me
501 2228 607 2264 diligis,
624 2229 753 2264 postridie
766 2229 880 2258 Kalend.
896 2239 978 2258 caena

185 2263 258 2299 apud
273 2272 316 2291 me
327 2273 389 2291 cum
401 2264 477 2292 Pilia.
509 2266 620 2292 Prorsus
631 2266 658 2293 id
670 2266 761 2294 facies.
792 2267 906 2295 Kalend.
932 2277 978 2296 co-

185 2302 240 2336 gito
260 2301 287 2328 in
308 2301 392 2328 hortis
408 2302 589 2338 Crassipedis,
607 2305 685 2338 quasi
703 2305 730 2331 in
741 2304 904 2337 diversorio,
916 2314 977 2333 coe-

186 2346 257 2364 nare.
298 2338 377 2366 Facio
387 2338 508 2366 fraudem
519 2345 628 2367 senatus
638 2341 770 2368 consulto.
791 2342 855 2369 Inde
865 2342 976 2370 domum

185 2380 325 2407 coenatus,
339 2381 369 2403 ut
382 2377 435 2402 sim
453 2385 531 2404 mane
546 2383 652 2412 praesto
661 2378 764 2405 Miloni.

805 2379 846 2406 lbi
857 2384 882 2406 te
893 2381 977 2416 igitur

186 2412 283 2439 videbo
298 2417 324 2439 et
338 2414 510 2448 promovebo.

555 2415 654 2441 Domus
671 2420 695 2442 te
706 2421 794 2443 nostra
804 2421 858 2444 tota
867 2417 975 2445 salutat.

239 2472 301 2493 XIII.
320 2475 349 2498 (ln
360 2476 476 2497 Tusculano,
485 2477 575 2500 Pompeio
587 2478 609 2496 ll.
620 2478 686 2495 Crasso
696 2478 720 2496 Π.
732 2485 778 2496 coss.
788 2481 844 2502 ⁵9⁹.)

300 2547 307 2552 ,
366 2518 534 2547 CICERO
565 2520 735 2547 ATTICO
764 2522 792 2548 S.

242 2553 265 2578 ⁴.
280 2547 339 2579 hos
350 2554 378 2580 in
389 2555 570 2583 Tusculanum
582 2558 718 2584 venissea.
731 2558 758 2585 d.
772 2567 839 2586 ιιι-η.
855 2559 914 2586 Kal.
925 2560 977 2586 De-

186 2588 285 2629 cemb..
310 2589 388 2616 video
407 2596 430 2618 te
446 2593 524 2620 scire.
554 2594 595 2620 Ibi
617 2595 762 2630 Dionysius
777 2595 856 2622 nobis
871 2602 976 2632 praesto

187 2623 248 2666 fuit.
287 2625 384 2652 Romae
399 2635 423 2653 a.
440 2628 467 2654 d.
478 2638 536 2656 xm.
547 2630 664 2657 Kalend.
675 2631 802 2659 volumus
813 2641 885 2660 esse:
907 2633 975 2669 quid

186 2660 255 2692 dico,
264 2661 407 2690 volumus?
422 2665 503 2693 immo
509 2675 571 2694 vero
577 2669 708 2704 cogimur.
735 2669 843 2697 Milonis
849 2672 971 2706 nuptiae3

762 146 804 172 9³.
835 144 870 172 M.
901 144 931 171 Τ.
960 143 1236 171 CICERONIS

1030 214 1199 240 comitiorum
1221 212 1347 240 nonnulla
1367 215 1459 249 opinio
1477 220 1527 242 est.
1564 215 1629 250 Ego,
1651 221 1679 243 ut
1700 217 1735 243 sit
1755 221 1820 244 rata.

1006 250 1008 264 ⁴¹
1031 250 1157 277 Absuisse
1173 259 1214 276 me
1231 251 1257 276 in
1273 249 1501 283 altercationibus,
1518 261 1585 288 quun
1598 254 1623 279 in
1635 258 1728 280 senatu
1740 253 1822 280 lactu

1031 287 1121 317 audio.
1136 286 1190 313 l'cro
1205 296 1256 313 non
1269 287 1388 314 moleste.
1417 289 1482 316 Nam
1493 295 1539 316 aut
1548 289 1822 326 defenduut-magnoni

1032 333 1083 351 non
1096 324 1226 359 placeret,
1243 329 1289 350 aut
1298 323 1461 357 defuissem,
1475 328 1519 353 cui
1531 336 1582 353 non
1593 333 1734 362 oporteret.
1768 327 1823 355 Sed

1032 360 1186 387 mehercule
1210 360 1305 392 velini,
1327 370 1369 388 res
1391 363 1468 393 istas.
1491 369 1516 390 et
1535 370 1700 398 praesentem
1723 370 1821 392 statum

1032 398 1210 433 reipublicae,
1231 403 1257 424 et
1267 407 1321 433 quo
1331 399 1422 425 animo
1432 400 1556 426 eonsules
1567 400 1650 428 lerant
1662 402 1733 428 hunc
1744 403 1821 429 oxul-

1030 435 1089 470 μόν,
1111 434 1243 461 rescribas
1263 435 1296 461 ad
1312 444 1368 466 me,
1381 442 1511 471 quantum
1528 442 1622 472 potest.
1659 438 1740 466 Valde
1760 447 1822 466 sum

1033 472 1180 502 ὸξύπεινοςε
1204 477 1242 502 et,
1258 472 1281 498 si
1293 474 1414 507 quaeris,
1430 475 1519 501 omnia
1535 474 1602 501 mihi
1613 480 1821 511 suntsuspecu.

1031 510 1056 535 Ξ.
1076 508 1202 535 Crassum
1217 508 1328 544 quidem
1347 515 1467 537 nostrum
1487 512 1589 538 minore
1604 511 1733 547 dignitate
1747 514 1824 540 aiunt

1032 545 1179 580 profectum
1199 546 1370 580 paludatum,
1390 556 1471 582 quam
1485 548 1549 575 olim
1564 549 1702 583 aequalem
1716 550 1775 576 eius
1790 550 1820 577 1..

1032 582 1165 614 Paullum,
1192 583 1288 609 iterum
1309 584 1458 612 consulem.
1497 585 1520 612 Ο
1536 586 1671 612 hominem
1689 587 1819 622 nequam!

1031 621 1067 646 De
1088 622 1162 646 tibris
1181 623 1303 647 oratoriis
1322 619 1421 648 Iactum
1442 627 1482 649 est
1497 631 1510 648 a
1526 631 1568 649 me
1584 622 1737 658 diligenter.
1771 624 1821 651 Diu

1032 656 1202 692 multumque
1228 657 1254 683 in
1281 658 1406 685 manibus
1427 658 1548 692 luerunt,
1589 659 1728 687 describas
1749 659 1820 688 lieet.

1031 693 1100 720 Illud
1111 695 1190 720 etiam
1203 699 1226 720 te
1239 703 1310 730 rogo,
1323 697 1366 729 τὴν
1373 695 1819 732 παροῦσανκυιάστασιηνπωῦὧςτ

1031 739 1064 758 ne
1075 731 1144 758 istuc
1156 731 1253 766 hospes
1265 732 1381 760 veniam.

1083 795 1146 815 XIV.
1162 797 1192 819 (In
1202 797 1293 817 Cunnum,
1303 797 1393 817 mmmm,
1403 798 1454 820 App.
1465 798 1546 816 Pnlnlno
1556 805 1603 818 cuns.
1614 801 1670 821 mo.)

1215 830 1381 858 CICERO
1409 832 1578 860 ATTICO
1606 832 1634 860 S.

1087 869 1110 894 t.
1126 863 1272 894 Vestorius
1284 873 1373 895 noster
1383 876 1425 895 me
1435 877 1483 904 per
1495 869 1593 896 litteras
1605 870 1819 900 tecitcertiorem.

1032 909 1056 931 te
1072 905 1152 931 Roma
1168 913 1193 931 a.
1209 905 1237 932 d.
1254 913 1290 932 vi.
1307 905 1348 932 Id.
1359 905 1422 932 Mai.
1435 911 1527 941 putare
1539 906 1686 942 profectum
1699 916 1758 934 esse
1769 913 1822 934 tan-

1031 941 1107 972 dius,
1125 950 1206 977 quam
1221 942 1339 973 dixerat,
1355 943 1428 978 quod
1444 944 1534 970 minus
1548 944 1690 971 valuisses.
1723 945 1752 971 Si
1768 946 1822 972 iam

1032 978 1130 1005 melius
1145 979 1233 1011 vales,
1251 979 1424 1006 vehementer
1437 980 1552 1016 gaudeo.
1592 981 1692 1012 VeIIm,
1709 981 1821 1008 domum

1031 1015 1063 1042 ad
1075 1021 1099 1042 te
1110 1016 1226 1047 scribas.
1245 1022 1273 1043 ut
1284 1017 1352 1043 mihi
1363 1018 1401 1044 tui
1414 1017 1476 1044 libri
1487 1023 1606 1053 pateant.
1621 1028 1672 1045 non
1684 1027 1775 1049 secus.
1790 1027 1821 1046 ac

1030 1053 1053 1080 si
1066 1053 1124 1088 ipse
1135 1053 1252 1084 adesses,
1267 1062 1352 1089 quum
1363 1055 1452 1085 ceteri,
1469 1060 1524 1081 tum
1537 1056 1670 1082 Varronis.
1692 1056 1738 1082 Est
1748 1057 1821 1083 enim

1030 1090 1098 1117 mibi
1114 1090 1244 1117 utendum
1259 1091 1423 1126 quibusdam
1439 1092 1520 1119 rebus
1531 1101 1564 1119 ex
1577 1092 1618 1119 his
1633 1093 1710 1119 libris
1721 1093 1753 1119 ad
1765 1101 1819 1123 eos,

1030 1135 1098 1162 quos
1117 1128 1145 1154 in
1160 1127 1286 1154 manibus
1303 1128 1401 1155 habeo:
1436 1137 1518 1164 quos,
1535 1134 1665 1165 utspero,
1683 1130 1732 1157 tibi
1743 1130 1821 1157 valde

1030 1164 1158 1199 probabo.
1186 1166 1211 1191 2.
1223 1165 1263 1191 Tu
1275 1165 1365 1195 velim,
1379 1166 1402 1191 si
1414 1166 1480 1200 quid
1493 1165 1557 1193 forte
1564 1167 1725 1196 novihabes,
1735 1168 1821 1194 maxi-

1031 1210 1073 1228 me
1089 1210 1103 1228 a
1118 1201 1217 1234 Quinto
1232 1201 1324 1229 fratre.
1341 1202 1439 1229 deinde
1454 1211 1468 1229 a
1483 1203 1513 1230 C.
1532 1203 1656 1234 Caesare,
1675 1209 1701 1231 et
1715 1205 1739 1231 si
1753 1204 1821 1239 quid

1031 1238 1097 1266 forte
1116 1239 1149 1265 de
1164 1239 1295 1271 comitiis,
1312 1238 1345 1266 de
1361 1239 1513 1275 republica,
1530 1240 1610 1275 (soles
1624 1242 1697 1268 enim
1712 1246 1740 1268 tu
1755 1241 1822 1268 haec

1030 1276 1126 1304 festive
1136 1276 1262 1312 odorari,)
1273 1276 1376 1304 scribas
1386 1277 1420 1304 ad
1431 1286 1485 1305 me:
1511 1279 1535 1304 si
1547 1278 1584 1305 nil
1597 1278 1719 1309 babebis,
1733 1283 1821 1306 tamen

1030 1314 1133 1341 scribas
1151 1314 1266 1349 aliquid.
1308 1315 1463 1350 Numquam
1481 1316 1553 1342 enim
1568 1316 1636 1342 mihi
1650 1320 1694 1342 tua
1708 1315 1821 1351 epistola

1030 1356 1076 1378 aut
1095 1352 1284 1386 intempestiva
1301 1357 1347 1379 aut
1366 1351 1465 1388 loquax
1483 1353 1541 1379 visa
1555 1357 1605 1379 est.
1644 1353 1760 1380 Maxime
1772 1361 1822 1380 au-

189 1408 212 1433 is
224 1407 332 1433 Romam
344 1406 455 1437 venerit,
468 1406 502 1432 ad
513 1415 555 1433 me
566 1407 655 1434 mittas
666 1406 758 1434 velim.
781 1409 806 1434 2.
822 1408 980 1435 Noshicvo-
1007 1399 1009 1423 3
1031 1394 1083 1415 lem
1111 1397 1188 1425 “³3⁰¹
1215 1389 1296 1415 rebus
1321 1394 1375 1416 ‘¹¹¹⁵
1396 1394 1502 1425 unoque
1521 1395 1616 1417 'tmere
1636 1398 1670 1417 εχ
1689 1395 1821 1417 πωπω

1029 1425 1162 1457 confecto.
1180 1434 1228 1453 nos
1243 1428 1447 1462 quamprimum
1462 1427 1573 1454 rew‘sas.
1610 1427 1768 1464 Dionysium
1778 1428 1821 1454 iu-

1030 1463 1063 1490 be
1073 1463 1187 1490 salvere.
1214 1463 1292 1494 Cura,
1308 1469 1337 1491 ut
1348 1464 1447 1491 valeas.

1081 1520 1132 1541 XV.
1147 1522 1232 1544 (Rom-t.
1241 1522 1332 1543 Domitio.
1342 1523 1394 1546 App.
1405 1522 1486 1541 Pulchro
1495 1528 1543 1542 eon.
1562 1523 1617 1544 700.)

1212 1555 1378 1584 CICERO
1407 1556 1575 1585 ATTICO
1604 1557 1632 1584 S.

1087 1595 1110 1620 t.
1131 1593 1167 1620 De
1178 1593 1329 1630 Eutychide
1339 1599 1459 1630 gratum3
1482 1595 1530 1629 qui
1541 1594 1819 1630 veterepraenomine,

1030 1638 1098 1658 novo
1113 1631 1221 1657 nomine
1237 1631 1267 1657 T.
1286 1631 1336 1657 erit
1351 1630 1497 1662 Caecilius,
1514 1636 1544 1658 ut
1557 1636 1597 1658 est
1611 1639 1646 1658 ex
1660 1639 1702 1658 me
1713 1636 1739 1658 et
1751 1636 1821 1658 exte

1029 1669 1138 1694 iunctus
1152 1668 1306 1704 Dionysius,
1323 1668 1358 1694 M.
1374 1669 1546 1703 Pomponius.
1586 1668 1669 1695 Valde
1679 1668 1821 1695 mehercu-

1029 1704 1053 1731 le
1068 1704 1137 1731 mihi
1147 1710 1268 1741 gratum,
1284 1705 1308 1732 si
1318 1705 1485 1741 Eutychides
1495 1710 1567 1732 tuam
1578 1713 1639 1741 erga
1651 1714 1692 1732 me
1703 1705 1822 1732 benevo-

1029 1741 1139 1769 lentiam
1153 1747 1309 1778 cognoscet,
1324 1747 1351 1769 et
1363 1751 1441 1768 suam
1455 1741 1529 1768 illam
1544 1743 1571 1769 in
1582 1751 1642 1769 meo
1652 1741 1742 1769 dolore
1754 1753 1821 1777 συμ-

1028 1778 1146 1806 πάθειαν
1164 1787 1252 1814 neque
1270 1784 1327 1806 tum
1345 1779 1413 1806 mihi
1429 1779 1585 1810 obscuram,
1605 1788 1692 1815 neque
1705 1784 1765 1814 post
1778 1780 1821 1806 in-

1027 1820 1130 1851 gratam
1147 1815 1241 1843 fuisse.
1274 1818 1300 1843 2.
1313 1817 1365 1843 Iter
1374 1817 1522 1844 Asiaticum
1534 1821 1609 1843 tuum
1620 1821 1685 1852 puto
1699 1816 1749 1843 tibi
1758 1824 1821 1843 sus-

1028 1853 1186 1888 cipiendum
1201 1853 1296 1881 fuisse.
1336 1854 1491 1889 Numquam
1506 1854 1579 1880 enim
1594 1858 1622 1880 tu
1632 1855 1691 1880 sine
1701 1853 1821 1880 iustissi-

1029 1899 1071 1916 ma
1086 1898 1181 1917 caussa
1197 1896 1250 1917 tam
1266 1890 1344 1927 longe
1359 1899 1373 1917 a
1388 1896 1425 1918 tot
1435 1891 1488 1917 tuis
1499 1896 1525 1917 et
1536 1888 1692 1917 hominibus
1703 1895 1728 1917 et
1739 1890 1821 1918 rebus

1028 1928 1177 1954 carissimis
1192 1933 1217 1954 et
1228 1929 1400 1954 suavissimis
1411 1927 1504 1954 abesse
1516 1927 1659 1955 voluisses.
1705 1927 1758 1954 Sed
1768 1927 1820 1954 hu-

1029 1965 1183 1991 manitatem
1204 1970 1276 1991 tuam
1297 1973 1470 2000 amoremque
1490 1965 1517 1991 in
1533 1970 1592 1992 tuos
1607 1964 1710 1991 reditus
1725 1963 1821 1991 celeri-

1029 2007 1069 2028 tas
1088 2001 1244 2028 declarabit.
1287 2002 1340 2029 Sed
1360 2010 1465 2033 vereor,
1488 2010 1521 2028 ne
1542 2001 1630 2037 lepore
1645 2006 1671 2028 te
1685 2009 1736 2028 suo
1750 2001 1821 2028 deti-

1029 2043 1089 2065 neat
1104 2038 1208 2066 diutius
1225 2039 1315 2066 rhetor
1332 2039 1443 2066 Clodius
1458 2043 1484 2066 et
1498 2039 1578 2066 homo
1588 2038 1772 2074 pereruditus,
1790 2043 1820 2065 ut

1028 2076 1116 2108 aiunt,
1132 2081 1158 2103 et
1171 2085 1243 2103 nunc
1256 2076 1367 2112 quidem
1381 2075 1490 2103 deditus
1501 2076 1611 2103 Graecis
1623 2075 1718 2103 litteris
1728 2075 1820 2102 Pitua-

1028 2114 1100 2140 nius.
1122 2112 1186 2145 Sed,
1198 2114 1223 2140 si
1233 2114 1276 2140 vis
1287 2113 1366 2141 homo
1377 2122 1445 2144 esse,
1458 2114 1547 2149 recipe
1558 2118 1582 2141 te
1593 2113 1627 2140 ad
1638 2121 1695 2144 nos,
1707 2111 1820 2148 adquod

1028 2155 1135 2185 tempus
1145 2150 1320 2177 confirmasti.
1339 2150 1407 2178 Cum
1419 2150 1474 2177 illis
1485 2155 1583 2181 tamen,
1596 2158 1682 2185 quum
1692 2149 1762 2176 salvi
1772 2157 1820 2176 ve-

1029 2188 1125 2218 nerint,
1137 2188 1235 2214 Romae
1246 2189 1338 2214 vivere
1349 2187 1450 2214 licebit.
1482 2189 1508 2215 3.
1523 2188 1610 2214 Avere
1620 2191 1645 2214 te
1655 2186 1762 2218 scribis,
1774 2194 1819 2212 ae-

1028 2226 1118 2260 cipere
1129 2225 1234 2260 aliquid
1245 2233 1259 2251 a
1271 2233 1314 2251 me
1324 2224 1488 2257 litterarum;
1520 2223 1598 2255 dedi,
1611 2232 1642 2250 ac
1652 2222 1745 2250 multis
1755 2224 1819 2258 qui-
1839 2254 1846 2259 .

1028 2261 1090 2288 dem
1100 2262 1133 2288 de
1145 2263 1239 2294 rebus,
1253 2262 1427 2299 ἡμερολεγὸόν
1437 2262 1585 2298 perscripta
1595 2262 1698 2288 omnia:
1719 2259 1776 2291 sed,
1789 2265 1819 2287 ut

1027 2299 1150 2329 coniicio,
1163 2300 1292 2335 quoniam
1303 2299 1373 2326 mihi
1383 2308 1436 2326 non
1449 2298 1550 2325 videris
1561 2299 1588 2325 in
1599 2298 1680 2333 Epiro
1690 2296 1738 2324 diu
1750 2296 1819 2324 fuis—

1028 2344 1071 2367 se,
1094 2336 1212 2364 redditas
1235 2337 1285 2363 tibi
1303 2345 1356 2363 non
1371 2336 1494 2363 arbitror.
1535 2335 1626 2362 Genus
1641 2339 1730 2361 autem
1744 2342 1818 2360 mea-

1028 2382 1101 2405 rum,
1123 2373 1157 2400 ad
1168 2378 1192 2400 te
1203 2373 1329 2409 quidem,
1348 2373 1496 2400 litterarum
1508 2371 1642 2399 eiusmodi
1653 2370 1708 2398 fere
1718 2376 1770 2398 est.
1787 2376 1819 2413 ut

1027 2419 1080 2437 non
1096 2410 1178 2438 libeat
1188 2412 1316 2446 cuiquam
1326 2410 1390 2438 dare
1397 2431 1403 2442 ,
1421 2410 1474 2437 nisi
1484 2409 1518 2436 de
1528 2417 1582 2444 quo
1592 2407 1760 2443 exploratum
1771 2413 1815 2438 stt,

1027 2448 1077 2475 tibi
1092 2456 1155 2475 eum
1170 2448 1349 2475 redditurum.
1385 2449 1410 2474 4.
1429 2447 1507 2474 Nunc
1516 2446 1647 2472 Romanas
1659 2453 1701 2472 res
1714 2445 1815 2480 accipe.

1026 2485 1059 2512 A.
1071 2484 1099 2512 d.
1111 2493 1158 2512 ιιι.
1170 2486 1239 2512 Non.
1251 2485 1344 2518 Quint.
1359 2484 1472 2511 Sufenas
1483 2488 1509 2510 et
1518 2483 1580 2510 Cato
1591 2482 1720 2515 absoluti3
1753 2482 1818 2509 Pro-

1026 2522 1107 2549 cilius
1121 2522 1325 2550 condemnatus.
1361 2522 1403 2548 Ex
1417 2529 1471 2556 quo
1485 2519 1651 2547 intellectum
1662 2524 1714 2550 est,
1727 2530 1817 2556 τρισα-

1026 2561 1194 2596 ρειοπαγίιας
1204 2559 1346 2591 ambitum,
1357 2558 1474 2589 comitia,
1486 2558 1678 2592 interregnum,
1691 2557 1817 2583 maiesta-

1026 2601 1088 2627 tem,
1111 2601 1193 2624 totam
1212 2597 1330 2631 denique
1349 2594 1545 2630 rempublicam
1560 2592 1635 2620 flocci
1650 2602 1702 2620 non
1718 2592 1814 2620 facere.

1025 2633 1159 2660 Debemus
1176 2639 1279 2668 patrem
1297 2631 1413 2660 familias
1430 2631 1504 2658 domi
1516 2639 1580 2658 suae
1595 2629 1715 2657 occidere
1729 2629 1813 2663 nolle;

1026 2679 1113 2706 neque
1136 2676 1225 2698 tamen
1245 2670 1274 2697 id
1294 2671 1384 2705 ipsum
1401 2668 1518 2696 abunde.
1560 2668 1628 2695 Nam
1643 2666 1816 2694 absolverunt
